4122 6180
583 288 648 342 In
1815 272 1870 325 S.
1910 259 2170 324 GREGOF

2279 270 2291 321 ἱ
2331 268 2417 321 VII
2460 268 2650 322 I‘APA.
3814 260 3875 314 48

584 411 759 481 Igitur
795 423 919 463 cum
949 406 1049 460 hac
1080 404 1191 457 vice
1220 398 1521 456 secundum
1549 396 1689 451 hanc
1718 393 2166 450 consuetudinem
2199 397 2252 458 Α
2279 392 2410 447 dens
2443 410 2454 446 :
2490 394 2682 446 Sancta
2725 387 2988 452 Domina,
3010 383 3111 439 Dei
3140 382 3415 449 Genitrix,
3444 382 3702 454 quoniam
3734 382 3875 436 viam

586 504 826 559 facturus
861 498 1188 561 accessisset;
1231 492 1385 559 vidit,
1420 489 1566 563 quod
1606 489 1753 545 dictu
1781 487 2027 543 mirabile
2070 497 2173 550 est,

582 597 755 669 ipsam
784 593 1075 664 imaginem
1104 589 1371 658 lacrymas
1401 584 1622 647 stillare,
1654 591 1709 637 et
1740 580 1893 653 quasi
1925 580 2174 636 dolorem

583 706 741 746 suum
770 703 865 759 pro
898 685 1069 753 aliqua
1092 680 1271 735 dilecti
1303 680 1385 733 sui
1423 676 1669 732 molestia
1700 674 2024 748 signiﬁcare.
2060 676 2177 745 Ipse

584 791 767 838 autem
809 777 1046 849 repletus
1075 782 1296 844 stupore
1325 780 1379 827 et
1400 769 1615 835 eestasi,
1658 778 1948 841 postquam
1971 768 2101 822 satis
2126 768 2177 821 in

583 870 998 929 admirationem
1026 867 1233 922 deﬁxus
1268 874 1369 931 est,
1419 863 1672 935 Iacrymis
1717 862 1977 933 lacrymas
2017 861 2175 915 uber-

581 968 679 1021 tim
724 963 955 1020 reddidit
996 982 1007 1016 :
1058 969 1110 1015 et
1176 958 1568 1030 supplicatione
1615 957 1907 1026 completa,
1968 959 2179 1009 Latera-

583 1074 751 1116 nense
775 1056 1069 1123 Palatium,
1102 1054 1431 1108 salutaturus
1465 1054 1749 1105 Domnum
1792 1051 2019 1119 Papam,
2050 1046 2181 1102 revi-

583 1153 672 1209 sit.
696 1151 797 1221 Qui
832 1165 960 1205 mox
994 1146 1181 1219 perlati
1214 1145 1284 1201 ad
1319 1160 1448 1201 eum
1482 1142 1601 1199 falsi
1631 1142 1869 1197 rumoris
1905 1141 2181 1211 excipiens

582 1245 872 1308 indicium;
907 1240 1053 1313 quod
1080 1239 1326 1295 videlicet
1356 1254 1452 1309 pro
1474 1236 1789 1292 muneribus
1816 1242 2178 1307 prmnotatum

576 1338 937 1411 justiﬁcasset
966 1334 1319 1405 Episcopum,
1354 1339 1599 1403 patenter
1626 1328 1773 1385 dedit
1799 1328 2019 1399 intelligi
2049 1326 2179 1398 quid

585 1433 641 1487 in
666 1428 1071 1500 sacraimagine
1110 1426 1465 1499 signiﬁcasset
1488 1422 1783 1479 similitudo
1826 1420 2177 1477 condoleudi.

584 1528 792 1579 Verum
825 1538 950 1578 cum
981 1520 1262 1592 sapientia,
1297 1534 1419 1590 quae
1445 1517 1727 1573 lucebatin
1755 1516 1901 1571 vultu
1935 1515 2073 1585 ejus,
2098 1529 2178 1568 ra-

584 1619 795 1673 tionem
824 1615 1079 1687 cmpisset
1101 1612 1363 1679 reddere;
1404 1611 1799 1667 erubescebant
1837 1624 2049 1673 omnes,
2085 1606 2175 1678 qui

585 1712 637 1766 in
665 1709 950 1782 praesentia
974 1716 1150 1774 erant,
1173 1705 1465 1761 adversarii
1505 1705 1621 1774 ejus
1650 1720 1662 1757 :
1696 1712 1749 1756 et
1764 1702 1921 1773 juxta
1952 1703 2015 1755 B.
2044 1700 2173 1755 Hie-

580 1819 896 1875 ronymum,
938 1800 1104 1855 falsus
1132 1815 1324 1853 rumor
1349 1798 1455 1853 cito
1477 1796 1909 1869 opprimebatur,
1945 1803 1999 1850 et
2033 1810 2178 1849 mor-

583 1897 685 1953 dax
736 1896 917 1968 lingua
964 1894 1070 1949 cito
1110 1892 1528 1948 confodiebatur
1571 1908 1582 1944 :
1634 1890 1830 1961 quippe
1870 1889 1974 1943 vita
2010 1888 2180 1959 ipsius

582 2006 715 2046 voce
766 1997 820 2043 et
866 1986 1115 2057 exemplo
1159 1983 1668 2040 commendabatur.
1709 1982 1840 2039 Inde
1887 1998 2010 2037 cum
2044 1997 2182 2053 prae-

584 2083 732 2139 dicto
753 2097 905 2136 more
925 2080 1087 2136 solito
1107 2086 1375 2150 repeteret
1391 2077 1710 2148 imaginem,
1741 2092 2003 2131 converso
2022 2074 2179 2130 mira-

584 2177 732 2246 culo,
763 2174 895 2229 vidit
937 2189 1056 2227 eam
1088 2172 1327 2227 arridere
1352 2171 1453 2226 sibi
1486 2180 1747 2241 tanquam
1771 2168 2173 2240 triumphatori.

660 2276 745 2325 18.
781 2271 863 2323 Ne
896 2274 1081 2322 autem
1111 2265 1226 2320 haec
1258 2264 1539 2331 miracula,
1576 2262 1824 2334 quamvis
1848 2262 1915 2317 de
1945 2263 2175 2329 sanctis,

582 2372 763 2417 tamen
792 2361 860 2416 de
898 2360 1181 2415 insensatis
1228 2358 1410 2423 rebus,
1465 2356 1799 2413 incredibilia
1844 2356 2172 2412 videantur:

580 2472 643 2510 ex
678 2453 1128 2525 probabiliorihus
1157 2450 1592 2507 orthodoxorum
1620 2454 1847 2506 Patrum
1876 2450 2091 2521 scriptis
2118 2449 2174 2502 ti-

579 2548 705 2604 dem
754 2548 887 2602 dare
934 2547 1241 2623 volumus,
1286 2545 1534 2617 quaedam
1602 2560 1667 2598 ex
1710 2544 1792 2599 his
1861 2550 2174 2598 mutuantes

581 2642 826 2711 exempla
866 2656 987 2711 qua:
1016 2648 1207 2694 contra
1248 2638 1563 2709 hujusmodi
1594 2637 2032 2693 incredulitatem
2063 2652 2173 2690 non

582 2743 839 2805 putamus
892 2732 1136 2789 invalida.
1189 2733 1272 2787 Sic
1310 2732 1455 2789 enim
1507 2732 1703 2802 legitur
1746 2732 1804 2785 in
1851 2729 2174 2786 Actionibus

579 2828 793 2898 septimi
873 2826 1195 2882 universalis
1259 2825 1531 2891 Concilii,
1611 2824 1938 2879 auctoritate
2008 2824 2173 2895 primi

578 2920 802 2976 Adriani
824 2924 982 2991 Papaa
1003 2920 1216 2975 collecti
1246 2924 1355 2985 (t5)
1381 2938 1392 2973 :
1422 2918 1672 2974 Narravit
1692 2918 1852 2971 nobis
1875 2916 2171 2987 Dionysius

578 3015 859 3085 presbyter
920 3013 1167 3067 Ecclesiae
1227 3010 1529 3075 Ascalouis,
1585 3009 1653 3064 de
1714 3009 1911 3063 abbate
1964 3010 2171 3063 Joanne

2286 485 2463 541 habeo
2498 484 2721 554 longam
2754 480 2820 535 ad
2865 478 3286 544 ambulandum,
3326 476 3626 531 multorum
3666 475 3876 531 dierum

2286 581 2521 651 spatium
2580 576 2896 640 habentem,
2929 572 2997 628 de
3036 570 3259 627 candela
3295 578 3387 626 tua
3430 584 3617 625 curam
3659 568 3877 634 habeto,

2285 682 2339 729 et
2407 670 2871 743 inextinguibilem
2931 682 3049 722 eam
3096 664 3399 721 secundum
3453 678 3636 718 meum
3688 677 3881 733 propo-

2285 750 2449 823 situm
2508 763 2720 821 custodi
2780 778 2937 834 :ego
2994 761 3136 816 enim
3194 758 3529 831 adjutorium
3572 765 3727 812 tuum
3785 771 3877 811 co-

2290 863 2475 917 mitem
2520 859 2725 914 habens
2769 856 2985 911 vadam.
3042 856 3109 908 Et
3138 852 3222 908 his
3251 851 3319 907 ad
3364 850 3658 921 imaginem
3700 848 3880 914 dictis,

2287 954 2472 1010 abibat
2507 975 2518 1009 :
2552 962 2605 1008 et
2633 950 2911 1023 proposito
2948 947 3141 1003 itinere
3192 945 3464 1016 completo
3488 943 3878 1007 revertebatur,

2287 1046 2579 1121 aliquando
2611 1045 2830 1117 quidem
2863 1057 3047 1098 mense
3083 1055 3212 1106 uno,
3248 1036 3543 1110 aliquando
3591 1052 3719 1092 vero
3748 1035 3882 1091 duo-

2290 1143 2392 1198 bus
2442 1142 2522 1196 vel
2571 1139 2765 1203 tribus,
2805 1149 3202 1206 nonnunquam
3235 1133 3473 1205 quinque
3506 1139 3600 1187 aut
3640 1146 3733 1186 sex
3763 1145 3884 1184 mo-

2291 1246 2439 1292 ratus
2474 1254 2486 1287 :
2515 1243 2571 1289 et
2608 1234 2685 1290 sic
2708 1230 3017 1287 inveniebat
3045 1216 3329 1285 candelam
3359 1224 3665 1280 ordinatam
3705 1231 3761 1278 et
3792 1238 3878 1277 ar-

2289 1330 2536 1393 dentem,
2562 1335 2624 1383 ut
2651 1342 2773 1383 eam
2799 1324 2868 1381 ad
2893 1325 2995 1379 iter
3028 1321 3304 1394 agendum
3332 1333 3649 1390 egressurus
3670 1316 3882 1372 sinebat

2290 1438 2589 1493 numquam
2620 1421 2766 1476 illam
2790 1416 3083 1489 aliquando
3108 1432 3138 1471 a
3165 1414 3458 1484 semetipsa
3485 1412 3774 1468 extinctam
3804 1409 3881 1463 vi-

2284 1516 2385 1584 dit,
2414 1532 2592 1587 neque
2614 1531 2643 1569 a
2659 1528 2858 1571 somno
2880 1526 3129 1583 surgens,
3160 1524 3339 1580 neque
3366 1506 3434 1562 ab
3450 1521 3634 1563 eremo
3659 1503 3879 1560 rediens

2288 1611 2343 1665 in
2380 1609 2710 1680 speluncam.

2362 1710 2444 1759 19.
2499 1707 2637 1758 Item
2680 1718 2743 1756 ex
2795 1700 3000 1756 eisdem
3041 1696 3364 1753 Actionibus
3404 1710 3471 1750 ex
3510 1694 3633 1748 Vita
3668 1696 3777 1758 (19)
3816 1693 3874 1747 S.

2285 1797 2556 1853 Theodori
2586 1793 3068 1858 Archimandritae,
3100 1807 3228 1847 cum
3264 1797 3409 1846 esset
3426 1802 3698 1845 annorum
3720 1786 3877 1857 quasi

2288 1906 2403 1957 xu,
2428 1888 2575 1945 facta
2595 1898 2678 1945 est
2706 1887 3008 1944 mortalitas
3029 1902 3090 1941 ex
3115 1885 3334 1940 bubone
3362 1884 3420 1938 in
3445 1882 3533 1937 illa
3555 1880 3700 1943 villa,
3724 1879 3794 1934 ita
3818 1886 3879 1933 nt

2286 1993 2341 2041 et
2365 1985 2480 2055 ipse
2504 1983 2879 2039 inﬁrmaretur
2914 1996 3050 2052 pene
3078 1978 3145 2035 ad
3172 1985 3427 2033 mortem.
3464 1979 3634 2031 Porro
3662 1972 3875 2028 detule-

2285 2086 2416 2133 runt
2442 2093 2569 2133 eum
2598 2077 2651 2131 in
2677 2076 2975 2131 oratoriam
2997 2073 3227 2129 domum
3256 2074 3314 2128 S.
3344 2069 3570 2125 Joannis
3592 2068 3872 2138 Baptistae,

2284 2187 2406 2242 qum
2434 2180 2552 2227 erat
2581 2170 2737 2242 juxta
2772 2169 2978 2232 villam,
3009 2177 3063 2223 et
3097 2174 3408 2223 straverunt
3436 2179 3561 2219 eum
3588 2160 3660 2217 ad
3707 2161 3879 2215 intro-

2284 2265 2421 2320 itum
2446 2265 2646 2320 altaris.
2681 2266 2851 2318 Porro
2891 2278 3056 2333 supra
3096 2260 3252 2316 illum
3284 2260 3337 2313 in
3373 2256 3713 2328 receptaculo
3742 2255 3879 2309 Cru-

2282 2360 2357 2414 cis
2410 2359 2586 2414 stabat
2630 2356 2813 2427 imago
2862 2354 3154 2412 Salvatoris
3200 2356 3327 2408 Jesu
3368 2350 3595 2419 Christi;
3637 2363 3879 2418 cumque

2283 2469 2346 2506 ex
2378 2452 2566 2508 dolore
2622 2450 2858 2505 bubonis
2891 2449 3242 2509 cruciaretur,
3285 2453 3507 2517 repente
3540 2443 3607 2499 de
3643 2442 3879 2513 imagine

2280 2545 2587 2600 ceciderunt
2616 2558 2779 2615 super
2797 2558 2923 2599 eum
2954 2541 3096 2597 roris
3129 2548 3332 2613 guttae;
3369 2547 3423 2594 et
3447 2538 3658 2602 statim,
3705 2535 3875 2607 gratia

2287 2638 2406 2704 Dei,
2447 2654 2477 2694 a
2519 2637 2709 2693 dolore
2748 2635 3044 2701 convaluit,
3097 2642 3153 2689 et
3193 2649 3358 2689 sanus
3396 2630 3621 2687 effectus
3671 2638 3773 2695 est,
3822 2637 3878 2683 et

2282 2732 2377 2787 ivit
2422 2732 2652 2787 domum
2697 2746 2873 2786 suam.
2918 2730 3019 2785 His
3059 2727 3343 2799 exemplis,
3385 2727 3452 2783 ad
3486 2722 3872 2781 adstruendam

2282 2825 2446 2881 ﬁdem
2496 2824 2749 2880 sufﬁcere
2812 2822 3132 2887 valentibus,
3181 2821 3249 2876 ad
3291 2830 3495 2877 nostra:
3544 2815 3871 2874 narrationis

2280 2919 2530 2974 ordinem
2548 2918 2855 2974 redeamus.

2353 3018 2439 3067 20.
2470 3011 2638 3084 Igitur
2670 3008 2993 3065 venerabilis
3019 3006 3408 3063 Hiltebrandus
3425 3005 3560 3061 vidit
3585 3006 3869 3071 visionem,

575 3106 933 3173 anachoreta,
967 3104 1152 3160 dicens
1196 3122 1209 3156 :
1254 3103 1391 3173 Quia
1431 3102 1518 3156 hic
1562 3116 1791 3173 magnus
1837 3101 1891 3155 iu
1922 3102 2171 3171 praesenti
2208 3117 2252 3180 ρ
2284 3105 2614 3176 Apostolicaa
2644 3102 2857 3175 pietatis
2902 3103 2954 3157 in
3001 3101 3252 3173 proximo
3281 3097 3646 3169 suscipiendae
3678 3098 3866 3168 praesi-

575 3197 923 3268 generatione
955 3196 1056 3251 fuit
1078 3196 1270 3261 homo,
1302 3203 1356 3249 et
1384 3194 1452 3249 ad
1481 3201 1687 3249 statum
1717 3209 1878 3249 suum
1908 3197 2025 3249 Deo
2058 3195 2170 3264 pla-

574 3298 793 3345 centem
831 3288 935 3343 hoc
965 3288 1035 3343 de
1077 3304 1141 3343 eo
1169 3287 1504 3343 miraculum
1534 3286 1812 3342 asserebat
1846 3304 1859 3340 :
1893 3291 1956 3343 In
1984 3302 2171 3358 specu,

579 3383 853 3455 inquiens,
896 3398 1056 3437 senex
1084 3380 1309 3437 sedebat
1332 3381 1384 3435 in
1419 3381 1667 3452 partibus
1698 3380 2175 3451 Sochus,_posses-

580 3477 748 3532 sionis
793 3476 861 3531 ab
921 3476 1319 3547 Hierosolymis
1385 3475 1648 3531 milliariis
1705 3491 1770 3530 Ix
1840 3480 1948 3542 (16)
2003 3473 2174 3529 ferme

577 3570 845 3626 distantis.
877 3571 1177 3640 Imaginem
1208 3578 1393 3623 autem
1426 3568 1665 3623 habebat
1709 3584 1873 3624 senex
1910 3569 1964 3622 in
2008 3583 2172 3638 specu

576 3672 779 3720 sanctae
807 3672 861 3717 et
890 3664 1228 3717 intemeratae.
1266 3661 1524 3716 Domina:
1549 3670 1773 3727 nostrae,
1805 3660 1899 3715 Dei
1933 3662 2170 3716 Genitri-

576 3758 654 3812 cis
706 3764 760 3811 et
814 3770 1029 3825 semper
1076 3753 1320 3825 Virginis
1358 3754 1564 3821 Mariae,
1606 3753 1898 3808 habentem
1946 3754 1999 3808 iu
2030 3754 2174 3809 ulnis

574 3849 855 3907 Christum
881 3847 1182 3902 Dominum
1211 3856 1479 3902 nostrum.
1519 3848 1982 3918 Quotiescumque
2011 3847 2173 3918 igitur

574 3941 790 3997 volebat
833 3956 1116 4012 quoquam
1152 3954 1397 4011 pergere,
1440 3948 1539 3995 aut
1591 3938 1660 3995 ad
1697 3955 1913 3996 eremos
1956 3939 2165 4010 longin-

574 4050 729 4106 quas,
776 4042 872 4090 aut
906 4034 1348 4103 Hierosolymam
1404 4033 1475 4088 ad
1529 4032 1866 4087 adorandam
1920 4042 2165 4087 sanctam

572 4130 804 4184 Crucem
854 4135 909 4183 et
944 4134 1131 4181 sancta
1180 4126 1319 4192 loca,
1371 4125 1669 4181 velletiam
1720 4126 1774 4181 in
1805 4126 1933 4181 Sina
1984 4134 2169 4181 monte

573 4230 848 4284 oraturus,
906 4230 1001 4275 aut
1043 4219 1108 4274 ad
1189 4228 1452 4292 martyres
1510 4220 1601 4290 qui
1657 4219 1726 4274 ab
1770 4220 2167 4291 Hierosolymis

572 4314 757 4369 multis
782 4313 967 4384 spatiis
1002 4312 1230 4367 aberant
1260 4318 1397 4378 (erat
1434 4313 1583 4368 enim
1621 4313 1832 4368 amicus
1863 4316 2165 4385 Martyrum

571 4406 774 4479 oppido
810 4422 1012 4471 senex;
1060 4421 1213 4471 nam,
1263 4421 1412 4461 nunc
1442 4406 1667 4477 quidem
1711 4406 1778 4462 ad
1808 4408 1863 4461 S.
1898 4408 2166 4461 Joannem

572 4502 875 4571 Ephesum,
916 4515 1064 4554 nunc
1113 4515 1238 4554 vero
1290 4500 1359 4555 ad
1411 4502 1468 4555 S.
1512 4500 1866 4555 Theodorum
1908 4502 2019 4568 [t7]
2054 4502 2164 4555 Eu-

569 4593 828 4658 chaitam,
876 4602 972 4648 aut
1022 4591 1091 4647 ad
1138 4594 1194 4648 S.
1246 4592 1506 4647 Theclam
1554 4594 1860 4649 Seleuciam
1894 4594 2165 4665 pergebat,

570 4686 651 4740 vel
682 4684 753 4741 ad
782 4689 838 4740 S.
876 4686 1121 4757 Sergium
1153 4685 1427 4756 Araphani
1454 4689 1611 4757 [18]),
1641 4687 2001 4757 praestruebat
2030 4702 2158 4741 can-

570 4779 753 4834 delam
798 4787 853 4834 et
910 4780 1295 4845 succendebat,
1340 4780 1495 4835 sicuti
1548 4780 1785 4835 habebat
1821 4779 2164 4835 consuetudi-

564 4887 727 4927 nem:
765 4880 818 4927 et
847 4872 915 4927 ad
953 4872 1397 4944 deprecationem
1426 4883 1602 4938 stans,
1636 4882 1694 4928 ut
1720 4873 1820 4929 iter
1847 4874 1949 4928 sibi
1969 4873 2160 4944 dirige-

567 4973 735 5033 retur,
761 4964 973 5021 dicebat
993 4965 1062 5022 ad
1090 4965 1410 5032 Dominam,
1436 4966 1487 5019 in
1514 4966 1807 5037 imaginem
1836 4966 1950 5037 ejus
1978 4974 2153 5021 atten-

634 5171 743 5233 (15)
770 5168 1056 5223 Habentur
1088 5166 1205 5223 htec
1235 5167 1287 5221 in
1310 5169 1472 5221 Prato
1505 5165 1772 5237 Spirituali
1798 5181 1894 5221 seu
1934 5165 2027 5222 lib.
2070 5174 2150 5222 to.

561 5238 629 5292 de
659 5238 796 5292 Vitis
827 5241 1076 5307 Patrum,
1106 5249 1325 5293 auctore
1363 5236 1575 5293 Joanne
1617 5236 1843 5292 Moscho
1872 5253 1990 5307 cap.
2032 5244 2150 5295 180.

634 5314 742 5387 (ιϐ)
772 5308 1000 5387 .lbidem
1055 5309 1386 5387 militaribus
1442 5311 1561 5376 fere
1610 5310 1832 5387 viginti.
1875 5309 2152 5387 Scriptum

564 5377 725 5450 variis
772 5376 902 5450 locis
951 5380 1117 5435 Socho
1155 5381 1419 5447 nominat,
1453 5394 1646 5450 resque
1678 5376 1832 5433 inter
1876 5376 2052 5450 ipsum
2102 5391 2155 5437 et

560 5447 779 5502 Azecha
810 5446 979 5503 factas
1004 5457 1205 5517 narrat,
1236 5458 1317 5505 est
1345 5460 1530 5506 autem
1558 5446 1629 5505 ad
1657 5446 2008 5505 Euronoium
2044 5469 2154 5509 ver-

558 5532 651 5572 sus
690 5519 994 5589 ngyptum.

632 5590 745 5661 (17)
796 5590 1085 5661 Perperam
1127 5590 1452 5661 impressum
1500 5593 1875 5649 Eucharetam.
1920 5595 2152 5651 Consule

558 5674 685 5785 quae
714 5658 783 5714 de
900 5658 1190 5717 Theodoro
1207 5658 1460 5719 diximus
1491 5664 1559 5719 ad
1598 5664 1781 5718 Vitam
1824 5664 1943 5735 ejus
1977 5665 2065 5722 die
2095 5675 2146 5723 7.

604 5731 838 5786 ebruarn
864 5735 895 5800 ς
918 5738 971 5787 2.

604 5738 838 5786 ebruarii
864 5738 895 5787 ς
918 5738 971 5787 2.

630 5807 740 5871 (18)
770 5805 891 5859 Imo
920 5803 1221 5877 Saraphas,
1248 5804 1325 5861 uti
1354 5804 1566 5863 dicetur
1584 5805 1653 5863 ad
1681 5806 1800 5879 ejus
1832 5816 1887 5864 et
1924 5810 1980 5865 S.
2008 5811 2147 5865 Bac-

2194 4460 2243 4521 D

2282 3198 2611 3269 gnationem.
2641 3196 2908 3268 Apparuit
2935 3196 2981 3250 ei
3023 3195 3207 3252 Simon
3241 3194 3449 3263 Magus,
3480 3189 3785 3261 tripudians
3812 3197 3869 3245 et

2281 3292 2528 3346 exultans
2565 3291 2622 3345 in
2661 3289 2783 3345 navi
2824 3306 2836 3344 :
2873 3297 2929 3343 et
2958 3289 3070 3359 ipse
3099 3287 3199 3343 sibi
3242 3285 3523 3341 videbatur
3550 3284 3705 3339 illum
3742 3284 3874 3340 insi-

2284 3384 2400 3451 lire,
2440 3392 2494 3439 et
2532 3382 2872 3439 colluctando
2907 3381 3132 3453 pedibus
3162 3381 3453 3436 subactum
3494 3377 3876 3434 insolubilibus

2280 3478 2510 3532 nexibus
2562 3477 2782 3532 vincire.
2830 3476 2987 3544 Quod
3041 3474 3192 3529 navis
3244 3472 3542 3528 Ecclesiam
3592 3470 3879 3543 signiﬁcet,

2281 3586 2436 3626 rarus
2460 3579 2541 3626 est
2577 3570 2667 3641 qui
2706 3570 2959 3641 ignoret:
2987 3569 3045 3623 in
3091 3583 3195 3639 qua
3236 3567 3501 3622 nimirum
3529 3566 3722 3621 Simon
3754 3568 3873 3620 Ma-

2282 3680 2400 3735 gus,
2427 3672 2552 3719 ante
2583 3664 2724 3718 beati
2769 3662 2864 3717 viri
2910 3661 3075 3733 hujus
3103 3660 3514 3732 Apostolatum,
3551 3658 3708 3731 longe
3750 3659 3878 3714 late-

2279 3773 2385 3827 que
2413 3772 2509 3827 per
2549 3772 2679 3812 suos
2705 3771 2965 3826 sequaces
3005 3754 3262 3824 sacrilega
3310 3753 3597 3808 venalitate
3641 3752 3871 3820 luserat,

2280 3850 2447 3906 libere
2476 3850 2679 3905 scilicet
2715 3857 2771 3904 et
2811 3847 3159 3919 impudenter
3192 3862 3383 3903 emens
3411 3862 3474 3902 ac
3514 3844 3755 3901 vendens
3785 3860 3876 3899 ec-

2277 3943 2600 3998 clesiasticas
2639 3942 2946 4014 dignitates.
3005 3940 3297 4011 Quomodo
3349 3948 3535 3995 autem
3587 3955 3682 4012 per
3729 3938 3877 3994 hunc

2278 4035 2538 4092 athletam
2588 4036 2687 4091 Dei
2738 4043 3036 4107 prostratus
3075 4043 3127 4090 et
3185 4034 3433 4105 alligatus
3472 4032 3563 4101 sit,
3611 4049 3712 4089 suo
3750 4032 3875 4086 loco

2275 4129 2543 4186 dicemus.
2574 4132 2674 4185 Per
2700 4129 2844 4184 idem
2870 4137 3089 4199 tempus
3118 4127 3338 4199 quidam
3365 4126 3544 4183 Pisani
3576 4133 3871 4197 pernocta-

2275 4221 2407 4277 bant
2436 4223 2492 4277 in
2522 4220 2744 4277 Basilica
2784 4223 2848 4274 B.
2895 4221 3041 4276 Petri
3080 4220 3249 4291 gratia
3288 4219 3484 4276 orandi
3520 4238 3532 4274 :
3575 4235 3702 4275 cum
3742 4233 3874 4273 ecce

2277 4315 2461 4370 vident
2496 4316 2675 4386 ipsum
2710 4315 3016 4385 Prlncipem
3045 4313 3443 4385 Apostolorum
3474 4314 3525 4368 in
3552 4312 3743 4367 eadem
3773 4309 3875 4366 do-

2275 4424 2367 4463 mo
2396 4424 2513 4475 sua,
2545 4423 2671 4463 cum
2701 4407 2804 4463 hoc
2831 4408 3215 4478 praedestinato
3251 4406 3450 4463 herede
3476 4421 3575 4462 suo
3609 4403 3874 4461 deambu-

2276 4501 2501 4567 lautem,
2531 4501 2701 4572 eique
2724 4501 3123 4573 praecipientem
3153 4509 3215 4557 ut
3257 4509 3495 4557 stercora
3525 4498 3870 4555 diversorum

2268 4594 2683 4665 jumentorum,
2715 4610 2839 4666 quae
2878 4596 3115 4667 sparsim
3154 4594 3281 4650 inibi
3300 4594 3481 4666 jacere
3516 4591 3868 4659 videbantur,

2274 4688 2327 4742 in
2347 4704 2589 4755 saccum,
2619 4688 2710 4760 qui
2731 4688 2983 4744 cominus
3019 4688 3207 4745 haberi
3246 4688 3591 4755 cernebatur,
3623 4700 3869 4758 congere

2272 4789 2375 4849 ret,
2407 4790 2461 4837 et
2495 4780 2663 4838 dorso
2688 4781 2942 4853 imposita
2971 4789 3236 4855 egereret.
3268 4784 3336 4837 Et
3368 4780 3593 4853 quidem
3625 4796 3720 4852 per
3750 4780 3871 4835 haec

2269 4882 2530 4941 stercora,
2584 4875 2825 4932 luxurias
2864 4884 2918 4932 et
2977 4875 3263 4947 spurcities
3304 4875 3647 4932 diversorum
3684 4873 3869 4930 homi-

2269 4983 2424 5035 num,
2452 4969 2685 5025 maxime
2705 4979 2888 5026 autem
2917 4969 3332 5037 Nicolaitarum,
3355 4978 3411 5025 et
3438 4968 3618 5041 quarti
3648 4966 3871 5022 Henrici

2266 5170 2353 5226 chi
2401 5172 2580 5226 Vitam
2620 5181 2672 5228 7.
2724 5172 2997 5230 Octobris.
3050 5173 3286 5230 Consule
3324 5180 3485 5228 notas
3533 5166 3753 5225 Baronii
3787 5167 3856 5225 ad

2267 5243 2491 5297 dictum
2522 5243 2686 5299 diem.

2339 5319 2442 5379 (I9)
2482 5316 2559 5370 Ex
2590 5316 2804 5371 actione
2840 5320 2893 5370 4.
2944 5326 3156 5374 constat
3204 5317 3350 5373 hunc
3387 5326 3504 5367 esse
3532 5312 3588 5367 S.
3638 5312 3866 5366 Theodo-

2263 5400 2388 5460 rum
2414 5388 2685 5441 Siceorum
2725 5388 3026 5460 Abantem,-
3080 5389 3236 5460 cujus
3273 5383 3591 5460 .Actayalde
3626 5383 3858 5460 illustria

2262 5454 2518 5512 dedimus
2551 5464 2643 5513 22.
2703 5459 2931 5528 Aprilis;
2965 5454 3058 5516 sex
3103 5454 3167 5516 ex
3214 5455 3325 5513 sola
3358 5454 3603 5528 versione
3644 5454 3855 5528 Latina,

2262 5536 2456 5600 curata
2491 5544 2586 5600 per
2613 5526 2983 5599 Lipomanum
3021 5550 3033 5587 :
3085 5533 3141 5585 in
3189 5543 3293 5600 qua
3332 5541 3458 5582 cum
3505 5526 3609 5581 hoc
3637 5527 3865 5600 miracu-

2264 5598 2378 5653 lum
2428 5596 2595 5667 desit,
2638 5596 2861 5671 apparet
2906 5618 3006 5657 nec
3055 5596 3231 5672 ipsum
3281 5600 3674 5672 Lipomanum,
3726 5596 3860 5650 inte-

2262 5684 2420 5751 grum
2444 5668 2723 5751 Graecum
2739 5679 2951 5751 textum
2976 5668 3249 5738 habuisse,
3288 5668 3456 5743 quem
3486 5671 3567 5726 vel
3589 5668 3716 5725 ideo
3746 5680 3860 5722 ma-

2262 5744 2341 5812 gis
2365 5748 2622 5813 optamus
2644 5744 2895 5799 inveniri.
