4138 6190
234 312 298 366 49
800 280 805 289 ’
1228 308 1752 369 PROLEGOMENA.
1792 343 1861 355 —
1901 313 2089 369 ACTA‘
2117 313 2173 367 s.
2215 311 2559 367 GREGORII.
3478 315 3544 367 50

229 433 445 504 patroni
468 447 670 488 eorum
698 431 1017 503 signiﬁcari,
1049 432 1105 486 in
1139 442 1399 506 promptu
1428 444 1531 491 est.
1565 437 1671 493 Sed
1692 454 1834 509 quo-
1866 447 1916 508 Α
1948 439 2180 505 tionem,
2218 437 2576 508 eleemosynis
2615 436 2910 501 conditam,
2954 435 3141 490 divino
3174 432 3297 491 fulti
3345 434 3543 491 auxilio

230 525 397 582 modo
446 535 503 581 et
547 533 759 597 portata
797 533 855 579 et
895 534 1181 596 exportata
1228 527 1363 594 sint,
1412 543 1514 585 suo
1564 538 1838 603 tempore,

232 623 348 675 Deo
378 619 691 692 aspirante,
723 618 1249 675 demonstrabimus.

850 729 1093 786 CAPUT
1132 732 1229 785 III.

235 847 450 901 Electio
497 842 566 896 ad
609 845 883 911 Papatum
906 847 956 896 et
995 843 1133 895 hanc
1172 850 1355 898 secuta
1383 846 1515 911 visio
1543 846 1796 901 columba:
1818 868 1836 899 .-

520 914 787 969 divinitus
824 915 1082 981 Gregorio
1122 915 1354 969 immissi
1394 920 1447 971 et
1464 916 1656 985 ablati,
1706 921 1842 990 agri

313 998 513 1041 sanan.

307 1094 396 1143 2t.
422 1089 587 1143 Nunc
620 1086 899 1142 electionis
929 1086 1067 1158 ejus,
1106 1095 1228 1157 post
1280 1098 1519 1144 mortem
1552 1090 1838 1146 Alexandri

230 1185 417 1254 Papa,
443 1180 759 1252 legitimum
792 1178 1063 1248 ordinem,
1092 1189 1253 1250 prout
1296 1181 1394 1253 ipsi
1435 1183 1695 1238 electores
1724 1184 1840 1255 ejus

228 1274 700 1346 conscripserunt,
774 1288 1170 1345 proponamus,
1258 1284 1517 1347 regnante
1601 1278 1839 1332 Domino

230 1377 421 1425 nostro
462 1370 596 1423 Jesu
625 1366 861 1435 Christo,
904 1382 1046 1422 anno
1088 1366 1529 1425 clementissima
1578 1372 1834 1425 Incarna-

229 1464 394 1518 tionis
414 1461 539 1534 ejus
584 1466 707 1526 183,
738 1459 1043 1515 Indictione
1073 1469 1128 1515 et
1157 1462 1313 1517 Luna
1353 1478 1433 1530 x1,
1466 1462 1680 1518 decimo
1728 1466 1838 1518 Ka-

228 1555 372 1611 lend.
425 1555 561 1610 Maii
604 1552 731 1609 feria
783 1552 1041 1621 secunda,
1102 1552 1191 1609 die
1248 1556 1542 1626 sepultura
1606 1558 1833 1612 Domini

228 1647 530 1704 Alexandri
567 1647 728 1703 bona
762 1648 1042 1703 memoria
1069 1647 1291 1704 secundi
1322 1651 1502 1720 Papa.
1554 1652 1634 1705 Ne
1681 1650 1835 1706 sedes

227 1741 553 1814 Apostolica
613 1739 711 1797 diu
764 1741 943 1811 lugeat
1011 1741 1235 1811 proprio
1292 1740 1549 1797 destituta
1588 1746 1831 1811 Pastore,

1948 539 2311 587 statueremus
2340 529 2487 601 quod
2512 530 2706 585 melius
2738 529 2804 584 de
2834 528 3097 583 electione
3128 528 3363 583 Romani
3396 530 3540 583 Pon-

1949 623 2107 679 tiﬁcis
2134 622 2427 678 videretur.
2470 622 2577 678 Sed
2602 622 2816 688 subito,
2844 636 2971 676 cum
3016 620 3309 691 pradictus
3346 623 3538 676 Domi-

1948 734 2054 773 nus
2100 727 2283 773 noster
2323 719 2465 787 Papa
2518 716 2575 770 in
2624 715 2862 770 Ecclesia
2905 714 3196 769 salvatoris
3246 715 3543 785 sepultura

1948 811 2274 876 traderetur,
2322 818 2476 864 ortus
2522 816 2605 864 est
2648 822 2875 879 magnus
2930 807 3198 862 tumultus
3254 807 3435 879 populi
3486 816 3542 863 et

1948 904 2220 970 fremitus,
2253 912 2307 959 et
2354 903 2410 957 in
2438 917 2527 957 me
2562 900 2713 973 quasi
2758 900 2934 954 vesani
2978 901 3425 969 insurrexerunt;
3467 901 3540 957 ita

1950 1005 2010 1053 ut
2036 1014 2160 1052 cum
2220 995 2486 1067 PrOpheta
2516 994 2714 1066 possim
2768 993 2946 1049 dicere
2994 1014 3005 1048 :
3043 993 3174 1048 Veni
3202 994 3257 1048 in
3300 994 3539 1051 altitudi-

1948 1107 2073 1146 nem
2121 1089 2306 1157 maris,
2355 1097 2409 1144 et
2448 1094 2742 1160 tempestas
2781 1086 3042 1142 demersit
3105 1101 3221 1155 me;
3275 1086 3537 1142 Laboravi

1947 1184 2206 1250 clamans,
2244 1199 2422 1239 rauca
2452 1181 2609 1236 facta
2634 1189 2761 1236 sunt
2803 1179 2987 1235 fauces
3036 1194 3201 1246 mea;
3225 1188 3282 1235 et
3307 1198 3320 1233 :
3349 1180 3537 1235 Timor

1948 1286 2003 1333 et
2048 1286 2255 1332 tremor
2305 1284 2566 1332 venerunt
2606 1290 2766 1345 super
2810 1288 2916 1340 me,
2945 1281 2998 1327 et
3053 1270 3408 1329 contexerunt
3448 1288 3536 1327 me

1946 1370 2202 1426 tenebra.
2254 1369 2357 1426 Sed
2410 1368 2536 1440 quia
2590 1368 2646 1422 in
2696 1368 2831 1422 lecto
2863 1366 3044 1437 iacens
3093 1365 3244 1422 valde
3289 1364 3537 1438 fatigatus

1946 1464 2075 1518 satis
2114 1463 2319 1519 dictare
2367 1477 2611 1533 nequeo,
2638 1460 2916 1533 angustias
2947 1474 3094 1515 meas
3142 1474 3392 1514 enarrare
3442 1474 3532 1514 su-

1946 1555 2219 1627 persedeo.
2270 1558 2344 1611 Te
2400 1555 2564 1625 igitur
2618 1570 2713 1626 per
2753 1554 3186 1625 omnipotentem
3235 1552 3535 1607 Dominum

1945 1665 2095 1721 rogo,
2154 1658 2215 1704 ut
2256 1646 2629 1719 suffraganeos
2675 1650 2892 1703 Fratres
2931 1655 2983 1702 et
3051 1646 3235 1713 Filios,
3288 1661 3428 1718 quos
3479 1645 3536 1702 in

1945 1741 2155 1799 Christo
2192 1742 2389 1806 nutris,
2440 1741 2506 1795 ad
2549 1740 2890 1795 exorandum
2932 1744 3107 1795 Deum
3148 1754 3245 1810 pro
3292 1754 3382 1793 me
3410 1754 3536 1810 pro-

228 1806 547 1907 congregati
604 1834 660 1889 in
702 1806 931 1889 Basilica
964 1806 1032 1889 B:
1091 1806 1231 1890 Petri
1316 1834 1385 1890 ad
1442 1835 1687 1904 Vincula,
1732 1806 1835 1892 nos
1864 1806 1912 1868 Β
1944 1851 2124 1904 voces,
2160 1844 2214 1891 et
2233 1850 2297 1889 ex
2329 1849 2452 1888 vera
2481 1833 2705 1888 caritate
2736 1833 2933 1887 invites
2968 1850 2980 1885 :
3041 1806 3307 1903 quatenus
3332 1806 3528 1899 oratio,

225 1937 430 1984 sancta
477 1931 751 1984 Romana
785 1926 1081 1983 Catholica
1121 1936 1177 1982 et
1204 1928 1532 1998 Apostolica
1576 1929 1834 1985 Ecclesia

228 2021 569 2083 Cardinales,
599 2020 811 2086 Clerici,
858 2019 1133 2093 Acolythi,
1180 2019 1527 2091 Subdiaconi,
1572 2022 1830 2092 Diaconi,

230 2114 577 2187 Presbyteri;
630 2112 994 2185 prasentibus
1051 2113 1446 2169 venerabilibus
1516 2115 1831 2187 Episcopis;

230 2207 566 2276 Abbatibus,
642 2206 861 2264 Clericis
917 2214 972 2262 et
1019 2206 1297 2262 Monachis
1333 2208 1830 2279 consentientibus;

229 2302 485 2375 plurimis
525 2300 706 2356 turbis
757 2302 1042 2371 utriusque
1072 2316 1235 2356 sexus
1278 2300 1588 2374 diversique
1628 2301 1834 2359 ordinis

224 2394 699 2462 acclamantibus;
723 2393 987 2465 elegimus
1008 2393 1167 2449 nobis
1193 2393 1247 2447 in
1270 2396 1554 2450 Pastorem
1580 2403 1634 2450 et
1675 2397 1835 2451 Sum-

227 2504 377 2543 mum
418 2486 771 2551 Pontiﬁcem,
807 2487 981 2541 virum
1030 2486 1366 2559 religiosum,
1397 2488 1633 2559 gemina
1658 2488 1831 2545 scien-

225 2582 309 2637 tia
339 2580 641 2653 prudentia
692 2579 1008 2650 pollentem,
1053 2580 1325 2651 aquitatis
1353 2589 1409 2635 et
1428 2580 1654 2652 justitia
1695 2597 1834 2653 pra-

226 2673 637 2730 stantissimum
691 2680 1013 2734 amatorem,
1083 2672 1140 2727 in
1186 2672 1426 2729 adversis
1490 2673 1730 2744 fortem,
1778 2675 1833 2729 in

228 2767 508 2839 prosPeris
550 2773 937 2837 temperatum,
976 2773 1050 2833 et,
1099 2765 1256 2838 juxta
1306 2767 1552 2838 Apostoli
1597 2766 1834 2837 dictum,

229 2859 388 2916 bonis
435 2858 692 2915 moribus
736 2867 1013 2925 ornatum,
1044 2858 1330 2930 pudicum,
1361 2858 1700 2927 modestum,
1742 2876 1831 2915 so-

233 2953 438 3020 brium,
490 2960 732 3018 castum,
778 2950 1130 3022 hospitalem,
1178 2950 1411 3006 domum
1488 2966 1647 3007 suam
1695 2951 1833 3007 bene

232 3054 535 3117 regentem,
572 3045 628 3099 in
670 3043 878 3115 gremio
926 3042 1088 3115 hujus
1129 3044 1321 3117 Matris
1364 3044 1621 3100 Ecclesia
1651 3059 1681 3098 ει
1706 3060 1833 3115 pue-

230 3112 347 3194 ritia
374 3137 509 3194 satis
538 3112 792 3192 nobiliter
827 3112 1122 3192 educatum
1147 3144 1202 3191 et
1246 3112 1494 3203 doctum,
1521 3145 1684 3207 atque
1706 3112 1829 3208 ‘pro

231 3232 352 3287 vita
373 3230 582 3286 merito
598 3230 654 3284 in
679 3228 1168 3285 Archidiaconatus
1187 3229 1452 3284 honorem
1474 3245 1641 3301 usque
1664 3229 1830 3286 hodie

232 3325 615 3389 sublimatum,
677 3321 1104 3378 Hildebrandum
1179 3322 1423 3378 videlicet
1480 3322 1835 3380 Archidiaco-

232 3434 390 3485 num,
438 3432 604 3489 quem
649 3415 848 3471 amodo
899 3431 1070 3488 usque
1110 3416 1166 3470 in
1210 3416 1607 3487 sempiternum
1633 3426 1687 3472 et
1719 3432 1836 3473 esse

234 3514 283 3566 et
311 3510 421 3567 dici
454 3508 790 3580 Gregorium
825 3512 1026 3580 Papam
1074 3517 1127 3564 et
1176 3509 1553 3580 Apostolicum
1584 3510 1836 3567 volumus

235 3612 287 3659 et
306 3603 704 3676 approbamus.
760 3602 942 3657 Placet
991 3601 1179 3657 vobis?
1225 3602 1425 3658 Placet.
1471 3602 1645 3658 Vultis
1673 3587 1834 3660 eum?

232 3698 528 3753 Volumus.
561 3696 822 3752 Laudatis
856 3712 983 3751 eum
1004 3699 1027 3750 ?
1048 3695 1381 3752 Laudamus.
1420 3701 1555 3751 Acta
1575 3699 1771 3753 Roma
1795 3713 1835 3752 x

234 3790 475 3846 Kalend.
515 3790 662 3857 Maii,
707 3789 1007 3845 Indictione
1035 3804 1121 3845 ιι.

310 3889 409 3939 22.
433 3885 551 3953 Ipse
575 3899 792 3955 quoque
817 3882 1115 3954 Gregorius
1134 3882 1202 3939 de
1236 3884 1496 3943 electione
1524 3899 1619 3940 sua
1661 3883 1835 3939 conti.

235 3993 354 4032 nuo
390 3977 491 4031 has
524 3978 669 4032 misit
712 3977 990 4049 epistolas.
1051 3977 1371 4047 Gregorius,
1421 3978 1475 4032 in
1518 3981 1837 4033 Romanum

237 4069 569 4126 Pontiﬁcem
634 4071 856 4134 electus,
911 4070 1189 4126 Desiderio
1257 4070 1451 4126 Abbati
1519 4071 1837 4126 Monasterii

236 4166 290 4219 S.
323 4162 607 4219 Benedicti
626 4164 829 4219 montis
852 4162 1052 4229 Casini,
1098 4163 1334 4219 salutem
1359 4163 1416 4218 in
1441 4162 1657 4219 Christo
1684 4164 1834 4219 Jesu.

238 4256 520 4311 Dominus
547 4257 690 4327 Papa
718 4256 1023 4313 Alexander
1060 4264 1311 4312 mortuus
1356 4265 1439 4312 est
1466 4275 1479 4312 :
1510 4257 1663 4328 cujus
1686 4272 1839 4313 mors

237 4366 406 4421 super
427 4364 519 4404 me
553 4348 765 4416 cecidit,
794 4358 850 4405 et
888 4350 1073 4404 omnia
1101 4350 1315 4405 ‘viscera
1359 4366 1478 4405 mea
1505 4351 1837 4418 concutiens,

240 4443 458 4514 penitus
475 4443 841 4498 conturbavit.
860 4445 1000 4498 Nam
1026 4443 1084 4497 in
1113 4452 1294 4498 morte
1329 4442 1551 4515 quidem
1578 4444 1694 4515 ejus
1725 4446 1839 4499 Ro-

1943 1945 2064 2000 qua
2090 1944 2177 1984 me
2229 1928 2454 1982 liberare
2486 1925 2700 1993 debuit,
2732 1942 2799 1981 ne
2844 1926 3177 1981 incurrerem
3207 1924 3528 1997 periculum,

1941 2022 2134 2078 saltem
2160 2027 2377 2076 tueatur
2408 2021 2462 2075 in
2504 2020 2743 2090 periculo
2788 2018 3046 2090 positum.
3090 2020 3174 2073 Tu
3203 2026 3390 2073 autem
3418 2017 3533 2088 ipse

1941 2114 2262 2187 quantocius
2312 2112 2379 2168 ad
2413 2128 2516 2169 nos
2577 2113 2757 2169 venire
2819 2128 2933 2168 non
2984 2111 3387 2183 pratermittas,
3439 2110 3532 2182 qui

1942 2217 2208 2281 quantum
2240 2210 2493 2263 Romana
2545 2206 2782 2262 Ecclesia
2826 2214 2878 2261 te
2910 2205 3169 2277 indigeat,
3209 2211 3264 2259 et
3308 2204 3364 2258 in
3406 2219 3533 2275 pru-

1942 2302 2124 2358 dentia
2166 2310 2259 2356 tua
2314 2299 2569 2357 ﬁduciam
2606 2299 2822 2367 habeat,
2889 2314 3001 2355 non
3058 2299 3293 2371 ignoras.
3340 2295 3532 2352 Domi-

1941 2411 2067 2451 nam
2094 2402 2364 2468 Agnetem
2386 2394 2789 2465 Imperatricem
2823 2393 2954 2464 (20),
2984 2401 3038 2447 et
3064 2390 3391 2447 Rainaldum
3422 2394 3532 2457 (21)

1942 2488 2306 2544 venerabilem
2365 2490 2673 2543 Cumanum
2702 2486 3016 2557 episcopum
3062 2501 3126 2540 ex
3172 2492 3356 2540 nostra
3384 2492 3533 2555 parte

1941 2582 2115 2637 saluta
2157 2601 2168 2635 ε
2196 2590 2250 2636 et
2276 2589 2545 2653 quantum
2574 2595 2700 2651 erga
2752 2595 2852 2634 nos
2888 2577 3189 2634 dilectionis
3216 2577 3533 2646 habuerint,

1941 2691 2087 2729 nunc
2138 2682 2197 2730 ut
2251 2674 2555 2740 ostendant,
2596 2680 2782 2728 nostra
2848 2672 2960 2727 vice
2997 2670 3229 2727 ﬁdeliter
3285 2671 3532 2727 obsecra.

1946 2770 2087 2822 Data
2113 2771 2326 2834 Roma,
2356 2783 2415 2822 ιχ
2436 2766 2563 2821 Kal.
2595 2767 2744 2835 Maii,
2772 2764 3074 2821 Indictione
3115 2764 3423 2820 undecima.

2012 2868 2100 2915 23.
2149 2859 2465 2931 Gregorius,
2504 2860 2558 2913 in
2614 2862 2931 2913 Romanum
2962 2857 3286 2912 Pontiﬁcem
3326 2857 3530 2912 electus

1943 2950 2251 3009 Gottifredo
2291 2956 2400 3017 (22)
2454 2950 2593 3005 Duci
2674 2949 2905 3004 salutem
2990 2950 3043 3003 in
3106 2948 3345 3004 Domino
3403 2950 3534 3004 Jesu

1941 3045 2178 3102 Christo.
2201 3045 2367 3102 Grata
2398 3042 2556 3098 nobis
2602 3051 2685 3097 est
2705 3040 2889 3096 latitia
2918 3047 3031 3109 tua,
3059 3056 3227 3112 quam
3256 3040 3310 3094 in
3343 3040 3532 3096 litteris

1937 3140 2043 3197 tuis
2067 3139 2134 3194 de
2160 3136 2511 3209 promotione
2554 3143 2741 3191 nostra
2789 3142 2843 3189 te
2899 3133 3099 3188 habere
3132 3134 3531 3205 cognovimus;

1943 3250 2052 3289 non
2092 3240 2154 3287 ut
2192 3230 2298 3287 hoc
2347 3230 2523 3301 aliqua
2566 3243 2745 3285 causa
2794 3236 2995 3283 nostra
3044 3226 3326 3283 delectatio
3354 3225 3532 3295 faciat,

1945 3326 2039 3382 sed
2082 3323 2233 3396 quod
2274 3339 2397 3379 eam
2426 3337 2493 3377 ex
2541 3320 2697 3376 fonte
2719 3321 2944 3376 sincera
2980 3320 3282 3375 dilectionis
3310 3329 3363 3375 et
3390 3320 3535 3377 ﬁdeli

1946 3426 2128 3474 mente
2156 3416 2451 3472 derivatam
2495 3429 2611 3469 esse
2639 3430 2752 3468 non
2780 3413 3114 3469 dubitamus.
3162 3416 3358 3468 Nostra
3388 3415 3535 3469 enim

1944 3509 2244 3583 promotio,
2272 3522 2394 3577 qua
2422 3506 2521 3560 tibi
2557 3505 2854 3576 ceterisque
2888 3503 3138 3560 ﬁdelibus
3162 3504 3310 3574 piam
3341 3504 3409 3559 de
3440 3521 3535 3559 no-
3632 3570 3635 3571 ν

1943 3603 2027 3659 bis
2073 3600 2539 3657 existimationem
2567 3607 2623 3653 et
2663 3597 2925 3669 gaudium
2965 3596 3344 3665 administrat,
3376 3598 3535 3654 nobis
3566 3594 3569 3597 ⁷

1945 3696 2144 3751 interni
2194 3694 2401 3750 doloris
2438 3690 2864 3747 amaritudinem
2905 3700 2959 3746 et
2996 3690 3183 3746 nimia
3245 3690 3535 3747 anxietatis

1944 3788 2222 3861 angustias
2266 3794 2508 3859 generat.
2566 3785 2826 3841 Videmus
2858 3784 3006 3840 enim
3033 3792 3237 3855 quanta
3277 3799 3377 3838 nos
3405 3784 3535 3840 soli.

1941 3881 2129 3938 citudo
2183 3880 2502 3936 circumstat
2550 3901 2562 3934 :
2620 3878 2887 3933 sentimus
2933 3892 3104 3949 quam
3154 3892 3257 3931 nos
3296 3878 3536 3949 suscepti

1947 3974 2131 4032 oneris
2172 3974 2384 4030 sarcina
2440 3979 2679 4044 gravat:
2734 3971 2838 4026 sub
2878 3970 3096 4041 quibus,
3150 3971 3283 4025 dum
3333 3978 3539 4026 nostra

1947 4067 2281 4125 inﬁrmitatis
2317 4065 2651 4122 conscientia
2730 4064 2936 4132 tremit,
2985 4063 3169 4118 anima
3237 4070 3428 4119 nostra
3483 4062 3539 4118 in

1944 4162 2159 4218 Christo
2189 4161 2370 4233 potius
2411 4157 2785 4215 dissolutionis
2830 4156 3098 4228 requiem,
3141 4171 3309 4228 quem
3334 4157 3388 4210 in
3410 4165 3536 4212 tan-

1948 4256 2013 4310 tis
2040 4254 2292 4326 periculis
2319 4254 2485 4308 vitam
2510 4252 2674 4323 cupit.
2710 4253 2771 4306 In
2800 4258 3014 4306 tantum
3039 4250 3237 4322 quippe
3261 4250 3539 4305 commissi

1949 4349 2108 4405 nobis
2148 4347 2314 4403 ofﬁcii
2361 4345 2723 4401 consideratio
2768 4359 2871 4400 nos
2915 4344 3198 4409 sollicitat,
3239 4351 3321 4412 ut,
3348 4343 3453 4398 nisi
3483 4344 3537 4399 in

1950 4442 2309 4507 orationibus,
2365 4439 2732 4511 spiritualium
2782 4436 3096 4504 hominum,
3158 4445 3282 4508 post
3333 4438 3538 4505 Deum,

240 4550 448 4591 manus
509 4536 742 4608 populus
809 4545 996 4592 contra
1035 4551 1250 4592 morem
1299 4536 1371 4593 ita
1417 4537 1634 4608 quievit,
1676 4545 1732 4593 et
1784 4538 1841 4592 in
1869 4512 1920 4574 D
1949 4536 2124 4606 aliqua
2148 4534 2343 4590 ﬁducia
2370 4548 2476 4587 nos
2504 4537 2854 4596 sustentaret,
2885 4544 3145 4585 curarum
3166 4529 3540 4585 immensitate

240 4644 412 4684 manu
452 4637 637 4685 nostra
678 4630 885 4685 consilii
939 4629 1093 4685 frena
1152 4629 1377 4698 dimisit,
1430 4638 1491 4686 ut
1569 4630 1843 4686 evidenter

240 4730 526 4794 appareret
586 4738 653 4777 ex
740 4721 835 4777 Dei
902 4722 1271 4778 misericordia
1346 4722 1450 4778 hoc
1511 4723 1837 4795 provenisse.

241 4814 406 4871 Unde
450 4823 674 4887 accepto
706 4815 932 4871 consilio
976 4816 1081 4871 hoc
1111 4815 1429 4883 statuimus,
1473 4824 1536 4872 ut
1586 4824 1708 4887 post
1751 4816 1841 4872 tri-

242 4908 491 4964 duanum
524 4908 821 4979 jejunium,
861 4917 987 4980 post
1009 4909 1252 4966 Litanias
1280 4918 1334 4965 et
1378 4909 1675 4966 multorum
1729 4925 1842 4966 ora-

313 5135 419 5195 (20)
446 5128 694 5202 Henrici‘
715 5128 893 5202 quarti
947 5138 1123 5185 mater
1158 5133 1338 5201 Agnes
1376 5135 1734 5202 Imperatr-ia),
1778 5150 1843 5191 eo

246 5202 480 5276 parvulo
501 5209 627 5272 post
649 5199 749 5255 viri
777 5208 1017 5276 mortem
1046 5199 1410 5276 gubernacula
1437 5199 1597 5276 regni
1628 5205 1845 5276 paciﬁce

246 5272 333 5327 est
356 5272 635 5327 moderata
668 5289 682 5326 :
721 5272 818 5328 sed
838 5280 1026 5344 postea
1046 5272 1069 5340 ,7
1089 5274 1407 5344 Principum
1434 5272 1645 5330 invidia'
1660 5277 1845 5333 videns

249 5344 346 5398 lilii
389 5344 633 5398 animum
675 5358 705 5397 a
732 5360 790 5398 se
822 5358 1073 5399 aversum
1117 5344 1361 5401 discessit
1392 5346 1448 5401 in
1503 5346 1710 5401 Italiam
1747 5367 1758 5403 :
1792 5356 1847 5403 et

242 5430 369 5488 per_
406 5414 637 5488 medium
686 5417 982 5488 ferejaimi
1018 5418 1288 5488 Aspatium,
1334 5425 1393 5471 ut
1450 5417 1692 5488 loquitur
1731 5421 1844 5475 Leo

245 5485 519 5543 Ostiensis
587 5486 622 5539 ι.
674 5491 729 5540 3.
778 5486 1028 5542 Chronici
1078 5488 1384 5543 Casinensis
1434 5505 1482 5544 c.
1524 5485 1618 5543 32.
1662 5492 1848 5546 Casini

243 5561 700 5630 commorataiest,
742 5572 804 5630 ac
838 5557 1213 5630 proindveam
1246 5567 1375 5614 tunc
1402 5560 1472 5614 ibi
1521 5561 1845 5617 existentem

244 5630 444 5685 salutat
482 5628 884 5701 S._Gregorius.

313 5706 430 5767 (21)
463 5698 711 5755 Videtur‘
736 5700 1030 5756 Rainaldus
1069 5710 1202 5757 tunc
1247 5701 1389 5768 exul,
1446 5701 1617 5757 Casini
1656 5701 1843 5759 fuisse.

250 5776 387 5827 Eum
410 5774 471 5827 S.
494 5770 795 5843 Gregorius
815 5773 1130 5830 consolatur
1148 5770 1371 5842 epistola
1398 5777 1488 5826 20.
1517 5771 1632 5827 libri
1665 5772 1845 5843 primi,

248 5860 388 5901 anno
423 5840 678 5915 sequenti
732 5842 876 5912 data,
923 5842 977 5900 in
1005 5861 1111 5917 qua
1149 5840 1398 5898 meminit
1432 5842 1595 5901 dicta
1620 5840 1846 5912 Agnetis

1951 4644 2108 4684 mens
2136 4636 2321 4682 nostra
2362 4626 2767 4681 succumberet.
2804 4622 3049 4678 Peccatis
3093 4622 3244 4677 enim
3290 4622 3541 4677 facienti-

1950 4722 2073 4789 bus,
2101 4721 2176 4776 ita
2205 4736 2345 4791 pene
2370 4726 2515 4774 totus
2545 4715 2786 4772 mundus
2806 4717 2863 4770 in
2904 4715 3148 4786 maligno
3191 4722 3277 4771 est
3309 4716 3539 4786 positus,

1952 4824 2015 4871 ut
2059 4828 2251 4870 omnes
2303 4813 2382 4885 (et
2438 4810 2709 4882 pracipue
2764 4808 2859 4880 qui
2918 4809 2970 4863 in
3041 4808 3281 4864 Ecclesia
3325 4810 3543 4865 Pralati

1953 4914 2245 4973 suntyeam
2275 4905 2458 4978 potius
2494 4902 2855 4971 conturbare,
2880 4917 3051 4974 quam
3079 4901 3225 4958 ﬁdeli
3253 4901 3544 4959 devotione

1950 5131 2333 5204 Imperatricis.
2364 5127 2558 5183 Eidem
2580 5125 2866 5204 epistolam
2894 5124 3030 5181 libro
3064 5131 3097 5181 6
3140 5126 3301 5181 etiam
3329 5127 3547 5199 scripsit

1955 5204 2253 5261 Indictione
2281 5207 2333 5255 2.
2362 5215 2504 5253 anno
2536 5203 2691 5253 1079.

2028 5278 2139 5347 (22)
2165 5272 2627 5347 Gottifredusseu
2652 5268 3029 5347 GodefridusL
3027 5278 3394 5347 cognomento
3415 5274 3546 5347 Ear-

1957 5341 2232 5403 batus'seu
2258 5345 2468 5412 Senior,
2502 5341 2872 5409 Lotharingice
2898 5350 2955 5396 et
2987 5341 3188 5396 Tuscae
3220 5347 3373 5408 Dum,
3410 5342 3547 5398 duas

1957 5419 2146 5476 habuit
2174 5430 2404 5480 uxores;
2446 5413 2623 5483 primo
2662 5414 2887 5478 Dodam,
2916 5428 2981 5467 ex
3017 5429 3125 5483 qua
3155 5416 3341 5484 genuit
3369 5414 3547 5469 Gude-

1955 5492 2169 5559 fridum
2194 5487 2516 5559 Gibbosum,‘
2547 5492 2601 5539 et
2637 5487 2710 5559 B.
2738 5484 2896 5559 Idam
2920 5484 3161 5546 viduam,
3195 5484 3549 5559 Gormitissarn
3632 5544 3637 5549 ,

1956 5554 2218 5628 Bolonia,
2251 5559 2407 5630 cujus
2452 5555 2639 5630 Vitam
2681 5554 2935 5630 dedimus
2984 5561 3084 5630 13.
3131 5558 3355 5630 Aprilis.
3409 5557 3552 5630 Dein

1956 5634 2113 5689 duxit
2165 5628 2330 5685 anuo'
2388 5632 2545 5682 1054.
2603 5628 2914 5693 Beatricem,
2992 5628 3209 5681 viduam
3286 5628 3556 5691 Bonifacii

1961 5707 2162 5761 Tuscia
2187 5700 2536 5765 Marchiom’s,
2585 5712 2710 5767 qua
2740 5698 2919 5752 eidem
2974 5697 3260 5753 Bonifacio
3288 5706 3416 5749 ante
3454 5712 3554 5767 ge--

1959 5785 2156 5833 nuerat
2184 5771 2495 5829 Mathildem
2538 5771 3002 5829 Marchionissam,
3044 5783 3139 5822 seu
3193 5767 3551 5821 Comitissam.
