4138 6190
564 347 620 396 5t
1300 300 1301 303 γ
1524 318 1525 327 ‘
1791 328 1847 383 s.
1888 325 2268 382 GREGOBIUS
2306 326 2395 378 vn
2436 326 2631 380 exex.
3802 322 3867 373 52

565 460 860 519 defendere
898 436 979 513 vel
1010 455 1283 513 celebrare
1325 453 1697 519 contendant,
1747 460 1821 517 et,
1863 452 1995 507 dum
2042 451 2156 506 suis
2182 456 2236 518 Α
2263 448 2410 505 unde
2440 454 2692 513 venerat,
2724 446 2861 501 illico
2914 462 3125 502 reversa
3182 455 3281 504 est.
3325 445 3667 517 Stupefactus
3705 446 3870 517 igitur

566 564 662 611 aut
696 552 857 609 lucris
897 560 992 607 aut
1032 549 1321 623 praesentis
1360 548 1549 620 gloriae
1595 546 1879 603 desideriis
1931 543 2159 613 inhiant,

565 646 842 713 omnibus,
872 661 993 717 quae
1019 644 1087 700 ad
1119 643 1440 715 religionem
1467 650 1522 695 et
1554 639 1828 711 justitiam
1862 638 1957 693 Dei
1991 638 2161 709 perti-

570 750 725 808 nent,
757 755 815 796 se
839 741 989 795 velut
1016 738 1201 793 hostes
1248 741 1544 805 opponant.
1598 735 1719 803 Quo
1774 731 1951 804 magis
2001 731 2163 786 nobis

568 834 867 892 dolendum
904 841 1006 897 est,
1063 830 1152 903 qui
1191 834 1512 898 snsceptum
1559 825 1875 881 universalis
1904 824 2164 881 Ecclesiae,

568 929 809 1000 regimen
838 926 896 981 in
925 934 1069 980 tanta
1112 922 1453 987 difﬁcultate,
1480 935 1581 975 nec
1622 920 1723 975 rite
1751 918 2159 986 administrare,

568 1038 672 1077 nec
702 1030 821 1076 tuto
851 1018 1101 1075 deserere
1142 1030 1460 1087 possumus.
1486 1014 1768 1079 Ceterum,
1801 1014 1925 1083 quia
1953 1011 2079 1066 ﬁdei
2110 1019 2166 1066 et

572 1113 891 1172 constantiae
942 1111 1195 1165 virtutem
1233 1108 1491 1181 (donante
1517 1111 1655 1172 Deo)
1688 1106 1743 1161 in
1776 1115 1831 1161 te
1862 1106 2026 1160 sitam
2049 1120 2165 1160 esse

570 1207 963 1280 cognovimus;
996 1219 1243 1271 omnem,
1272 1217 1439 1273 quam
1492 1208 1710 1272 oportet
1766 1200 1822 1255 in
1879 1198 2165 1254 carissimo

572 1304 628 1357 S.
684 1300 825 1355 Petri
879 1298 1011 1365 ﬁlio,
1074 1297 1129 1351 in
1181 1306 1234 1350 te
1277 1294 1535 1350 ﬁduciam
1583 1293 1867 1359 habentes,
1923 1292 2167 1347 animum

572 1403 731 1449 tuum
758 1392 828 1449 de
849 1399 1037 1447 nostra
1078 1389 1269 1445 itidem
1298 1387 1736 1443 constantissima
1762 1385 2076 1453 dilectione,
2111 1394 2169 1441 et

572 1503 699 1559 erga
748 1486 988 1541 honores
1018 1492 1146 1539 tuos
1174 1482 1581 1554 promptissima
1620 1480 1919 1547 voluntate,
1960 1494 2166 1551 nequa-

574 1595 741 1652 quam
782 1579 1035 1635 dubitare
1062 1576 1333 1631 volumus.
1362 1577 1455 1643 ,De
1483 1589 1610 1645 rege
1638 1589 1769 1629 vero
1796 1581 2041 1628 mentem
2066 1587 2167 1627 no-

575 1682 744 1728 stram
773 1681 828 1726 et
855 1670 1184 1726 desiderium
1217 1669 1376 1740 plene
1403 1682 1735 1739 cognoscere
1757 1675 1944 1737 potes;
1997 1665 2167 1737 quod,

576 1774 843 1839 quantum
870 1766 924 1819 in
955 1763 1193 1819 Domino
1211 1761 1472 1832 sapimus,
1495 1760 1772 1815 neminem
1795 1759 1863 1814 de
1886 1760 2008 1831 ejus
2026 1774 2167 1830 prae-

2268 558 2411 597 novo
2459 540 2720 596 miraculo
2754 540 3013 607 rusticus,
3052 549 3219 611 atque
3262 550 3385 612 post
3434 540 3659 612 paulum
3706 540 3779 595 ad
3806 556 3865 595 se

2268 651 2543 702 reversus,
2576 634 2642 691 ad
2670 634 2887 705 propria
2916 634 3196 689 remeavit.

2337 734 2424 784 25.
2458 730 2715 799 Sequenti
2744 736 2905 782 nocte
2932 736 3046 782 tres
3088 728 3208 794 viri,
3265 727 3452 783 habitu
3510 727 3710 783 decoro
3754 728 3867 785 vul-

2269 833 2437 896 tuque
2489 820 2794 893 splendido,
2826 821 2874 875 ei
2922 829 3299 893 apparuerunt
3347 842 3359 877 :
3407 837 3647 893 quorum
3702 838 3866 892 unus,

2268 917 2469 972 vestitu
2498 915 2772 971 succincto
2818 914 3136 986 canicieque
3159 913 3394 981 decenti,
3441 914 3671 987 ﬁguram
3700 916 3866 982 Petri,

2272 1010 2439 1076 (utin
2471 1010 2693 1081 picturis
2716 1008 2897 1064 videre
2943 1007 3174 1072 solebat)
3217 1007 3322 1063 sibi
3349 1009 3615 1079 expressit
3669 1029 3682 1066 :
3729 1009 3870 1065 alius

2270 1105 2422 1160 vultu
2452 1100 2791 1175 splendidus,
2814 1110 3023 1157 statura
3050 1116 3332 1173 procerus,
3362 1101 3415 1156 in
3443 1101 3869 1159 admirationem

2272 1198 2432 1253 simul
2471 1206 2524 1252 et
2558 1197 2816 1251 timorem
2869 1195 3140 1251 convertit
3178 1195 3572 1267 inspectorem;
3619 1197 3867 1266 tertium,

2273 1292 2429 1363 cujus
2481 1290 2761 1363 qualitatis
2795 1297 2962 1355 esset,
3008 1304 3116 1344 non
3156 1288 3295 1345 adeo
3334 1290 3547 1344 curiose
3594 1291 3868 1362 quaesivit.

2272 1385 2506 1440 Proinde
2530 1383 2804 1439 affabilior
2832 1383 3033 1438 horum
3060 1382 3249 1450 trium,
3268 1383 3389 1455 quis
3414 1391 3557 1438 esset
3583 1384 3676 1439 diu
3702 1383 3873 1440 haesi-

2271 1488 2421 1548 tans,
2454 1477 2680 1534 tandem
2712 1493 2913 1533 canum
2944 1477 3113 1532 illum
3129 1492 3385 1532 sermone
3412 1492 3722 1549 aggressus,
3750 1478 3873 1549 quis

2274 1573 2362 1630 ille
2375 1572 2557 1644 major
2568 1570 2816 1638 esset,vel
2832 1586 2944 1642 quo
2964 1577 3279 1625 censeretur
3292 1570 3545 1638 nomine,
3566 1570 3873 1627 sciscitatus

2273 1675 2357 1723 est
2387 1686 2398 1721 :
2428 1682 2458 1721 a
2481 1682 2588 1737 quo
2618 1663 3129 1737 responsum,quod
3143 1664 3233 1720 Sol
3256 1671 3561 1732 vocaretur,
3579 1664 3866 1735 accipiens,

2274 1760 2494 1832 insuper
2531 1760 2606 1814 ita
2638 1759 2953 1829 increpatus
2982 1766 3067 1813 est
3100 1775 3112 1810 :
3166 1759 3346 1827 Quare
3388 1774 3500 1813 non
3538 1758 3870 1813 annuntiasti

577 1827 799 1915 sentiae
822 1857 1003 1913 futura
1028 1856 1198 1927 gloria
1224 1827 1317 1910 aut
1335 1854 1851 1919 sollicitiorem,aut
1874 1827 2166 1924 capio—siori
2200 1827 2248 1888 Β
2276 1827 2558 1927 Gregorio,
2604 1853 2753 1924 quod
2788 1827 2901 1907 heri
2957 1851 3168 1908 vidisti?
3211 1850 3308 1906 Ille
3353 1866 3481 1907 vero
3532 1852 3867 1922 perterritus,

577 1950 850 2009 desiderio
877 1950 1033 2005 nobis
1077 1947 1319 2019 praaferri
1364 1947 1657 2003 credimus.
1700 1950 1797 2002 Est
1848 1947 2016 2001 etiam
2048 1946 2168 2003 haec

574 2047 827 2101 voluntas
852 2051 1062 2109 nostra,
1094 2050 1174 2110 ut,
1202 2041 1441 2112 primum
1490 2041 1673 2095 oblata
1702 2040 1859 2095 nobis
1902 2050 2163 2111 opportu-

574 2140 767 2206 nitate,
797 2153 894 2209 per
921 2136 1144 2191 nuntios
1168 2142 1419 2201 nostros,
1453 2150 1620 2204 super
1668 2133 1752 2188 his
1782 2149 1905 2205 qum
1943 2134 2009 2189 ad
2041 2150 2167 2204 pro-

576 2233 781 2287 fectum
830 2229 1088 2286 Ecclesiae
1129 2236 1183 2284 et
1204 2227 1473 2283 honorem
1526 2226 1719 2297 Regia:
1755 2227 2033 2299 dignitatis
2056 2243 2168 2284 suae

577 2325 849 2397 pertinere
895 2323 1250 2388 arbitramur,
1319 2329 1548 2392 paterna
1589 2334 1719 2375 eum
1774 2319 2059 2377 dilectione
2116 2328 2172 2376 et

574 2418 951 2474 admonitione
1019 2415 1427 2471 conveniamus.
1471 2411 1631 2484 Quod
1676 2414 1855 2468 sinos
1914 2413 2168 2475 audierit,

573 2528 687 2567 non
738 2512 891 2566 aliter
939 2511 1008 2565 de
1068 2510 1184 2580 ejus
1229 2523 1401 2579 quam
1449 2506 1521 2562 de
1569 2515 1759 2563 nostra
1806 2508 1981 2562 salute
2030 2523 2170 2579 gau-

575 2606 859 2672 debimus;
917 2618 1083 2674 quam
1142 2610 1274 2657 tunc
1322 2601 1622 2656 certissime
1676 2601 1774 2655 sibi
1824 2601 2021 2656 lucrari
2071 2616 2169 2672 po-

576 2700 722 2767 terit,
745 2698 810 2767 si,
834 2698 890 2752 in
917 2694 1152 2751 tenenda
1170 2694 1402 2766 justitia,
1434 2694 1637 2749 nostris
1673 2694 1896 2750 monitis
1916 2702 1967 2749 et
1995 2694 2173 2749 consi-

574 2794 660 2849 liis
683 2790 1032 2863 acquieverit.
1072 2790 1166 2844 Sin
1197 2804 1325 2844 vero
1350 2786 1520 2860 (quod
1552 2804 1665 2842 non
1693 2793 1973 2859 optamus)
2015 2787 2172 2843 nobis

583 2886 771 2941 odium
807 2900 907 2956 pro
940 2883 1263 2948 dilectione;
1296 2880 1657 2952 omnipotenti
1683 2889 1869 2936 autem
1903 2883 2043 2947 Deo,
2075 2896 2172 2952 pro

573 2987 729 3034 tanto
778 2977 986 3032 honore
1015 2975 1116 3030 sibi
1169 2975 1388 3042 collato,
1448 2974 1843 3028 dissimulando
1910 2973 2169 3043 justitiam

575 3073 714 3143 ejus,
751 3077 1132 3138 contemptum
1172 3082 1283 3120 non
1314 3081 1387 3120 ex
1434 3080 1592 3135 aaquo
1643 3064 1974 3131 reddiderit;
2007 3066 2173 3120 inter-

2273 1948 2408 2005 nihil
2428 1964 2487 2003 se
2504 1946 2704 2002 vidisse
2726 1954 2973 2001 testatur.
2994 1944 3279 2001 Oblitusne
3295 1960 3372 2009 es,
3397 1944 3592 2015 inquit,
3614 1943 3759 2015 quod
3780 1960 3876 2001 co-
3956 1993 3968 2002 .

2274 2042 2517 2098 lumbam
2558 2040 2672 2095 heri
2712 2040 2857 2095 inter
2902 2039 3196 2095 Missarum
3243 2037 3507 2093 solemnia
3543 2039 3878 2108 requievisse

2274 2151 2439 2207 super
2461 2134 2753 2189 humerum
2784 2132 2902 2205 ejus
2929 2132 3160 2188 videris?
3187 2139 3466 2203 totamque
3485 2131 3752 2187 visionem
3788 2140 3871 2201 ut,

2277 2230 2504 2298 viderat,
2531 2227 2633 2283 sibi
2654 2226 2907 2282 retexuit.
2940 2226 3149 2282 Deinde
3179 2226 3437 2296 praacepit
3464 2226 3514 2281 ei
3543 2233 3605 2281 ut
3632 2234 3873 2297 quanto-

2275 2324 2388 2378 cius
2415 2323 2481 2377 ad
2524 2321 2855 2392 Gregorium
2887 2320 3010 2395 iret,
3068 2320 3191 2391 quia
3232 2319 3424 2375 eadem
3468 2318 3556 2375 die
3583 2318 3710 2375 inde
3756 2328 3875 2375 erat

2276 2416 2631 2479 transiturus,
2662 2424 2824 2486 atque
2849 2431 2915 2469 ex
2956 2414 3149 2469 ordine
3176 2413 3223 2468 ei
3264 2413 3534 2468 visionem
3588 2413 3869 2469 recitaret.

2277 2512 2437 2565 Mane
2492 2508 2637 2563 facto
2679 2508 2939 2574 rusticus,
2983 2506 3112 2579 quid
3170 2516 3353 2577 ageret
3403 2506 3675 2576 dubitans,
3705 2515 3875 2579 atque

2280 2604 2543 2659 visionem
2574 2602 2882 2657 illusionem
2921 2616 3038 2656 esse
3062 2616 3250 2656 secum
3292 2609 3643 2672 pertractans,
3673 2616 3872 2672 quem-

2276 2697 2401 2752 dam
2435 2695 2677 2769 ejusdem
2734 2694 2837 2749 loci
2879 2695 3195 2765 religiosum
3238 2693 3418 2749 virum
3459 2694 3609 2760 adit,
3650 2702 3703 2749 et
3740 2692 3874 2766 quid

2278 2791 2375 2846 sibi
2416 2790 2595 2844 visum
2623 2787 2812 2843 fuisset
2842 2788 3132 2843 intimavit.
3163 2787 3224 2842 Id
3253 2795 3438 2843 autem
3470 2787 3681 2843 consilii
3712 2803 3875 2843 acce-

2280 2885 2379 2954 pit,
2433 2892 2705 2954 quatenus
2758 2882 3070 2937 Dominum
3120 2880 3318 2937 obnixe
3365 2880 3746 2952 deprecaretur
3787 2886 3868 2948 ut,

2278 2976 2323 3031 si
2354 2991 2419 3030 ex
2454 2976 2546 3029 illo
2593 2974 2710 3029 haec
2767 2975 2897 3029 visio
2923 2974 3134 3040 fuisset,
3166 2973 3411 3028 secundo
3440 2989 3503 3029 ac
3528 2974 3686 3030 tertio
3711 2973 3756 3028 ei
3792 2988 3876 3029 re-

2280 3068 2456 3123 velare
2482 3066 2800 3139 dignaretur
2832 3086 2843 3120 :
2877 3067 3023 3137 quod
3054 3066 3130 3122 ita
3148 3066 3384 3122 rusticus
3411 3066 3610 3123 devote
3646 3068 3872 3141 peregit.

573 3163 823 3227 minatio,
852 3176 956 3231 qua
986 3158 1187 3214 dicitur
1210 3178 1222 3211 :
1248 3180 1273 3204 α
1305 3157 1624 3211 Maledictus
1650 3156 1840 3224 homo,
1869 3158 1961 3227 qui
1995 3157 2173 3228 prohi-
2203 3192 2247 3253 Ο
2281 3160 2527 3215 Secunda
2574 3160 2742 3231 igitur
2798 3158 2962 3215 necte
3014 3160 3146 3214 item
3189 3161 3576 3227 commonitus,
3619 3159 3873 3216 obnixius

575 3256 669 3310 bet
697 3253 933 3326 gladium
965 3266 1129 3306 suum
1151 3264 1181 3303 a
1209 3250 1497 3319 sanguine,
1530 3272 1554 3297 υ
1584 3264 1746 3319 super
1766 3264 1886 3313 nos,
1909 3253 2023 3305 Deo
2052 3266 2174 3321 pro-

574 3348 807 3414 vidente,
846 3361 957 3400 non
987 3344 1178 3399 veniet.
1206 3346 1393 3414 Neque
1439 3343 1587 3397 enim
1616 3342 1851 3398 liberum
1880 3343 2040 3399 nobis
2070 3352 2173 3412 est,

573 3440 799 3512 alicujus
847 3440 1115 3512 personali
1155 3439 1326 3510 gratia
1356 3436 1531 3508 legem
1565 3435 1659 3490 Dei
1687 3436 2050 3507 postponere,
2076 3445 2173 3493 aut

573 3551 602 3589 a
634 3534 853 3590 tramite
878 3531 1221 3587 rectitudinis
1263 3546 1361 3601 pro
1393 3530 1633 3585 humano
1662 3527 1848 3585 favore
1892 3530 2169 3599 recedere,

573 3627 785 3683 dicente
828 3625 1095 3696 Apostolo
1151 3643 1163 3677 :
1217 3624 1273 3679 Si
1316 3621 1635 3677 hominibus
1689 3623 1901 3692 placere
1954 3624 2169 3691 vellem,

573 3736 761 3775 servus
804 3718 906 3772 Dei
938 3733 1051 3771 non
1081 3730 1281 3771 essem.
1332 3718 1472 3769 Data
1498 3718 1697 3769 Romae
1751 3730 1799 3769 ΙΙ
1836 3716 1982 3770 Non.
2014 3717 2167 3785 Maii,

572 3811 875 3866 Indictione
904 3824 996 3865 x1.

646 3910 735 3960 24.
764 3907 895 3959 Post
911 3903 1047 3966 haec,
1065 3900 1371 3957 Pontiﬁcali
1395 3899 1776 3956 benedictione
1794 3901 2167 3973 conﬁrmatus,

574 4014 742 4069 quam
767 4004 1022 4067 acceptus
1058 3995 1158 4051 sibi
1215 3994 1397 4061 fuerit,
1429 3992 1499 4049 ad
1529 3995 1847 4066 exemplum
1892 3998 2167 4068 Evangelii

571 4092 736 4146 Pater
774 4090 1014 4147 caelestis
1070 4087 1330 4155 ostendit,
1407 4089 1664 4159 quoniam
1727 4090 2000 4161 mysteria,
2045 4107 2169 4162 quae

572 4182 858 4239 abscondit
907 4200 936 4237 a
986 4182 1318 4253 sapientibus
1384 4189 1437 4236 et
1475 4180 1856 4251 prudentibus,
1910 4185 2170 4239 revelavit

572 4278 826 4348 parvulis.
864 4278 1005 4332 Nam
1037 4276 1149 4330 duo
1180 4274 1389 4341 rustici,
1428 4290 1538 4328 non
1569 4274 1909 4344 improbabili
1942 4278 2165 4333 curiosi-

570 4379 681 4425 tate
708 4370 878 4435 ducti,
911 4385 1041 4424 cum
1067 4366 1365 4423 adventum
1397 4368 1522 4422 novi
1552 4368 1831 4423 Pontiﬁcis
1858 4370 1912 4423 in
1939 4372 2165 4426 Latera-

571 4480 699 4519 nam
749 4462 1031 4519 dioecesim
1099 4460 1513 4531 comperissent,
1557 4461 1625 4517 ad
1682 4461 1977 4518 videndum
2028 4479 2157 4518 eum

572 4559 774 4612 mutuis
851 4555 1320 4611 cohortationibus
1390 4554 1649 4626 instigati,

570 4658 883 4721 prOperant.
911 4650 1035 4719 Quo
1061 4664 1185 4704 cum
1241 4649 1633 4719 pervenissent,
1676 4648 2008 4705 invenerunt
2037 4666 2164 4706 eum

562 4747 715 4815 juxte
742 4745 909 4799 altare
952 4742 1241 4798 Missarum
1270 4742 1539 4797 solemnia
1574 4743 1959 4799 celebrantem.
1991 4747 2165 4814 Quem

569 4837 783 4893 curiose
809 4836 1174 4908 inspicientes,
1206 4852 1400 4891 omnes
1428 4844 1613 4891 motus
1633 4837 1877 4907 corporis
1906 4846 1960 4893 et
1981 4847 2165 4909 gestus

568 4931 682 5002 ejus
731 4930 967 5003 diligenti
1012 4928 1486 4985 animadversione
1536 4939 1815 4985 nmarunt.
1874 4930 1980 4985 Sed
2029 4931 2167 4986 alter

567 5040 757 5080 eorum
786 5025 931 5078 velut
960 5024 1019 5077 in
1048 5023 1277 5078 ecstasin
1304 5032 1517 5094 raptus,
1558 5023 1692 5078 vidit
1719 5022 2027 5078 columbam
2054 5024 2163 5095 (23)

565 5118 633 5173 de
686 5118 826 5175 ctelo
876 5116 1225 5185 descendere,
1271 5116 1614 5187 humeroque
1662 5117 1908 5188 Gregorii
1939 5116 2160 5173 dextero

567 5211 893 5266 insidentem
923 5210 1025 5264 alis
1061 5209 1294 5265 extensis
1318 5218 1480 5279 caput
1507 5208 1626 5279 ejus
1652 5198 1844 5264 velare.
1876 5211 2162 5282 Completo

568 5318 695 5357 vero
757 5305 1002 5367 Canone,
1071 5301 1324 5356 columba
1366 5302 1569 5357 collum
1614 5302 1968 5372 protendens,
2011 5305 2161 5360 calici

564 5403 831 5462 rostrum,
861 5404 921 5449 ut
948 5394 1047 5449 sibi
1071 5394 1253 5449 visum
1296 5404 1398 5463 est,
1429 5394 1659 5451 immisit
1693 5417 1704 5451 :
1739 5412 1847 5467 quo
1903 5406 2156 5467 retracto,

574 5574 577 5579 ’
610 5574 995 5661 -φςδμιίςυίά
1052 5576 1229 5661 simile
1258 5576 1435 5661 eidem
1467 5579 2157 5661 Gre_gorio_postea.Casini

566 5650 1072 5774 contigissesriarrat
1099 5650 1212 5703 Leo
1253 5650 1540 5718 Ostiensis,
1572 5650 1606 5705 Ιῖ
1640 5660 1691 5708 3.
1723 5650 1979 5710 Chronici
2008 5657 2157 5712 Casi-

562 5732 751 5773 nensis
778 5734 827 5774 c.
929 5762 941 5775 .

633 5791 935 5879 Q4)'Anno
964 5792 1169 5879 scilicet
1204 5794 1454 5879 sequenti
1479 5798 1635 5879 1974.
1664 5796 1964 5879 agrotavit,
2004 5814 2156 5879 acse

561 5875 591 5914 a
629 5862 828 5919 morbo
860 5865 1197 5922 convaluisse
1240 5862 1442 5924 indicat
1505 5862 1743 5923 Beatrici
1787 5862 2011 5941 ejusque
2048 5870 2153 5926 ﬁlia

2282 3253 2528 3325 precibus
2576 3253 2785 3308 institit.
2818 3253 2998 3308 Tertia
3030 3269 3161 3308 vero
3192 3262 3374 3324 nocte,
3400 3269 3526 3309 cum
3576 3253 3741 3309 iidem
3768 3253 3871 3308 viri

2279 3345 2580 3401 terribilius
2608 3346 2767 3401 solito
2820 3362 2877 3401 se
2906 3346 3255 3418 ingessissent
3316 3365 3327 3400 :
3369 3347 3621 3419 praecepit
3652 3346 3703 3401 ei
3729 3362 3876 3402 unus

2279 3448 2357 3506 ut,
2385 3440 2429 3495 si
2457 3440 2620 3494 vitam
2656 3438 2976 3510 aliquandiu
3006 3439 3168 3495 vellet
3195 3438 3440 3506 differre,
3471 3456 3539 3495 ne
3575 3439 3870 3505 dubitaret,

2278 3533 2427 3605 quod
2451 3533 2637 3605 jussus
2668 3532 2866 3601 fuerat,
2889 3533 3129 3589 Domino
3159 3535 3471 3605 Apostolico
3505 3533 3871 3599 denuntiare;

2277 3643 2339 3682 ac
2363 3627 2655 3683 subintulit
2684 3646 2696 3682 :
2720 3628 2869 3693 Situ,
2891 3642 3021 3681 cum
3055 3643 3221 3699 prope
3263 3627 3638 3699 fuerat,jussis
3668 3627 3874 3683 nostris

2277 3721 2504 3775 minime
2528 3720 2941 3791 obtemperasti,
2968 3736 3189 3775 necesse
3218 3730 3301 3775 est
3324 3728 3377 3775 te
3403 3729 3529 3792 post
3571 3736 3697 3775 eum
3750 3720 3871 3775 lon-

2276 3813 2393 3883 gius
2423 3812 2601 3867 eundo
2631 3812 2893 3867 laborare.
2936 3812 3042 3868 Sed
3071 3813 3178 3882 ille,
3229 3814 3428 3868 certius
3462 3812 3643 3868 adhuc
3666 3812 3874 3885 aliquid

2277 3906 2344 3960 ab
2375 3905 2462 3960 his
2489 3906 2680 3960 elicere
2708 3907 2964 3977 gestiens,
3002 3904 3139 3961 dixit
3167 3926 3180 3960 :
3232 3908 3346 3977 Ego
3390 3906 3612 3977 quidem
3640 3908 3873 3962 rusticus

2276 4014 2398 4054 sum
2429 4007 2484 4053 et
2512 3999 2787 4065 indoctus,
2819 4000 2945 4070 quid
2976 3999 3111 4055 mihi
3142 4000 3197 4054 in
3243 4000 3463 4071 signum
3488 3999 3723 4067 dabitur,
3748 4009 3811 4054 ut
3840 4016 3871 4055 a

2276 4093 2372 4147 tali
2400 4109 2627 4163 persona
2659 4093 2945 4149 credatur?
2988 4096 3152 4149 Unus
3190 4108 3404 4159 eorum,
3432 4094 3521 4164 qui
3552 4102 3765 4148 tantum
3786 4109 3872 4148 so-

2277 4186 2423 4241 lebat
2450 4202 2547 4257 pro
2569 4187 2759 4241 ceteris
2780 4186 2944 4256 loqui,
2967 4186 3215 4241 dicebat:
3250 4189 3383 4242 Haec
3402 4186 3552 4242 dices
3580 4187 3871 4259 Gregorio,

2275 4278 2423 4350 quod
2465 4279 2632 4335 etiam
2671 4280 2782 4349 ipse
2814 4294 3008 4333 verum
3049 4295 3169 4335 esse
3215 4282 3492 4351 cognoscit
3545 4299 3559 4336 :
3606 4280 3872 4352 quoniam

2275 4373 2539 4428 accedens
2575 4371 2642 4427 ad
2682 4373 2872 4439 altare,
2902 4372 3047 4442 quod
3078 4372 3271 4428 eodem
3297 4374 3383 4429 die
3409 4374 3684 4445 cogitavit,
3728 4372 3871 4445 apud

2268 4467 2699 4536 omnipotentem
2728 4466 3030 4521 Dominum
3055 4467 3349 4537 impetrare
3368 4466 3591 4522 meruit.
3616 4467 3874 4521 Rusticus

1730 4555 1798 4611 ad
1879 4558 2162 4613 ecclesiam
2192 4554 2242 4616 D
2275 4559 2342 4614 ad
2378 4560 2705 4631 Gregorium
2740 4560 3083 4629 perveniens,
3109 4568 3381 4615 secretum
3419 4559 3488 4614 ab
3517 4575 3581 4615 eo
3607 4558 3787 4630 petiit;
3818 4566 3873 4614 et

2277 4668 2399 4724 quae
2432 4653 2636 4707 itineris
2665 4661 2721 4708 et
2749 4652 2948 4707 laboris
2981 4653 3100 4724 ejus
3128 4669 3293 4709 causa
3328 4653 3612 4719 extitisset,
3637 4652 3872 4708 ﬁdeliter

2276 4746 2581 4801 insinuavit.
2618 4746 2712 4800 llle
2755 4761 2880 4801 vero
2923 4746 3157 4817 benigne
3188 4746 3496 4810 subridens,
3553 4761 3617 4801 ac
3653 4747 3869 4817 signum

2277 4855 2737 4911 praacognoscens,
2766 4839 3053 4907 rusticum,
3091 4849 3255 4894 tantae
3284 4839 3565 4911 legationis
3593 4839 3868 4904 nuntium,

2275 4932 2341 4987 ad
2362 4949 2457 4987 sua
2480 4932 2688 5003 regredi
2718 4948 2843 4987 cum
2869 4933 3178 5003 Apostolica
3207 4932 3579 4989 benedictione
3603 4930 3864 5001 permisit.

2348 5031 2436 5081 26.
2465 5026 2583 5081 Alio
2597 5042 2811 5098 quoque
2836 5034 3086 5097 tempore
3103 5032 3241 5093 (24),
3259 5042 3387 5081 cum
3411 5026 3646 5081 maxima
3669 5024 3872 5081 detine-

2275 5128 2422 5174 retur
2473 5121 2719 5189 corporis
2759 5119 3097 5185 inﬁrmitate,
3152 5118 3405 5191 qumdam
3450 5119 3627 5189 neptis
3673 5134 3771 5174 sua
3801 5117 3869 5174 ad

2274 5228 2398 5268 eum
2445 5212 2690 5268 visitandi
2739 5213 2909 5283 gratia
2948 5221 3187 5281 venerat,
3241 5221 3295 5269 et
3337 5213 3571 5285 qualiter
3602 5227 3659 5267 se
3697 5211 3871 5267 conti-

2273 5315 2448 5374 neret,
2477 5305 2798 5378 inquirebat.
2828 5308 2971 5362 Tum
2999 5306 3085 5361 ille
3111 5314 3170 5361 ut
3196 5306 3343 5378 nepti
3363 5322 3526 5376 super
3549 5304 3870 5377 aegritudine

2272 5415 2368 5455 sua
2396 5400 2641 5455 animum
2661 5400 2935 5471 levigaret,
2953 5400 3171 5455 monilia
3196 5398 3443 5472 ejusdem
3465 5413 3631 5454 manu
3653 5408 3867 5466 tenens,

2272 5581 2806 5655 Mathildi,epistola
2849 5590 2905 5639 9.
2946 5584 3082 5639 libri.
3126 5591 3155 5638 2
3207 5581 3405 5654 scripta
3458 5589 3543 5638 18.
3595 5581 3869 5639 Kalendas

2266 5654 2591 5709 Novembris
2616 5654 2633 5709 Ξ
2667 5671 2769 5725 qua
2803 5656 2951 5710 dolet
2982 5672 3037 5710 se
3068 5671 3135 5708 ea:
3158 5657 3455 5723 periculoso
3484 5656 3659 5710 morbo
3688 5670 3866 5710 emer-

2266 5729 2414 5852 2.38%
2444 5742 2510 5850 ale
2537 5732 2807 5811 servatum
2837 5728 2921 5783 ad
2944 5727 3340 5782 solicitudinem
3360 5744 3499 5797 pene
3524 5728 3869 5795 naufragan-

2415 5812 2468 5851 cc
2489 5814 2640 5852 estw.

2415 5812 2640 5853 ccteszaz.
