4138 6190
283 322 345 374 53
1182 376 1185 379 ,
1283 320 1808 379 PROLEGOMENA.
1848 354 1918 362 -—
1958 324 2132 377 ACTA
2172 326 2222 377 S.
2270 321 2611 377 GREGORII.
3523 325 3592 379 54

278 462 347 500 an
371 445 586 500 nubere
614 444 791 509 vellet,
848 443 1138 514 requisivit.
1194 447 1341 515 Post,
1392 454 1611 518 recepta
1638 446 1886 514 sanitate,
1916 452 1968 514 Α
2068 453 2158 502 28.
2191 449 2345 501 Inter
2372 446 2507 511 haec,
2536 450 2739 516 quanta
2772 442 3087 500 obedientia
3111 454 3268 502 tanto
3304 448 3419 501 viro
3448 446 3595 503 exhi-

276 539 412 594 dum
441 538 622 593 solitis
650 537 949 592 rationibus
977 537 1336 606 incumberet,
1370 554 1467 593 nec
1514 540 1889 596 recordatione

277 632 694 704 praeteritorum
718 632 1246 703 malorum,nec3pe
1263 632 1575 689 futurorum
1588 633 1888 702 bonorum,

278 734 376 781 aut
411 723 713 792 desiderio,
762 732 835 791 et,
880 732 941 779 ut
970 724 1204 781 breviter
1280 726 1693 793 concludamus,
1738 728 1889 783 nullo

287 819 460 874 modo
485 818 547 873 ad
593 818 724 885 hoc,
757 828 817 873 ut
865 818 1060 873 saltem
1092 834 1257 873 unam
1314 820 1667 892 lacrymulam
1714 821 1891 891 expri-

289 928 445 967 mere
484 912 702 978 valeret,
754 911 1059 984 pertingere
1108 913 1302 982 potuit.
1344 914 1453 969 Diu
1485 912 1645 981 igitur
1686 922 1888 969 moesto

286 1006 475 1061 animo
516 1005 801 1060 revolvens
857 1005 987 1076 quid
1034 1005 1254 1077 egisset,
1300 1022 1409 1077 quo
1456 1006 1654 1061 delicto
1716 1010 1887 1061 Deum

284 1098 630 1165 offendisset,
659 1114 763 1169 qua
803 1097 1037 1169 denique
1079 1099 1237 1170 culpa
1276 1098 1461 1154 datam
1492 1100 1595 1154 sibi
1625 1116 1887 1171 compun-

280 1192 481 1246 ctionis
500 1191 733 1261 gratiam
764 1191 1116 1263 perdidisset;
1150 1192 1397 1259 tandem,
1422 1201 1725 1263 temperato
1754 1209 1889 1249 mae-

280 1301 422 1351 rore,
453 1284 512 1339 id
536 1284 744 1339 consilii
770 1285 975 1355 accepit
1005 1294 1066 1340 ut
1108 1285 1392 1357 religiosos
1440 1287 1584 1341 viros
1610 1301 1793 1341 secum
1832 1288 1887 1343 in

272 1378 499 1449 jejuniis
529 1387 585 1432 et
632 1377 971 1433 orationibus
1000 1378 1304 1449 supplicare
1352 1379 1592 1434 Domino
1623 1379 1884 1451 deposce-

283 1481 392 1535 ret;
424 1480 704 1543 quatenus
735 1470 783 1525 ei
826 1471 1066 1526 revelare
1103 1472 1420 1543 dignaretur
1445 1489 1542 1544 pro
1593 1488 1699 1545 qua
1745 1490 1887 1530 noxa

276 1564 495 1619 donum
542 1564 647 1626 illi,
698 1563 845 1634 quod
875 1563 1084 1635 pridem
1134 1564 1401 1630 habuerit,
1456 1566 1730 1621 sublatum
1787 1568 1873 1623 sit.

276 1658 445 1727 Quod
474 1673 713 1729 congrua
770 1657 1060 1713 devotione
1119 1667 1399 1730 peractum
1453 1668 1556 1715 est.
1586 1661 1879 1731 Completis

2002 540 2174 595 benda
2196 540 2356 605 foret,
2380 542 2695 594 Hermanno
2724 546 2853 592 tunc
2882 540 3149 609 temporis
3171 539 3473 603 Cardinali,
3495 538 3593 594 sed

1998 632 2351 706 postmodum
2383 631 2664 686 Brixiensis
2678 632 2935 687 Ecclesia:
2956 633 3168 703 praesuli
3192 636 3326 701 (25),
3340 634 3592 687 divinitus

1998 736 2279 783 ostensum
2308 734 2409 781 est.
2438 727 2577 780 Nam
2604 740 2730 779 cum
2756 724 2823 778 ab
2857 741 2922 780 eo
2951 725 3017 780 ad
3059 742 3312 781 mensam
3346 725 3591 797 quadam

1996 821 2087 895 die
2110 830 2331 877 vocatus
2356 835 2469 875 non
2494 818 2747 886 venisset,
2793 827 2951 873 nocte
2996 819 3326 890 insequenti,
3367 820 3588 875 terribi-

1998 915 2061 969 lis
2088 914 2133 970 ei
2156 913 2409 986 quaedam
2430 912 2633 985 species
2675 912 2943 982 apparuit,
2977 926 3212 983 eumque
3241 911 3592 969 vehementer

1998 1010 2315 1079 increpavit,
2337 1006 2522 1062 dicens
2549 1026 2561 1060 :
2594 1008 2676 1061 Ut
2700 1004 2851 1074 quid,
2883 1004 3073 1072 miser,
3105 1004 3351 1061 imitatus
3374 1021 3433 1061 es
3461 1022 3592 1061 con-

1996 1112 2052 1158 tu
2064 1102 2295 1157 maciam
2318 1100 2538 1155 Dathan
2558 1108 2612 1154 et
2641 1100 2873 1167 Abiron,
2902 1098 3312 1169 supersedendo
3337 1100 3588 1171 Gregorii

1996 1196 2064 1251 ad
2081 1194 2387 1250 convivium
2436 1192 2769 1259 invitatione,
2820 1192 2960 1247 sicut
2991 1191 3064 1245 illi
3102 1190 3332 1261 superbe
3369 1207 3589 1262 respue-

1996 1298 2127 1343 runt
2178 1287 2352 1359 Moysi
2399 1286 2464 1342 ad
2505 1285 2800 1340 concilium
2848 1284 3222 1339 vocationem?
3264 1290 3349 1339 An
3383 1285 3589 1340 excidit

1996 1383 2109 1445 tibi,
2135 1389 2337 1453 quanta
2368 1380 2534 1434 millia
2561 1379 2793 1433 millium
2826 1378 2883 1431 in
2924 1376 3142 1433 inferno
3188 1375 3437 1432 demersa
3478 1378 3592 1432 sint

1997 1484 2215 1547 pr0pter
2274 1476 2437 1530 unius
2482 1471 2810 1544 ProtOplasti
2855 1470 3327 1527 inobedientiam?
3371 1470 3589 1526 Festina

1988 1585 2116 1641 ergo
2165 1568 2232 1623 ad
2269 1566 2719 1633 satisfactionem,
2779 1564 2823 1619 si
2876 1564 3108 1620 evadere
3151 1563 3303 1634 cupis
3348 1564 3589 1619 debitam

1986 1662 2278 1719 rebellibus
2295 1661 2725 1718 damnationem.
2748 1661 2937 1729 Itaque
2956 1674 3111 1723 mox,
3130 1666 3189 1712 ut
3212 1657 3590 1728 opportunitas

273 1753 466 1822 itaque
508 1751 742 1806 duarum
782 1750 1260 1808 hebdomadarum
1306 1752 1518 1824 vigiliis,
1566 1753 1796 1824 jejunio,
1827 1763 1957 1853 etB
1989 1757 2115 1812 data
2134 1765 2237 1823 est,
2287 1756 2603 1827 provolutus
2620 1761 2704 1809 est
2724 1750 3377 1823 pedibusclementissimi
3400 1752 3585 1821 Papae:

273 1844 551 1916 corporali
576 1843 882 1915 disciplina,
906 1845 1026 1916 pius
1049 1855 1102 1900 et
1122 1845 1277 1901 velox
1308 1846 1523 1901 auditor
1552 1846 1879 1903 desiderium

275 1937 461 1993 cordis
505 1938 699 1992 tribuit
743 1938 811 1993 ei.
836 1939 980 1993 Nam
1022 1938 1239 1994 cuidam
1267 1939 1540 1994 innocenti
1568 1947 1622 1995 et
1648 1940 1877 2011 simplici

274 2032 395 2085 viro
423 2033 593 2085 Beata
620 2030 725 2086 Dei
762 2031 1014 2087 Genitrix
1066 2031 1118 2086 in
1146 2032 1355 2087 visione
1410 2033 1680 2104 apparuit,
1726 2034 1879 2105 eique

275 2124 543 2196 praecepit
570 2124 753 2179 dicens
781 2141 796 2177 :
825 2124 998 2192 Vade,
1034 2134 1088 2180 et
1115 2124 1202 2181 dic
1230 2126 1521 2198 Gregorio,
1579 2127 1727 2199 quod
1752 2144 1877 2183 cum

274 2233 375 2289 ego
403 2218 564 2272 illum
593 2218 647 2273 in
702 2217 937 2273 chorum
968 2223 1103 2285 (non
1130 2218 1361 2274 dubium
1404 2220 1532 2291 quin
1576 2221 1878 2293 Virginum)

272 2311 559 2383 elegerim,
598 2311 711 2382 ipse
740 2328 769 2366 e
805 2312 1081 2367 contrario
1126 2312 1281 2368 aliter
1304 2328 1469 2383 quam
1498 2312 1722 2370 deberet
1748 2316 1877 2386 egit.

270 2407 425 2460 Novo
454 2414 641 2460 autem
674 2415 956 2475 permotus
979 2405 1156 2477 elogio
1177 2406 1495 2477 Gregorius,
1522 2407 1693 2478 magis
1719 2406 1878 2463 haesi-

272 2506 387 2553 tare
407 2500 609 2569 cepit;
657 2498 1021 2570 intentiusque
1049 2515 1237 2566 orare,
1276 2506 1336 2554 ut
1363 2501 1603 2571 apertius
1637 2501 1737 2556 sibi
1774 2499 1878 2557 Dei

273 2590 672 2657 misericordia,
702 2591 833 2664 quid
861 2601 1022 2657 esset,
1052 2591 1388 2647 ostenderet.
1439 2594 1647 2649 Iterum
1678 2593 1877 2664 eidem,

271 2685 357 2739 cui
386 2700 582 2755 supra,
608 2685 949 2740 sanctissima
974 2686 1139 2757 Virgo
1170 2686 1344 2741 Maria
1373 2696 1549 2741 mater
1574 2686 1795 2742 Domini
1819 2686 1877 2742 in

268 2779 485 2833 somnis
523 2794 813 2849 apparens,
844 2779 1017 2849 inquit
1046 2796 1059 2833 :
1089 2782 1225 2834 Haec
1247 2779 1395 2835 dices
1417 2781 1714 2852 Gregorio;
1737 2771 1878 2851 quo-

274 2872 425 2926 niam
481 2872 598 2942 ipse
632 2880 819 2926 contra
885 2873 1210 2942 gravitatem
1263 2872 1618 2929 institutionis
1674 2882 1876 2929 nostrae

272 2964 503 3020 monilia
535 2966 785 3020 tractavit
809 2966 985 3037 neptis
1013 2980 1162 3021 suae:
1196 2965 1398 3021 idcirco
1435 2966 1681 3037 gratiam,
1711 2982 1877 3038 quam

272 3057 486 3123 habuit,
516 3058 720 3114 amisit.
766 3058 869 3114 Sed
899 3074 1065 3127 nunc,
1095 3059 1218 3129 quia
1252 3058 1626 3131 paenitentiam
1653 3058 1723 3114 de
1752 3075 1875 3129 pec-

1990 1867 2093 1906 nec
2132 1865 2308 1917 mora,
2354 1848 2573 1904 veniam
2620 1845 2930 1917 impetravit
2980 1844 3281 1916 lacrymosa
3326 1844 3589 1913 supplica-

1992 1944 2160 1999 ﬁone.

2062 2042 2151 2092 29.
2208 2039 2368 2091 Nunc
2424 2034 2557 2090 libet
2621 2034 2731 2089 duo
2792 2030 3051 2087 miracula
3120 2028 3421 2086 sanctitatis
3498 2046 3590 2099 per

1992 2133 2054 2185 B.
2088 2130 2418 2201 Gregorium
2443 2127 2699 2183 divinitus
2728 2126 2868 2181 facta
2898 2124 3134 2180 breviter
3160 2122 3437 2196 assignare
3473 2144 3485 2179 :
3520 2139 3589 2179 ne

1988 2222 2130 2278 forte
2157 2222 2413 2293 ingressis
2436 2220 2598 2277 nobis
2618 2220 2817 2275 silvam
2854 2218 3124 2274 densioris
3150 2217 3411 2280 historiae,
3436 2218 3586 2274 exci-

1988 2317 2121 2372 dant
2154 2315 2455 2371 memorize.
2486 2313 2742 2386 Quodam
2785 2327 3019 2383 namque
3064 2319 3336 2383 tempore,
3369 2326 3498 2366 cum
3522 2311 3589 2367 de

1990 2425 2142 2465 more
2170 2424 2351 2464 sacras
2395 2424 2590 2463 manus
2645 2406 2907 2473 ablueret,
2934 2406 3070 2477 ’ipsa
3114 2404 3405 2460 ablutionis
3448 2420 3587 2477 aqua

1990 2504 2161 2559 instar
2193 2503 2347 2557 lactis
2372 2501 2534 2569 facta,
2567 2516 2777 2573 aegrum
2808 2498 3128 2571 quemdam,
3155 2514 3282 2554 cum
3305 2497 3413 2553 ﬁde
3433 2512 3587 2553 recu-

1990 2596 2246 2668 perandae
2274 2596 2518 2651 sanitatis
2567 2610 2689 2650 eam
2726 2594 2783 2649 in
2811 2608 2974 2649 usum
3021 2601 3352 2660 sumentem,
3408 2588 3590 2647 confe-

1987 2691 2114 2745 stim
2143 2690 2211 2745 ab
2240 2687 2563 2761 aegritudine
2608 2687 2876 2743 liberavit.
2902 2689 3062 2754 Item,
3088 2702 3217 2742 cum
3250 2686 3305 2740 in
3324 2686 3588 2740 comitatu

1986 2783 2234 2854 gloriosae
2263 2782 2541 2837 Mathildis
2569 2781 2935 2847 delitesceret,
2981 2788 3035 2834 et
3078 2779 3287 2835 rabiem
3330 2794 3588 2850 persecu-

1986 2876 2173 2943 tionis,
2204 2876 2270 2931 de
2320 2892 2425 2946 qua
2466 2873 2696 2945 posthac
2728 2873 2941 2944 plenius
2992 2871 3193 2927 dicturi
3241 2887 3453 2937 sumus,
3485 2871 3585 2926 de-

1986 2968 2245 3035 clinaret;
2301 2966 2542 3040 quadam
2608 2966 2698 3021 die
2744 2965 3070 3019 venerabilis
3144 2963 3431 3019 Hubaldus
3480 2967 3587 3028 (26)
3648 3012 3655 3017 .

1986 3062 2316 3117 Mantuanus
2350 3059 2652 3131 Episcopus
2691 3057 2946 3113 indicavit
2973 3057 3020 3113 ei
3051 3055 3201 3129 quod
3228 3071 3438 3127 coquus
3467 3056 3584 3127 ejus

270 3160 394 3206 cato
425 3167 529 3207 suo
550 3151 777 3223 peregit,
806 3151 1014 3207 donum
1046 3152 1412 3224 lacrymarum
1464 3152 1703 3223 recipiet.
1737 3153 1882 3208 Hinc
1911 3134 1956 3197 Ο
1987 3155 2151 3210 nimia
2202 3154 2516 3209 inﬁrmitate
2560 3160 2950 3224 praegravatus,
2998 3150 3068 3206 de
3124 3150 3321 3206 lectulo
3363 3164 3586 3220 surgere

269 3246 651 3300 admonemur
682 3245 821 3300 illius
854 3244 982 3300 dicti
1011 3265 1022 3299 :
1049 3269 1072 3293 α
1105 3248 1321 3301 Bonum
1345 3252 1425 3302 est
1448 3245 1658 3301 homini
1681 3246 1874 3302 mulie-

272 3355 389 3394 rem
420 3355 535 3394 non
574 3347 799 3411 tangere
831 3344 877 3404 (Ι
902 3342 1017 3396 Cor.
1054 3340 1186 3410 vn).
1222 3364 1247 3388 υ

342 3442 434 3487 27.
471 3432 731 3501 Quadam
751 3441 960 3498 aestate,
990 3448 1113 3503 quae
1133 3436 1321 3488 Romae
1350 3433 1603 3488 humanis
1631 3433 1878 3503 corpori-

272 3528 376 3581 bus
401 3527 561 3581 valde
585 3527 856 3581 contraria
898 3534 1001 3593 est,
1033 3526 1164 3581 dum
1204 3526 1345 3581 idem
1378 3527 1457 3580 vir
1488 3526 1584 3581 Dei
1618 3526 1875 3582 maximis

266 3636 365 3690 per
400 3620 667 3690 integram
712 3619 1109 3674 hebdomadam
1139 3628 1395 3674 aestuaret
1409 3617 1679 3685 febribus;
1710 3636 1872 3691 appa-

270 3714 383 3767 ruit
412 3714 458 3766 ei
480 3715 545 3766 Β.
588 3713 688 3766 Dei
715 3713 955 3767 Genitrix
992 3728 1205 3783 semper
1235 3714 1402 3781 Virgo
1443 3714 1651 3779 Maria;
1686 3722 1868 3784 atque,

272 3816 332 3860 ut
399 3804 827 3877 indignationem
872 3806 1213 3872 ostenderet,
1260 3815 1501 3861 ventrem
1541 3806 1654 3877 ejus
1708 3823 1871 3862 manu

269 3916 431 3955 versa
460 3900 779 3969 percutiens,
808 3899 1051 3954 recessit.
1087 3899 1294 3955 Deinde
1320 3916 1414 3971 per
1458 3900 1683 3955 alteram
1708 3901 1870 3971 septi-

264 4008 505 4049 manam
534 3992 667 4048 adeo
699 3993 1014 4049 debilitatus
1052 4002 1154 4059 est,
1187 4002 1247 4049 ut
1299 3993 1561 4065 respirare
1597 4010 1745 4058 eum,
1778 3996 1868 4064 qui

263 4088 488 4143 exitum
533 4088 647 4157 ejus
694 4088 1165 4157 praestolabantur,
1244 4087 1327 4141 vix
1360 4086 1566 4142 sentire
1620 4097 1865 4158 possent.

268 4182 447 4237 Finita
480 4180 830 4235 hebdomada
874 4180 985 4248 illa,
1026 4196 1215 4236 rursus
1264 4180 1333 4236 ad
1380 4195 1509 4235 eum
1553 4182 1717 4235 Beata
1764 4183 1864 4237 Dei

266 4275 546 4340 Genitrix,
572 4274 704 4329 hora
752 4274 856 4329 diei
884 4274 1035 4345 quasi
1083 4283 1257 4341 sexta,
1311 4274 1569 4342 accessit;
1608 4274 1785 4345 qualis
1814 4292 1871 4331 se

264 4370 522 4433 haberet,
563 4376 617 4421 et
645 4367 687 4421 si
717 4367 897 4422 adhuc
935 4368 1067 4423 satis
1096 4384 1376 4438 poenarum
1409 4368 1569 4423 luisse
1597 4368 1701 4422 sibi
1726 4368 1871 4423 vide-

266 4472 444 4525 retur,
477 4461 549 4515 ab
573 4476 639 4516 eo
664 4462 987 4516 sciscitatur.
1021 4462 1119 4517 Cui
1160 4462 1251 4516 ille
1278 4463 1553 4533 respondit
1586 4480 1598 4516 :
1639 4462 1868 4516 Domina

1992 3264 2102 3302 non
2129 3247 2351 3302 valeret.
2384 3252 2457 3301 At
2483 3245 2605 3310 ille,
2635 3244 2922 3300 necessarii
2953 3243 3448 3299 commutationem
3477 3257 3585 3297 non

1988 3340 2195 3395 habens
2217 3340 2402 3406 ofﬁcii,
2434 3356 2563 3395 cum
2610 3339 2714 3393 ﬁde
2745 3354 2915 3410 grano
2943 3337 3146 3408 sinapis
3195 3335 3583 3409 comparanda,

1988 3434 2267 3487 transtulit
2312 3442 2560 3487 montem
2594 3430 2955 3491 inﬁrmitatis,
2987 3438 3041 3484 et
3059 3430 3229 3484 crevit
3257 3429 3313 3482 in
3349 3429 3593 3483 validum

1987 3527 2155 3597 gratia
2199 3525 2492 3596 sospitatis.
2529 3524 2736 3579 Eadem
2766 3523 2967 3595 quippe
2997 3521 3153 3589 hora,
3197 3537 3303 3592 qua
3337 3521 3583 3591 jubentis

1987 3635 2174 3675 vocem
2231 3619 2452 3687 audivit,
2503 3617 2756 3684 surrexit,
2802 3632 2863 3670 ac
2899 3614 3202 3670 necessaria
3249 3613 3579 3685 preparavit.

2590 3754 2830 3809 CAPUT
2862 3754 2863 3757 “
2886 3754 2977 3807 1V.

1985 3886 2249 3954 Gregorii
2294 3884 2600 3940 Decretales
2658 3884 2931 3952 Epz'sfolw
2984 3887 3175 3937 contra
3238 3883 3584 3937 Simoniacos

2587 3962 2637 4010 et
2658 3958 3006 4022 fornicarim.

2054 4091 2142 4140 30.
2190 4089 2315 4141 Jam
2357 4096 2576 4157 tempus
2616 4086 2797 4157 exigit,
2830 4085 3039 4155 aliquot
3095 4082 3402 4138 Decretales
3438 4083 3579 4138 beati

1984 4181 2237 4235 Praesulis
2266 4182 2555 4251 Epistolas,
2589 4189 2780 4235 contra
2817 4179 3163 4234 Simoniacos
3192 4185 3247 4231 et
3284 4176 3582 4232 Nicolaitas

1984 4277 2093 4339 (27)
2144 4274 2195 4327 in
2243 4276 2478 4329 Galliam
2517 4282 2680 4345 atque
2717 4272 3070 4328 Germaniam
3097 4272 3447 4325 transmissas
3489 4286 3584 4340 po-

1984 4383 2112 4421 nere
2169 4387 2179 4421 τ
2217 4375 2272 4420 et
2316 4366 2564 4432 subinde,
2600 4366 2734 4437 quid
2786 4365 2886 4419 sibi
2938 4368 3064 4419 velit
3102 4379 3292 4419 saccus
3315 4364 3402 4419 ille
3432 4372 3581 4419 ster-

1985 4461 2206 4515 coribus
2255 4460 2503 4527 refertus,
2550 4476 2712 4530 quem
2754 4476 2917 4530 supra
2948 4458 3158 4513 Pisanis
3210 4458 3383 4513 visum
3432 4473 3582 4512 com—

267 4556 546 4627 piissima,
574 4564 633 4609 ut
658 4555 752 4609 tibi
784 4554 1017 4612 videtur.
1050 4558 1197 4610 Tum
1236 4556 1340 4610 leni
1375 4571 1564 4621 manu,
1589 4557 1742 4626 quasi
1772 4567 1883 4610 cor‘
1908 4531 1959 4593 D
1994 4554 2435 4624 memoravimus,
2483 4554 2742 4626 aliquam,
2794 4562 2853 4608 ut
2893 4552 3266 4622 promisimus,
3311 4550 3579 4622 conjectu-

267 4666 377 4721 pus
402 4649 520 4719 ejus
550 4663 879 4718 perungens,
907 4650 973 4703 ab
1004 4649 1175 4703 oculis
1205 4648 1320 4719 ejus
1355 4649 1594 4703 evanuit.
1631 4651 1758 4702 Mox
1784 4648 1873 4703 illo

267 4742 598 4797 vestimenta
647 4758 765 4808 sua,
834 4742 985 4813 quasi
1039 4742 1107 4797 ad
1178 4742 1460 4797 ecclesiam
1521 4758 1874 4813 processurus

268 4845 439 4903 esset,
484 4835 823 4906 requirente;
858 4834 931 4901 hi,
966 4835 1058 4906 qui
1091 4834 1335 4902 aderant,
1381 4851 1491 4906 prae
1516 4836 1680 4890 nimia
1720 4836 1875 4889 inﬁr-

269 4930 462 4983 mitate
504 4929 684 4983 minus
713 4945 907 4983 sanum
931 4929 1134 4984 sentire
1162 4929 1526 4985 aestimabant.
1558 4937 1631 4985 At
1656 4930 1766 4993 ille,
1798 4930 1872 4984 nil

272 5022 402 5076 mali
445 5038 506 5077 se
540 5022 742 5077 habere
780 5021 1078 5090 afﬁrmans,
1111 5031 1407 5094 extorquet
1437 5032 1499 5078 ut
1532 5022 1776 5078 vestibus
1816 5040 1874 5079 se

276 5114 531 5181 induant,
559 5124 727 5187 atque
752 5115 819 5170 ad
865 5116 1144 5171 ecclesiam
1190 5115 1509 5187 perducant.
1554 5118 1679 5185 Quo
1710 5116 1873 5185 facto,

279 5208 333 5261 in
354 5217 576 5263 tantum
602 5209 832 5264 sanitate
866 5217 1078 5281 recepta
1110 5211 1409 5273 convaluit,
1433 5218 1494 5265 ut
1522 5210 1689 5265 etiam
1722 5226 1872 5265 sacra

283 5301 575 5357 Missarum
619 5303 887 5358 solemnia
930 5303 1145 5374 publice
1192 5304 1246 5359 in
1289 5303 1509 5360 ecclesia
1583 5303 1875 5359 Salvatoris

276 5396 523 5465 sequenti
548 5395 639 5453 die
678 5396 994 5453 celebraret.

352 5580 467 5646 (25')
501 5580 867 5643 Hermannus,
908 5579 1043 5643 sive,
1093 5581 1457 5649 Arimannus,
1483 5585 1576 5633 aut
1601 5582 1877 5646 Armanu,

279 5648 467 5724 favore
518 5651 823 5724 Comitissaz
870 5649 1147 5705 Mathildis
1189 5650 1390 5705 electus
1436 5658 1519 5705 est
1580 5652 1877 5724 Episcopus

284 5721 583 5776 Brixiensis
601 5737 743 5776 anno
774 5728 932 5778 1096.

355 5798 469 5860 (26)
514 5793 802 5848 Hubaldus
842 5795 953 5849 sive
1015 5794 1277 5867 (Ibamus,
1329 5803 1541 5867 creatus
1582 5794 1880 5867 Episcopus

286 5866 618 5921 Mantuanus
645 5878 733 5918 an.
774 5870 927 5920 1082.
955 5864 1048 5921 sed
1093 5864 1162 5919 ab
1206 5864 1444 5920 Henrico
1484 5864 1873 5937 Rege—pulsus,

1984 4662 2101 4700 ram
2152 4646 2348 4702 facere.
2406 4649 2754 4703 Denuntiatio
2796 4646 2997 4717 quippe
3052 4644 3317 4716 regularis
3359 4644 3575 4716 judicii,

1988 4740 2377 4811 praedictorum
2425 4741 2810 4797 haereticorum
2854 4741 3035 4810 eisque
3064 4738 3359 4793 faventium
3381 4754 3583 4793 concu-
3617 4734 3639 4751 '

1985 4835 2125 4888 tiens
2163 4842 2215 4888 et
2244 4850 2505 4890 coercens
2551 4834 2929 4905 ignominiam,
2959 4849 3071 4888 non
3099 4831 3337 4888 absurde
3368 4831 3579 4887 videtur

1984 4929 2288 4997 comparari
2322 4943 2484 4984 sacco
2514 4937 2753 4983 stercora
2780 4928 3114 4994 continenti;
3146 4942 3306 4997 quem
3338 4925 3583 4981 videlicet

1986 5021 2065 5074 vir
2112 5030 2330 5077 sanctus
2382 5021 2792 5093 quodammodo
2835 5022 3088 5091 portavit,
3128 5019 3281 5083 dum,
3314 5018 3582 5090 Epistolas

1984 5114 2271 5179 mittendo,
2328 5114 2742 5170 conversionem
2769 5129 2983 5180 eorum,
3021 5128 3161 5185 quos
3213 5112 3446 5177 notavit,
3486 5111 3579 5167 diu

1984 5208 2252 5278 patienter
2281 5209 2585 5280 expectavit
2613 5229 2624 5264 :
2658 5208 2962 5279 exportavit
2986 5216 3191 5273 autem,
3222 5205 3443 5278 quando
3466 5220 3582 5277 per-

1983 5300 2184 5357 tinaces
2241 5302 2294 5357 in
2336 5318 2540 5369 errore,
2591 5300 2840 5373 synodali
2910 5316 3182 5357 consensu
3222 5299 3291 5355 ab
3344 5299 3583 5354 Ecclesia

1983 5395 2274 5466 separavit.
2305 5398 2521 5451 Harum
2552 5395 2721 5466 igitur
2772 5394 3143 5466 Epistolarum
3199 5392 3375 5465 prima
3420 5392 3584 5450 nobis

1988 5581 2149 5637 etiam
2181 5579 2302 5635 exul
2332 5578 2561 5651 degebat
2584 5594 2712 5651 cum
2744 5579 2800 5635 S.
2831 5576 3122 5651 Gregorio.

2059 5652 2167 5723 (21)
2224 5656 2383 5723 Extat
2407 5647 2549 5705 'bwc
2594 5649 2835 5723 epistola
2861 5647 3057 5704 inserta
3100 5647 3342 5723 Concilio
3382 5651 3581 5723 primo,

1986 5719 2185 5780 Romae
2207 5722 2309 5778 sub
2339 5719 2680 5794 S.Gregorio
2713 5720 2901 5777 habito
2935 5734 3077 5775 anno
3112 5726 3274 5784 1074,
3296 5719 3359 5773 in
3384 5722 3588 5791 Apolo-

1989 5796 2186 5868 getico,
2217 5792 2454 5864 capitulo
2485 5801 2502 5848 1
2522 5834 2534 5846 .
