4122 6180
554 303 620 354 55
1779 306 1833 362 S.
1877 306 2148 364 GREGOR

2288 312 2385 366 «νη
2426 313 2619 368 PAPA.
2954 346 2957 349 ν
3784 316 3847 367 56

555 426 811 495 occurrit,
852 427 927 483 ad
970 429 1232 484 Ottonem
1301 427 1776 487 Constantiensem
1808 433 2143 504 Episcopum
2170 440 2221 501 Α
2249 436 2484 508 guendo,
2516 435 2878 504 obsecrando,
2927 436 3256 508 increpando
3289 453 3420 492 cum
3463 438 3612 492 omni
3646 437 3847 509 patien-

555 519 779 588 directa,
804 536 925 592 qua
953 520 1023 575 ita
1054 535 1110 575 se
1131 519 1310 575 habet.

631 620 718 669 31.
753 636 777 662 ι
819 614 1111 684 Gregorius
1144 613 1459 684 Episcopus,
1488 631 1677 673 servus
1708 634 1993 675 servorum
2024 621 2144 689 Dei,

558 707 755 764 dilecto
784 708 838 761 in
870 705 1088 760 Christo
1137 704 1287 762 fratri
1330 710 1541 777 Ottoni,
1582 712 1978 768 Constantiensi
2018 714 2146 785 Epi-

558 815 745 869 scapo,
782 799 1010 853 salutem
1053 807 1109 854 et
1152 801 1523 871 Apostolicam
1568 804 2018 861 benedictionem.
2062 810 2150 861 ln-

557 892 754 947 stantia
789 890 1109 947 nuntiorum
1137 900 1379 962 tuorum,
1442 920 1464 945 »
1508 904 1611 952 etc.
1652 899 1787 954 Vide
1816 900 1968 971 infra
2010 904 2150 956 inter

557 984 822 1053 epistolas
844 986 902 1040 S.
932 985 1197 1056 Gregorii.

630 1082 717 1131 32.
750 1077 865 1145 Qua
902 1093 1029 1133 vero
1072 1081 1411 1136 contumacia
1455 1084 1878 1152 pmnomiuatus
1926 1087 2149 1158 Episco-

557 1184 658 1240 pus
699 1168 927 1225 decretis
973 1172 1300 1228 salutaribus
1330 1176 1690 1243 resultaverit,
1738 1179 1818 1232 vel
1872 1178 2048 1250 potius
2072 1181 2152 1235 in-

558 1263 854 1331 sultaverit,
902 1280 1132 1336 sequens
1177 1266 1411 1337 Epistola
1465 1269 1663 1341 prodit.
1729 1294 1754 1319 α
1833 1272 2148 1344 Gregorius,

560 1370 752 1411 servus
806 1371 1091 1413 servorum
1147 1361 1267 1428 Dei,
1332 1362 1440 1430 (28)
1494 1364 1683 1419 Ottoni
1751 1366 2152 1423 Constantiensi

560 1450 851 1520 Episcopo,
890 1450 1121 1506 salutem
1167 1461 1221 1508 et
1270 1455 1635 1525 Apostolicam
1702 1457 2150 1515 benedictionem.

566 1543 850 1598 Perlatum
880 1553 962 1599 est
988 1544 1055 1600 ad
1076 1548 1210 1611 Nos,
1232 1570 1256 1595 υ
1290 1556 1393 1604 etc.
1435 1551 1573 1605 Vide
1600 1554 1742 1605 inter
1766 1554 2038 1621 epistolas.

635 1641 720 1689 33.
756 1637 856 1691 Hic
885 1638 1043 1693 Clero
1092 1647 1147 1694 et
1172 1642 1371 1711 populo
1397 1641 1687 1700 demandat
1728 1660 1797 1700 ne
1824 1646 2151 1702 inobedienti

564 1727 831 1800 Episcopo
874 1730 1147 1787 obediant.
1206 1756 1230 1781 α
1272 1734 1566 1807 Gregorius
1609 1737 1932 1809 Episcopus,
1967 1754 2153 1795 servus

561 1835 843 1877 servorum
891 1824 1009 1893 Dei,
1063 1825 1281 1882 Clericis
1311 1836 1366 1882 et
1416 1830 1592 1885 Laicis
1620 1831 1918 1902 majoribus
1960 1842 2014 1888 et
2053 1834 2152 1888 mi-
2191 1812 2236 1873 Β

563 1915 789 1970 noribus
819 1916 871 1970 in
896 1916 1294 1975 Constantiensi
1342 1924 1669 1995 Episcopatu
1711 1926 2150 1996 consistentibus,

562 2006 923 2063 Christianam
950 2010 1121 2082 legem
1152 2012 1514 2084 diligentibus,
1545 2017 1775 2073 salutem
1825 2027 1879 2073 et
1920 2026 2149 2091 Aposto-

563 2098 721 2153 licam
771 2100 1219 2160 benedictionem.
1276 2108 1526 2164 Misimus
1562 2111 1733 2166 Fratri
1775 2121 1987 2178 nostro,
2029 2113 2150 2183 Epi-

562 2206 727 2263 scopo
757 2203 955 2265 vestro,
985 2198 1196 2267 Ottoni,
1227 2222 1252 2248 ι
1285 2210 1389 2257 etc.
1436 2204 1581 2258 Vide
1632 2208 1782 2259 inter
1811 2208 2069 2275 epistolas
2092 2208 2148 2263 S.

565 2285 829 2354 Gregorii.

635 2384 722 2433 34.
753 2381 843 2436 Ad
866 2383 1079 2455 Laicos,
1110 2402 1208 2457 pro
1252 2390 1580 2459 exequendis
1607 2391 1979 2462 superioribus
2004 2393 2149 2449 insti-

562 2472 710 2527 tutis.
751 2497 774 2521 οι
806 2476 1106 2549 Gregorius
1144 2481 1465 2553 Episcopus,
1496 2499 1684 2540 servus
1720 2500 2002 2542 servorum
2028 2489 2149 2556 Dei,

562 2565 801 2622 Rodulfo
828 2571 965 2625 Duci
999 2573 1231 2642 Suevize,
1262 2584 1424 2647 atque
1453 2578 1748 2634 Bertholdo
1772 2580 1913 2635 Duci
1954 2583 2148 2637 Caren-

561 2666 712 2725 tano,
743 2662 977 2719 salutem
1029 2676 1082 2722 et
1130 2670 1502 2740 Apostolicam
1555 2670 1984 2729 benedictionem
2017 2680 2151 2742 (29).

561 2751 768 2809 Scimus
840 2758 1100 2828 quoniam
1192 2763 1478 2831 prudentia
1551 2773 1725 2820 vestra
1790 2767 2153 2824 miserabilem

560 2846 881 2904 Christianae
923 2852 1194 2924 religionis
1220 2855 1612 2912 desolationem
1653 2860 1942 2930 perspicaci
1969 2870 2153 2918 mente

559 2942 860 3012 perpendit,
893 2967 918 2992 ιο
957 2955 1062 3000 etc.
1112 2950 1250 3003 Vide
1266 2952 1415 3003 inter
1443 2952 1721 3019 epistolas.

633 3038 722 3088 35.
747 3037 884 3090 Item
910 3038 977 3092 ad
999 3039 1193 3094 Laicos
1237 3056 1334 3110 pro
1356 3042 1548 3097 iisdem
1572 3044 1848 3099 institutis.
1891 3068 1915 3094 α
1941 3047 2150 3119 Grego-

2256 533 2325 586 tia
2370 540 2423 586 et
2459 529 2705 586 doctrina
2736 536 3014 600 portatus;
3068 529 3163 586 sed
3191 545 3255 585 ex
3284 539 3414 585 tunc
3461 530 3609 603 justa
3648 530 3849 587 ultione

2256 624 2419 680 divini
2448 624 2547 678 zeli
2579 631 2918 695 exportatus,
2959 623 3259 679 secundum
3286 623 3533 679 ordinem
3557 640 3717 695 quem
3740 625 3849 680 suis

2257 717 2525 773 ultoribus
2553 717 2667 789 ipse
2707 717 2976 772 Dominus
3025 733 3120 788 per
3146 716 3486 773 Ezechielem
3518 717 3847 788 Prophetam

2258 810 2516 878 ostendit,
2548 810 2731 866 dicens
2773 812 2867 864 :A
2908 812 3215 866 sanctuario
3267 826 3390 866 meo
3445 811 3681 882 incipite.
3728 810 3849 866 Cla-

2259 921 2382 959 mor
2405 919 2637 975 namque
2666 903 3035 959 Sodomorum
3068 913 3121 959 et
3164 904 3639 960 Gomorrheorum
3682 920 3850 975 usque

2259 999 2325 1054 ad
2359 999 2523 1069 ipsius
2591 997 2974 1052 Pontiﬁcatum
3024 998 3411 1069 multiplicatus
3473 997 3647 1053 fuerat
3688 998 3851 1053 nimis

2259 1094 2389 1157 (Isa.
2427 1108 2471 1157 1,
2503 1092 2556 1161 9)
2591 1110 2602 1145 :
2632 1091 2683 1145 in
2705 1106 2768 1145 eo
2799 1090 2998 1145 scilicet
3034 1090 3181 1160 quod
3218 1090 3456 1161 praedicti
3500 1089 3737 1145 haeretici
3767 1106 3852 1146 eo-

2260 1200 2490 1256 rumque
2515 1184 2777 1250 fautores,
2809 1184 2972 1238 nimia
3015 1183 3271 1255 peccandi
3298 1184 3539 1238 libertate
3558 1182 3850 1249 effrasnati,

2261 1286 2545 1351 peccatum
2587 1294 2747 1333 suum
2800 1278 2941 1333 sicut
2976 1276 3214 1333 Sodoma
3276 1275 3706 1348 praedicaverunt
3751 1293 3851 1332 nec

2263 1371 2665 1427 absconderant
2697 1389 2709 1425 :
2744 1371 2993 1441 ideoque,
3040 1370 3141 1425 nisi
3194 1371 3468 1426 Dominus
3515 1370 3849 1425 exercituum

2261 1465 2563 1536 reliquisset
2588 1464 2744 1519 nobis
2789 1480 2975 1519 semen
3018 1463 3459 1535 incorruptionis,
3484 1463 3637 1533 quasi
3678 1462 3851 1518 Sodo-

2264 1574 2349 1613 ma
2383 1558 2696 1623 fuissemus,
2737 1566 2790 1612 et
2813 1558 2965 1629 quasi
2995 1556 3309 1613 Gomorrha
3348 1557 3556 1612 similes
3582 1571 3846 1611 essemus.

2336 1658 2421 1706 38.
2478 1652 2586 1706 Hac
2630 1650 2776 1705 fama
2808 1650 3205 1721 justiﬁcationis
3270 1650 3503 1722 instigati
3552 1648 3835 1704 Babenber

2262 1760 2454 1815 genses
2492 1744 2677 1799 Clerici
2711 1744 2841 1814 (30),
2876 1743 3186 1799 detulerunt
3214 1743 3281 1798 ad
3310 1758 3467 1798 aures
3509 1742 3627 1813 ejus
3672 1743 3851 1797 Simo-

2262 1840 2480 1893 niacum
2502 1838 2787 1893 introitum
2816 1837 3285 1907 Pseudo-episc0pi
3310 1837 3411 1903 sui,
3456 1837 3678 1890 nomine
3716 1838 3854 1890 Her-

2263 1932 2468 1986 manni.
2498 1934 2567 1986 At
2595 1932 2706 1999 ille,
2736 1938 3010 1986 contracta
3040 1946 3149 1985 non
3195 1929 3421 1985 minima
3464 1930 3692 1999 pecunia
3733 1946 3852 2001 pre-

2266 2025 2381 2079 tiosi
2409 2025 2608 2080 metalli
2652 2033 2706 2080 et
2740 2023 3041 2079 vestimenti
3097 2023 3271 2094 c0pia,
3304 2023 3541 2094 speravit
3573 2023 3852 2094 Apostoli-

2263 2134 2387 2174 cum
2419 2119 2654 2190 rigorem
2685 2117 3002 2173 muneribus
3030 2116 3263 2172 emolliri
3292 2131 3447 2187 posse
3481 2135 3492 2170 :
3520 2124 3574 2171 et
3593 2116 3856 2187 approxi-

2263 2226 2418 2265 mans
2475 2214 2692 2275 Romae,
2727 2211 2968 2265 exoravit
3024 2209 3381 2264 venerabilem
3419 2210 3533 2275 (31)
3583 2211 3854 2264 Herman-

2262 2320 2418 2370 num,
2462 2303 2721 2358 Metensis
2769 2303 3026 2359 Ecclesiae
3078 2303 3409 2373 EpiscOpum
3440 2310 3495 2356 et
3522 2301 3854 2373 Apostolicm

2262 2396 2412 2451 Sedis
2435 2397 2726 2467 Legatum,
2759 2396 2851 2467 qui
2872 2406 3004 2451 tunc
3025 2394 3163 2450 forte
3178 2396 3266 2465 (in)
3300 2394 3617 2450 societatem
3646 2394 3852 2450 itineris

2264 2488 2543 2557 inciderat,
2568 2490 2643 2545 uti
2667 2505 2723 2544 se
2756 2489 2825 2544 ad
2852 2489 3151 2543 Dominum
3186 2490 3386 2559 Papam
3420 2488 3656 2559 praeiret,
3681 2497 3735 2542 et
3762 2488 3850 2542 in-

2264 2583 2583 2639 tercederet.
2619 2582 2778 2654 Quod
2830 2598 2955 2637 cum
2995 2590 3331 2649 atientasset,
3362 2590 3417 2637 et
3454 2570 3706 2636 humanae
3734 2580 3852 2651 pla-

2264 2677 2497 2732 cationis
2550 2692 2659 2731 non
2689 2692 2905 2747 parvam
2952 2675 3237 2730 materiam
3278 2673 3454 2730 affore
3483 2673 3849 2745 designasset;

2264 2770 2345 2825 vir
2366 2770 2564 2840 justus,
2611 2779 2860 2825 excutere
2904 2782 3102 2824 manus
3144 2784 3269 2823 suas
3322 2769 3389 2823 ab
3438 2767 3589 2822 omni
3621 2780 3848 2820 munere

2261 2864 2475 2932 solitus,
2513 2872 2721 2919 ut‘erat
2750 2864 2805 2917 in
2830 2864 3071 2918 conclavi
3112 2878 3211 2918 suo
3242 2862 3469 2932 positus,
3500 2860 3697 2931 Spiritu
3727 2875 3851 2914 san-

2262 2966 2350 3011 cto
2372 2972 2429 3012 se
2458 2956 2845 3023 inﬂammante,
2877 2955 3156 3027 respondit
3186 2974 3197 3008 :
3231 2957 3338 3011 Fac
3358 2970 3509 3019 eum,
3544 2954 3587 3009 si
3613 2953 3850 3023 aliquam

2262 3048 2507 3104 ﬁdelium
2557 3051 3011 3104 communionem
3058 3049 3185 3103 velit
3248 3048 3515 3114 obtinere,
3560 3046 3615 3101 in
3668 3055 3853 3118 partes

559 3126 672 3180 rius
722 3128 1041 3198 EpiscOpus,
1089 3147 1278 3187 servus
1337 3149 1623 3190 servorum
1670 3138 1793 3203 Dei,
1842 3138 2038 3194 dilecto
2096 3142 2149 3196 in
2194 3205 2229 3214 ﬂ
2259 3158 2384 3198 suas
2411 3143 2603 3209 redire,
2630 3150 2684 3198 et
2708 3143 3021 3199 monastica
3059 3142 3259 3214 regulae
3305 3141 3612 3197 districtum
3654 3140 3853 3211 jugum

560 3218 776 3274 Christo
818 3220 928 3275 ﬁlio
948 3230 1003 3276 et
1022 3222 1361 3281 nobilissimo
1385 3228 1581 3282 Comiti
1613 3228 1934 3297 Adelberto,
1958 3240 2012 3286 et
2035 3234 2151 3305 ejus
2186 3205 2231 3264 Ο
2262 3234 2574 3307 pmnitendo
2593 3205 2779 3291 subire
2814 3256 2825 3291 :
2854 3205 3152 3307 quoniam:
3154 3235 3417 3307 propitius
3437 3235 3506 3289 sit
3532 3205 3672 3288 mihi
3701 3205 3852 3288 Deus

559 3312 734 3380 uxori,
766 3314 998 3370 salutem
1036 3326 1091 3372 et
1116 3320 1487 3389 Apostolicam
1528 3322 1980 3380 benedictionem.
2014 3326 2143 3382 Gra-

558 3404 632 3460 tia
654 3407 770 3462 Deo
799 3404 1103 3475 referimus,
1138 3436 1161 3460 υ
1189 3422 1294 3468 etc.
1324 3416 1465 3471 Vide
1488 3417 1585 3470 ubi
1612 3434 1807 3487 supra.

640 3505 727 3555 36.
776 3503 856 3557 Ut
894 3504 1076 3559 nullus
1129 3506 1348 3563 obediat
1394 3510 1667 3581 Episcopis
1692 3511 1913 3583 praefata
1952 3521 2150 3568 statuta

556 3597 1027 3653 contemnentibus
1069 3599 1148 3655 vel
1178 3601 1590 3672 negligentibus.
1626 3628 1646 3650 «
1686 3605 1998 3677 Gregorius,
2029 3622 2146 3662 ser-

558 3701 654 3740 vus
700 3702 983 3744 servorum
1024 3692 1143 3759 Dei,
1188 3693 1442 3748 omnibus
1483 3695 1703 3750 Clericis
1756 3706 1811 3752 et
1853 3698 2030 3754 Laicis
2094 3700 2149 3755 in

556 3793 722 3849 regno
751 3783 1176 3839 Teutonicorum
1203 3788 1530 3856 constitutis,
1558 3789 1787 3845 salutem
1815 3800 1869 3846 et
1909 3799 2143 3863 Aposto-

558 3870 713 3926 licam
739 3873 1187 3933 benedictionem.
1220 3880 1543 3937 Audivimus
1567 3885 1713 3954 quod
1755 3887 1975 3959 quidam
2021 3890 2145 3960 Epi-

557 3980 850 4035 scoporum
869 3970 1014 4039 apud
1041 3985 1141 4026 vos
1167 3976 1645 4045 commorantium,
1678 4001 1703 4027 ι
1748 3988 1851 4037 etc.
1892 3985 2028 4039 Vide
2052 3990 2149 4041 ubi

557 4072 749 4128 supra.

630 4155 716 4205 37.
750 4155 863 4209 Has
888 4153 1158 4225 Epistolas
1198 4170 1480 4230 prosecuta
1536 4173 1634 4233 est,
1670 4167 1786 4236 ipso
1828 4170 2147 4239 praesidente

557 4246 817 4316 generalis
837 4248 1113 4319 Synodus;
1148 4252 1203 4306 in
1232 4269 1358 4324 qua,
1390 4255 1526 4311 sicut
1574 4268 1721 4329 gesta
1754 4261 1923 4332 ipsius
1976 4267 2147 4321 conti-

556 4345 718 4404 nent,
743 4340 1008 4396 sententia
1045 4344 1406 4401 anathematis
1446 4348 1573 4404 data
1622 4362 1703 4407 est
1737 4353 1793 4408 in
1844 4371 2037 4412 omnes
2062 4360 2142 4414 Si-

556 4431 835 4488 moniacos
858 4442 912 4488 et
956 4435 1248 4494 Nicolaitas
1274 4439 1574 4509 haereticos,
1629 4446 1719 4516 qui
1756 4447 1807 4502 iu
1839 4432 2034 4505 erroris
2063 4454 2143 4508 sui

2259 3331 2303 3385 si
2358 3329 2584 3384 domum
2618 3330 2778 3385 istam
2852 3330 2983 3384 mihi
3031 3330 3283 3401 impleret
3330 3344 3462 3383 auro
3502 3336 3556 3381 et
3602 3337 3852 3397 argento,

2258 3438 2561 3493 nunquam,
2622 3438 2710 3477 me
2778 3424 3177 3488 consentiente,
3223 3421 3527 3492 Episcopali
3598 3418 3857 3491 fungetur

2260 3517 2468 3572 ofﬁcio.
2491 3519 2615 3571 Hoc
2640 3515 2819 3586 itaque
2848 3516 3015 3573 modo
3041 3524 3095 3571 et
3124 3517 3228 3571 iste
3254 3515 3600 3570 Simoniacus
3628 3512 3855 3568 submo-

2260 3619 2346 3667 tus
2371 3619 2454 3667 est
2498 3627 2529 3665 a
2570 3610 2906 3666 Sacerdotio.

2865 3722 3105 3777 CAPUT
3174 3724 3239 3774 V.

2259 3817 2570 3885 Conjuratio
2636 3819 2695 3869 in
2748 3818 2918 3869 vitam
2953 3818 3009 3870 5.
3064 3816 3337 3882 Gregorii.

2859 3890 2910 3940 et
2965 3887 3231 3940 liberatio.

2329 3993 2416 4045 39.
2445 3989 2569 4043 Jam
2618 4004 2745 4044 vero
2789 3988 3021 4059 qualiter
3056 3987 3407 4042 inimicorum
3452 3982 3690 4051 fraudes,
3728 3991 3852 4037 ten-

2256 4083 2508 4150 tationes,
2534 4082 2794 4154 pericula,
2822 4081 3201 4149 detractiones,
3236 4080 3535 4145 irrisiones,
3566 4077 3853 4148 captiones

2257 4177 2535 4231 custodias
2584 4186 2808 4246 propter
2826 4190 3028 4229 nomen
3051 4174 3304 4239 Domini;
3352 4181 3649 4244 postremo,
3677 4169 3852 4240 quali-

2255 4276 2358 4334 ter,
2383 4269 2606 4324 Domini
2621 4268 2900 4339 juvamine
2933 4276 2985 4323 et
2999 4267 3395 4323 sustentatione
3428 4264 3854 4336 Apostolorum-

2256 4378 2359 4433 que
2388 4361 2689 4417 comitante
2744 4358 3024 4433 suffragio,
3062 4365 3257 4432 Reges,
3288 4364 3590 4432 Tyrannos,
3646 4360 3845 4422 Duces,

2258 4456 2554 4526 Principes,
2617 4455 3033 4525 animarumque
3094 4455 3379 4509 hominum
3469 4451 3848 4521 captivatores,

3423 3812 3848 3881 Comprehensio

555 4534 699 4620 ξθίῖίέ
740 4526 993 4620 induratis
1044 4532 1392 4602 SYDOda'ibUS
1435 4537 1759 4594 Sanctorum
1790 4544 2008 4611 Patrum
2060 4546 2146 4603 de-
2178 4549 2226 4609 D
2258 4558 2573 4614 voratores;
2602 4548 2819 4619 insuper
2849 4549 3023 4620 lupos,
3059 4546 3378 4604 Antichristi
3412 4544 3662 4600 videlicet
3688 4540 3848 4596 mini-

552 4616 888 4675 ﬁnitionibus
906 4624 976 4692 ζει
1023 4626 1393 4684 Decretalibus
1436 4645 1625 4686 eorum
1678 4635 1894 4690 statutis
1923 4638 2153 4694 scienter

554 4710 943 4783 inobedientes,
995 4727 1479 4793 apostatarumque
1521 4725 1810 4795 pertinacia
1864 4730 1939 4785 eis
1981 4734 2151 4787 recal-

553 4804 825 4874 citrantes,
855 4808 1032 4864 studio
1057 4819 1111 4865 et
1140 4814 1418 4870 voluntate
1462 4811 1823 4890 refragantur.
1875 4825 2014 4879 Ecce
2034 4840 2151 4880 sac-

552 4912 648 4952 cus
691 4901 1020 4957 stercoribus
1060 4904 1253 4974 plenus
1303 4907 1522 4977 (Ezech.
1575 4925 1620 4979 I,
1671 4918 1746 4981 9),
1802 4924 2025 4972 eatenus
2066 4934 2149 4972 ar-

624 5051 734 5118 (28)
768 5054 953 5134 Partes
967 5056 1205 5137 -Henr_t'ci
1242 5060 1402 5137 Regis
1424 5062 1575 5137 fovet
1619 5064 1759 5125 Otto,
1824 5074 2148 5137 quapropter

550 5129 1062 5207 ewccmpzunicatus,
1101 5129 1172 5207 in
1221 5132 1445 5184 exilium
1495 5135 1691 5207 missus
1732 5129 1872 5190 anno
1907 5129 2064 5207 {075,
2098 5147 2148 5196 et

543 5199 700 5273 post“
713 5194 847 5247 duos
873 5211 1043 5273 annos
1092 5201 1167 5273 ing
1191 5205 1737 5273 emcommunicatt’one
1777 5194 2064 5273 mortuus;
2091 5194 2145 5267 et

548 5264 774 5345 gestiet?
826 5268 1087 5345 sepultus.
1148 5271 1227 5325 lta
1279 5271 1590 5330 Chronicon
1652 5264 2066 5338 Constantiens'e
2097 5264 2143 5339 '5

550 5336 791 5389 Pictorio
817 5336 1047 5393 editum.

621 5406 727 5476 (29)
751 5409 846 5461 Est
872 5408 1095 5478 epistola
1120 5417 1190 5467 45
1214 5412 1335 5468 libri
1354 5420 1410 5469 2.

568 5477 721 5563 "(302
746 5477 1050 5535 Hermanno
1074 5484 1455 5563 Rambergensi
1477 5490 1693 5563 scripta
1709 5499 1790 5546 est
1815 5492 2041 5563 epistola
2070 5502 2140 5550 84

548 5547 665 5633 libri
761 5564 869 5633 qua
902 5553 1118 5633 monuit
1156 5547 1327 5633 eum:
1343 5547 1728 5633 Verum,'quia
1750 5547 2140 5633 judiciovSed—is

544 5621 877 5700 Apostolicae
906 5624 1271 5700 se_subtragrit,
1318 5637 1371 5700 et
1403 5621 1708 5688 Simoniace
1745 5621 2030 5690 ccclesiam
2062 5621 2139 5691 in;

545 5692 680 5777 vasit
708 5692 935 5774 ejusque
945 5692 1110 5777 bona
1155 5697 1507 5777 dilapidavit,
1538 5720 1663 5777 eum
1700 5705 2001 5777 Gregorius
2035 5723 2136 5762 ex—

539 5769 982 5846 communicavlit,
1005 5774 1059 5820 et
1073 5769 1387 5846 sacerdotali
1408 5773 1606 5846 _ofl_icio
1634 5769 1881 5846 privavit,
1915 5786 1976 5832 ut
1994 5779 2137 5833 scri-

540 5830 618 5887 bit
665 5833 733 5889 ad
776 5830 1220 5910 Bambergenses,
1264 5842 1604 5914 Segefridum
1634 5830 2133 5919 ‘Arcbiepiscopum

2259 4650 2423 4709 stros,
2456 4641 2923 4713 Archiepiscopos,
2962 4642 3279 4713 Episcopos,
3319 4646 3375 4695 et
3401 4640 3639 4710 reliquos
3669 4635 3853 4690 Eccle-

2256 4735 2504 4791 siasticos
2519 4750 2833 4806 pervasores
2856 4734 3185 4789 fortissimus
3205 4733 3407 4788 athleta
3428 4731 3529 4787 Dei
3552 4728 3847 4802 superavit,

2256 4844 2598 4899 nequaquam
2656 4828 2866 4883 silentio
2934 4827 3203 4899 praterire
3252 4825 3481 4898 dignum
3555 4824 3845 4880 ducimus:

2255 4930 2519 4992 quatenus
2538 4930 2654 4976 tam
2701 4920 3059 4991 praesentibus
3079 4936 3245 4991 quam
3277 4919 3648 4975 subsecuturis
3674 4916 3748 4972 sit
3793 4915 3852 4968 in

2254 5070 2660 5139 Moguntinum,
2682 5078 2735 5124 et
2780 5070 3077 5124 Henricum
3108 5071 3336 5140 Regem,
3363 5076 3421 5140 et
3447 5076 3571 5140 sunt
3608 5065 3851 5140 Epistola

2254 5136 2447 5215 prima,
2490 5140 2747 5215 secunda,
2786 5148 2840 5194 et
2867 5141 3041 5215 tertia_
3073 5136 3411 5215 liliri'_tertii.
3447 5136 3741 5215 Fruschius
3768 5137 3850 5215 ait

2252 5206 2662 5285 quodgtandem
2730 5206 3143 5285 monasterium
3222 5206 3721 5285 swartzachianum
3791 5207 3847 5260 in

2251 5281 2476 5338 Francia
2498 5283 2780 5350 Orientali,
2812 5283 2865 5337 id
2906 5292 2987 5337 est
3013 5283 3333 5343 Franconia,
3365 5281 3692 5356 intraverit..

2323 5360 2432 5419 (31)
2494 5357 2800 5408 Hermanno
2868 5356 3127 5422 Episcopo
3188 5353 3410 5422 Metensi
3493 5353 3845 5422 commiserat

2250 5427 2305 5480 S.
2338 5424 2636 5497 Gregorius
2667 5419 2954 5497 vicessuas
3000 5419 3075 5477 in_
3097 5421 3534 5497 causa_Epis<_'.opi
3584 5419 3842 5497 Bamber-

2250 5492 2531 5567 gensisfut
2552 5496 2751 5567 dicitur
2778 5495 2936 5549 citata
2964 5496 3122 5564 epist.
3155 5499 3223 5567 8A4
3262 5494 3295 5547 l.
3336 5499 3383 5545 1.
3417 5492 3844 5567 Eidemscripsit

2249 5563 2406 5637 epist.
2467 5571 2534 5619 35
2564 5566 2597 5621 Ι.
2650 5574 2695 5632 1,
2723 5567 2880 5638 epist.
2912 5573 2942 5620 2
2978 5563 3033 5619 et
3055 5573 3140 5638 21,
3173 5565 3306 5638 _l.‘2,
3347 5564 3503 5634 epist.
3538 5570 3571 5638 ᾇ
3612 5563 3647 5617 Ι.
3689 5570 3743 5638 6_,
3788 5566 3843 5638 et

2247 5632 2401 5708 epist.
2435 5638 2578 5705 21,].
2603 5644 2657 5699 8,
2690 5632 2972 5708 in'quibus
2995 5635 3134 5689 varia
3170 5635 3241 5689 illi
3283 5632 3599 5700 committit,
3638 5644 3689 5688 et
3711 5632 3845 5708 indi-

2247 5704 2334 5763 cat
2374 5709 2752 5764 auctoritatem
2792 5704 2955 5763 Sedis
2996 5708 3326 5776 Apostolicaa
3368 5708 3420 5762 in
3464 5704 3839 5763 excommuni-

2245 5779 2417 5838 cando
2452 5780 2687 5835 Henrico
2727 5782 2897 5852 Rege.
