4138 6190
310 309 374 358 57
1301 309 1826 367 PROLEGOMENA.
1868 340 1939 353 —
1974 312 2150 368 ACTA
2190 311 2244 365 S.
2286 310 2630 366 GREGORII.
3549 319 3617 371 58
3682 266 3687 267 ν

304 427 637 498 exemplum
654 470 670 495 ,
693 436 751 483 et
770 429 1001 500 populus
1015 437 1220 486 sancta
1238 432 1491 489 Ecclesia
1507 434 1643 490 olim
1659 443 1913 491 nostrum
1940 440 1991 502 Α
2020 434 2367 501 hareticum,
2408 436 2648 490 Romam
2688 433 3049 501 conductum,
3082 434 3191 505 (34)
3215 435 3455 507 hospitio
3476 453 3619 493 rece-

298 523 577 576 saculum
607 521 775 577 fuisse
799 531 1094 593 cognoscat
1129 524 1233 579 sub
1258 531 1413 583 tanto
1443 527 1649 599 talique
1685 531 1909 586 Pastore

300 616 654 685 prolapsum.
699 615 965 670 luderens
1008 616 1156 672 enim
1202 627 1259 674 et
1286 620 1672 677 inconveniens
1701 638 1817 679 esse
1842 624 1914 678 vi-

300 707 466 763 detur
488 707 715 763 tradere
753 708 1015 765 oblivioni
1042 712 1218 766 Patris
1264 711 1425 785 hujus
1467 714 1746 784 laborem,
1780 732 1911 772 cum

314 801 484 856 etiam
518 801 876 873 profanarum
916 818 1202 860 causarum
1251 808 1519 862 memoria
1550 824 1714 880 penes
1748 825 1912 865 secu-

319 894 461 949 lares
491 910 584 964 pro
622 893 961 950 fortitudinis
1003 897 1255 968 exemplo
1299 898 1415 954 ﬁat.
1467 902 1646 974 Hujus
1690 902 1913 974 quidem

316 988 627 1058 exemplum
670 988 718 1043 si
748 990 929 1044 tenaci
958 991 1247 1046 memoria
1292 992 1564 1061 tradatur,
1609 994 1672 1050 ﬁt
1712 1005 1915 1052 sancta

312 1081 570 1135 Ecclesia
594 1081 1059 1153 supplementum,
1095 1084 1296 1140 Christi
1340 1086 1588 1143 ﬁdelium
1628 1104 1913 1145 ornamen-

308 1182 454 1236 tum;
517 1184 573 1229 et
624 1175 678 1229 in
734 1176 1016 1231 hareseon
1096 1176 1452 1248 profanarum
1505 1182 1691 1236 veniet
1745 1182 1913 1237 detri-

309 1276 590 1322 mentum.
618 1268 762 1324 Hinc
782 1270 931 1324 enim
946 1271 1229 1341 justorum
1253 1274 1494 1345 (pugna)
1517 1274 1719 1330 iterum
1738 1277 1915 1346 prima

307 1376 598 1432 sumpsere
649 1362 913 1433 principia
954 1382 967 1418 :
1013 1364 1142 1419 hinc
1187 1366 1563 1423 Ecclesiastica
1594 1369 1823 1424 victoria
1862 1380 1919 1426 et

310 1463 598 1526 perpetua
626 1454 898 1512 felicitatis
930 1457 1343 1530 quodammodo
1374 1477 1470 1532 per
1490 1461 1663 1518 ﬁlium
1682 1462 1916 1519 baredi-

306 1557 395 1602 tas
424 1553 825 1620 (propagatur).

386 1647 483 1696 40.
518 1643 638 1697 Fuit
657 1642 841 1713 itaque
856 1642 1080 1713 quidam
1109 1645 1191 1701 vir
1214 1646 1271 1701 in
1295 1648 1473 1718 Urbe,
1503 1648 1825 1720 perditionis
1851 1650 1914 1704 ﬁ-

310 1735 447 1799 lius,
483 1735 737 1791 omnium
768 1736 1059 1793 hominum
1082 1740 1537 1798 sceleratissimus
1559 1750 1613 1797 et
1645 1743 1916 1815 iniquissi-

310 1844 464 1890 mus;
492 1828 648 1900 cujus
684 1829 911 1901 quidem
937 1834 1205 1889 memoria
1250 1850 1433 1890 aerem
1468 1838 1641 1907 ipsum
1664 1852 1909 1891 comma-

308 1923 606 1977 culatPcui
637 1938 735 1993 pro
764 1923 1050 1979 dulcedine
1075 1926 1329 1998 perjuria,
1373 1928 1617 1999 fallacia,
1653 1931 1875 1985 luxuria
1896 1973 1912 1999 ,

310 2015 565 2085 traditio,
610 2015 929 2084 homicidia,
973 2018 1429 2099 machinationes,
1479 2023 1908 2091 susurrationes,

308 2108 764 2179 conspirationes,
815 2108 1052 2180 fraudes,
1111 2112 1483 2185 deceptiones,
1536 2116 1913 2172 conventicula

311 2201 565 2268 fuerant;
598 2210 653 2257 et
700 2202 961 2274 quidquid
1008 2205 1197 2261 virtuti
1243 2222 1360 2262 esse
1397 2216 1577 2279 potest
1600 2208 1910 2277 inimicum,

308 2295 411 2350 sibi
443 2311 546 2366 per
583 2296 769 2350 omnia
798 2296 1002 2363 (licere)
1032 2298 1314 2367 credebat;
1352 2309 1506 2371 pater
1537 2301 1725 2357 furum
1756 2311 1811 2357 et
1827 2318 1914 2358 so-

308 2389 431 2444 eius
463 2388 853 2460 perjuriorum,
884 2389 1106 2462 clypeus
1145 2389 1346 2449 fallacis
1379 2404 1434 2449 et
1479 2394 1632 2451 hasta
1681 2394 1910 2463 machi,

308 2484 465 2554 galea
491 2481 900 2537 homicidarum
926 2491 982 2538 et
1010 2494 1227 2540 scutum
1258 2486 1587 2555 traditionis,
1620 2498 1915 2559 tegumen-

307 2585 431 2631 tum
474 2574 916 2643 machinationis,
967 2574 1151 2633 custos
1200 2581 1609 2646 susurrationis,
1666 2581 1918 2638 anxietas

307 2668 761 2740 conspirationis,
792 2671 1050 2725 coloratio
1096 2669 1328 2740 fraudis,
1361 2674 1612 2746 risusque
1642 2675 1917 2747 deceptio-

308 2765 415 2829 nis,
436 2771 494 2817 et
534 2770 722 2833 crypta
754 2762 914 2817 mala
956 2767 1336 2837 conventionis
1370 2785 1383 2823 :
1421 2767 1489 2823 ad
1530 2769 1689 2840 cujus
1723 2767 1917 2825 confu-

312 2859 465 2927 gium
497 2856 681 2910 omnis
709 2855 1003 2911 hareticus
1033 2860 1327 2931 omnisque
1358 2861 1617 2915 scelestus
1659 2878 1916 2932 propera-

317 2951 483 3004 bant:
514 2950 675 3022 cujus
709 2950 791 3007 ala
827 2951 1044 3006 velabat
1085 2952 1367 3019 scandala,
1399 2952 1502 3008 sub
1530 2954 1690 3025 cujus
1722 2954 1915 3010 umbra

319 3043 621 3099 Leviathan
646 3045 762 3117 ipse
790 3055 1070 3102 tortuosus
1098 3046 1319 3101 coluber
1343 3046 1575 3102 dulciter
1606 3055 1661 3102 et
1681 3048 1919 3103 suaviter

1950 1796 1997 1858 Β

2024 530 2128 600 pit;
2183 537 2238 585 et
2284 528 2467 599 pralia
2499 528 2692 596 multa,
2718 528 2859 584 illius
2894 528 2964 583 ob
2994 528 3435 599 adjutorium,in
3479 530 3616 587 urbe

2020 622 2339 678 commisit:
2382 622 2466 677 cui
2510 622 2767 677 solatium
2805 637 2995 677 omnes
3037 622 3279 679 haretici
3320 624 3621 679 Simoniaci

2022 734 2120 789 pro
2166 732 2323 787 posse
2372 715 2794 786 impendebant,
2826 724 2878 769 et
2916 732 3010 786 per
3035 717 3215 788 ipsum
3238 726 3482 772 sanctam
3515 720 3617 773 Ec-

2021 812 2244 866 clesiam
2274 808 2617 865 confundere
2648 808 3032 879 disponebant.
3077 810 3203 872 Sed,
3255 808 3617 866 haresiarcha

2022 902 2245 959 tandem
2289 903 2378 958 illo
2407 910 2624 957 mortuo
2667 901 2800 973 (35),
2848 902 3108 957 confusus
3158 903 3259 958 iste
3292 911 3513 974 pactum
3558 918 3619 959 se

2022 1013 2149 1053 cum
2184 996 2420 1051 Domino
2451 999 2588 1066 Papa
2623 993 2820 1063 facere,
2845 1003 2898 1050 et
2925 994 3244 1050 fidelitatem
3286 995 3470 1067 jurare
3494 1011 3618 1067 spo-

2023 1089 2234 1162 pondit.
2264 1088 2426 1161 Quod
2453 1097 2507 1143 et
2532 1088 2659 1143 fecit
2687 1107 2699 1140 :
2725 1087 2821 1143 sed
2852 1102 2977 1159 qua
3015 1087 3150 1144 ﬁdes
3179 1088 3227 1143 ei
3260 1104 3375 1143 esse
3400 1090 3612 1161 potuit,

2024 1186 2106 1239 cui
2153 1184 2347 1238 veritas
2378 1198 2662 1253 nunquam
2704 1181 2965 1238 adhasit?
2994 1182 3183 1237 Stabat
3222 1181 3465 1252 quidem,
3499 1199 3616 1255 pro-

2027 1288 2145 1349 pter
2165 1276 2371 1332 summi
2403 1274 2713 1331 Sacerdotis
2744 1275 3141 1345 potentiam,ut
3170 1275 3355 1345 prado
3374 1275 3570 1346 ligatus
3598 1295 3611 1331 :

2026 1370 2120 1426 sed
2180 1386 2313 1441 quas
2364 1377 2581 1440 poterat
2618 1368 2835 1423 fraudes
2874 1370 3058 1422 animo
3094 1377 3252 1423 tenus
3310 1375 3619 1439 perpetrare

2025 1480 2133 1519 non
2158 1462 2443 1519 desinebat
2485 1470 2750 1517 tartareus
2779 1462 2979 1518 hares.
3023 1461 3077 1517 Si
3103 1460 3329 1532 quando
3367 1476 3493 1516 eum
3542 1477 3621 1516 ve-

2024 1556 2282 1613 nerabilis
2339 1559 2497 1612 Pater
2550 1556 2848 1627 Gregorius
2890 1564 2953 1610 ut
2980 1571 3009 1609 a
3053 1555 3249 1609 talibus
3281 1553 3479 1625 pedem
3527 1569 3615 1609 re-

2026 1652 2269 1706 traheret
2308 1649 2653 1714 hortabatur,
2690 1649 2746 1703 in
2792 1649 2945 1720 pejus
2973 1647 3217 1719 quotidie
3245 1663 3407 1702 suum
3438 1662 3618 1703 verre-

2028 1744 2119 1800 bat
2178 1750 2407 1815 pectus:
2450 1743 2638 1813 sicque
2682 1741 2886 1797 factum
2942 1749 3025 1795 est
3074 1750 3138 1796 ut
3193 1740 3249 1794 in
3291 1741 3404 1810 ipsa
3454 1740 3618 1807 turri,

2025 1854 2189 1908 quam
2239 1837 2394 1891 mira
2443 1834 2826 1907 magnitudinis
2868 1849 3033 1904 supra
3080 1842 3299 1903 pontem
3352 1834 3405 1887 S.
3467 1832 3615 1887 Petri

2020 1938 2415 1998 construxerat,
2440 1930 2583 1984 viros
2605 1928 2823 1984 sicarios
2849 1936 3102 1999 poneret;
3125 1926 3242 1997 qui,
3263 1925 3332 1979 ab
3352 1925 3616 1980 omnibus

2023 2024 2421 2079 introeuntibus
2450 2032 2506 2078 et
2528 2021 2852 2078 exeuntibus
2880 2060 2896 2086 ,
2943 2035 3005 2075 ex
3036 2019 3199 2075 rebus
3228 2034 3353 2090 qua
3380 2017 3620 2073 fereban-

2023 2126 2112 2172 tur
2142 2116 2384 2189 pradam
2415 2124 2687 2187 caperent.

2094 2212 2208 2267 40“.
2240 2212 2356 2281 Qua
2387 2208 2459 2265 de
2502 2224 2666 2265 causa
2706 2206 3010 2265 Prafectus
3029 2206 3223 2273 Urbis,
3254 2206 3465 2262 Cincius
3512 2206 3618 2275 (36)

2024 2304 2263 2372 nomine,
2296 2304 2378 2358 vir
2428 2303 2613 2374 utique
2646 2301 2910 2373 prudens,
2952 2316 3110 2356 carus
3141 2303 3259 2356 Deo
3296 2308 3354 2355 et
3383 2299 3620 2354 homini-

2023 2398 2123 2453 bus
2153 2398 2265 2469 (qui
2293 2413 2402 2452 non
2445 2404 2507 2452 ut
2545 2396 2738 2463 laicus,
2769 2396 2865 2450 sed
2896 2393 3065 2450 veluti
3116 2393 3290 2449 ﬁdelis
3319 2392 3621 2448 monachus

2026 2496 2144 2546 Deo
2173 2491 2415 2546 serviens
2443 2489 2708 2559 justitiam
2757 2487 3045 2544 excolebat
3086 2487 3141 2542 in
3170 2486 3466 2553 omnibus),
3499 2500 3621 2557 qua-

2026 2585 2154 2640 dam
2185 2584 2273 2638 die
2302 2600 2425 2638 eum
2458 2584 2623 2653 cepit,
2653 2592 2708 2637 et
2746 2583 2801 2637 in
2831 2582 3061 2637 carceris
3088 2580 3460 2652 squalloribus
3488 2587 3619 2633 tan—

2026 2687 2146 2733 tum
2178 2679 2469 2742 latronem,
2503 2684 2563 2731 ut
2599 2675 2823 2746 dignum
2867 2675 3062 2741 fuerat,
3104 2674 3343 2729 tradidit.
3376 2672 3624 2729 Tandem

2027 2771 2333 2825 interventu
2360 2768 2723 2840 quorumdam
2754 2768 3039 2824 Nobilium
3069 2772 3474 2831 Romanorum,
3508 2777 3624 2835 pcr-

2028 2863 2285 2917 mittente
2302 2862 2406 2916 hoc
2436 2861 2733 2916 clementia
2763 2860 2985 2915 Domini
3008 2863 3188 2931 Papa,
3210 2859 3438 2930 peractis
3460 2849 3623 2929 supra

2024 2954 2195 3010 sancti
2226 2954 2373 3008 Petri
2421 2968 2623 3024 corpus
2663 2952 3021 3007 sacramentis
3061 2966 3176 3006 sua
3205 2950 3623 3015 meliorationis,

2026 3049 2273 3118 datisque
2294 3046 2574 3101 obsidibus
2622 3054 2677 3100 et
2707 3045 2921 3101 reddita
2948 3044 3088 3100 turri
3117 3043 3186 3099 de
3214 3059 3321 3116 qua
3372 3040 3621 3097 conﬁde-

316 3138 659 3209 quiescebat.
685 3139 789 3209 Qui
816 3140 884 3196 ad
913 3148 1275 3211 augmentum
1302 3140 1434 3194 tanti
1466 3141 1783 3196 commercii
1807 3150 1918 3197 tur-
1953 3161 1996 3225 C
2028 3142 2138 3208 bat,
2180 3141 2439 3197 dimissus
2459 3148 2563 3195 est.
2603 3142 2761 3195 Tunc
2802 3138 2982 3195 allatis
3012 3137 3294 3204 arietibus,
3328 3145 3383 3192 et
3426 3134 3632 3191 machi~

316 3247 401 3286 res
430 3232 786 3303 quamplures
814 3234 869 3287 in
892 3234 1043 3287 Urbe
1058 3241 1475 3300 construxerat;
1495 3242 1569 3301 et,
1597 3233 1920 3304 posthabitis

318 3332 433 3379 tam
484 3327 584 3379 Dei
618 3341 782 3396 quam
824 3326 1063 3381 hominis
1101 3325 1417 3393 inimicitiis,
1476 3327 1739 3398 quidquid
1790 3337 1917 3384 ante

320 3433 435 3474 sua
464 3433 737 3489 perversa
775 3419 974 3474 mentis
1022 3420 1212 3475 oculos
1243 3419 1493 3475 incentor
1524 3420 1760 3489 malitia,
1805 3419 1918 3475 dia-

311 3512 478 3566 bolus
509 3510 800 3577 videlicet,
827 3512 1154 3581 adduxerat,
1191 3529 1451 3585 peragere
1473 3514 1763 3586 satagebat.
1806 3518 1918 3570 Le-

312 3607 403 3659 via
435 3604 662 3676 quidem
690 3605 791 3661 sibi
818 3615 874 3661 et
907 3606 1087 3662 dulcia
1114 3607 1299 3674 verba,
1317 3607 1413 3663 sed
1443 3607 1499 3661 in
1530 3606 1638 3662 ﬁne
1660 3607 1841 3679 jacula
1867 3616 1920 3663 et

316 3698 681 3769 absyntbium
738 3698 999 3755 fuerant:
1061 3699 1155 3771 qui
1193 3700 1263 3756 ad
1325 3701 1406 3755 sui
1488 3700 1920 3757 destructionem

316 3790 629 3863 quemdam
647 3807 808 3847 suum
829 3801 1167 3864 compatrem
1190 3793 1389 3849 occidit
1416 3812 1427 3848 :
1452 3793 1504 3848 in
1524 3795 1678 3865 cujus
1689 3795 1918 3851 domum

316 3900 386 3939 re
418 3884 664 3941 nondum
695 3887 849 3956 plene
875 3888 1112 3959 cognita,
1146 3888 1404 3958 perrupit,
1432 3903 1599 3958 quam
1634 3888 1799 3943 etiam
1830 3887 1922 3944 de-

318 3978 532 4033 struxit
564 3997 576 4032 :
605 3988 660 4034 et
686 3989 905 4050 peracto
936 3988 1091 4035 tanto
1114 3982 1351 4048 fscelere,
1382 3981 1439 4034 in
1473 3981 1692 4047 turrim,
1734 3997 1919 4052 quam,

321 4072 546 4126 vivente
592 4082 745 4143 patre
792 4088 893 4128 suo
942 4073 1215 4144 Stephano
1262 4073 1430 4129 Urbis
1471 4072 1755 4141 Prafecto,
1795 4091 1922 4129 con-

318 4173 640 4231 struxerat,
692 4182 749 4221 se
780 4168 1000 4238 recepit.
1037 4168 1145 4238 (32)
1178 4167 1265 4222 Ad
1296 4167 1452 4238 cujus
1499 4165 1707 4222 facinus
1752 4167 1925 4223 vindi-

322 4256 571 4312 candum
600 4259 682 4313 vir
726 4260 826 4314 Dei
855 4275 1137 4329 accensus,
1172 4276 1279 4315 una
1321 4276 1449 4315 cum
1493 4258 1671 4316 adhuc
1709 4261 1924 4316 vivente

322 4354 475 4421 Papa
504 4352 841 4418 Alexandro,
888 4353 1283 4409 maledictionis
1321 4363 1375 4408 et
1402 4354 1763 4410 anathematis
1797 4370 1921 4409 eum

322 4445 557 4500 vinculis
599 4445 855 4516 alligavit.
886 4448 1004 4514 Ille,
1037 4446 1102 4502 ad
1125 4456 1485 4519 augmentum
1507 4463 1621 4504 sua
1640 4446 1924 4504 confusio-

325 4538 436 4604 nis,
482 4554 611 4593 cum
657 4540 984 4611 quibusdam
1041 4556 1179 4611 quos
1226 4541 1328 4595 sibi
1378 4543 1654 4609 asciverat,
1701 4542 1924 4598 Nicolao
1953 4538 2005 4600 D
2034 4541 2274 4613 quievit;

2002 4662 2009 4663 ί
2037 4651 2164 4691 eum
2183 4642 2423 4705 caperet,
2458 4641 2511 4687 et
2527 4633 2837 4703 iniquorum
2868 4629 3067 4700 populo
3096 4630 3164 4686 ad
3196 4627 3511 4684 necandum
3528 4635 3628 4682 tra-

326 4630 581 4686 videlicet
612 4640 664 4687 et
702 4632 1049 4701 Berthramo,
1072 4633 1141 4689 ad
1167 4634 1486 4704 perditionis
1509 4634 1698 4705 ﬁlium,
1729 4636 1929 4691 scilicet

325 4725 634 4780 Henricum
664 4728 872 4796 Regem
905 4727 1257 4799 properavit;
1289 4737 1362 4796 et,
1394 4729 1800 4785 communicato
1823 4745 1933 4783 ma-

324 4818 770 4890 gnaimpietatis
799 4820 1042 4891 consilio,
1065 4819 1370 4876 Cadaloum
1401 4823 1751 4877 Parmensem
1783 4829 1925 4892 (33);

398 4996 509 5057 (32)
542 4993 602 5047 In
625 4991 811 5065 Gestis
827 4994 959 5065 Mss.
986 4993 1312 5049 Pontiﬁcum
1337 5009 1510 5065 usque
1530 4993 1598 5048 ad
1632 4995 1929 5050 Martinum

332 5065 536 5134 Papam
578 5064 651 5135 Υ.
703 5062 973 5131 deductis,
1024 5065 1327 5135 appellatur
1368 5062 1580 5121 Gentius
1621 5067 1925 5134 Stephani;

330 5133 634 5206 Bertholdo
648 5136 889 5190 Cincius.
907 5133 1114 5189 Nomen
1136 5136 1222 5190 hic
1240 5136 1453 5191 videtur
1476 5137 1689 5190 silentio
1700 5133 1928 5206 tectum,

337 5215 549 5275 pr0pter
582 5204 875 5269 familiam,
908 5215 961 5260 et
1006 5207 1252 5261 Cincium
1281 5207 1609 5262 Prafectnm
1649 5208 1816 5263 Urbis
1856 5204 1927 5263 vié

338 5292 458 5329 rum
487 5278 919 5342 sanctissimum,
944 5278 1019 5331 uti
1048 5277 1184 5332 infra
1210 5280 1433 5349 patebit.

415 5352 516 5412 (33)
566 5349 840 5403 Cadalous
884 5348 1186 5418 Episcopus
1214 5348 1562 5415 Parmensis,
1594 5365 1737 5405 novo
1793 5350 1929 5406 schi-

335 5426 505 5494 smate
523 5418 760 5494 formato
787 5418 1138 5494 Pseudopapa
1154 5422 1486 5494 constitutus
1516 5429 1617 5487 est,
1646 5431 1927 5494 assumpto

336 5490 565 5544 Honorii
590 5493 665 5552 ll,
688 5491 938 5555 nomine,
966 5495 1054 5543 28.
1092 5492 1346 5546 Octobris
1367 5507 1510 5545 anno
1540 5497 1695 5546 1061.

408 5564 515 5628 (34)
546 5566 604 5615 in
645 5562 825 5616 Gestis
864 5566 1246 5616 Romanorum
1282 5562 1611 5618 Pontiﬁcum
1641 5580 1669 5616 a
1698 5562 1927 5620 Nicolao

334 5632 673 5703 Aragonensi
710 5634 948 5688 collectis
977 5633 1122 5704 apud
1144 5634 1438 5689 Bnrunium
1470 5650 1554 5688 an.
1588 5641 1745 5690 1064.
1769 5650 1925 5689 num.

338 5710 425 5777 34.
458 5705 699 5777 Ceusins,
729 5707 976 5770 Praefecti
1008 5708 1174 5775 ﬁlius,
1206 5708 1289 5757 vir
1327 5722 1553 5775 nequam
1575 5712 1624 5760 et
1633 5708 1921 5777 pessimus,

335 5775 503 5828 eidem
538 5775 771 5829 Caduloo
797 5778 995 5842 astitit;
1047 5792 1271 5846 eumque
1303 5778 1355 5829 in
1381 5778 1593 5831 castello
1623 5775 1679 5834 S.
1730 5779 1928 5845 Ληρεῖὶ

338 5848 617 5915 recipiens,
637 5847 1009 5916 juramentum
1041 5850 1151 5920 ipsi
1185 5852 1240 5902 et
1260 5847 1619 5914 deferwtonem
1638 5850 1919 5921 prastitit.

2031 3235 2136 3303 nis,
2162 3234 2461 3305 ferreisque
2494 3233 2737 3297 malleis,
2791 3231 3042 3287 funditus
3090 3239 3175 3287 est
3208 3245 3417 3297 eversa,
3456 3238 3509 3284 et
3548 3229 3628 3284 sic

2031 3328 2179 3385 Urbs
2249 3326 2635 3397 aliquantisper
2676 3325 2912 3395 quievit.
2960 3333 3017 3379 et
3068 3324 3385 3395 iniquorum
3439 3323 3625 3389 factio,

2030 3422 2226 3477 timore
2252 3435 2458 3489 magno
2511 3433 2803 3484 concussa,
2845 3418 3122 3472 conticuit.
3152 3415 3259 3471 Sed
3288 3415 3417 3486 quid
3459 3416 3628 3470 miser

2030 3514 2271 3571 faceret?
2318 3513 2615 3583 Quousque
2673 3510 2871 3581 potuit,
2918 3510 3155 3579 iniquos,
3190 3508 3314 3563 licet
3338 3509 3499 3577 longe
3533 3521 3631 3578 po-

2030 3609 2186 3675 sitos,
2234 3615 2351 3662 tam
2394 3622 2494 3677 per
2550 3620 2607 3659 se
2655 3619 2819 3676 quam
2882 3618 2977 3674 per
3017 3618 3147 3657 suos
3194 3600 3422 3656 nuntios
3472 3600 3624 3656 adiit.

2030 3704 2153 3773 Ipse
2176 3700 2423 3755 lustravit
2463 3698 2743 3769 Apuliam,
2788 3696 3110 3759 Lucaniam,
3142 3700 3351 3750 Ducem
3380 3695 3628 3751 Guiscar-

2031 3794 2169 3850 dum
2199 3794 2307 3866 (37)
2330 3802 2383 3848 et
2403 3801 2615 3848 ceteros
2627 3790 3130 3847 excommunicatos
3144 3789 3369 3845 visitans
3388 3789 3629 3856 ;statuit-

2032 3905 2138 3960 que
2160 3904 2287 3943 cum
2304 3886 2434 3959 ipsis
2450 3896 2665 3957 tempus
2702 3882 3396 3956 Opportunum,quomodo
3429 3881 3625 3937 Domi-

2032 3998 2164 4037 num
2191 3985 2394 4052 Papam
2438 3988 2659 4051 caperet
2693 3988 2749 4034 et
2772 3978 3048 4034 occideret
3072 3996 3083 4032 :
3118 3976 3293 4031 ﬁlium
3316 3991 3444 4032 vero
3465 3990 3625 4030 suum

2033 4074 2100 4131 ad
2145 4074 2474 4131 Guibertum
2507 4072 2825 4129 hareticum
2865 4074 3242 4126 Ravennatem
3275 4074 3384 4137 (38)
3410 4068 3624 4133 direxit,

2034 4167 2177 4223 idem
2204 4175 2426 4236 pactum
2444 4165 2881 4237 compositurum
2908 4183 2921 4219 :
2948 4163 3139 4234 sicque
3154 4179 3217 4218 ac
3230 4166 3445 4234 Regem
3463 4161 3627 4217 etiam

2032 4276 2148 4316 sua
2176 4260 2396 4315 fallacia
2425 4259 2720 4315 destinavit
2745 4259 2971 4325 litteras,
3012 4256 3337 4327 promittens
3365 4254 3625 4311 eumdem

2029 4356 2251 4410 Patrem
2295 4353 2442 4424 regio
2472 4351 2784 4423 conspectui
2826 4350 3355 4421 reprasentandum.
3384 4348 3626 4417 Compo-

2032 4447 2148 4503 sitis
2195 4447 2377 4517 itaque
2433 4444 2751 4517 hujusmodi
2821 4442 3215 4508 molitionibus,
3282 4442 3350 4497 ad
3406 4448 3629 4511 tempus

2359 4548 2655 4611 expectans
2731 4537 2995 4592 nimirum
3043 4534 3513 4607 opportunitatem
3570 4542 3631 4588 ut

2038 4726 2215 4782 deret.
2264 4725 2371 4782 Sed
2400 4725 2675 4781 Dominus
2731 4723 3097 4794 omnipotens,
3129 4722 3220 4794 qui
3250 4720 3505 4789 captione
3532 4736 3629 4775 sua

2039 4819 2305 4875 mundum
2354 4818 2590 4873 liberans
2618 4816 2898 4873 diabolum
2927 4816 3241 4888 captivavit,
3274 4815 3449 4871 Patris
3472 4814 3630 4869 istius

2111 5001 2217 5061 (35)
2240 4993 2451 5050 Ibidem
2473 5009 2627 5049 num.
2662 4997 2751 5047 39.
2785 4992 2932 5047 idem
2952 4992 3204 5047 Nicolaus
3232 4988 3629 5059 Aragonensis:

2038 5070 2183 5124 Idem
2229 5083 2437 5137 quoque
2462 5066 2719 5123 Cadalous
2743 5069 2866 5134 post
2890 5079 3082 5133 paucos
3105 5063 3219 5117 dies
3244 5079 3312 5117 ea
3337 5063 3528 5117 divino
3553 5062 3633 5129 ju-

2036 5140 2174 5194 dicio
2195 5142 2482 5208 pessimam
2536 5141 2755 5191 mortem
2788 5138 3037 5208 incurrit.

2114 5203 2221 5280 (36')
2256 5211 2509 5266 Cinthius
2553 5211 2623 5280 D.
2657 5209 2817 5262 Petro
2850 5207 3142 5273 Damiano,
3168 5205 3257 5277 qui
3287 5205 3381 5259 lib.
3408 5210 3442 5260 8
3473 5203 3630 5273 epist.

2046 5287 2091 5335 ι.
2122 5290 2177 5335 et
2206 5288 2259 5335 2.
2292 5297 2415 5334 eum
2439 5279 2643 5334 laudat.

2110 5357 2223 5418 (37)
2257 5353 2518 5409 Robertus
2573 5348 2905 5408 Guiscardus
2934 5350 3427 5405 No-rthmannorum
3471 5350 3630 5418 Dux,

2039 5416 2557 5478 excommunicatus
2596 5421 2697 5476 fuit
2718 5437 2747 5475 a
2778 5421 2832 5475 S.
2864 5421 3129 5491 Gregorio
3156 5435 3297 5475 anno
3349 5424 3441 5473 107
3456 5416 3633 5491 Διεθᾴ

2038 5495 2296 5549 Ecclesia
2324 5494 2580 5548 obediens
2620 5509 2762 5547 anno
2810 5497 2959 5546 1080.
2982 5488 3320 5545 absolutus:
3360 5491 3436 5544 uti
3483 5488 3638 5559 pluri-

2041 5567 2146 5621 bus
2175 5564 2397 5621 deducit
2429 5565 2709 5629 Baronius,
2743 5562 2811 5618 ad
2857 5564 3033 5617 dictos
3062 5578 3258 5617 annos.

2109 5642 2220 5703 (38)
2292 5638 2576 5692 Guibertus
2632 5636 3086 5703 Archiepiscopus
3166 5631 3637 5703 Rapennanencz's,

2039 5698 2525 5779 posteaAntipapa,
2555 5709 2612 5763 S.
2641 5698 2912 5778 Gregorio
2941 5698 3160 5779 semper
3181 5700 3427 5766 infestus,
3452 5698 3642 5755 adver-

2038 5774 2210 5835 sarios
2252 5774 2406 5849 fovit,
2433 5774 2485 5834 et
2506 5774 3013 5835 excommunicatus
3039 5774 3165 5829 fuit.
