4122 6180
509 289 575 340 59
598 358 601 371 ν
728 296 739 319 ‘
1737 278 1791 331 S.
1834 276 2107 333 GREGOR

2213 306 2217 327 ι
2255 279 2344 333 VII
2386 279 2580 332 PAPA.
3744 278 3810 329 60

508 409 756 482 captione
784 416 840 463 et
867 405 1151 478 sanguine,
1177 400 1431 456 Ecclesia:
1448 406 1658 454 statum
1676 399 1731 453 in
1751 399 1951 456 melius
1976 416 2102 471 pro-
2133 410 2184 472 Α
2215 417 2420 473 pusque
2454 402 2796 457 Dominicum
2828 409 2942 456 tam
2973 402 3086 472 ipse
3121 416 3291 472 quam
3325 402 3517 457 Clerus
3555 401 3672 470 ejus
3714 417 3810 456 su-

508 504 682 569 vexit;
716 511 769 557 et
800 502 971 556 tilium
1004 493 1308 567 iniquitatis
1336 508 1447 547 non
1479 493 1659 549 solum
1690 508 1857 564 puero
1888 510 1989 549 suo
2010 510 2108 550 no-

510 614 633 653 cere
654 593 953 668 prohibuit,
980 589 1074 645 sed
1100 587 1263 643 etiam
1294 586 1524 657 propriis
1554 587 1719 643 rebus
1764 588 2009 657 privavit.

580 696 668 746 41.
707 687 965 755 Prolapso
1014 682 1192 751 itaque
1235 679 1347 734 fere
1399 695 1566 743 anno,
1626 679 1857 735 ministri
1904 679 2107 735 diaboli

507 759 721 851 tempifs
748 775 983 833 advenit.
1012 776 1177 840 Nam,
1224 773 1461 828 instante
1492 772 1777 829 festivitate
1804 773 2108 829 Dominica:

509 870 833 935 Nativitatis,
865 867 1276 938 conspiratores
1317 882 1467 935 suos,
1514 882 1643 921 cum
1695 865 1891 937 quibus
1922 864 2110 938 conju-

506 974 743 1031 raverat,
761 961 969 1018 hortari
998 960 1164 1031 ccepit
1192 967 1254 1015 ut
1280 958 1351 1013 ad
1376 967 1593 1015 tantum
1621 959 1888 1028 ﬂagitium
1915 967 2106 1014 mente

510 1057 745 1129 prompti
775 1062 1194 1120 concurrerent,
1241 1052 1602 1124 animumque
1643 1060 1929 1123 aptarent;
1984 1067 2107 1123 pro-

510 1151 733 1208 mittens
752 1150 830 1204 eis
849 1147 1165 1214 ineffabilia,
1201 1147 1503 1220 libertatem
1537 1145 1804 1215 futuram,
1835 1154 2105 1216 quaestum

507 1245 623 1300 sine
650 1258 923 1309 mensura,
954 1241 1196 1297 imitator
1231 1257 1323 1312 per
1344 1239 1526 1295 omnia
1551 1238 1740 1294 fratris
1767 1247 1823 1293 et
1860 1238 2103 1309 magistri

509 1338 591 1393 sui
622 1336 858 1403 diaboli;
889 1335 983 1406 qui
1014 1334 1185 1389 solius
1228 1342 1404 1389 morte
1440 1332 1664 1388 Domini
1690 1331 1963 1387 mundum
2002 1330 2102 1387 sibi

504 1439 684 1485 totum
750 1428 1140 1501 possidendum
1197 1426 1569 1499 promittebat.
1622 1426 1749 1491 Sed,
1794 1425 1934 1481 sicut
1976 1425 2105 1480 scri-

509 1533 664 1595 ptum
693 1531 797 1589 est,
828 1523 964 1578 dum
993 1522 1161 1592 capit,
1193 1521 1442 1592 capitur;
1464 1519 1597 1575 dum
1629 1519 1863 1590 praedari
1895 1518 2105 1589 incipit,

508 1615 689 1687 praeda
720 1617 812 1683 ﬁt;
845 1623 899 1671 et
948 1613 1085 1669 dum
1116 1614 1293 1669 ambit
1326 1612 1505 1668 illicita
1536 1626 1658 1682 quae
1702 1611 1949 1667 nondum
1978 1627 2103 1683 pos-

509 1707 747 1776 sederat,
775 1707 1014 1780 perdidit
1042 1707 1309 1779 acquisita
1339 1720 1465 1778 quaa
1496 1705 1785 1760 retinebat.
1821 1704 1909 1760 Sic
1938 1704 2105 1759 etiam

509 1803 633 1870 iste,
665 1802 918 1857 minister
950 1801 1136 1872 utique
1163 1799 1331 1869 illius,
1374 1799 1416 1854 si
1466 1798 1629 1854 corde
1661 1796 2107 1869 deprehendisset

505 1911 564 1951 se
589 1897 755 1951 tantis
796 1895 962 1951 rebus
987 1892 1393 1965 expoliandum,
1416 1890 1654 1948 fortasse
1681 1907 1908 1963 quoquo
1945 1898 2107 1962 pacto

508 2006 538 2045 a
586 1989 723 2044 tanti
766 1988 991 2044 sceleris
1029 1987 1448 2057 perpetratione,
1469 2001 1656 2040 amore
1672 2001 1895 2040 suarum
1922 2000 2106 2039 rerum

508 2082 687 2153 magis
714 2096 881 2152 quam
934 2081 1057 2146 Dei,
1089 2095 1322 2134 manum
1352 2079 1673 2134 retraheret.
1709 2076 1817 2134 Sed
1848 2078 2107 2149 quoniam

510 2174 806 2231 obcaecavit
833 2189 960 2229 eum
987 2172 1198 2228 malitia
1242 2188 1363 2239 sua,
1413 2187 1522 2244 qua
1556 2170 1940 2227 suffarcinatus
1968 2172 2108 2226 ince-

506 2269 696 2335 debat,
726 2283 843 2323 rem
874 2270 944 2323 ad
977 2265 1244 2322 effectum
1269 2264 1566 2337 perducere
1600 2274 1825 2321 conatus
1851 2274 1965 2333 est;
1998 2280 2107 2319 non

510 2362 733 2429 timens,
758 2361 871 2416 imo
904 2368 1240 2431 postponens
1272 2359 1473 2415 animae
1504 2374 1619 2415 sua:
1650 2358 1949 2430 periculum
1977 2377 1992 2424 ;
2037 2358 2109 2412 al-

510 2465 597 2512 ter
622 2454 811 2521 Judas,
845 2468 1040 2508 manus
1086 2453 1140 2507 in
1183 2452 1485 2507 Dominum
1532 2467 1694 2507 suum
1732 2460 1790 2506 et
1822 2451 2106 2506 Christum

512 2548 739 2604 Domini
789 2547 997 2619 injecit.
1034 2550 1300 2603 Praesente
1355 2545 1534 2617 itaque
1585 2553 1752 2601 tantae
1802 2544 2109 2599 festivitatis

510 2641 601 2698 die
651 2642 721 2697 ad
752 2639 1125 2713 peragendum
1159 2639 1485 2711 Vigiliarum
1530 2637 1795 2710 obsequia
1836 2636 2110 2707 Pontifex,

510 2745 573 2791 ut
602 2751 722 2791 mos
750 2743 850 2802 est,
882 2735 950 2790 ad
980 2733 1265 2803 B._Mariaa
1296 2732 1602 2799 ecclesiam,
1634 2748 1778 2804 quas,
1826 2731 1897 2786 ob
1926 2739 2104 2786 tanta-

507 2845 634 2885 rum
664 2829 1019 2884 devotionum
1070 2826 1287 2895 merita,
1348 2826 1530 2898 Major
1579 2834 1773 2881 vocata
1824 2834 1926 2893 est,
1976 2840 2107 2880 cum

510 2937 673 2994 parvo
703 2922 1037 2978 Clericorum
1066 2928 1121 2976 et
1159 2919 1450 2975 Laicorum
1494 2934 1726 2974 numero
1774 2917 2102 2988 properavit.

512 3018 650 3072 Nam
678 3030 800 3070 mos
826 3014 1002 3070 Urbis
1031 3012 1211 3067 fuerat
1244 3026 1480 3081 semper,
1515 3010 1569 3064 in
1599 3019 1765 3066 tanta:
1786 3010 2104 3065 solemnita-

508 3110 578 3163 tis
602 3108 941 3172 excellentia,
968 3119 1165 3160 omnes
1190 3104 1257 3159 ad
1281 3103 1533 3158 eamdem
1554 3104 1841 3159 ecclesiam
1866 3102 2104 3157 conflue-
2143 3135 2187 3197 C

509 3216 589 3267 re,
615 3208 894 3269 totamque
936 3205 1159 3252 noctem
1202 3195 1356 3250 illam
1387 3195 1612 3267 hymnis
1641 3203 1695 3250 et
1741 3194 1995 3249 laudibus
2038 3196 2113 3248 in-

510 3301 692 3347 tentos
723 3290 1040 3362 pervigilem
1070 3288 1291 3345 ducere.
1325 3290 1451 3355 Sed,
1490 3290 1736 3344 Domino
1757 3288 2106 3359 disponente,

509 3387 577 3441 ad
612 3384 916 3441 evitandam
947 3392 1159 3439 tantam
1209 3382 1494 3438 ecclesiam
1532 3384 1665 3437 tanti
1710 3382 1951 3437 Pastoris
1979 3398 2104 3437 san-

476 3494 477 3497 ‘
509 3480 673 3552 guine
699 3477 976 3550 perfundi,
1013 3486 1073 3533 ut
1108 3476 1346 3532 ministri
1377 3475 1583 3531 diaboli
1614 3476 1854 3541 animus,
1893 3475 2109 3531 inhians

509 3574 589 3628 sui
636 3572 701 3627 ad
733 3571 1183 3639 destructionem,
1236 3584 1359 3639 quae
1405 3570 1550 3623 male
1579 3569 1823 3624 voluerat
1844 3567 2106 3640 perﬁcere

511 3666 700 3738 possit,
734 3665 968 3735 populus
996 3672 1128 3717 tunc
1170 3664 1463 3717 convenire
1512 3660 1822 3732 prohibitus
1859 3669 1955 3715 est.
1986 3662 2105 3716 Diei

509 3772 747 3828 namque
803 3757 925 3827 ipso
982 3755 1304 3827 Vigiliarum
1355 3762 1566 3809 tantam
1618 3754 1792 3809 aether
1842 3770 2105 3826 aquarum

509 3849 921 3905 inundationem
953 3845 1293 3919 profuderat,
1324 3856 1384 3903 ut
1431 3850 1609 3917 ipsum
1643 3847 1802 3919 primi
1846 3848 2108 3919 temporis

509 3943 800 3999 imminere
830 3941 1096 3997 diluvium
1136 3941 1398 3996 omnibus
1442 3940 1737 3996 videretur.
1792 3940 1895 3995 Vix
1960 3940 2107 3995 enim

511 4036 708 4108 aliquis
751 4035 953 4091 domus
981 4050 1094 4090 suae
1138 4034 1304 4089 limen
1368 4035 1635 4105 linquere,
1693 4033 1959 4105 vicinique
2007 4032 2106 4087 sibi

500 4130 675 4202 juncti
704 4145 915 4195 casam,
943 4129 986 4183 si
1010 4128 1308 4184 necessitas
1341 4127 1519 4200 aliqua
1553 4130 1825 4199 exigeret,
1861 4127 2066 4182 intrare
2088 4167 2101 4193 ,
2150 4206 2153 4207 ν

510 4240 577 4279 ne
607 4224 742 4279 dum
789 4222 1079 4277 ecclesiam
1118 4231 1233 4277 tam
1279 4222 1441 4293 longe
1486 4222 1647 4277 sitam
1691 4229 1971 4293 penetrare
2013 4236 2103 4275 va-

509 4318 672 4373 lebat.
706 4316 1085 4388 Loquebantur
1113 4315 1261 4369 enim
1301 4314 1715 4387 quodammodo
1766 4314 1950 4369 mundi
1994 4314 2099 4368 ele-

511 4421 694 4467 menta
723 4409 969 4466 futurum
1016 4409 1215 4475 scelus,
1249 4417 1305 4463 et
1343 4407 1653 4464 inauditum
1681 4405 1887 4463 facinus
1905 4422 2103 4479 praesa-

509 4505 751 4575 giebant.

577 4604 662 4652 42.
691 4597 797 4653 Sed
828 4597 955 4669 quid
995 4597 1190 4667 plura?
1220 4595 1394 4653 Adest
1444 4612 1577 4659 nox,
1609 4595 1661 4650 in
1709 4611 1817 4667 qua
1849 4594 2099 4651 tenebra-

507 4708 629 4747 rum
661 4692 806 4746 filius
829 4692 964 4747 lucis
984 4691 1303 4763 aggreditur
1332 4690 1670 4745 ministrum.
1705 4689 1889 4745 Missis
1920 4690 2104 4760 itaque

509 4784 941 4856 eXploratoribus
964 4786 1031 4839 ad
1080 4785 1211 4838 alios
1240 4784 1601 4855 exquisitores
1625 4790 1893 4837 venerunt
1922 4803 1934 4837 :
1969 4798 2099 4837 nam

507 4878 799 4949 quamdam
838 4878 1183 4940 societatem,
1216 4876 1376 4947 juxta
1400 4876 1652 4931 eamdem
1690 4876 1993 4941 ecclesiam,
2025 4890 2099 4929 ex

507 4973 681 5042 ipsius
697 4970 793 5026 vici
828 4969 1220 5026 habitatoribus
1240 4969 1343 5025 sibi
1370 4970 1675 5024 asciverant
1712 4988 1723 5022 :
1753 4978 1829 5033 et,
1852 4973 2104 5023 notantes

508 5064 710 5131 omnia,
759 5062 827 5118 ad
886 5062 1141 5118 notitiam
1187 5062 1400 5118 scelesti
1456 5062 1597 5117 illius
1661 5061 1926 5117 miserant
1980 5075 2102 5133 quae

508 5156 732 5214 scrutati
784 5156 1019 5213 fuerant.
1058 5160 1217 5212 Tunc
1266 5156 1356 5211 ille
1399 5156 1667 5228 legionem
1696 5171 1876 5221 suam,
1917 5154 2105 5209 loricis

509 5252 785 5318 indutam,
834 5266 960 5305 cum
1015 5248 1366 5305 festinatione
1395 5249 1683 5317 conduxit;
1737 5264 1948 5320 ponens
2001 5247 2101 5316 ita,

506 5353 566 5400 ut
618 5354 742 5417 post
776 5351 1054 5416 peractam
1092 5343 1204 5398 sive
1248 5342 1317 5398 de
1347 5359 1483 5399 nece
1536 5342 1847 5411 victoriam,
1889 5357 1988 5397 seu
2030 5339 2102 5396 de

509 5439 628 5493 vivo
682 5444 899 5510 portato
930 5435 1296 5507 triumphum,
1327 5452 1738 5508 quemcumque
1767 5450 1968 5507 equum
1985 5433 2106 5504 quis

511 5531 708 5587 habere
761 5538 966 5602 posset,
1010 5528 1330 5585 ascenderet
1371 5548 1383 5585 :
1432 5546 1499 5585 ne
1555 5530 1676 5601 quis
1727 5537 1917 5585 contra
1959 5528 2107 5600 ipsos

508 5624 861 5680 meditaretur
889 5622 1187 5695 insurgere.
1209 5624 1449 5680 Ventum
1480 5621 1702 5679 tandem
1728 5623 1795 5678 ad
1823 5623 2106 5678 ecclesiam

509 5726 591 5775 est
627 5739 638 5774 :
672 5721 816 5789 Papa
844 5732 972 5773 vero
993 5718 1265 5791 gloriosus
1294 5718 1350 5773 in
1388 5717 1619 5787 Praesepi
1651 5716 1859 5787 positus
1880 5716 2105 5771 Missam

507 5811 679 5866 noctis
704 5811 960 5882 primam,
987 5812 1130 5868 sicut
1157 5811 1319 5867 docet
1351 5810 1567 5880 religio,
1609 5808 1962 5873 decantabat;
1994 5824 2107 5865 cor-

2134 1763 2181 1825 B

2222 503 2492 567 sceperat;
2536 494 2726 566 reliqui
2771 509 2898 549 vero
2956 496 3049 567 qui
3109 496 3359 562 aderant,
3394 493 3584 549 eadem
3633 494 3812 550 adhuc

2221 590 2572 644 Sacramenta
2620 587 3016 659 percipiebant;
3055 604 3185 643 cum
3231 602 3464 659 magnus
3493 587 3674 643 subito
3703 588 3809 642 cla-

2219 697 2366 751 mor,
2392 696 2628 752 magnus
2656 689 2711 735 et
2756 681 2999 736 ululatus
3038 697 3108 736 ex
3140 680 3435 752 improviso
3476 681 3729 747 intonuit,
3761 689 3814 736 et

2221 774 2506 837 ecclesiam
2529 774 2703 845 ipsam
2748 773 3013 843 implevit.
3046 776 3204 829 Tunc
3233 771 3475 845 undique
3522 776 3813 829 lustrantes

2220 867 2531 934 ecclesiam,
2569 866 2867 939 evaginatis
2905 866 3258 922 mucronibus
3287 867 3651 938 percutientes
3676 883 3813 939 quos

2219 969 2491 1033 poterant,
2521 960 2593 1016 ad
2631 960 2813 1016 locum
2842 960 3122 1031 Praesepii,
3148 976 3256 1032 quo
3294 962 3439 1031 Papa
3469 960 3704 1017 eximius
3722 976 3811 1015 re-

2218 1054 2447 1121 sidebat,
2492 1060 2868 1109 convenerunt
2896 1070 2908 1105 :
2940 1054 3317 1125 percussisque
3344 1052 3543 1109 ibidem
3568 1052 3815 1125 aliquan-

2216 1148 2310 1213 tis,
2340 1147 2624 1219 ruptisque
2653 1146 2865 1202 ostiolis
2904 1146 3030 1215 illis,
3083 1148 3343 1218 angulum
3383 1146 3606 1202 brevem
3661 1149 3811 1203 Prae-

2217 1241 2350 1312 sepii
2379 1241 2570 1296 aeterni
2610 1240 2776 1311 Regis
2813 1248 2867 1295 et
2921 1240 3118 1295 Matris
3184 1240 3506 1296 truculentis
3563 1240 3813 1295 manibus

2216 1335 2573 1389 intraverunt.
2606 1336 2760 1388 Tunc
2797 1332 3097 1404 injecerunt
3140 1332 3197 1387 in
3227 1349 3355 1388 eum
3386 1349 3601 1399 manus,
3651 1342 3707 1388 et
3735 1341 3812 1388 te-

2217 1435 2475 1483 nuerunt.
2520 1427 2773 1497 Quorum
2828 1441 2975 1481 unus
3029 1424 3227 1481 educto
3261 1426 3442 1497 gladio
3497 1435 3659 1496 caput
3697 1426 3811 1497 ejus

2215 1520 2536 1576 abscindere
2583 1519 2776 1587 voluit,
2824 1518 2923 1574 sed
2957 1528 3139 1574 tamen
3184 1519 3426 1575 Domino
3457 1520 3671 1574 volente
3698 1534 3811 1574 non

2217 1613 2417 1684 potuit.
2473 1616 2801 1668 Percussum
2849 1620 3032 1667 tamen
3101 1613 3156 1666 in
3209 1612 3415 1697 fronte,
3476 1612 3813 1684 graviterque

2215 1707 2582 1772 vulneratum,
2609 1706 2679 1762 de
2712 1706 2874 1761 Missa
2927 1705 3180 1761 nondum
3220 1705 3371 1761 finita
3404 1706 3652 1761 violentis
3700 1721 3814 1761 ma-

2211 1801 2371 1858 nibu
2410 1800 2810 1866 abstraxerunt,
2845 1800 3123 1855 cadentes
3169 1807 3223 1855 et
3269 1799 3655 1871 percutientes.
3716 1800 3811 1854 Ille

2216 1911 2369 1963 vero,
2419 1902 2482 1950 ut
2509 1908 2682 1965 agnus
2714 1893 2976 1949 innocens
3016 1902 3071 1948 et
3112 1901 3449 1960 mansuetus,
3493 1893 3562 1948 ad
3609 1892 3809 1949 omium

2216 1987 2405 2043 oculos
2443 1987 2694 2058 erigens,
2725 1986 2934 2041 nullum
2985 1986 3062 2042 eis
3103 1984 3259 2041 dedit
3303 2002 3652 2057 responsum,
3699 2001 3811 2040 non

2215 2080 2555 2146 reclamavit,
2587 2096 2699 2135 non
2729 2080 3027 2135 reluctatus
3051 2087 3155 2146 est,
3189 2095 3364 2150 neque
3396 2089 3459 2135 ut
3486 2079 3583 2135 sibi
3615 2080 3672 2134 in
3713 2079 3812 2135 ali-

2216 2190 2323 2245 quo
2355 2176 2680 2229 miserentur
2707 2173 2933 2244 rogavit.
2984 2172 3247 2240 Tandem,
3289 2181 3518 2228 exutum
3558 2173 3726 2229 Pallio
3756 2180 3811 2228 et

2215 2267 2409 2322 Casula
2438 2282 2536 2322 seu
2565 2265 2872 2322 Dalmatica
2896 2273 2951 2320 et
2976 2266 3183 2321 Tunica
3223 2281 3349 2321 cum
3379 2266 3640 2333 Camisia,
3673 2265 3808 2321 reli-

2217 2360 2319 2415 ctis
2353 2360 2401 2414 ei
2432 2367 2643 2415 tantum
2696 2359 2900 2414 amictu
2946 2366 3000 2413 et
3024 2358 3185 2424 tola,
3218 2367 3280 2413 ut
3326 2358 3509 2415 furem
3548 2367 3806 2428 tractum,

2217 2461 2341 2525 post
2362 2452 2587 2509 dorsum
2616 2452 2899 2524 cujusdam
2922 2452 3166 2524 sacrilegi
3184 2461 3501 2523 posuerunt.
3525 2453 3619 2508 Ille
3652 2468 3807 2521 vero,

2216 2547 2305 2619 qui
2329 2546 2566 2601 frontem
2592 2545 2774 2618 gladio
2797 2554 3167 2616 percusserat,
3193 2555 3442 2615 arreptus
3461 2561 3489 2599 a
3508 2545 3802 2610 daemonio,

2216 2650 2341 2696 ante
2365 2639 2610 2712 ejusdem
2655 2639 2896 2696 ecclesiae
2922 2639 3124 2694 atrium
3148 2638 3242 2695 diu
3272 2640 3543 2695 volutatus
3575 2648 3657 2695 est
3681 2656 3807 2706 spu-

2216 2749 2395 2800 mans,
2426 2748 2708 2805 equusque
2756 2732 2874 2804 ejus
2919 2731 3131 2804 fugiens
3187 2747 3533 2804 nequaquam
3579 2733 3806 2788 ulterius

2216 2827 2465 2882 inventus
2491 2833 2588 2880 est.
2986 2814 2987 2817 “

2288 2925 2378 2974 43.
2405 2918 2564 2975 Tanti
2613 2917 2763 2974 fama
2815 2919 2941 2974 mali
2969 2927 3143 2974 totam
3173 2919 3284 2975 cito
3315 2920 3544 2990 perculit
3571 2919 3804 2975 Urbem.

2216 3012 2349 3081 Quis
2376 3027 2621 3083 unquam
2650 3020 2799 3066 tanta
2828 3011 3083 3067 flentium
3108 3020 3365 3082 tantaque
3394 3010 3648 3068 funebria
3674 3028 3804 3067 nar-

2214 3120 2334 3159 rare
2368 3104 2604 3159 lamenta
2637 3104 2868 3176 poterit?
2898 3104 3052 3159 Sicut
3079 3104 3225 3159 enim
3266 3104 3333 3159 de
3366 3104 3590 3159 Domini
3620 3105 3795 3159 nostri

2215 3198 2509 3253 Nativitate
2540 3199 2689 3253 Urbs
2717 3198 2910 3252 ceteris
2945 3196 3248 3253 civitatibus
3302 3197 3464 3252 altius
3505 3206 3801 3269 congratu-

2216 3290 2315 3345 lari
2342 3290 2499 3345 solita
2525 3288 2735 3358 fuerat;
2758 3290 2840 3345 sic
2865 3290 3031 3346 modo
3055 3299 3359 3358 commota,
3406 3290 3683 3345 tristitiam
3702 3291 3804 3345 sibi

2217 3400 2329 3439 non
2359 3384 2633 3439 modicam
2648 3383 2933 3439 advenisse
2950 3383 3340 3454 proclamabat.
3371 3385 3806 3455 EXpavitpariter

2218 3478 2322 3533 hoc
2373 3477 2577 3533 factum
2626 3478 2827 3533 coelum
2860 3487 2915 3532 et
2951 3487 3115 3542 terra,
3158 3486 3215 3532 et
3238 3477 3308 3532 ad
3355 3485 3569 3532 tantum
3600 3477 3805 3532 facinus

2216 3570 2605 3626 vindicandum
2669 3571 2834 3626 corda
2884 3580 3263 3642 praeparantur
3327 3570 3596 3625 omnium.
3651 3575 3805 3626 Tunc

2215 3664 2503 3734 impletum
2551 3671 2634 3720 cst
2679 3664 2827 3734 quod
2887 3664 3101 3718 dictum
3157 3672 3241 3719 est
3289 3679 3380 3734 per
3428 3662 3797 3735 Prophetam:

2218 3779 2242 3805 «ι
2288 3757 2413 3811 Dies
2440 3755 2563 3812 festi
2592 3757 2753 3811 vestri
2783 3765 3166 3811 convertentur
3187 3756 3243 3811 in
3278 3756 3729 3811 lamentationem
3749 3764 3804 3812 et

2213 3852 2443 3918 luctum,
2475 3858 2530 3903 et
2562 3850 2822 3923 gaudium
2843 3850 3152 3905 vestrumin
3180 3850 3459 3921 planctum
3484 3873 3507 3897 υ
3537 3850 3685 3919 (Tob.
3717 3854 3801 3913 ιι.)

2213 3946 2284 3998 Et
2312 3942 2444 3997 illud
2475 3962 2531 3998 ;‹ι
2563 3944 2795 3999 Plorans
2821 3944 3047 4013 ploravit
3074 3944 3127 3997 in
3148 3952 3327 4012 nocte,
3346 3953 3401 3998 et
3420 3943 3672 4015 lacrymae
3687 3944 3803 4015 ejus

2212 4038 2266 4090 in
2317 4036 2543 4091 maxillis
2597 4036 2713 4107 ejus
2765 4054 2779 4091 :
2824 4052 2935 4091 non
2975 4046 3056 4091 est
3083 4037 3174 4108 qui
3211 4038 3527 4092 consoletur
3570 4054 3689 4092 eam
3736 4052 3799 4091 ex

2213 4130 2466 4184 omnibus
2504 4130 2644 4185 caris
2675 4129 2791 4201 ejus
2821 4153 2843 4176 υ
2879 4131 3095 4195 (Thren.
3132 4135 3193 4196 ι.)
3224 4133 3382 4186 Tunc
3412 4139 3595 4186 sancta
3626 4130 3802 4185 Eccle-

2213 4223 2290 4277 sia
2322 4223 2421 4277 Dei
2463 4222 2674 4277 dicebat
2706 4241 2717 4276 :
2750 4243 2776 4270 α
2804 4222 2934 4292 Quis
2974 4223 3125 4277 dabit
3152 4224 3311 4294 capiti
3340 4240 3463 4279 meo
3497 4239 3720 4295 aquam,
3749 4233 3801 4279 et

2212 4316 2384 4371 oculis
2412 4316 2549 4370 meis
2601 4314 2807 4370 fontem
2837 4318 3226 4389 Iacrymarum,
3257 4326 3313 4372 et
3341 4318 3572 4388 plorabo
3613 4317 3697 4372 die
3735 4333 3800 4372 ac

2212 4414 2413 4465 nocte?
2446 4431 2471 4456 ιι
2506 4411 2680 4474 (Hier.
2714 4414 2827 4476 Ix.)
2859 4411 2926 4465 Et
2954 4410 3086 4466 illud
3115 4429 3129 4465 :
3157 4409 3385 4476 Audite,
3407 4411 3658 4477 obsecro,
3684 4410 3802 4465 uni-

2132 4517 2182 4579 ι)
2215 4502 2353 4558 versi
2383 4501 2585 4573 populi,
2605 4511 2659 4556 et
2684 4502 2858 4558 videte
2888 4503 3139 4560 dolorem
3161 4520 3366 4559 meum.
3408 4506 3585 4569 Tunc,
3621 4504 3801 4558 omnis

2212 4596 2442 4650 maritus
2492 4596 2725 4666 sumpsit
2774 4597 3107 4665 lamentum;
3165 4606 3219 4652 et
3269 4613 3389 4668 quae
3444 4596 3707 4652 sedebant
3744 4596 3800 4650 in

2212 4698 2334 4744 toro
2373 4689 2623 4752 maritali,
2683 4690 2959 4761 lugebant.
2995 4690 3192 4746 Omnis
3220 4692 3400 4762 itaque
3431 4692 3649 4757 Clerus,
3699 4692 3799 4746 Pa-

2206 4792 2354 4837 store
2384 4798 2665 4853 percusso,
2694 4782 2802 4838 huc
2824 4784 3057 4853 illucque
3103 4782 3475 4851 discurrebat,
3512 4792 3567 4837 et
3607 4792 3802 4839 cuncta

2213 4890 2348 4947 pene
2399 4876 2591 4930 altaria
2647 4885 2907 4931 exeuntes
2958 4876 3330 4931 denudabant.
3385 4877 3527 4933 Nihil
3580 4876 3801 4943 alicubi,

2212 4978 2413 5040 praeter
2436 4967 2584 5039 quod
2609 4976 2735 5024 ante
2778 4968 2983 5024 dictum
3025 4968 3205 5024 fuerat
3222 5010 3237 5035 ,
3290 4972 3344 5025 in
3369 4969 3612 5026 ecclesiis
3638 4969 3801 5023 divini

2211 5061 2387 5117 Officii
2415 5061 2504 5116 illo
2532 5062 2616 5117 die
2633 5060 2837 5116 factum
2866 5061 2989 5117 fuit.
3019 5062 3307 5119 Elemeuta
3336 5071 3538 5127 tamen,
3572 5061 3639 5115 ad
3668 5069 3805 5115 tem-

2213 5172 2313 5227 pus
2362 5170 2533 5226 usque
2565 5154 2697 5209 illud
2729 5156 2968 5219 turbata,
3000 5172 3068 5211 ne
3098 5157 3362 5227 populum
3389 5154 3656 5209 zelantem
3686 5156 3802 5208 Do-

2213 5248 2347 5304 mini
2398 5249 2575 5303 zelum
2636 5248 3004 5319 praepedirent
3076 5258 3267 5320 pacata
3329 5246 3799 5304 monstrabantur.

2211 5346 2380 5397 Terra
2409 5356 2536 5396 vero
2586 5356 2785 5411 aquam
2839 5357 2978 5413 pene
3002 5351 3279 5408 cunctam,
3311 5354 3474 5412 quam
3515 5338 3687 5396 nimia
3722 5340 3803 5395 in-

2208 5435 2500 5491 undatione
2529 5435 2881 5503 sustinuerat,
2915 5435 3236 5501 absorbens,
3278 5434 3479 5488 iterum
3531 5432 3805 5505 quodam-

2214 5528 2379 5584 modo
2407 5527 2613 5584 siccum
2638 5528 2708 5585 ad
2738 5528 2844 5584 hoc
2863 5530 3119 5585 omnibus
3150 5526 3521 5583 ulciscendum
3548 5527 3800 5583 ostendit.

2218 5626 2355 5677 Tota
2384 5622 2568 5694 itaque
2612 5631 2771 5678 nocte
2801 5622 2969 5695 signis
2997 5622 3249 5692 tubisque
3275 5621 3619 5690 sonantibus,
3659 5621 3805 5677 mili-

2216 5715 2471 5787 tibusque
2500 5731 2695 5772 omnes
2726 5715 2909 5771 aditus
2940 5714 3319 5781 lustrantibus,
3352 5732 3423 5771 ne
3466 5715 3647 5786 aliquo
3676 5730 3804 5786 por—

2215 5816 2423 5866 taretur
2446 5819 2599 5867 extra
2629 5810 2845 5868 Urbem
2874 5807 3112 5881 ingenio,
3142 5809 3355 5867 nullum
3380 5824 3610 5880 usquam
3635 5808 3798 5864 vesti-
