4138 6190
327 245 384 297 si
1204 230 1211 233 ’
1320 240 1843 295 PROLEGOMENA.
1887 270 1957 282 —
1992 242 2170 296 ACTA
2210 241 2264 295 s.
2306 239 2649 311 GREGORII.
3564 250 3631 301 02

321 368 470 439 gium
518 364 731 438 patuit:
783 381 909 420 sane
940 380 997 420 re
1037 363 1200 419 dubia
1234 365 1598 435 omnibusque
1628 364 1926 436 ignoranti-
1960 376 2004 436 Α
2037 365 2105 421 ad
2156 373 2358 420 terram
2413 365 2736 420 morientem
2809 365 3265 438 palpitantemque
3322 370 3630 440 prostravit,

322 462 425 517 bus
446 467 641 515 utrum
672 459 819 514 vivus
863 473 932 513 an
979 465 1231 514 mortuus
1265 466 1429 525 esset,
1468 459 1666 529 populo
1697 474 1925 530 congre-

320 565 451 626 gato
482 554 541 608 in
590 552 878 625 Capitolio,
924 550 1283 606 referentibus
1325 552 1649 621 quibusdam
1695 552 1932 607 innotuit

322 647 470 720 quod
501 648 557 701 in
583 645 827 719 quadam
853 645 989 701 turri
1018 654 1210 716 captus
1235 652 1528 700 teneretur.
1554 648 1709 700 Tunc
1739 661 1930 701 omnes

328 750 515 814 gentes
540 742 719 795 tulere
746 754 905 795 voces
941 738 1012 794 ad
1039 738 1238 793 sidera.

405 840 493 889 44.
520 836 753 899 Verum,
802 832 894 887 ubi
929 834 1165 903 primum
1201 832 1315 885 dies
1363 831 1521 886 terris
1567 840 1649 886 est
1690 831 1926 899 reddita,

332 943 525 984 omnes
564 928 705 981 inter
742 941 799 981 se
846 925 1127 981 hortantes
1173 926 1358 996 populi
1405 925 1832 981 innumerabiles
1861 924 1929 979 ad

328 1022 562 1077 domum
614 1019 937 1076 Antichristi
968 1028 1250 1073 venerunt.
1290 1020 1506 1089 lucepta
1535 1019 1713 1089 itaque
1755 1034 1932 1090 pugna

326 1124 411 1170 est
440 1133 455 1168 :
485 1113 582 1170 sed
634 1114 808 1185 primo
850 1128 1142 1181 congressu
1172 1127 1297 1183 pars
1327 1111 1540 1166 hostilis
1578 1110 1764 1182 fugam
1798 1112 1932 1166 arri-

327 1209 466 1280 puit,
501 1207 792 1277 omnisque
835 1204 997 1261 factio
1038 1206 1093 1260 in
1129 1204 1319 1260 eadem
1356 1221 1413 1259 se
1457 1205 1594 1258 turri
1648 1204 1929 1259 conclusit.

328 1305 486 1357 Tunc
519 1300 669 1355 omni
698 1309 851 1371 parte
882 1300 1090 1355 vallata:
1118 1298 1257 1370 ignis
1296 1298 1576 1369 appositus
1598 1306 1699 1365 est,
1728 1297 1930 1352 allatis-

330 1410 434 1466 que
462 1393 732 1449 machinis
778 1401 830 1448 et
867 1393 1144 1462 arietibus,
1174 1392 1445 1462 rumpitur
1476 1406 1685 1459 murus,
1715 1398 1929 1445 cuncta-

325 1504 434 1553 que
458 1488 591 1541 inibi
622 1490 881 1543 conclusa
928 1485 988 1540 ﬁt
1030 1485 1250 1539 Domini
1283 1485 1482 1555 populo
1516 1483 1717 1554 praeda.
1749 1486 1929 1539 Nemo

329 1597 505 1636 suum
550 1580 846 1651 periculum
887 1578 1106 1643 vitabat,
1151 1577 1247 1633 sed
1292 1577 1373 1632 sui
1408 1578 1611 1632 oblitus
1640 1593 1738 1648 pro
1776 1592 1933 1648 posse

331 1674 630 1746 pugnabat.
652 1676 845 1743 ,Porro
891 1672 1110 1743 quidam
1159 1676 1261 1739 vir,
1306 1687 1435 1726 cum
1484 1670 1719 1742 quadam
1769 1670 1932 1726 nobili

331 1779 610 1834 matrona,
640 1770 856 1822 Patrem
886 1765 1214 1837 Gregorium
1247 1773 1465 1820 secutus
1500 1770 1601 1831 est,
1646 1764 1739 1835 qui
1767 1764 1813 1818 ei
1842 1779 1929 1819 so-
1964 1734 2011 1795 Β

333 1862 525 1917 latium
562 1860 948 1932 aliquantisper
986 1858 1224 1915 fuerunt.
1254 1859 1349 1912 Vir
1372 1873 1609 1929 namque
1639 1857 1744 1923 ille,
1767 1857 1930 1912 taedio

328 1954 707 2023 detractionis,
756 1962 810 2009 et
857 1954 1039 2024 algore
1087 1950 1382 2008 hibernalis
1425 1951 1603 2005 noctis
1641 1948 1928 2018 afﬂictum,

330 2048 507 2103 allatis
536 2048 781 2103 calefecit
830 2047 1074 2118 pellibus,
1123 2044 1391 2116 pedesque
1428 2044 1543 2115 ejus
1588 2045 1642 2098 in
1679 2044 1800 2098 sinu
1831 2059 1931 2098 suo

330 2142 665 2213 composuit.
711 2144 964 2196 Matrona
1008 2155 1134 2194 vero
1164 2139 1298 2209 ipsa,
1327 2136 1570 2193 fomento
1613 2136 1931 2192 medicami-

332 2236 417 2291 nis
446 2235 557 2302 sui,
586 2234 765 2290 Patris
797 2235 965 2288 nostri
1010 2233 1243 2304 plagam,
1290 2231 1460 2287 nimio
1493 2231 1765 2303 sanguinis
1792 2230 1932 2286 rosei

332 2328 610 2400 proﬂuvio
648 2327 910 2390 tabidam,
941 2325 1277 2397 deplorando
1303 2324 1602 2389 mulcebat;
1635 2340 1932 2395 omnesque

330 2423 454 2477 illos
488 2422 585 2477 Dei
620 2422 888 2487 inimicos,
924 2419 1220 2475 homicidas
1262 2417 1551 2489 sacrilegos
1580 2418 1929 2482 acclamabat,

331 2518 504 2571 altera
550 2515 812 2569 nimirum
857 2514 1022 2568 Maria
1054 2512 1265 2568 effecta.
1295 2514 1436 2567 Nam
1466 2510 1934 2582 quemadmodum

333 2610 442 2675 illa,
493 2609 632 2663 flens
666 2624 762 2663 sua
800 2606 1013 2674 delicta,
1060 2606 1282 2661 Domini
1335 2606 1550 2676 vestigia
1580 2605 1931 2675 Iacrymando

333 2701 654 2775 perfuderat
685 2719 697 2755 :
730 2700 807 2756 sic
834 2701 954 2765 ista,
986 2701 1236 2755 omnium
1275 2700 1499 2753 crimina
1527 2697 1818 2769 perferens,
1855 2698 1930 2752 la-

333 2796 551 2867 crymis
586 2795 700 2851 suis
746 2803 961 2850 tantum
986 2796 1265 2848 Pastorem
1296 2792 1601 2863 proluebat.
1634 2790 1928 2846 Oseulaba-

336 2897 426 2944 tur
472 2890 563 2944 illa
614 2888 777 2960 pedes
810 2886 1025 2944 Domini
1070 2886 1384 2953 Salvatoris,
1427 2900 1536 2955 quo
1586 2883 1781 2939 deinde
1828 2874 1947 2937 lota‘

333 2992 498 3055 caput
518 2982 591 3038 ad
618 2998 789 3054 usque
819 2982 1122 3052 perveniret
1152 2999 1167 3036 :
1210 2980 1327 3034 haec
1358 2986 1540 3033 autem
1587 2977 1686 3033 Dei
1728 2986 1787 3031 et
1822 2979 1933 3030 Do-

2040 460 2221 530 sicque
2240 459 2308 513 ad
2340 465 2600 513 tartarum
2628 459 2800 515 misit.

2112 559 2200 607 46.
2226 552 2476 607 Traditor
2490 560 2693 618 autem,
2714 553 2828 624 jam
2850 554 3075 625 jamque
3103 554 3289 611 videns
3317 556 3633 628 capiendam

2039 663 2154 703 esse
2202 646 2417 710 turrim,
2479 654 2535 700 et
2583 646 2682 700 sibi
2736 646 3034 717 periculum
3090 649 3283 704 mortis
3326 650 3631 720 imminere,

2039 748 2260 796 coactus
2302 738 2529 810 procidit
2575 738 2643 794 ad
2674 738 2832 810 pedes
2858 739 3150 796 beatissimi
3193 743 3377 813 Papae,
3405 743 3589 800 dicens
3618 765 3631 799 :

2040 836 2263 905 Semper
2290 832 2738 903 misericordiam,
2785 836 2963 899 Pater,
2994 832 3242 902 docuisti,
3278 835 3480 892 docens
3510 853 3629 909 per-

2040 928 2251 994 fecisti;
2309 934 2657 997 errantesque
2705 933 3046 994 convertens,
3093 943 3383 985 conversos
3420 931 3478 985 in
3529 931 3635 987 fide

2041 1021 2301 1086 solidasti,
2351 1020 2562 1091 suscipe
2618 1028 2911 1086 errantem,
2963 1028 3018 1075 et
3067 1020 3135 1075 ab
3162 1021 3533 1092 iniquitatibus
3575 1040 3633 1080 se

2041 1122 2483 1180 convertentem;
2565 1128 2889 1169 conversum
2968 1113 3159 1182 solida,
3233 1130 3302 1170 ne
3366 1132 3456 1172 me
3511 1117 3632 1173 des-

2043 1208 2332 1280 perationis
2381 1206 2720 1278 profunditas
2776 1206 3082 1261 absorbeat.
3144 1208 3385 1275 Peccavi,
3439 1212 3630 1279 erravi,

2040 1301 2257 1368 tradidi,
2317 1300 2581 1366 interfeci,
2642 1299 2977 1371 sacrilegium
3047 1301 3366 1371 perpetravi.
3444 1303 3635 1359 Matris

2042 1394 2204 1466 Regis
2255 1394 2399 1448 enim
2455 1394 2755 1448 thalamum
2816 1393 3052 1464 corrupi,
3106 1393 3460 1465 violentisque
3516 1411 3633 1451 ma-

2040 1488 2199 1543 nibus
2253 1492 2362 1553 (39)
2430 1487 2705 1559 tugurium
2758 1494 2813 1541 et
2860 1501 3088 1557 parvum
3144 1487 3496 1543 secretarium
3536 1489 3635 1545 Dei

2042 1582 2157 1637 Filii
2188 1581 2397 1635 violavi.
2444 1583 2521 1635 Te
2576 1583 2814 1646 Patrem,
2864 1588 2917 1635 et
2965 1595 3149 1635 meum
3203 1581 3525 1648 Dominum,
3575 1590 3637 1637 ut

2043 1675 2331 1746 parricida,
2364 1674 2627 1746 perjuriis,
2662 1672 2976 1745 sacrilegiis,
3030 1673 3279 1729 manibus
3323 1674 3541 1744 pollutis
3572 1690 3634 1731 ex

2039 1768 2178 1823 illius
2202 1768 2407 1840 gremio
2449 1768 2664 1822 attraxi.
2696 1766 2943 1837 Suscipe,
2974 1766 3163 1832 libera,
3195 1774 3373 1834 tuere,
3418 1767 3631 1823 miseri-

2040 1862 2281 1916 cordiam
2313 1860 2427 1927 fer;
2449 1860 2517 1915 da
2549 1859 2873 1927 remedium,
2896 1859 3204 1925 consilium,
3246 1858 3567 1931 suffragium
3617 1880 3630 1915 :

2040 1955 2262 2027 injunge
2290 1970 2533 2025 poenam,
2555 1970 2695 2025 pone
2727 1952 3094 2024 prenitentiam
3121 1952 3370 2020 carceris,
3393 1953 3632 2020 exilium,

2042 2049 2227 2119 patriae
2264 2046 2589 2119 diffugium;
2622 2056 2676 2103 ct
2706 2047 2805 2101 Dei
2852 2046 3058 2117 judicio
3109 2045 3163 2101 in
3215 2061 3305 2100 me
3334 2046 3634 2118 justissime

2040 2150 2403 2209 commotum,
2434 2156 2501 2196 ex
2532 2156 2703 2206 more,
2734 2140 2883 2211 placa
2917 2139 3199 2211 populum.
3230 2139 3361 2194 Tuis
3396 2155 3488 2195 me
3516 2140 3635 2211 pol-

2039 2237 2211 2291 lutum
2251 2235 2451 2291 sanctis
2492 2234 2701 2305 suscipe
2724 2234 2976 2289 manibus
3006 2252 3019 2286 :
3063 2241 3119 2289 et
3164 2233 3325 2305 hujus
3360 2232 3465 2289 diei
3494 2233 3632 2289 mihi

2041 2328 2320 2401 poenitenti
2346 2328 2581 2384 concede
2609 2328 2861 2399 spatium.
2891 2328 3093 2383 Furcas
3114 2326 3247 2382 mihi
3266 2327 3391 2399 jure
3420 2336 3634 2397 paratas

2038 2422 2203 2478 corde
2232 2422 2526 2494 conspicio,
2562 2421 2782 2493 dignam
2816 2436 3033 2492 poenam
3074 2421 3318 2489 intueor;
3350 2430 3404 2477 et
3426 2421 3630 2477 idcirco

2042 2532 2270 2587 corpore
2312 2523 2604 2587 prostrato,
2636 2514 2800 2571 corde
2845 2514 3083 2569 demisso
3118 2530 3209 2569 me
3239 2515 3497 2586 potentiae
3527 2520 3637 2571 tum

2044 2611 2212 2665 trado.
2247 2612 2401 2665 Tunc
2439 2612 2583 2680 Papa
2628 2608 3110 2675 clementissimus,
3150 2608 3237 2679 pio
3289 2617 3349 2663 ut
3385 2617 3501 2663 erat
3549 2624 3637 2679 pe-

2041 2712 2208 2771 ctore,
2238 2710 2387 2758 tanta
2412 2703 2808 2774 supplicantem
2834 2701 3063 2757 adorsus
3091 2709 3207 2757 est:
3241 2701 3412 2757 Video
3432 2710 3487 2757 te
3514 2699 3636 2757 felle

2042 2796 2415 2851 amaritudinis
2447 2796 2767 2866 obligatum,
2797 2803 2853 2849 et
2894 2803 3000 2850 tua:
3026 2794 3224 2849 mentis
3263 2795 3452 2850 oculos
3482 2803 3631 2850 tene-

2043 2889 2208 2943 broso
2252 2889 2500 2959 squalore
2549 2894 2856 2953 contectos;
2905 2887 2996 2957 qui
3046 2886 3228 2941 lumen
3284 2902 3421 2941 verae
3478 2886 3633 2952 lucis,

2043 2981 2201 3038 nobis
2252 2990 2403 3036 tanto
2447 2990 2693 3051 tempore
2738 2978 3129 3045 laborantibus,
3168 2994 3500 3050 cognoscere
3547 2995 3637 3034 ne-

334 3077 468 3131 mini
518 3075 712 3131 famuli
774 3076 949 3146 primo
998 3074 1320 3145 baptismate
1374 3071 1600 3138 munda,
1656 3079 1932 3141 postremo
1968 3070 2011 3132 C
2042 3076 2345 3146 quiverunt.
2384 3077 2465 3129 Tu
2515 3074 2627 3144 ipse
2677 3072 2819 3131 nosti
2865 3072 3080 3144 quantis
3118 3072 3384 3143 religiosis
3412 3071 3536 3127 viris
3582 3080 3636 3127 te

332 3170 574 3242 pectoris
601 3168 795 3224 ardore
841 3168 1053 3234 adusta,
1083 3175 1247 3238 caput
1298 3175 1587 3237 pectusque
1615 3164 1933 3219 deosculans

336 3263 599 3336 lacrymis
621 3263 852 3333 rigabat.
885 3262 933 3317 Ο
978 3260 1331 3316 memorabile
1379 3267 1565 3330 pectus
1592 3260 1674 3312 ΞΟ
1701 3256 1934 3312 devotis-

332 3359 489 3413 simaa
519 3355 737 3411 feminae
762 3354 1029 3410 laudabile
1058 3354 1216 3426 jecur
1244 3356 1256 3407 ι
1286 3362 1519 3423 quantus
1548 3352 1643 3406 tibi
1673 3361 1803 3406 tunc
1851 3366 1938 3403 ca—

332 3452 510 3506 ritatis
539 3449 702 3504 ardor
719 3448 1052 3504 inhaeserat?
1077 3463 1204 3502 cum
1234 3455 1361 3501 ante
1383 3446 1569 3501 oculos
1596 3453 1721 3499 tuos
1750 3443 1935 3500 aeterni

334 3545 504 3615 Regis
535 3542 865 3610 ministrum,
895 3542 1207 3612 iniquorum
1263 3539 1512 3594 manibus
1561 3539 1703 3593 male
1734 3545 1934 3592 tracta-

339 3645 459 3692 tum
502 3638 954 3706 vulneratumque
978 3635 1346 3706 prospiceres;
1380 3648 1479 3687 nec
1528 3642 1733 3687 satana:
1776 3630 1933 3685 mini-

340 3731 471 3786 stris
497 3746 561 3785 ex
592 3746 687 3785 ore
727 3727 944 3800 pudico,
979 3728 1285 3799 sanctisque
1325 3726 1521 3781 osculis
1559 3741 1682 3796 qua:
1713 3724 1938 3796 pedibus

344 3824 698 3893 manibusque
728 3830 784 3877 et
806 3822 963 3893 capiti
1000 3822 1132 3876 tanti
1163 3820 1337 3876 Patris
1366 3819 1573 3875 feceras
1611 3820 1722 3890 jam
1750 3834 1936 3889 purga-

344 3927 428 3982 to,
482 3916 712 3971 convicia
754 3916 913 3987 digna
956 3924 1009 3969 et
1042 3914 1429 3970 maledictionis
1449 3914 1626 3985 jacula
1649 3911 1934 3967 subtrahe-

338 4011 462 4067 bas.
506 4012 640 4065 Vere
665 4010 915 4064 credibile
962 4016 1065 4073 est,
1091 4009 1327 4062 animam
1355 4013 1504 4062 tuam
1552 4015 1605 4061 te
1638 4022 1734 4076 pro
1768 4005 1938 4059 Patris

339 4105 454 4159 vita
487 4119 685 4175 ponere
714 4103 865 4167 velle,
903 4111 957 4157 et
985 4110 1259 4156 tormenta
1294 4101 1479 4171 potius
1509 4097 1937 4154 inexistimabilia

338 4212 679 4269 percurrere,
718 4212 882 4267 quam
936 4196 1229 4249 Dominum
1288 4203 1507 4265 captum
1556 4201 1609 4246 et
1654 4201 1764 4246 tam
1798 4192 1938 4245 male

340 4300 637 4346 tractatum
668 4290 867 4345 videre.
912 4288 1189 4360 Pugnabat
1227 4288 1477 4343 manibus
1508 4287 1754 4340 omnium
1779 4300 1936 4355 gene-

344 4400 471 4440 rosa
518 4384 723 4456 virago,
770 4391 824 4438 et
874 4382 1185 4437 immodicae
1228 4381 1494 4435 mercedis
1531 4379 1780 4433 omnium
1817 4394 1937 4448 par-

344 4476 533 4548 ticeps,
565 4486 832 4548 quantum
867 4476 966 4530 sibi
996 4474 1391 4530 accumulabat.

421 4576 512 4625 45.
567 4573 795 4637 Verum,
835 4578 1039 4641 quanto
1086 4568 1241 4623 istius
1291 4566 1533 4621 animosa
1591 4565 1743 4633 ﬁdes,
1791 4573 1943 4619 tanto

343 4665 565 4720 alterius
599 4663 838 4719 mulieris
888 4664 1130 4734 Iinguosa
1163 4661 1403 4732 perfidia.
1441 4663 1579 4715 Nam
1607 4660 1747 4714 sicut
1790 4659 1942 4726 olim,

346 4758 654 4813 Dominicm
687 4757 950 4813 Passionis
977 4766 1239 4826 tempore,
1264 4754 1455 4809 ancilla
1482 4754 1697 4808 ostiaria
1725 4756 1944 4807 Petrum

343 4860 645 4918 terruerat;
676 4852 745 4906 sit
773 4851 870 4905 ista
901 4850 1172 4905 Vicarium
1202 4848 1320 4921 ejus
1347 4846 1693 4902 mordacibus
1729 4854 1944 4916 “opproo

347 4946 477 5000 briis
498 4945 857 5001 conturbabat
889 4962 903 4998 ε
930 4959 1050 5015 quae
1078 4942 1297 5014 quidem
1330 4942 1470 4996 illius
1491 4940 1761 4995 traditoris
1789 4955 1948 4994 soror

348 5039 543 5105 fuerat,
576 5048 632 5094 et
680 5037 880 5093 idcirco
911 5047 1065 5093 tanto
1096 5038 1234 5092 Patri
1270 5035 1589 5090 maledicere
1621 5050 1731 5088 non
1762 5031 1945 5088 formi-

352 5132 534 5189 dabat.
570 5133 723 5188 Alter
754 5148 902 5199 vero,
940 5132 1183 5204 ejusdem
1211 5129 1482 5185 traditoris
1511 5127 1754 5183 minister
1783 5134 1836 5181 et
1864 5142 1944 5181 se-

356 5228 608 5298 quipeda,
663 5226 1009 5298 evaginatum
1058 5225 1295 5295 gladium
1348 5223 1608 5289 retinens,
1657 5220 1791 5275 tanti
1848 5220 1943 5275 viri

356 5329 514 5391 caput
532 5322 650 5393 ipso
681 5320 766 5375 die
793 5336 853 5375 se
896 5319 1284 5384 abscissurum,
1333 5314 1762 5388 blasphemando
1802 5329 1946 5369 asse-

354 5414 524 5471 rebat.
590 5414 759 5486 Cujus
818 5413 1109 5485 impietatis
1178 5412 1475 5474 vindictam
1528 5408 1940 5465 velocissimum

350 5508 570 5563 Domini
605 5509 873 5579 judicium
904 5523 1016 5563 non
1045 5506 1270 5562 distulit.
1308 5508 1449 5561 Nam
1481 5504 1689 5569 lancea,
1741 5518 1769 5556 a
1818 5500 1950 5558 foris

348 5601 578 5668 vibrata,
618 5610 806 5674 guttur
832 5602 948 5673 eius
995 5601 1126 5657 dirae
1180 5600 1326 5655 vocis
1364 5614 1555 5654 venam
1587 5598 1947 5666 obtruncans,

1969 4429 2020 4489 D

2044 3169 2503 3233 commonuerim,
2534 3167 2853 3238 quantisque
2884 3182 2979 3238 per
3007 3166 3389 3237 memetipsum
3432 3165 3637 3237 patien-

2042 3263 2265 3317 tissimis
2311 3261 2769 3327 admonitionibus
2813 3260 3232 3325 sollicitaverim,
3278 3260 3473 3329 quibus
3526 3275 3636 3315 non

2045 3356 2223 3411 solum
2279 3370 2388 3408 non
2444 3353 2777 3424 acquievisti,
2827 3368 3020 3407 verum
3065 3354 3226 3406 etiam
3272 3353 3326 3405 in
3366 3352 3635 3408 deteriora

2046 3447 2337 3521 prorupisti
2368 3465 2379 3499 :
2431 3447 2525 3501 sed
2554 3454 2740 3501 tamen
2788 3444 2968 3501 adhuc
2989 3445 3155 3516 janua
3178 3442 3289 3498 tib?
3310 3444 3432 3499 vitae
3463 3452 3634 3514 patet,

2045 3552 2261 3597 tantum
2301 3548 2362 3595 ut
2396 3541 2723 3594 converteris
2767 3538 2953 3594 corde.
3011 3537 3117 3607 Qui
3154 3552 3283 3592 mox
3326 3536 3397 3591 ad
3434 3545 3637 3591 terram

2046 3649 2329 3700 corruens,
2379 3648 2567 3688 verum
2622 3648 2678 3687 se
2721 3618 2881 3687 reum
2936 3631 3311 3701 miserumque
3358 3627 3639 3685 confessu

2047 3737 2146 3795 est,
2200 3727 2521 3799 promittens
2570 3727 2752 3780 omnia
2808 3725 2913 3781 sibi
2970 3725 3212 3796 injuncta
3261 3724 3639 3779 incunctanter

2049 3823 2324 3894 perﬁcere.
2358 3819 2604 3877 Tandem
2643 3821 2725 3874 vir
2743 3819 3084 3883 mitissimus,
3118 3819 3276 3873 solita
3311 3817 3413 3873 sibi
3443 3817 3641 3889 pietate

2047 3924 2377 3983 commotus,
2434 3913 2753 3984 respondit:
2815 3912 2958 3983 Quid
3007 3912 3137 3966 mihi
3185 3927 3251 3966 ex
3293 3912 3404 3982 ipsa
3446 3910 3639 3981 iniuria

2048 4011 2317 4080 irrogasti,
2357 4016 2576 4079 paterue
2604 4006 2878 4079 indulgeo.
2908 4006 3067 4077 Quod
3092 4013 3275 4060 autem
3306 4004 3359 4059 in
3388 4008 3566 4059 Deum
3587 4011 3641 4059 et

2049 4108 2283 4158 Matrem
2309 4102 2445 4173 ejus,
2493 4101 2892 4171 Apostolosque
2940 4114 3034 4154 seu
3081 4113 3300 4153 omnem
3345 4097 3639 4152 Ecclesiam

2050 4195 2386 4261 contraxisti,
2437 4193 2691 4248 luendum
2739 4192 2856 4248 fore
2896 4191 3225 4263 pronuntio:
3267 4191 3337 4245 ita
3374 4198 3431 4245 ut
3466 4189 3640 4260 primo

2054 4290 2487 4361 Hierosolymam
2517 4287 2741 4353 tendas;
2770 4294 2822 4341 et
2856 4284 3234 4356 postmodum,
3274 4284 3319 4339 si
3343 4284 3494 4338 vivus
3517 4282 3641 4337 inde

2050 4398 2297 4438 reversus
2334 4381 2517 4449 fueris,
2556 4378 2756 4434 nostris
2790 4388 2843 4433 te
2894 4379 3147 4433 manilius
3194 4387 3249 4432 et
3286 4376 3512 4431 consilio
3560 4391 3642 4431 re-

2052 4484 2362 4548 prmsentes,
2391 4482 2449 4529 ut
2478 4475 2558 4529 sic
2590 4475 2785 4528 saltem
2837 4472 3003 4526 modo
3054 4470 3234 4541 aliquo
3279 4469 3510 4541 gratiam
3547 4468 3641 4524 tibi

2051 4570 2333 4625 conciliare
2372 4567 2760 4638 omnipotentis
2790 4566 2888 4620 Dei
2930 4564 3128 4618 valeas.
3180 4566 3245 4617 Et
3278 4561 3640 4634 quemadmo-

2051 4664 2183 4717 dum
2216 4663 2424 4717 cunctis
2467 4661 2590 4714 filiis
2638 4658 2918 4724 Ecclesiae,
2969 4656 3336 4712 subversicnis
3385 4656 3644 4710 hactenus

2054 4756 2330 4826 exemplar
2356 4754 2526 4821 fuisti,
2556 4753 2628 4807 ita
2659 4752 2726 4807 de
2759 4760 2939 4807 cetero
2973 4750 3337 4806 conversionis
3366 4749 3481 4804 ﬁas.
3509 4750 3644 4805 Haec

2055 4850 2234 4919 itaque
2260 4858 2479 4916 cuncta,
2502 4856 2664 4918 prout
2689 4847 2906 4918 jussum
2957 4853 3057 4909 est,
3107 4852 3169 4898 ut
3207 4843 3508 4911 videbatur,
3548 4858 3642 4897 ex-

2054 4943 2199 5015 plere
2231 4941 2585 4997 libentissime
2611 4939 2901 5012 spopondit
2936 4959 2947 4994 :
2991 4948 3046 4993 et
3083 4938 3184 5005 sic,
3213 4937 3315 4993 diei
3345 4937 3483 4992 illius
3510 4936 3643 4991 libe-

2054 5036 2322 5092 rationem
2352 5035 2665 5106 promeruit.

2124 5137 2214 5187 47.
2277 5130 2521 5186 Tandem
2578 5132 2722 5199 Papa
2771 5126 2889 5198 pius
2944 5126 3012 5181 ad
3050 5124 3342 5181 fenestram
3399 5131 3643 5193 erectus,

2053 5226 2228 5281 turbae
2268 5223 2467 5280 furenti
2518 5221 2767 5294 expansis
2797 5220 3065 5289 manibus,
3098 5228 3159 5275 ut
3205 5226 3647 5292 componeretur,

2054 5328 2107 5374 et
2148 5319 2408 5389 aliquanti
2436 5317 2725 5389 majorum
2772 5315 2968 5370 turrim
3015 5312 3392 5380 accenderent,
3441 5312 3641 5367 innuit.

2055 5412 2306 5469 Nonnulli
2390 5426 2541 5477 vero,
2625 5418 2872 5481 putantes
2962 5408 3110 5481 quod
3187 5422 3281 5462 eos
3360 5405 3428 5461 ad
3511 5421 3649 5479 opus

2058 5506 2207 5577 quod
2277 5506 2609 5577 inceperant,
2698 5505 3033 5571 hortaretur,
3106 5499 3406 5558 fortissimo
3478 5499 3651 5569 impe-

2058 5610 2117 5656 tu
2170 5598 2368 5656 turrim
2423 5598 2706 5655 scandunt.
2767 5600 2840 5653 Et
2906 5598 2984 5652 sic
3037 5593 3183 5651 foras
3229 5591 3495 5649 adductus
3544 5600 3645 5662 est,

422 5792 535 5861 (39)
576 5792 821 5861 Prasepe
844 5796 1073 5857 Domini,
1103 5807 1134 5848 a
1158 5806 1268 5862 quo
1297 5794 1353 5846 S.
1386 5791 1680 5861 Gregorius
1711 5789 2018 5847 abstractus
2049 5788 2243 5857 fuerat,
2276 5786 2614 5857 intelligitur.
