4122 6180
496 304 560 357 63
729 354 733 359 ,
1292 302 1293 309 ‘
1725 290 1780 344 S.
1823 288 2205 348 GREGORIUS
2245 294 2332 348 Vll
2372 295 2566 349 PAPA.
3728 292 3794 346 64

497 425 673 482 turbis
709 423 965 480 omnibus
1004 421 1259 478 flentibus
1286 431 1397 489 prae
1430 414 1647 488 gaudio,
1680 423 1734 470 et
1760 430 1870 487 prae
1895 416 2091 488 pietate
2118 423 2165 483 Α
2199 433 2311 473 suae
2363 418 2548 474 salutis
2601 417 2925 490 periculum,
2964 419 3183 473 Patrem
3222 432 3577 473 communem
3609 404 3803 491 repre?

495 519 881 584 clamantibus;
912 515 1231 572 cernebatur
1260 512 1403 566 enim
1433 517 1582 565 totus
1631 508 1840 564 cruoris
1890 508 2094 581 magni-

496 613 679 669 tudine
730 624 1040 682 respersus;
1097 615 1152 661 et
1202 604 1320 661 ideo
1372 603 1543 659 nimio
1590 602 1817 658 horrore
1865 603 2093 674 perculsi

500 721 656 763 voces
685 704 755 760 ad
791 701 964 757 sidera
1025 696 1396 771 proferebant.
1453 698 1616 751 Facta
1654 696 1819 767 igitur
1869 695 2092 750 victoria

499 812 690 854 omnes
729 811 834 850 una
878 808 1004 847 cum
1050 805 1187 864 papa
1231 790 1497 863 Gregorio
1541 789 1609 845 ad
1658 790 1758 845 Dei
1807 789 2095 845 Genitricis

499 889 807 954 ecclesiam,
838 885 905 942 de
932 901 1038 958 qua
1068 893 1230 941 nocte
1257 884 1372 956 ipsa
1397 884 1702 938 abstractus
1730 881 1925 947 fuerat,
1965 898 2095 954 gau-

501 982 592 1037 dio
637 996 752 1036 non
796 979 1012 1035 modico
1059 978 1253 1049 repleti
1312 977 1660 1031 conveniunt.
1728 979 1882 1031 Tunc
1930 977 2094 1031 Pater

499 1073 808 1130 communis
851 1073 1096 1137 Missam,
1143 1085 1308 1142 quam
1360 1079 1543 1137 nocte,
1574 1068 1844 1123 ministris
1891 1067 2093 1123 diaboli

499 1166 976 1241 praepedientibus,
1006 1164 1163 1219 ﬁnire
1187 1180 1296 1219 non
1332 1170 1606 1235 potuerat,
1634 1161 1767 1217 hora
1800 1161 1917 1232 ipsa
1945 1176 2097 1216 com-

498 1262 696 1333 plevit;
756 1268 810 1314 et
857 1273 983 1313 cum
1027 1265 1175 1311 tanta
1221 1256 1443 1311 victoria
1494 1255 1888 1311 revertentibus
1940 1254 2097 1310 bene.

499 1353 752 1409 dictionis
783 1350 1082 1407 Dominicae
1106 1349 1336 1422 gratiam
1358 1348 1526 1405 dedit.

570 1452 656 1502 48.
692 1445 920 1512 Deinde,
946 1444 1077 1500 cibis
1096 1458 1315 1498 summo
1344 1450 1501 1497 tenus
1529 1441 1851 1513 degustatis,
1878 1456 2097 1495 rursum

498 1540 846 1604 conveniunt,
900 1536 1078 1593 adhuc
1128 1536 1338 1608 plenius
1391 1535 1710 1606 perscrutari
1745 1549 1961 1600 omnes,
2003 1534 2094 1606 qui

513 1633 735 1696 inimico
771 1632 871 1687 Dei
920 1646 977 1686 se
1016 1630 1429 1701 conjunxerant.
1462 1628 1703 1683 Inventis
1749 1636 1933 1683 autem
1970 1628 2094 1697 illis,

502 1726 687 1781 omnia
714 1725 855 1780 bona
886 1725 1135 1796 ipsorum
1163 1723 1397 1793 perdunt
1420 1730 1475 1777 et
1504 1721 1825 1777 exterminio
1854 1720 2092 1787 tradunt,

501 1818 631 1874 nihil
669 1819 892 1873 omnino
909 1789 1225 1888 linquentes
1268 1823 1468 1887 praeter
1498 1830 1774 1885 personas,
1801 1830 1922 1886 quae
1951 1812 2093 1886 fuga:
2131 1789 2176 1849 Β

502 1911 812 1983 praesidium
870 1918 1142 1982 ceperant.
1194 1911 1396 1963 Verum
1442 1907 1575 1963 dum
1624 1908 1765 1978 apud
1817 1906 2095 1979 praefatam

499 2005 786 2061 ecclesiam
843 2005 1078 2076 populus
1124 2018 1222 2073 pro
1275 2001 1515 2056 Pastoris
1554 2000 1875 2056 liberatione
1919 2009 2096 2073 grates

503 2104 618 2154 Deo
638 2097 910 2164 redderet,
942 2097 1158 2168 iniquus
1202 2094 1292 2150 ille
1319 2094 1489 2150 Judas
1530 2094 1715 2166 fugam
1745 2110 1873 2150 cum
1904 2110 2094 2162 uxore,

502 2191 627 2248 ﬁliis
668 2198 723 2248 et
770 2189 1034 2246 fratribus
1083 2189 1330 2261 arripuit,
1381 2196 1455 2251 et,
1498 2188 1581 2242 sic
1633 2187 1872 2244 dimissis
1933 2188 2096 2243 rebus

502 2286 634 2353 suis,
673 2284 854 2340 nudus
900 2283 1088 2338 evasit.
1136 2281 1413 2353 Quidquid
1473 2295 1599 2336 vero
1648 2281 1731 2336 sui
1776 2281 1921 2352 juris
1962 2281 2094 2336 olim

501 2393 617 2435 esse
659 2385 889 2450 poterat,
948 2377 1180 2448 papulus
1223 2384 1408 2447 postea
1465 2374 1756 2431 adveniens
1812 2374 2093 2439 distraxit;

504 2472 746 2528 turribus
796 2487 861 2526 ac
903 2470 1160 2525 domibus
1210 2468 1506 2534 subversis,
1549 2467 1764 2539 praediis
1815 2484 1940 2523 vero
1985 2467 2096 2523 ﬁsci

504 2566 662 2621 titulo
694 2564 932 2620 sociatis.
977 2562 1304 2619 Perditionis
1357 2576 1482 2617 vero
1514 2561 1654 2616 ﬁlius
1698 2569 1754 2616 et
1784 2560 2097 2617 Antichristi

507 2659 773 2727 minister,
833 2666 957 2712 ante
1022 2655 1211 2712 mundi
1271 2655 1725 2711 constitutionem
1788 2654 2097 2726 damnatus,

505 2762 628 2824 post
673 2767 831 2807 suam
874 2751 1210 2818 evasionem,
1269 2748 1538 2821 quidquid
1603 2749 1925 2819 promiserat
1988 2765 2100 2804 non

504 2846 684 2901 solum
714 2844 939 2900 minime
972 2842 1274 2915 persolvit;
1308 2841 1403 2897 sed
1449 2841 1616 2896 etiam
1649 2842 1973 2914 quibusdam
2018 2843 2099 2898 sui

504 2938 774 2995 similibus
825 2937 1064 3009 profanis
1111 2937 1430 3002 associatus,
1474 2935 1696 2990 consilia
1755 2934 2097 3005 malignitatis

506 3040 695 3087 contra
750 3032 1101 3086 liberatorem
1151 3043 1313 3083 suum
1368 3026 1518 3093 dare,
1576 3027 1756 3097 quoad
1794 3028 1948 3095 vixit,
1993 3043 2106 3082 non

505 3124 808 3179 abhorruit.

1073 3213 1312 3269 CAPUT
1354 3214 1444 3269 VI.

513 3318 735 3374 Henrict‘
759 3317 843 3372 IV
860 3316 1159 3370 identidem
1199 3316 1273 3369 ad
1298 3317 1555 3370 vomitum
1589 3315 1864 3373 redeuntis
1888 3331 2105 3386 perver-

897 3391 1032 3442 sitas
1057 3392 1242 3441 contra
1257 3387 1393 3457 jura
1427 3386 1710 3445 Ecclesiw.

578 3502 666 3553 49.
713 3495 811 3551 His
864 3492 1047 3566 Itaque
1096 3494 1418 3566 praemissis,
1449 3494 1518 3550 ad
1546 3510 1609 3550 ea
1637 3510 1758 3565 quae
1786 3510 1913 3550 cum
1954 3498 2103 3568 Rege

508 3592 745 3647 Henrico
800 3598 1016 3661 peracta
1071 3598 1218 3656 sunt,
1274 3589 1586 3655 veniamus;
1641 3597 1696 3642 et
1739 3589 2102 3644 innocentiam

508 3684 751 3756 Gregorii
774 3687 934 3754 Papae
954 3682 1313 3749 ostendendo,
1346 3680 1508 3749 mala,
1554 3696 1675 3752 qua:
1706 3698 1803 3751 pro
1835 3682 1991 3737 bonis
2024 3697 2106 3736 re-

507 3786 742 3849 ceperat,
772 3785 886 3831 tam
916 3774 1273 3846 praesentibus
1302 3790 1468 3846 quam
1513 3775 1679 3830 etiam
1710 3775 2103 3842 subsecuturis,

509 3880 671 3943 prout
723 3884 1036 3941 possumus,
1077 3868 1396 3923 indicemus.
1439 3868 1746 3923 Nonnullos
1794 3868 1943 3923 enim
1984 3867 2104 3923 fore

511 3963 786 4020 credimus
841 3962 951 4034 qui,
996 3961 1195 4032 partim
1242 3962 1319 4016 rei
1352 3968 1537 4032 gestae,
1585 3961 1783 4032 partim
1810 3963 2098 4016 auctorita-

512 4066 632 4113 tum
662 4058 758 4113 SS.
790 4059 1012 4111 Patrum
1041 4071 1104 4111 ac
1147 4054 1521 4110 Decretalium
1552 4054 1876 4126 ignorantia,
1918 4062 2104 4110 contra

586 4271 693 4331 (40)
739 4263 1025 4325 Geraldus,
1069 4278 1166 4319 seu
1216 4263 1512 4325 Gerardus,
1566 4264 1992 4334 Ratisponensis,
2039 4280 2105 4319 ex

513 4336 711 4407 majori
744 4335 927 4407 Priore
947 4335 1285 4407 Cluniacensi
1319 4335 1616 4405 Episcopus
1639 4335 1906 4390 Ostiensis
1928 4334 2106 4391 factus

513 4405 615 4463 an.
661 4412 801 4463 1072
858 4406 1111 4462 Ciaconio
1168 4405 1365 4461 dicitur
1410 4412 1589 4461 octavo
1650 4408 1760 4460 loco
1811 4407 2105 4462 Cardinalis

513 4487 743 4535 creatus.
784 4478 887 4533 Hic
930 4493 1073 4532 anno
1124 4482 1254 4532 1074
1314 4476 1381 4531 ad
1421 4478 1723 4532 Henricum
1764 4479 1834 4532 IV
1869 4480 2105 4548 Legatus

2196 511 2451 578 hendere,
2480 511 2766 578 infamare,
2790 519 2864 579 et,
2890 511 3041 583 quod
3069 510 3295 567 omnino
3325 511 3659 582 inspectante
3677 515 3795 568 Deo

2198 606 2407 661 malum
2433 614 2516 660 est
2543 605 2977 672 inexistimabile,
3009 604 3417 660 maledictiones
3461 605 3795 677 ingeminare

2198 714 2540 771 nequaquam
2569 699 2814 753 timeant.
2845 698 2951 766 Qui
2976 699 3017 753 si
3047 698 3205 763 forte,
3236 697 3417 752 divina
3448 698 3796 768 inspiratione

2199 793 2491 861 commoti,
2515 793 2688 863 magis
2722 807 2912 846 amore
2951 790 3342 862 cognoscendae
3364 792 3603 847 veritatis
3633 808 3793 863 quam

2198 885 2448 956 superbae
2508 884 2849 956 procacitatis
2904 884 3187 954 instinctu;
3221 883 3326 939 hoc
3391 894 3652 955 agerent;
3711 901 3798 940 ve-

2200 979 2382 1034 ridicis
2410 987 2465 1034 et
2506 978 2817 1049 approbatis
2868 976 3242 1049 religiosisque
3278 977 3406 1033 viris
3454 978 3797 1051 interrogatis

2200 1072 2503 1128 crederent.
2536 1072 2757 1126 Habent
2784 1071 2930 1125 enim
2970 1070 3229 1142 religione
3264 1070 3529 1142 pollentes
3578 1072 3797 1142 Episco-

2203 1182 2298 1237 pos
2324 1165 2583 1232 inﬁnitos,
2611 1173 2683 1233 et,
2710 1172 2770 1220 ut
2798 1180 2827 1219 e
2858 1164 3039 1219 multis
3066 1179 3265 1235 paucos
3296 1164 3641 1220 enuntiemus
3685 1166 3794 1221 Ge-

2204 1259 2418 1315 raldum
2444 1259 2751 1315 Ostiensem
2777 1259 2905 1328 (40),
2932 1257 3046 1328 qui,
3067 1258 3138 1312 ob
3160 1259 3285 1313 vitae
3305 1258 3557 1313 meritum
3572 1257 3639 1312 ab
3655 1262 3795 1329 Apo-

2203 1354 2391 1408 stolica
2422 1352 2560 1408 Sede
2583 1352 2886 1418 iGallicanis
2917 1367 2979 1406 ex
3005 1351 3242 1422 partibus
3271 1359 3601 1422 assumptus,
3640 1352 3798 1422 septi-

2203 1462 2357 1501 mum
2394 1446 2533 1501 inter
2558 1445 2870 1501 Cardinales
2914 1445 3214 1515 Episcopos
3263 1445 3525 1499 thronum
3577 1460 3794 1515 prome-

2204 1541 2330 1609 ruit,
2373 1540 2463 1610 qui
2513 1539 2581 1595 ad
2621 1538 2867 1611 ejusdem
2909 1538 3075 1609 Regis
3115 1553 3335 1593 causam
3372 1537 3796 1609 investigandam

2203 1633 2271 1687 ab
2300 1633 2613 1704 Apostolica
2658 1632 2794 1688 Sede
2836 1640 2919 1687 est
2958 1631 3327 1699 transmissus,
3382 1638 3435 1686 et
3482 1631 3550 1687 ad
3597 1631 3795 1686 conﬁr-

2204 1726 2463 1782 mandum
2505 1742 2604 1782 suo
2648 1726 2925 1797 prolatum
2960 1739 3063 1780 ore
3081 1724 3500 1795 testimonium,
3535 1724 3797 1795 plurimos

2204 1829 2286 1876 est
2310 1820 2544 1888 labores,
2587 1819 2845 1891 pericula,
2876 1818 3101 1885 vincula,
3129 1832 3479 1888 carceresque
3526 1818 3643 1889 ipsa
3699 1834 3798 1890 pro

2204 1914 2427 1969 veritate
2453 1922 2728 1985 expertus.
2773 1913 2990 1967 Habent
3026 1911 3420 1967 Praenestinum
3446 1913 3585 1980 (41),
3612 1911 3704 1983 qui
3728 1912 3797 1967 ad

2204 2007 2457 2063 eumdem
2482 2005 2857 2063 sufferendum
2877 2006 3117 2061 laborem
3138 2005 3205 2059 ab
3229 2004 3379 2061 Urbe
3402 2006 3582 2060 Roma
3603 2006 3799 2061 missus

2205 2110 2305 2157 est.
2338 2102 2581 2156 Habetur
2606 2100 2826 2171 insuper
2852 2108 2907 2154 et
2944 2101 3140 2153 Petrus
3186 2098 3506 2154 Albanensis
3534 2103 3675 2165 (42,,
3706 2099 3795 2169 qui

2203 2193 2273 2250 ad
2308 2193 2747 2249 conﬁrmandum
2778 2200 2967 2248 contra
3017 2191 3355 2247 Simoniacos
3385 2192 3626 2247 veritatis
3653 2194 3797 2247 testi-

2202 2288 2480 2356 monium;
2512 2288 2807 2342 immanem
2838 2301 3035 2358 rogum
3057 2285 3422 2356 pertransiens
3457 2284 3615 2341 nudis
3647 2286 3795 2357 plan-

2206 2382 2294 2445 tis,
2348 2381 2489 2437 sicut
2533 2381 2587 2436 in
2630 2380 2887 2450 Registro
2928 2378 3148 2434 Domini
3179 2378 3472 2434 Alexandri
3521 2381 3586 2435 II.
3640 2380 3798 2450 Papa:

2206 2476 2468 2547 scriptum
2499 2474 2778 2546 reperitur,
2828 2472 3027 2527 illaasus
3075 2472 3257 2527 exivit.
3316 2472 3597 2527 Habentur
3634 2472 3797 2527 etiam

2207 2569 2519 2639 complures
2539 2583 2601 2623 ex
2632 2566 3053 2623 ultramontanis
3080 2564 3343 2636 partibus,
3374 2564 3501 2621 Udo
3522 2565 3800 2621 Treviren-

2208 2664 2281 2717 sis
2312 2666 2439 2730 (43),
2473 2670 2527 2717 et
2570 2663 2919 2716 Hermannus
2965 2659 3240 2725 Metensis,
3271 2658 3561 2713 Altmanus
3611 2661 3793 2713 Patta-

2208 2755 2402 2810 viensis
2459 2754 2538 2809 vel
2597 2752 3003 2819 Lauriacensis,
3057 2750 3323 2807 Adelbero
3371 2750 3792 2822 Wirzeburgen-

2209 2849 2281 2903 sis
2306 2854 2438 2915 (44),
2470 2849 2630 2918 Hugo
2662 2847 2873 2902 Diensis
2902 2850 3030 2912 (45),
3057 2846 3109 2899 in
3130 2845 3285 2915 cujus
3310 2845 3567 2899 electione
3587 2852 3797 2899 tantum

2210 2942 2395 2997 lumen
2433 2939 2604 2995 fertur
2630 2940 2842 2995 cmlitus
2870 2938 3229 3004 descendisse,
3262 2947 3323 2992 ut
3353 2938 3498 2993 diem
3542 2938 3799 3005 vinceret,

2214 3043 2269 3089 et
2315 3033 2480 3089 corda
2515 3032 2762 3088 omnium
2808 3033 2903 3103 qui
2934 3031 3179 3099 aderant,
3209 3029 3489 3085 advenisse
3539 3030 3803 3101 Spiritum

2166 3154 2181 3213 ι
2210 3136 2479 3195 sanctum,
2509 3129 2641 3195 non)
2658 3125 2991 3181 dubitarent.
3042 3123 3130 3179 Ad
3175 3121 3611 3178 satisfaciendum
3637 3123 3801 3177 etiam

2213 3220 2500 3275 incredulis
2567 3228 2874 3274 ceterorum
2930 3218 3181 3274 ordinum
3235 3216 3328 3271 viri
3381 3215 3799 3279 conveniantur;

2213 3313 2378 3368 abbas
2427 3312 2676 3369 videlicet
2733 3312 3095 3369 Cluniacensis
3144 3310 3279 3380 (46),
3331 3309 3575 3382 ejusdem
3633 3309 3801 3381 Regis

2215 3408 2374 3462 Pater
2434 3407 2489 3461 in
2549 3389 2906 3477 baptismate;
2956 3413 3012 3460 et
3067 3403 3433 3460 Berinhardus
3500 3402 3803 3458 Massilien-

2213 3500 2285 3555 sis
2316 3504 2447 3567 (47),
2495 3499 2608 3571 qui,
2662 3499 2733 3554 ob
2776 3497 3225 3553 instantissimum
3268 3496 3390 3553 ﬁdei
3418 3496 3677 3571 calorem,
3723 3495 3803 3551 bis

2213 3591 2493 3648 confessor
2530 3590 2729 3659 factus,
2776 3602 2993 3664 pr0pter
3046 3589 3344 3646 Dominum
3384 3589 3535 3644 exilia
3583 3604 3798 3659 compe-

2213 3686 2415 3757 desque
2455 3694 2538 3741 est
2586 3701 2893 3757 perpessus,
2947 3689 3162 3755 Rapoto
3199 3688 3331 3751 (48),
3391 3683 3480 3753 qui
3519 3682 3800 3749 nimirum,

2216 3787 2434 3851 propter
2460 3779 2733 3851 sanguinis
2757 3778 3093 3833 nobilitatem
3123 3785 3178 3832 et
3201 3791 3423 3831 morum
3442 3775 3800 3842 honestatem,

2213 3873 2267 3927 in
2316 3888 2501 3943 regem
2545 3888 2574 3927 a
2625 3871 2824 3943 populo
2875 3870 3140 3941 expetitus
3191 3870 3448 3925 asseritur
3490 3887 3502 3922 :
3552 3868 3804 3923 Adelber-

2214 3974 2300 4020 tus
2328 3974 2381 4020 et
2409 3964 2797 4021 Odalscalchus
2829 3969 2975 4031 (49);
3019 3962 3219 4034 quibus
3266 3970 3376 4016 tam
3404 3978 3434 4015 a
3468 3964 3618 4032 Rege
3639 3975 3801 4032 quam

2213 4060 2377 4115 etiam
2403 4075 2433 4114 a
2461 4074 2615 4131 papa,
2642 4074 2729 4114 res
2758 4058 3052 4113 commissa
3074 4055 3271 4112 fuerat.

2287 4272 2395 4333 (45)
2446 4267 2701 4334 Hugonis,
2761 4267 2972 4320 Diensis
3029 4263 3082 4317 in
3154 4262 3473 4333 Delphinatu
3535 4262 3804 4334 Episcop.,

2214 4341 2345 4394 Acta
2389 4344 2445 4392 et
2495 4333 2805 4407 legationes
2843 4351 2937 4407 per
2989 4334 3208 4400 Gallias,
3257 4350 3287 4388 a
3326 4338 3379 4407 S.
3427 4333 3684 4407 Gregorio
3734 4334 3805 4390 illi

2214 4404 2571 4472 commissas;
2584 4404 2968 4477 describit'per
2996 4414 3048 4461 8.
3080 4407 3297 4477 paginas
3320 4406 3555 4477 Joannes
3579 4404 3799 4477 Colum-

2217 4481 2315 4536 bus
2345 4480 2398 4534 in
2428 4479 2710 4549 Episcopis
2742 4476 3049 4533 Diensibus.
3084 4476 3171 4533 Ad
3198 4476 3454 4532 eumdem
3485 4483 3667 4530 extant
3696 4476 3807 4547 epi-

515 4560 598 4606 est
627 4550 843 4623 missus.
878 4552 1069 4623 Extant
1123 4548 1194 4604 ad
1223 4564 1349 4603 eum
1376 4549 1430 4602 S.
1480 4550 1729 4619 Gregorii
1777 4549 2000 4621 epistola
2049 4555 2103 4605 6.
2138 4562 2188 4623 ι)
2217 4553 2370 4606 stolae
2396 4552 2451 4605 S.
2483 4548 2730 4620 GregOrii
2757 4558 2983 4620 septem.

519 4632 571 4677 et
592 4628 679 4676 16.
712 4621 828 4676 libri
854 4621 1036 4691 primi.

590 4698 701 4758 (41)
732 4690 1019 4758 Hubertus,
1052 4690 1187 4745 infra
1230 4692 1573 4758 Humbertus,
1616 4691 1921 4762 Episcopus
1961 4694 2106 4748 Prae-

519 4765 780 4827 nestinus,
805 4778 929 4817 cum
975 4763 1123 4816 dicto
1161 4762 1393 4817 Geraldo
1434 4772 1648 4817 creatus
1689 4763 2008 4833 Cardinalis,
2056 4772 2111 4819 et

515 4837 581 4891 ad
618 4838 916 4890 Henricum
949 4836 1020 4888 IV
1050 4834 1264 4889 missus.

589 4910 701 4973 (42)
730 4910 791 4962 B.
823 4910 1016 4959 Petrus
1040 4909 1252 4973 Igneus,
1280 4903 1583 4960 Monachus
1605 4904 2105 4973 Vallumbrosanus,

516 4981 571 5035 S.
604 4977 833 5033 Joannis
857 4976 1139 5032 Gnalberti
1180 4976 1449 5039 alumnus,
1480 4991 1511 5030 a
1555 4979 1606 5031 S.
1650 4976 1914 5047 Gregorio
1968 4992 2110 5032 anno

522 5056 682 5105 1074.
746 5047 1047 5104 Cardinalis
1096 5047 1417 5102 Albanensis
1464 5058 1697 5112 creatus,
1753 5056 1934 5102 sancte
1980 5048 2113 5103 obiit

518 5122 607 5176 die
651 5128 704 5174 8.
759 5118 998 5174 Januarii
1034 5117 1237 5190 :quod
1286 5127 1469 5174 autem
1509 5119 1593 5173 hic
1642 5118 2114 5190 diciturgcontigit

520 5201 765 5262 tempore
794 5189 1082 5262 Alexandri
1106 5188 1180 5262 llr.
1225 5189 1281 5243 in
1310 5205 1469 5244 causa
1498 5190 1641 5245 Petri
1667 5188 1957 5262 Simoniaci
1993 5188 2115 5260 Epi-

518 5260 1025 5390 goplibFlorentini,
1076 5270 1130 5316 et
1158 5261 1354 5333 legitur
1382 5262 1545 5316 etiam
1575 5262 1626 5315 in
1658 5260 1765 5315 vita
1803 5263 1859 5316 S.
1890 5262 2113 5316 Joannis

573 5350 638 5390 ua
701 5344 818 5389 ertt.

573 5336 818 5390 ualberti.

590 5411 701 5472 (43)
736 5409 815 5459 De
849 5404 1032 5459 Udone
1075 5402 1214 5457 infra
1244 5403 1457 5475 agitur:
1501 5407 1582 5458 De
1611 5407 1920 5459 Hermanno
1946 5419 2115 5475 supra

520 5486 721 5532 actum.
756 5478 809 5532 S.
846 5476 1130 5531 Altmanni
1150 5476 1268 5529 Vita
1302 5475 1481 5531 danda
1530 5483 1613 5529 est
1640 5484 1692 5529 8.
1744 5476 1992 5546 Augusti.
2030 5476 2111 5531 Ad

521 5548 665 5604 hunc
694 5563 822 5602 vero
856 5555 938 5600 est
966 5548 1193 5615 epistola
1227 5552 1310 5601 10.
1343 5546 1465 5601 libri
1496 5552 1549 5601 9.

591 5624 703 5686 (44)
754 5618 1022 5673 Adelbero
1064 5633 1190 5672 cum
1222 5621 1276 5670 S.
1333 5619 1630 5672 Altmanno
1676 5617 2115 5674 constantissime

519 5690 873 5745 schismaticis
895 5688 1112 5751 restitit,
1146 5695 1201 5741 et
1226 5688 1422 5761 saepius
1451 5698 1535 5743 est
1564 5688 1617 5743 in
1649 5690 1873 5761 exilium
1905 5691 2116 5761 pulsus,

519 5770 680 5832 atque
705 5776 847 5816 anno
895 5763 1335 5832 1090._mortuus
1364 5759 1419 5813 in
1452 5760 1811 5815 Lambacensi
1842 5759 2116 5824 coénobio,

520 5847 550 5885 a
581 5828 894 5903 parentibus
918 5828 1165 5885 condito.

2291 4627 2401 4687 (46)
2451 4623 2504 4676 Is
2554 4616 2636 4676 est
2678 4623 2737 4678 S.
2780 4616 2934 4691 Hugo
2963 4620 3170 4682 Abbas,
3197 4617 3354 4691 cujus
3384 4622 3523 4673 Acta
3554 4616 3806 4673 dedimus

2218 4699 2306 4749 29.
2341 4692 2561 4771 _Aprilis
2607 4708 2621 4745 :
2656 4701 2716 4771 et
2740 4690 2901 4771 supra
2929 4691 2997 4771 de
3027 4706 3091 4745 eo
3121 4690 3301 4771 agitur
3326 4705 3480 4771 num.
3524 4696 3626 4771 12,.
3660 4695 3734 4771 13_
3754 4698 3808 4744 et

2226 4773 2306 4820 14.
2341 4759 2549 4819 Extant
2577 4759 2825 4835 quinque
2861 4766 2915 4835 Si.
2947 4759 3194 4835 Gregorii
3232 4759 3300 4815 ad
3341 4761 3497 4835 illum
3543 4761 3805 4835 epistola.

2294 4840 2407 4903 (47)
2438 4833 2782 4891 Bernhardus
2800 4834 2985 4889 Abbas
3010 4835 3065 4888 S.
3107 4834 3339 4887 Victoris
3365 4833 3643 4895 Massilia,
3668 4848 3812 4887 crea-

2219 4916 2307 4963 tus
2353 4923 2442 4961 an.
2490 4910 2645 4960 1066.
2703 4904 2991 4960 defunctus
3033 4919 3121 4957 an.
3179 4904 3331 4957 1080.
3388 4918 3417 4957 a
3453 4904 3506 4958 S.
3549 4903 3812 4973 Gregorio

2220 4995 2347 5035 cum
2384 4977 2659 5033 Bernardo
2687 4976 2947 5031 Patavino
2978 4972 3303 5047 legatusad
3325 4974 3602 5047 Principes
3630 4972 3809 5047 Impe_-_

2220 5051 2312 5117 rii,
2356 5058 2410 5103 et
2454 5049 2507 5103 in
2549 5047 2871 5119 Hispaniam
2917 5042 3138 5117 propter
3180 5044 3461 5119 dissidinm
3502 5042 3810 5119 Berengarii

2222 5112 2447 5176 Comitis
2496 5112 2934 5174 Barcihonensis:
2994 5112 3187 5171 Extant
3245 5116 3513 5186 epistola3_
3549 5113 3687 5166 illius
3744 5112 3812 5168 ad

2223 5193 2413 5261 istum,
2445 5200 2500 5246 et
2526 5190 2593 5246 ad
2625 5189 2920 5245 monachos
2947 5184 3309 5261 Massilienses
3327 5188 3393 5243 de
3413 5200 3477 5239 eo
3501 5184 3556 5261 in_
3578 5199 3813 5261 quarum

2222 5253 2411 5318 altera'
2439 5262 2526 5317 lib.
2578 5268 2631 5317 6.
2678 5262 2833 5332 epist.
2882 5268 2964 5315 15.
2998 5260 3117 5332 illos
3140 5258 3387 5332 hortatur
3416 5264 3477 5310 ut
3505 5253 3813 5332 absentiam

2225 5334 2558 5415 suiAbbatis
2578 5325 2736 5415 mque
2766 5331 2943 5415 {erant
2964 5331 3149 5415 animo
3173 5331 3272 5415 ;_.in
3305 5328 3470 5384 altera
3505 5325 3598 5382 lib.
3640 5333 3694 5383 7.
3723 5342 3811 5399 ep.

2225 5413 2277 5460 8.
2302 5405 2447 5460 dolet
2475 5404 2541 5458 de
2573 5401 2721 5458 obitu
2748 5403 2991 5474 ejusdem
3022 5401 3266 5456 Abbatis.

2298 5481 2405 5541 (48)
2438 5478 2643 5544 Rapoto
2683 5469 2890 5528 videtur
2938 5489 3056 5528 esse
3101 5474 3275 5544 Comes
3304 5469 3610 5537 Palatinus,
3660 5470 3816 5541 cujus

2226 5545 2438 5602 obitum
2466 5543 2629 5600 rel'ert
2656 5546 3042 5616 Urspergensis
3069 5543 3137 5597 ad
3161 5557 3249 5594 an.
3288 5545 3440 5616 1_099.

2262 5624 2408 5700 .(49)
2461 5610 2786 5673 Adelbertus
2834 5610 2943 5700 sive
2983 5616 3246 5700 Albertus‘
3272 5610 3607 5700 .Cm'tt‘esuad
3639 5626 3816 5700 Δ(1011111

2228 5681 2448 5771 ejusque
2491 5703 2716 5742 uxorem
2767 5695 2914 5769 extat
2955 5683 3176 5768 epistola
3223 5690 3316 5763 '11.
3364 5684 3454 5738 lib.
3500 5687 3555 5738 2.
3606 5690 3659 5737 et
3697 5681 3830 5762 huic

2227 5761 2417 5816 similis
2448 5761 2647 5814 Comes
2670 5761 2891 5828 Imperii
2922 5762 3131 5828 Videtur
3154 5750 3325 5828 fuisse
3347 5754 3710 5828 Odalscalcus.
3741 5757 3818 5809 De

2230 5833 2315 5889 his
2341 5831 2514 5887 tribus
2534 5831 2641 5901 agit
2663 5826 2889 5901 epistola
2918 5834 3000 5883 10.
3034 5826 3127 5883 lib.
3157 5832 3210 5882 3.
3242 5826 3346 5883 sub
3374 5826 3563 5882 ﬁnem.
