4138 6190
304 272 369 319 65
1296 270 1818 325 PROLEGOMENA.
1862 301 1928 311 -
1967 274 2144 327 ACTA
2185 275 2239 329 S.
2283 274 2633 329 GREGORII.
3549 280 3616 331 66

374 398 466 447 50.
540 396 639 459 Et,
684 400 744 448 ut
782 391 971 447 nullus
1010 408 1171 448 sexus
1214 401 1582 464 pertranseat,
1641 395 1917 451 veniamus
1949 400 2001 463 Α
2026 416 2159 456 num
2187 396 2528 472 exspectavit,
2560 414 2668 470 quo
2715 402 3027 455 Romanam
3072 399 3387 467 Ecclesiam,
3434 411 3495 456 ut
3533 419 3616 457 ce-

299 486 468 541 etiam
508 485 579 542 ad
628 484 907 553 honestas,
962 494 1019 541 et
1075 494 1186 541 tam
1230 486 1487 559 religione
1534 503 1697 558 quam
1750 488 1910 544 etiam

293 580 631 635 secularium
663 595 849 635 rerum
878 580 1247 650 potentatibus
1290 581 1589 652 locupletes
1630 580 1903 649 mulieres,

297 673 573 743 Reginam
634 673 885 729 videlicet
936 679 1237 745 Agnetem,
1281 674 1526 746 ejusdem
1587 674 1907 745 iniquissimi

300 767 472 838 Regis
496 775 759 833 matrem,
800 774 855 821 et
884 782 1005 821 vere
1028 767 1326 835 Reginam;
1359 782 1481 839 qua:
1500 810 1514 834 ,
1537 769 1702 838 regali
1728 768 1909 824 diade-

228 866 231 869 λ
301 870 456 914 mate
484 860 726 924 dimisso,
754 859 1005 916 seculum
1041 860 1187 916 istud
1214 859 1500 927 deserens,
1543 861 1642 916 Dei
1686 862 1909 933 ejusque

304 954 499 1008 Matris
527 953 1025 1025 Apostolorumque
1062 954 1179 1026 ejus
1223 954 1361 1009 Petri
1404 964 1457 1009 et
1488 955 1637 1009 Pauli
1675 955 1909 1026 vestigiis

298 1046 755 1103 inremissibiliter
783 1047 1038 1112 adhaesit;
1067 1048 1369 1103 Beatricem
1414 1049 1654 1120 insuper,
1689 1047 1908 1120 ejusque

295 1140 696 1196 nobilissimam
736 1141 946 1212 prolem
996 1141 1353 1209 Matbildem;
1398 1158 1540 1214 quae,
1593 1143 1715 1197 licet
1753 1158 1909 1197 mun-

290 1232 438 1288 dana
489 1250 621 1289 cura
668 1237 886 1290 Ducum
943 1233 1219 1303 ofﬁcium,
1273 1235 1485 1291 Italiam
1529 1236 1904 1307 gubernando,

294 1336 589 1399 gesserunt
617 1334 699 1393 (ut
736 1328 993 1383 Debbora
1022 1329 1292 1397 ﬁnimirum
1323 1328 1532 1385 effectae
1552 1371 1566 1396 ,
1612 1344 1734 1399 quae
1764 1329 1909 1399 judi-

294 1437 427 1475 cans
470 1421 668 1486 lsraél,
711 1421 869 1476 Jabin
901 1438 1027 1477 cum
1066 1423 1180 1477 suis
1209 1422 1465 1479 omnibus
1502 1424 1556 1477 in
1601 1431 1903 1478 torrentem

294 1515 465 1569 Cison
498 1513 778 1586 dispersit)
819 1515 1032 1586 iniquos
1075 1515 1352 1571 multoties
1387 1515 1731 1572 confusibiles
1772 1532 1924 1571 conv

294 1608 567 1663 triverunt
608 1628 621 1660 :
665 1624 788 1679 quae
816 1608 1037 1679 quidem
1088 1609 1228 1664 inter
1266 1612 1571 1664 Dominum
1619 1612 1818 1680 Papam
1854 1618 1908 1664 et

292 1705 506 1774 Regem
547 1702 890 1757 mediatrices
930 1700 1175 1769 fuerunt,
1218 1711 1273 1758 et
1314 1705 1463 1775 regni
1510 1712 1714 1758 statum
1752 1720 1903 1758 com-

292 1811 500 1865 ponere
552 1804 606 1850 et
665 1795 992 1850 conﬁrmare
1034 1794 1359 1851 desideranti
1409 1795 1673 1851 desiderio
1718 1796 1903 1867 cupie-

290 1891 447 1943 bant.
483 1892 697 1944 Horum
723 1889 968 1943 omnium
993 1887 1334 1960 aliorumque
1354 1888 1713 1960 probabilium
1741 1891 1903 1945 totius

289 1982 626 2038 conditionis
675 1981 999 2037 testimoniis
1050 1998 1162 2038 non
1207 1984 1591 2055 acquiescere,
1636 1983 1769 2038 nihil
1820 1992 1901 2039 est

288 2076 440 2131 aliud
466 2091 632 2147 quam
663 2076 762 2131 Dei
792 2076 926 2132 iram
969 2075 1287 2146 promereri,
1333 2085 1712 2148 perpetuaeque
1748 2077 1904 2133 dam-

289 2170 530 2225 nationis
583 2170 764 2225 subire
821 2169 1167 2224 sententiam.
1240 2169 1342 2224 His
1403 2170 1582 2241 itaque
1641 2170 1707 2225 ad
1766 2172 1899 2227 tanti

289 2264 470 2319 Patris
529 2263 898 2319 innocentiam
963 2262 1357 2318 ostendendam
1420 2265 1896 2330 commemoratis.

289 2357 434 2412 illius
492 2357 659 2427 Regis
710 2357 960 2423 fraudes,
1020 2356 1470 2421 machinationes,
1534 2366 1587 2411 et
1624 2357 1897 2413 interdum

290 2452 456 2505 etiam
494 2450 551 2506 in
592 2452 646 2506 S.
699 2452 920 2506 Petrum
959 2450 1338 2516 contumelias,
1388 2460 1591 2507 nostrae
1628 2450 1898 2507 schedulae

290 2546 722 2617 coniungentes,
750 2560 846 2621 ~ne
884 2545 938 2599 in
1002 2544 1203 2599 erroris
1260 2544 1531 2599 tenebrosi
1594 2545 1896 2616 ignorantia

288 2639 425 2694 scire
454 2638 700 2694 volentes
736 2639 907 2709 iacere
934 2638 1334 2709 permittamus,
1362 2654 1460 2710 pro
1494 2638 1699 2693 viribus
1720 2648 1895 2709 erepta

288 2747 608 2805 sequamur.
1765 2765 1769 2770 ε

362 2833 455 2880 51.
517 2826 704 2881 Tertio
739 2824 899 2897 igitur
946 2825 1183 2880 Henrico
1224 2833 1443 2880 mortuo
1488 2824 1626 2894 (50),
1677 2832 1901 2895 quartus

289 2921 376 2975 ille
419 2921 691 2975 Henricus
734 2921 889 2986 Rex,
927 2919 1282 2989 permittente
1329 2923 1580 2974 Romano
1629 2917 1892 2972 Pontiﬁce

290 3016 535 3078 Victore,
567 3013 657 3085 qui
684 3021 814 3068 tunc
846 3012 1095 3068 morienti
1122 3026 1359 3083 praesens
1382 3020 1500 3067 erat
1519 3054 1533 3075 ,
1566 3009 1892 3067 hereditario

2021 504 2187 563 teras,
2226 494 2325 550 sibi
2363 494 2628 566 subjicere
2680 502 2863 564 posset
2922 513 2933 546 :
2984 493 3054 549 ad
3097 493 3243 564 quod
3303 503 3515 565 postea,
3557 506 3617 549 ut

2012 590 2186 662 reipsa
2236 588 2428 659 patuit,
2481 588 2673 643 annisu
2722 602 2829 657 quo
2872 587 3038 642 valuit
3080 595 3290 643 erectus
3331 596 3431 643 est.
3478 590 3614 643 Nam
3701 615 3704 619 “

2016 692 2236 739 mortuo
2278 680 2500 737 Nicolao
2533 682 2584 735 II
2633 682 2795 750 Papa,
2843 679 3366 751 subintroductoque
3411 689 3615 737 sancta

2018 776 2298 832 memoriae
2327 773 2633 830 Alexandro
2655 816 2672 842 ,
2702 774 2913 841 vesania
2949 790 3062 830 sum
3105 775 3302 829 mentis
3347 784 3616 846 arreptus,

2016 870 2328 927 haereticum
2356 867 2673 932 Cadaloum,
2708 869 3058 922 Parmensem
3094 868 3235 922 male
3265 867 3608 925 nominatum

2016 964 2369 1035 Episcopum,
2410 961 2533 1017 data
2564 977 2658 1033 per
2700 977 2922 1016 manum
2972 976 3127 1016 suam
3181 960 3515 1028 investitura,
3561 962 3615 1016 in

2016 1060 2217 1127 Papam
2246 1057 2454 1126 erigere
2500 1071 2611 1110 non
2640 1053 2969 1111 formidavit.
3021 1056 3245 1121 Verum,
3298 1054 3615 1111 cedentibus

2015 1150 2308 1213 omnibus,
2360 1158 2745 1204 controversus
2793 1152 2944 1213 Deo,
2991 1147 3137 1217 quod
3202 1147 3609 1217 deliberaverat,

2012 1259 2355 1316 nequaquam
2389 1242 2455 1298 ad
2488 1241 2745 1299 effectum
2781 1241 3071 1311 perducere
3102 1241 3298 1310 potuit.
3334 1242 3453 1309 Quo
3484 1249 3616 1297 tem-

2014 1352 2143 1407 pore
2175 1336 2391 1407 quantis
2433 1336 2502 1391 sit
2530 1334 2766 1406 paternis
2813 1334 3005 1389 litteris
3035 1332 3435 1400 commonitus,
3468 1334 3619 1406 ejus-7

2012 1429 2136 1484 dem
2172 1430 2341 1485 Patris
2365 1429 2659 1485 Alexandri
2690 1428 2805 1484 libri
2838 1429 2945 1498 (5t)
2992 1436 3275 1484 testantur.

2084 1529 2173 1578 52.
2208 1523 2306 1579 Cui
2341 1526 2497 1579 Pater
2516 1517 2837 1593 Gregorius,
2861 1532 3148 1593 postquam
3171 1512 3391 1576 Domini
3418 1520 3614 1577 volun—

2014 1625 2142 1685 tate,
2174 1615 2383 1688 fugiens
2431 1624 2486 1671 et
2526 1615 2781 1681 renitens,
2814 1614 3102 1671 succedere
3146 1624 3367 1670 coactus
3400 1623 3505 1681 est,
3555 1622 3615 1670 ut

2014 1710 2276 1779 decebat,
2350 1718 2572 1781 paterna
2633 1710 2784 1765 illum
2848 1708 3079 1763 visitavit
3136 1707 3625 1773 commonitione;

2014 1820 2176 1859 orans
2225 1812 2277 1858 et
2322 1804 2599 1874 postulans
2646 1812 2705 1857 ut
2754 1818 2851 1872 pro
2899 1817 3088 1856 amore
3135 1801 3380 1856 omnium
3426 1800 3609 1871 Regis,

2013 1897 2172 1953 etiam
2204 1913 2302 1968 pro
2351 1896 2430 1952 sui
2464 1904 2635 1951 status
2665 1895 2857 1961 salute,
2901 1911 2998 1967 pro
3039 1893 3237 1949 anima:
3284 1910 3400 1949 sua:
3431 1909 3613 1948 reme~

2012 1989 2129 2058 dio,
2160 1990 2227 2044 ab
2246 1989 2401 2056 actis,
2425 1989 2622 2061 quibus
2648 1989 2934 2060 oportebat
2965 1995 3174 2043 tantum
3203 1995 3402 2043 sanctae
3422 1986 3612 2042 Eccle-

2011 2083 2105 2138 siae
2135 2082 2303 2139 ﬁlium
2330 2091 2381 2139 et
2415 2082 2725 2138 membrum
2748 2082 3040 2149 abstinere,
3071 2080 3262 2153 pedem
3284 2079 3610 2142 retraheret;

2009 2185 2433 2247 agnosceretque
2465 2181 2672 2248 Regem
2700 2179 2921 2248 Regum
2951 2191 3113 2246 super
3138 2191 3195 2230 se
3225 2174 3607 2244 inspectorem,

2010 2272 2128 2341 qui,
2150 2270 2401 2327 cordium
2432 2270 2651 2326 consilia
2691 2279 2745 2326 et
2768 2269 3117 2326 tenebrarum
3156 2267 3468 2324 abscondita
3512 2284 3613 2323 eo-

2010 2380 2313 2435 gnoscens,
2362 2364 2652 2436 unicuique
2699 2362 3001 2419 secundum
3041 2378 3204 2433 opera
3259 2378 3355 2417 sua
3397 2360 3608 2427 reddit;

2008 2474 2203 2530 rogans
2248 2457 2411 2520 etiam
2462 2466 2520 2514 ut
2568 2456 2899 2513 consiliarios
2946 2455 3208 2527 pessimos
3233 2496 3247 2523 ,
3302 2454 3392 2527 qui
3438 2454 3611 2526 magis

2007 2568 2102 2607 sua
2132 2568 2297 2623 quam
2327 2568 2453 2607 eum
2494 2551 2787 2623 diligebant
2810 2593 2825 2617 ,
2858 2550 3160 2606 dimitteret
3192 2569 3203 2604 :
3237 2548 3492 2620 quoniam
3527 2558 3610 2603 ta-

2009 2645 2143 2701 lium
2217 2645 2453 2701 consiliis
2507 2644 2847 2709 consentire,
2896 2643 3024 2698 nihil
3076 2642 3221 2698 aliud
3266 2658 3383 2698 esse
3444 2656 3609 2713 quam

2008 2747 2247 2795 mortem
2276 2739 2551 2810 acquirere
2570 2780 2585 2805 ,
2618 2753 2957 2811 regnumque
2983 2736 3315 2803 subvertere,
3357 2743 3411 2790 et
3438 2735 3491 2790 in
3521 2733 3607 2790 fa-

2008 2831 2188 2886 bulam
2214 2831 2424 2887 cunctis
2471 2832 2719 2901 gentibus
2764 2832 2878 2885 ﬁeri
2930 2830 3088 2895 velle,
3136 2827 3490 2901 signiﬁcabat.
3524 2828 3611 2885 Ad

2003 2923 2106 2979 hoc
2136 2926 2245 2979 Rex
2273 2925 2384 2994 ipse
2410 2938 2704 2994 parumper
2732 2931 3046 2977 commotus
3092 2922 3293 2976 litteras
3342 2921 3609 2991 supplices

2004 3016 2137 3086 (52),
2188 3025 2242 3071 et
2291 3015 2466 3087 magis
2492 3016 2571 3087 (ut
2614 3022 2803 3088 postea
2832 3013 3044 3083 claruit)
3084 3013 3366 3083 subdolas,
3413 3028 3607 3068 emen-

283 3107 445 3179 jure,
479 3107 745 3163 nimirum
787 3122 939 3177 puer,
978 3106 1255 3162 successit.
1298 3104 1405 3161 Sed
1449 3105 1765 3172 (Salomone
1809 3113 1893 3159 at-
1929 3129 1973 3191 C
2004 3109 2279 3166 dationem
2310 3109 2728 3181 promittentes,
2759 3108 2922 3164 misit.
2960 3107 3152 3163 Allatis
3176 3107 3355 3178 itaque
3384 3106 3604 3174 litteris,

288 3210 553 3268 testante,
583 3209 639 3256 et
664 3200 873 3255 dicente
913 3220 924 3253 :
960 3202 1057 3256 Va:
1086 3200 1177 3254 tibi
1211 3208 1389 3266 terra,
1425 3199 1579 3271 cujus
1606 3202 1728 3254 Rex
1764 3214 1896 3267 puer

294 3305 408 3360 est,
441 3304 497 3350 et
528 3295 681 3367 cujus
708 3294 978 3365 principes
1009 3309 1167 3349 mane
1197 3292 1539 3358 comedunt!)
1573 3291 1641 3348 ad
1677 3292 1892 3347 destru-

294 3392 537 3444 ctionem
558 3388 642 3444 sui
663 3396 717 3442 et
745 3387 912 3443 totius
930 3387 1101 3459 regni,
1130 3385 1392 3458 quidquid
1421 3401 1653 3457 usquam
1682 3384 1897 3441 sceleris

292 3500 409 3540 esse
460 3490 635 3554 potest
682 3482 926 3553 patravit.
970 3482 1127 3537 Caeco
1179 3480 1345 3535 corde
1386 3480 1632 3551 petulans
1680 3482 1894 3535 Patrem

293 3594 405 3633 non
460 3576 676 3638 timuit,
736 3575 829 3631 sed
874 3574 1224 3631 reddentibus
1264 3574 1477 3629 cunctis
1523 3572 1894 3630 testimonium

295 3670 543 3742 pueritia:
561 3667 1002 3741 imperfectaque
1024 3668 1195 3732 aetati,
1221 3667 1492 3723 lasciviam
1516 3666 1632 3739 ejus
1660 3667 1894 3722 Romani

307 3763 601 3820 Pontiﬁces
655 3770 1073 3834 supportarunt;
1120 3761 1490 3817 existimantes
1536 3761 1685 3816 illum
1749 3760 1896 3815 virile

290 3857 553 3914 scandere
598 3865 849 3928 tempus,
901 3872 1010 3927 quo
1054 3855 1253 3927 corrigi
1293 3864 1475 3926 posset
1512 3870 1607 3926 per
1645 3869 1738 3918 se;
1786 3870 1896 3909 non

285 3951 634 4007 attendentes
676 3950 824 4022 quod
867 3950 1132 4021 scriptum
1175 3957 1257 4004 est
1298 3967 1311 4004 :
1348 3948 1453 4017 Qui
1491 3946 1662 4019 parcit
1701 3948 1893 4019 virgae,

287 4045 416 4101 odit
463 4043 635 4100 ﬁlium
668 4059 849 4098 suum.
882 4043 1134 4099 Nutritur
1154 4057 1392 4113 namque
1422 4040 1608 4097 vitium
1641 4060 1656 4095 :
1686 4048 1736 4096 et
1764 4040 1894 4096 dum

284 4154 479 4195 ramus
524 4146 675 4193 tener
718 4152 828 4193 non
872 4135 1167 4216 mundatur
1205 4143 1299 4191 aut
1326 4134 1592 4200 evellitur,
1630 4134 1684 4188 in
1717 4143 1895 4191 matu-

282 4234 507 4288 ritatem
546 4231 765 4287 veniens
789 4272 805 4297 ,
836 4246 1001 4286 manu
1041 4230 1124 4284 vix
1154 4238 1246 4285 aut
1283 4227 1430 4284 ferro
1457 4227 1783 4299 praeciditur.
1812 4228 1896 4283 Sic

288 4327 556 4382 nimirum
584 4325 703 4391 ille,
737 4324 1009 4397 majorum
1039 4323 1337 4379 ascendens
1374 4338 1595 4378 currum
1617 4364 1632 4390 ,
1677 4337 1897 4377 omnem

290 4419 601 4476 Ecclesiam
648 4417 976 4489 superbienti
1029 4417 1279 4473 calcaneo
1317 4431 1646 4487 supponere,
1690 4416 1899 4471 calcan-

2004 3211 2114 3258 tota
2184 3201 2418 3259 Ecclesia
2467 3202 2645 3259 laetata
2691 3210 2801 3267 est;
2849 3216 3068 3273 sperans
3120 3199 3496 3255 Sacerdotium
3556 3208 3629 3259 et,

2004 3301 2275 3369 Regnum,
2308 3296 2406 3353 Dei
2435 3295 2603 3368 gratia
2628 3294 3046 3352 coadunandum
3067 3335 3081 3360 ,
3129 3293 3198 3349 ad
3238 3292 3600 3366 purgandum,

2002 3405 2172 3446 omne
2198 3388 2429 3461 quodin
2476 3389 2587 3459 ipsa
2631 3388 2861 3459 sparsim
2896 3386 3251 3442 incumbebat
3293 3385 3603 3441 sordidum.

2001 3486 2153 3538 Tunc
2181 3481 2460 3537 communi
2506 3480 2735 3536 consilio
2764 3480 3051 3535 deﬁnitum
3095 3485 3177 3533 est
3222 3487 3285 3533 ut
3314 3494 3414 3548 pro
3458 3487 3605 3533 tanta

2002 3591 2183 3637 causa,
2216 3583 2439 3647 tamque
2466 3578 2585 3629 Deo
2613 3574 2773 3645 digna
2801 3573 3039 3641 ratione,
3071 3573 3251 3643 Agnes
3292 3579 3466 3626 mater
3492 3571 3607 3641 ejus

2004 3673 2267 3741 Augusta,
2301 3684 2405 3724 una
2436 3683 2562 3723 cum
2592 3666 2991 3722 venerabilibus
3017 3664 3300 3735 Episcopis
3321 3706 3336 3732 ,
3367 3663 3605 3719 Ostiensi

2007 3762 2253 3818 videlicet
2276 3769 2329 3817 et
2353 3760 2710 3827 Praenestino,
2741 3776 2770 3815 a
2796 3761 2961 3815 latere
2981 3757 3202 3814 Domini
3227 3761 3388 3828 Papae
3407 3756 3608 3826 missis,

2004 3857 2110 3925 (53)
2138 3859 2348 3927 Regem
2374 3871 2499 3910 cum
2519 3852 2853 3926 Apostolicis
2877 3852 3067 3908 litteris
3094 3852 3284 3919 adiret,
3328 3859 3415 3917 ut,
3456 3858 3604 3905 tanta

2006 3949 2361 4020 promissione
2382 3948 2716 4021 percognita,
2739 3953 2953 4002 certum
2979 3946 3145 4001 ﬁnem
3165 3945 3323 4001 malae
3345 3944 3420 4000 rei
3432 3943 3607 3999 hacte-

2004 4057 2108 4098 nus
2169 4042 2475 4097 commissa:
2536 4041 2819 4112 imponere
2862 4039 3040 4095 vellet.
3103 4040 3277 4108 Quam
3328 4042 3443 4093 Rex
3492 4038 3606 4109 ipse

2002 4152 2130 4192 cum
2161 4136 2482 4193 memoratis
2507 4134 2834 4205 Apostolicis
2860 4133 3062 4189 nuntiis
3089 4131 3384 4188 honoriﬁce
3417 4147 3607 4187 susce-

2006 4230 2082 4301 pit
2113 4250 2124 4285 :
2152 4244 2506 4299 reversusque
2535 4228 2602 4284 ad
2633 4244 2749 4296 cor,
2775 4236 2836 4283 ut
2853 4227 3067 4299 justum
3090 4225 3214 4293 fuit,
3260 4226 3314 4280 in
3351 4226 3607 4281 omnibus

2006 4327 2123 4379 Deo
2149 4331 2203 4378 et
2241 4327 2296 4379 S.
2345 4324 2507 4377 Petro
2557 4320 2837 4392 satisfecit.
2887 4319 3160 4391 Quidquid
3205 4320 3366 4376 etiam
3415 4318 3605 4389 Legati

2009 4417 2113 4472 sibi
2140 4423 2623 4487 superposuerunt,
2657 4414 2963 4471 humillima
2989 4421 3173 4469 mente
3215 4422 3432 4484 portare
3477 4428 3605 4483 pro-

297 4513 533 4584 demque
582 4512 855 4584 praebere,
902 4511 1062 4567 vilem
1102 4519 1165 4567 ut
1219 4510 1495 4577 ancillam,
1549 4526 1648 4581 pro
1706 4508 1904 4564 viribus
1931 4503 1981 4565 D
2017 4510 2163 4565 misit
2204 4509 2259 4563 in
2296 4508 2548 4564 manibus
2577 4523 2791 4571 eorum,
2863 4507 2931 4564 de
2981 4514 3160 4563 cetero
3206 4521 3264 4561 se
3311 4504 3608 4572 custodire,

295 4607 619 4662 conabatur.
659 4605 819 4677 Quod
873 4605 1049 4661 scelus
1094 4608 1344 4660 Romana
1389 4604 1631 4659 Ecclesia
1677 4619 1790 4659 non
1819 4602 1895 4658 fe-

292 4716 455 4766 rens,
504 4715 628 4771 qua:
657 4706 818 4769 caput
844 4698 1013 4753 totius
1060 4696 1356 4769 Religionis
1384 4706 1439 4752 et
1480 4697 1733 4769 magistra
1781 4704 1896 4764 est;

293 4802 353 4850 et
390 4793 477 4849 cui
507 4800 735 4848 cunctos
765 4791 930 4847 seculi
959 4799 1208 4863 potentes
1238 4806 1349 4862 prae
1373 4789 1570 4847 ceteris
1599 4790 1895 4862 corrigere,

293 4888 715 4957 vacillantesque
734 4885 1069 4963 consolidare
1098 4885 1377 4957 proprium
1396 4893 1498 4952 est,
1520 4884 1636 4956 ipso
1660 4884 1899 4939 Domino

296 4980 644 5052 praecipiente
689 4979 953 5050 Apostolo
983 4980 1141 5034 Petro
1183 4997 1195 5032 :
1236 4980 1306 5033 Et
1333 4985 1393 5033 tu
1434 4977 1719 5049 aliquando
1767 4993 1895 5033 cou-

299 5088 509 5139 versus,
562 5071 827 5128 conﬁrma
872 5071 1067 5128 fratres
1102 5080 1265 5138 tuos;
1299 5071 1488 5126 litteris
1530 5086 1655 5127 eum
1701 5085 1903 5126 conve-

304 5167 439 5233 nire,
486 5173 543 5222 et
586 5165 1056 5223 commonefacere
1085 5175 1140 5223 et
1167 5164 1455 5238 praedicare
1503 5165 1688 5236 coepit.
1737 5164 1902 5236 Cujus

304 5260 502 5315 collum
546 5259 746 5315 Christi
784 5260 979 5332 jugum
1022 5258 1167 5315 ferre
1195 5258 1459 5327 nescium,
1493 5257 1755 5314 libertatis
1790 5273 1902 5313 suae

310 5352 525 5409 arbitrio
556 5352 896 5417 induratum,
929 5352 1032 5408 hac
1056 5353 1283 5425 illacque
1323 5350 1617 5409 avertendo
1641 5348 1898 5423 diffugit;

308 5461 451 5501 novo
472 5455 689 5519 pectore
714 5464 853 5504 nova
876 5461 1100 5503 versans
1132 5447 1374 5516 consilia,
1409 5455 1624 5517 tempus
1652 5453 1903 5518 opportu-

378 5606 480 5677 (50)
509 5606 615 5663 Die
645 5615 696 5665 5.
742 5606 1000 5665 Octobris
1026 5622 1169 5664 anno
1200 5612 1358 5663 1056.
1402 5606 1692 5663 Borfeldiae
1735 5622 1902 5677 prope

308 5678 615 5735 Herciniam
644 5680 852 5736 silvam.

306 5750 862 5887 3’(751‘;Iitg’tjssimum
894 5752 985 5811 lib.
1027 5759 1079 5810 2.
1113 5768 1198 5825 ep.
1235 5758 1322 5819 3o,
1348 5758 1402 5807 et
1425 5756 1484 5807 31
1523 5769 1537 5818 ;
1579 5750 1673 5806 lib.
1714 5756 1763 5806 3.
1812 5764 1898 5821 ep.

2007 4619 2306 4673 omnesque
2354 4602 2698 4659 Simoniacos
2732 4601 3015 4671 malosque
3043 4599 3383 4655 consiliarios
3407 4606 3485 4654 'et
3510 4614 3609 4654 ex-

2007 4696 2441 4753 communicatos
2469 4712 2498 4751 a
2544 4712 2602 4751 se
2633 4695 2819 4767 procul
2846 4693 3136 4765 repellere,
3186 4701 3241 4749 et
3268 4694 3368 4749 Dei
3423 4694 3605 4748 Eccle-

2007 4792 2167 4858 siam,
2200 4788 2501 4845 secundum
2532 4789 2862 4845 Canonicam
2890 4786 3305 4855 institutionem,
3343 4803 3439 4857 per
3471 4802 3609 4842 con—

2009 4883 2191 4939 silium
2225 4885 2383 4954 Papm
2430 4881 2786 4939 ordinandam
2828 4880 3375 4954 componendamque
3422 4879 3605 4936 dimit-

2007 4987 2138 5033 tere.
2168 4977 2267 5032 His
2283 4976 2501 5048 aliisque
2520 4976 2692 5032 causis
2729 4975 3120 5043 determinatis,
3148 4974 3216 5031 ad
3234 4973 3609 5047 Apostolicum

2010 5071 2205 5126 reversi
2230 5079 2372 5126 sunt.

2081 5171 2169 5220 53.
2210 5167 2325 5220 Rex
2358 5179 2575 5237 quoque
2619 5178 2870 5221 reversus
2898 5172 2981 5219 est
3007 5162 3072 5219 ad
3109 5162 3298 5219 eadem
3330 5161 3609 5217 volutabra

2010 5258 2207 5330 quibus
2248 5257 2447 5313 involvi
2491 5266 2812 5325 consuerat;
2857 5256 3083 5314 credens
3111 5256 3385 5312 'nimirum
3436 5254 3611 5327 magis

2008 5367 2123 5407 suae
2149 5350 2452 5407 blandienti
2475 5351 2739 5407 voluntati
2767 5351 3031 5422 malisque
3060 5349 3383 5406 consiliariis
3402 5390 3415 5413 ,
3446 5363 3610 5421 quam

2009 5461 2154 5502 sana;
2202 5445 2459 5517 religioni.
2508 5444 2593 5501 Ad
2639 5445 2786 5517 quod
2832 5443 3219 5517 corrigendum
3271 5451 3448 5500 mater
3494 5443 3612 5514 ejus

2084 5610 2191 5677 (52)
2224 5608 2423 5661 Extant
2459 5604 2543 5661 ha:
2574 5605 2765 5664 littera:
2813 5603 2957 5677 apud
2984 5604 3282 5662 Baronium
3307 5619 3395 5659 an.
3448 5607 3606 5658 1073.

2011 5684 2563 5816 “gafgiambertus
2606 5746 2960 5820 Scafnaburg.
2983 5747 3187 5820 asserit
3212 5749 3403 5820 Regem
3422 5784 3441 5812 ,
3473 5745 3608 5820 cele-

2015 5815 2183 5879 brata
2212 5823 2267 5876 in
2294 5822 2604 5890 Bamberga
2636 5820 2888 5878 Paschali
2911 5815 3252 5873 solemnitate
3281 5815 3612 5889 Nuremberg
