4138 6190
511 238 576 289 67
1732 229 1787 284 S.
1830 228 2213 283 GREGORIL’S
2258 229 2344 282 νυ
2386 229 2578 282 PAPA.
3742 226 3811 277 68

509 363 755 431 Augusta
775 357 972 414 iterum
1000 374 1030 413 a
1062 356 1202 414 Sede
1227 358 1477 410 Romana
1504 353 1666 409 missa
1686 361 1769 408 est
1799 368 1812 403 :
1845 368 1970 407 cum
1998 366 2105 422 quo
2134 362 2186 420 Α
2210 366 2377 421 quam
2409 349 2651 406 infanda
2677 350 3048 422 permistionis
3073 348 3266 404 lolium
3308 348 3548 420 protulit.
3594 347 3814 402 Monuit

418 456 423 459 ⁴
509 460 756 525 tempore
785 452 964 523 aliquo
1009 456 1354 515 conversata,
1404 455 1605 503 sancta
1635 446 1825 502 Matris
1854 445 2107 500 Ecclesia

508 562 634 620 erga
660 548 813 602 illum
839 545 1098 601 affectum
1130 558 1350 598 omnem
1377 542 1605 613 aperuit.
1641 540 1737 595 Ille
1754 555 1879 593 vero
1897 538 2103 611 jactum

508 640 657 696 verbi
704 655 887 696 semen
943 637 1124 693 cordis
1161 652 1291 709 agro
1344 635 1575 705 recepit;
1631 632 1755 700 sed,
1802 631 2106 687 secundum

510 734 888 804 Evangelicam
921 731 1255 803 parabolam,
1288 728 1423 784 dum
1448 736 1628 782 mater
1657 726 1823 791 serit,
1854 725 1999 781 aliud
2022 742 2106 780 ce-

507 826 637 883 cidit
660 841 817 882 seeus
846 824 1013 890 viam,
1048 823 1197 896 quod
1219 830 1332 877 tam
1364 821 1623 877 humanis
1671 820 1944 892 gressibus
1972 834 2108 873 con-

506 920 798 986 culcatum,
828 934 996 990 quam
1024 934 1054 972 a
1082 915 1392 971 volucribus
1420 923 1504 970 est
1532 923 1782 985 raptum;
1809 912 1952 968 aliud
1984 928 2107 967 vero

508 1013 651 1069 inter
679 1014 886 1085 spinas,
916 1021 972 1067 et
996 1010 1066 1066 ab
1091 1009 1294 1065 exortis
1316 1008 1673 1073 suffocatum,
1706 1006 1942 1061 fructum
1971 1004 2108 1060 ferre

507 1123 619 1163 non
644 1107 843 1173 valuit;
877 1104 1022 1159 aliud
1050 1120 1178 1159 vero
1206 1119 1368 1174 super
1411 1100 1603 1174 lapidei
1634 1100 1814 1156 cordis
1853 1098 2108 1154 duritiam

507 1200 730 1271 iactum,
780 1198 1036 1254 adustum
1084 1197 1215 1252 solis
1253 1195 1467 1259 ardore,
1510 1194 1717 1250 radices
1757 1191 1957 1248 habere
1998 1207 2110 1247 non

508 1293 702 1364 potuit.
743 1293 846 1347 Per
893 1293 1163 1346 humanos
1229 1289 1448 1361 quidem
1513 1303 1764 1361 gressus,
1836 1286 2109 1341 malorum

509 1385 832 1452 hominum,
881 1385 1077 1457 quibus
1105 1384 1379 1447 utebatur,
1412 1382 1670 1449 consilia;
1719 1397 1816 1452 per
1860 1380 2109 1435 volucres

508 1494 655 1545 vero,
688 1477 1101 1533 immundorum
1127 1477 1415 1549 spirituum
1442 1474 1847 1548 suggestiones;
1878 1488 1971 1544 per
1999 1472 2105 1543 spi-

506 1588 605 1627 nas
642 1587 791 1640 vero,
820 1571 1032 1627 divitias
1081 1571 1365 1643 regiasque
1392 1570 1728 1640 voluptates,
1777 1583 1872 1639 per
1898 1574 2109 1637 petram

508 1682 657 1733 vero,
685 1665 941 1721 duritiam
984 1664 1164 1720 cordis
1192 1662 1509 1738 signiﬁcari,
1541 1661 1841 1733 intelligere
1890 1659 2112 1730 quilibet

506 1766 755 1815 sensatus
802 1758 1018 1830 poterit.
1065 1760 1285 1813 Moram
1340 1766 1525 1812 autem
1569 1754 1801 1811 faciente
1856 1752 2065 1824 Regina
2093 1793 2108 1819 ,

504 1868 628 1907 suas
649 1852 847 1907 iterum
877 1852 1083 1908 litteras
1113 1855 1256 1923 Papa
1290 1851 1476 1918 misit,
1506 1859 1567 1905 ut
1596 1851 1822 1905 instaret
1868 1846 2030 1901 verbo
2057 1854 2111 1900 ct

505 1945 805 2001 liberationi
828 1945 921 2000 ﬁlii
945 1968 959 2012 ;
984 1946 1270 2017 ipsumque
1288 1944 1500 2015 rogavit
1533 1951 1612 2010 ut,
1641 1939 2109 2014 quemadmodum

506 2038 565 2093 in
599 2039 787 2093 litteris
815 2038 919 2094 sibi
970 2038 1098 2094 olim
1143 2038 1323 2093 missis
1362 2038 1470 2107 (54)
1503 2034 1904 2100 continebatur,
1936 2035 2108 2102 Lega-

506 2140 799 2203 torumque
829 2132 884 2186 iu
915 2132 1166 2187 manibus
1195 2130 1485 2202 promissio
1515 2139 1568 2186 et
1601 2128 1736 2185 ﬁdes
1764 2127 1891 2183 data
1921 2134 2110 2181 osten-

506 2224 678 2294 derat,
732 2225 806 2280 sic
848 2241 907 2280 se
956 2225 1287 2293 custodiret;
1328 2235 1383 2281 et
1431 2224 1670 2279 maxime
1725 2238 1754 2277 a
1799 2218 2110 2276 Simoniaca

506 2318 727 2387 haresi,
773 2336 879 2391 qua
926 2319 1248 2387 insudabat,
1297 2313 1544 2391 spiritum
1593 2332 1754 2373 suum
1794 2313 2106 2378 cohiberet;

506 2414 1013 2469 excommunicatos
1059 2413 1432 2480 consiliarios,
1463 2428 1602 2483 quos
1649 2426 1749 2482 pro
1792 2408 1966 2464 salute
2012 2420 2107 2460 sua

505 2505 768 2577 regnique
813 2514 958 2563 statu
1003 2507 1322 2579 Apostolica
1364 2505 1531 2562 Sedes
1572 2514 1626 2560 et
1669 2501 1922 2575 Synodus
1963 2499 2111 2571 juste

507 2597 879 2668 damnaverat,
912 2601 1101 2672 procul
1128 2600 1421 2671 abjiceret,
1453 2615 1519 2654 ne
1546 2598 1604 2653 in
1650 2596 1901 2653 eamdem
1943 2592 2111 2648 male-

507 2694 801 2749 dictionem
841 2694 1126 2750 incideret.
1171 2694 1378 2767 Regina
1412 2696 1653 2748 Romam
1692 2698 2004 2751 revertens,
2044 2684 2110 2739 ﬁ-

508 2786 639 2843 lium
685 2788 752 2843 ad
802 2787 899 2843 Dei
919 2788 1187 2859 justitiam
1229 2796 1285 2843 et
1322 2787 1586 2842 honorem
1632 2785 1945 2840 inclinatum
1995 2781 2113 2836 fore

507 2881 735 2937 asseruit
769 2882 894 2937 :cui
936 2898 1048 2938 non
1077 2882 1251 2937 multo
1298 2890 1421 2953 post
1459 2880 1729 2935 vacillanti
1771 2876 2107 2933 blandientes

507 2983 562 3031 et
590 2975 800 3031 idonea
833 2976 1035 3031 littera
1069 2976 1155 3030 bis
1176 2976 1360 3029 missa
1390 2982 1522 3029 sunt
1547 2973 1676 3043 (55).

2212 443 2463 515 equidem
2495 447 2702 516 Regem
2724 485 2738 511 ,
2770 445 2992 499 interim
3035 459 3093 500 se
3123 443 3191 498 ab
3216 442 3386 498 armis
3432 440 3812 513 suspenderat,

2212 538 2389 593 donec
2417 554 2445 592 e
2476 540 2755 593 Saxonum
2800 537 3047 608 partibus
3092 536 3318 592 nuntios
3354 534 3582 590 haberet
3628 555 3641 591 z
3694 538 3815 589 Rex

2214 646 2363 699 vero,
2410 647 2520 685 non
2567 632 2910 702 acquiescens
2953 630 3144 685 litteris
3189 638 3243 684 et
3284 627 3815 684 commonitionibus

2214 724 2431 792 Patris,
2482 733 2654 779 terras
2708 724 2961 780 Saxonia
3014 724 3273 790 intravit;
3319 722 3408 778 ubi
3471 739 3536 778 ex
3584 731 3816 793 utraque

2216 826 2387 888 parte,
2434 817 2720 875 hominum
2770 819 3000 889 peccatis
3040 817 3413 889 exigentibus,
3460 816 3669 885 multus
3710 816 3812 870 hu-

2216 926 2411 966 manus
2438 913 2657 984 sanguis
2700 911 2909 967 effusus
2956 920 3055 967 est.
3106 912 3274 983 Regis
3311 894 3495 966 tamen
3534 912 3587 964 in
3631 910 3817 964 maui-

2216 1003 2336 1073 bus,
2356 1004 2508 1076 justo
2539 1006 2638 1061 Dei
2675 1006 2909 1077 judicio,
2942 1005 3161 1061 victoria
3190 1005 3314 1061 data
3358 1004 3491 1075 (56),
3543 1019 3641 1075 pro
3685 1020 3816 1075 qua,

2216 1098 2317 1153 sub
2369 1098 2618 1154 manibus
2670 1099 2897 1154 Domini
2954 1099 3229 1154 humiliari
3273 1097 3498 1163 debuit,
3554 1106 3817 1169 tanquam

2216 1191 2412 1261 ignitus
2458 1198 2512 1247 et
2571 1193 2763 1263 spiritu
2810 1192 3059 1248 elationis
3102 1193 3353 1259 inﬂatus,
3403 1200 3589 1245 contra
3636 1191 3816 1263 ipsum

2216 1285 2495 1340 intumuit.
2528 1288 2667 1341 Nam
2694 1295 2886 1342 cuncta
2914 1301 3039 1358 qua
3071 1286 3281 1358 pridem
3315 1301 3409 1357 per
3436 1287 3693 1351 Matrem,
3721 1301 3819 1355 per

2224 1379 2541 1451 Episcopos,
2583 1396 2676 1451 per
2721 1380 2979 1445 Clericos,
3012 1396 3108 1451 per
3136 1394 3462 1436 communes
3504 1377 3723 1433 nuntios
3763 1386 3821 1433 et

2216 1472 2451 1543 privatos
2495 1483 2650 1529 antea
2690 1475 3016 1545 promiserat
3059 1493 3074 1529 :
3132 1472 3517 1544 postmodum,
3563 1471 3689 1542 quia
3728 1487 3818 1527 se-

2216 1582 2402 1635 curus,
2456 1568 2513 1642 in
2556 1568 2773 1623 irritum
2818 1568 2992 1624 duxit.
3028 1567 3309 1640 Siquidem
3350 1567 3634 1635 Ecclesias,
3684 1581 3818 1637 quas

2220 1659 2273 1713 in
2300 1662 2548 1716 manibus
2579 1661 2800 1717 Domini
2836 1666 2997 1733 Papa
3018 1660 3361 1731 corrigendas
3386 1661 3489 1715 sub
3503 1661 3819 1732 juramento

2224 1764 2498 1825 posuerat,
2536 1772 2650 1810 non
2695 1756 2875 1811 solum
2920 1773 3032 1810 non
3076 1756 3320 1820 dimisit;
3370 1770 3557 1809 verum
3608 1754 3818 1822 etiam,

2217 1858 2404 1903 contra
2434 1848 2728 1905 decretales
2791 1852 3019 1904 Patrum
3065 1848 3461 1915 institutiones,
3493 1848 3821 1920 quibusdam

2218 1941 2478 1997 adulteris
2521 1952 2576 1998 et
2605 1944 2928 1999 Simoniacis
2965 1944 3067 1999 sub
3112 1943 3428 1998 investitura
3469 1941 3814 1998 contradidit.

2219 2037 2368 2091 Inter
2394 2054 2529 2107 quos
2558 2038 2717 2092 etiam
2751 2037 3094 2096 Gotefridum
3124 2036 3231 2107 (57)
3258 2078 3272 2102 ,
3303 2045 3527 2107 pr0pter
3562 2036 3821 2092 Ecclesia

2220 2129 2643 2187 Mediolaneusis
2687 2131 3022 2187 invasionem
3054 2131 3602 2187 excommunicatum
3630 2172 3642 2193 ,
3677 2130 3822 2202 ejus-

2219 2222 2344 2277 dem
2369 2223 2665 2281 invasionis
2693 2224 2958 2280 adulterio
2985 2224 3286 2292 investivit;
3320 2224 3523 2280 Altono
3551 2224 3658 2295 (58)
3691 2240 3820 2279 cum

2223 2316 2366 2386 Papa
2414 2326 2696 2384 morante,
2736 2334 2904 2389 quem
2942 2318 3409 2389 archiepiscopum
3460 2316 3652 2372 melior
3695 2332 3821 2388 pars

2220 2410 2384 2477 cleri,
2431 2420 2485 2466 et
2531 2412 2715 2482 populi
2760 2428 2921 2467 suum
2967 2411 3269 2467 Dominum
3313 2411 3603 2483 elegerant.
3655 2408 3822 2466 Dedit

2220 2503 2387 2559 etiam
2416 2505 2752 2572 Firmanam,
2783 2514 2837 2561 et
2862 2507 3211 2577 Spoletanam
3248 2506 3471 2576 (59).....

2809 2636 3052 2691 CAPUT
3099 2637 3223 2691 VII.

2217 2762 2467 2829 Synodus
2502 2765 2677 2817 Roma
2705 2779 2739 2815 α
2777 2762 3027 2831 Gregorio
3070 2762 3341 2816 celebrata
3384 2766 3577 2815 contra
3618 2764 3820 2816 Ηθηνί-

2400 2860 2618 2910 cz’anum
2658 2854 3083 2910 conventiculum
3114 2857 3405 2925 Moguntz'aa
3445 2860 3639 2909 actum.

2291 2978 2381 3028 55.
2404 2974 2505 3028 His
2530 2984 2713 3029 autem
2732 2974 2800 3029 ad
2821 2974 3191 3045 Apostolicam
3215 2974 3407 3030 Sedem
3427 2976 3663 3045 perlatis,
3679 2977 3819 3046 Papa

581 3075 667 3123 54.
700 3069 798 3123 lllo
824 3068 1042 3139 quidem
1089 3078 1337 3139 tempore
1362 3069 1629 3131 Saxones,
1666 3065 1925 3135 quoniam
1957 3061 2108 3115 vide-
2145 3083 2188 3145 ρ
2219 3067 2518 3137 Gregorius
2577 3083 2687 3122 non
2758 3067 3033 3123 modicum
3095 3068 3455 3124 conturbatus
3499 3077 3595 3123 est.
3642 3069 3823 3140 Capit

509 3160 639 3215 bant
663 3161 729 3215 ab
754 3176 819 3215 eo
844 3176 901 3215 se
927 3160 1156 3215 nimium
1187 3159 1479 3215 crudeliter
1505 3157 1745 3224 tractari,
1784 3155 2111 3211 unanimiter

511 3244 959 3324 conspiraverunt
1020 3261 1080 3309 ut
1134 3268 1232 3325 pro
1289 3254 1440 3325 Rege
1498 3252 1649 3306 illum
1711 3250 1941 3320 amplius
2002 3264 2113 3303 non

511 3346 795 3403 baberent.
840 3349 996 3403 Tunc
1042 3356 1267 3403 coactus
1312 3346 1582 3418 supplices
1623 3345 1689 3401 ad
1737 3343 2110 3416 Apostolicum

510 3439 715 3497 litteras
741 3440 967 3510 direxit,
1016 3457 1178 3497 orans
1208 3451 1269 3497 ut
1295 3441 1411 3497 suis
1437 3440 1779 3496 orationibus
1824 3452 2109 3494 commen-

507 3533 697 3589 datum
724 3536 1019 3607 susciperet
1046 3544 1307 3605 quatenus
1335 3550 1461 3590 eum
1486 3534 1553 3589 de
1581 3542 1694 3588 tam
1718 3532 1993 3587 horrendo
2023 3545 2114 3601 pa-

508 3627 791 3699 vendoque
811 3628 1020 3699 judicio
1052 3629 1159 3699 iam
1191 3627 1519 3693 imminenti,
1551 3627 1663 3682 suis
1688 3625 1893 3681 meritis
1915 3624 2109 3680 excelsi

509 3720 672 3790 Regis
702 3721 906 3776 dextra
936 3721 1189 3791 eriperet;
1223 3721 1422 3776 iterum
1452 3722 1760 3790 iterumque
1788 3718 2113 3789 promittens

508 3813 583 3867 nil
633 3829 875 3883 unquam
920 3814 1153 3885 amplius
1193 3813 1261 3869 de
1310 3814 1550 3870 ecclesiis
1598 3814 1700 3868 Dei
1747 3811 1926 3867 facere
1963 3811 2110 3882 quod

510 3906 679 3962 sancti
700 3907 955 3963 Canones
979 3907 1377 3978 reprehendere
1407 3915 1647 3979 possent.
1673 3906 1839 3977 Cujus
1861 3904 2113 3977 precibus

514 4009 695 4056 motus
741 4001 885 4071 Papa
937 4000 1144 4057 eisdem
1192 4002 1497 4057 Saxonibus
1543 4000 1748 4055 litteras
1799 4009 1850 4054 et
1892 3998 2110 4054 nuntios

511 4093 690 4149 misit:
719 4104 772 4149 et
799 4094 941 4150 circa
965 4093 1214 4167 ejusdem
1254 4096 1423 4164 Regis
1460 4094 1662 4151 radices
1688 4091 1901 4150 fodiens
1920 4134 1933 4158 ,
1966 4108 2103 4164 pra-

510 4185 803 4242 dicationis
853 4203 968 4244 sua
1014 4188 1282 4258 cophinos
1326 4188 1495 4255 misit,
1546 4195 1862 4260 exspectans
1902 4187 2106 4242 scilicet

511 4289 575 4335 ut
602 4296 822 4352 grossos
850 4296 916 4337 ex
935 4281 1042 4338 ﬁcu
1052 4269 1322 4354 .colligere
1345 4291 1545 4353 posset.
1576 4282 1705 4349 Sed,
1728 4281 1873 4337 unde
1891 4297 2109 4337 sumere

514 4372 761 4431 humoris
807 4375 938 4431 boni
979 4376 1363 4447 plenitudinem
1392 4376 1601 4444 debuit,
1628 4376 1749 4431 inde
1795 4381 1918 4447 post
1959 4391 2104 4429 mar-

2223 3159 2427 3214 interea
2478 3161 2668 3231 agitari
2728 3161 2911 3216 multis
2970 3161 3429 3217 sollicitudinibus
3494 3180 3505 3216 :
3560 3163 3822 3233 quoniam

2223 3260 2417 3308 cuncta
2464 3270 2588 3325 qua
2624 3254 2691 3309 ad
2727 3270 2913 3325 pacem
2977 3256 3262 3327 provenire
3308 3265 3637 3327 speraverat,
3684 3257 3819 3313 verti

2224 3346 2278 3400 in
2306 3348 2575 3403 contraria
2644 3348 3017 3419 perspiciebat.
3067 3350 3311 3405 Tandem
3357 3365 3547 3404 causas
3593 3350 3821 3421 aliquas,

2224 3440 2323 3494 sibi
2350 3458 2443 3512 per
2472 3442 2738 3512 quosdam
2768 3444 2999 3515 Legatos
3026 3453 3231 3497 secrete
3274 3443 3465 3498 missas
3496 3444 3823 3515 quibusdam

2225 3536 2469 3604 personis
2512 3535 2865 3606 honestisque
2904 3537 3033 3591 viris
3085 3536 3371 3607 patefecit;
3421 3545 3483 3591 ut
3532 3537 3825 3609 perpende-

2224 3637 2343 3683 rent
2370 3628 2499 3699 quid
2528 3645 2692 3701 super
2728 3630 2815 3685 his
2841 3630 3193 3685 statuendum
3227 3629 3386 3685 foret.
3418 3630 3604 3685 Tantis
3641 3631 3823 3703 itaque

2224 3721 2698 3791 promissionihus,
2729 3724 2842 3778 imo
2868 3724 3307 3779 simulationibus
3328 3725 3604 3795 inspectis,
3630 3741 3822 3780 omnes

2222 3814 2402 3870 mirari
2435 3825 2735 3887 coeperunt.
2779 3819 3005 3884 Verum,
3049 3833 3116 3872 ne
3170 3819 3423 3873 Romana
3464 3818 3629 3874 Sedes
3679 3818 3823 3874 vide-

2223 3916 2370 3963 retur
2398 3910 2605 3979 aliquid
2636 3909 2834 3982 injuste
2862 3927 2958 3966 seu
2986 3911 3385 3981 pracipitanter
3411 3927 3592 3983 agere,
3620 3911 3819 3968 deﬁni-

2221 4010 2340 4056 tum
2370 4011 2450 4058 est
2477 4013 2536 4058 ut
2565 4004 2741 4060 eidem
2768 4005 2899 4077 Regi
2933 4005 3166 4060 acriores
3190 4005 3381 4060 littera
3425 4004 3816 4073 scriberentur,

2213 4086 2269 4149 in
2300 4096 2501 4167 quibus
2547 4098 2703 4169 plene
2749 4107 3104 4171 cognosceret
3132 4100 3284 4155 nullo
3329 4100 3528 4154 timore
3565 4115 3822 4156 amoreve

2210 4189 2477 4262 justitiam
2537 4191 2812 4247 dimittere
2885 4207 3044 4263 posse
3127 4195 3443 4247 Romanum
3517 4194 3816 4250 Pastorem.

2217 4284 2444 4355 Scripsit
2471 4292 2654 4340 autem
2680 4283 2750 4340 ad
2791 4286 3097 4341 Beatricem
3129 4286 3355 4358 ejusque
3398 4285 3565 4341 ﬁliam
3598 4286 3821 4341 Mathil—

2217 4375 2364 4446 dem,
2396 4395 2519 4449 qua
2546 4388 2679 4435 tunc
2708 4380 2974 4450 temporis
3021 4380 3237 4435 ltaliam
3268 4388 3441 4435 totam
3470 4395 3583 4451 pra
3611 4380 3823 4435 cateris

513 4467 665 4523 cidus
714 4469 855 4525 aruit
887 4491 898 4526 ε
935 4479 987 4526 et
1029 4478 1341 4541 exspectata
1372 4470 1494 4524 vitis
1527 4470 1595 4526 ad
1645 4472 1874 4542 pingues
1918 4471 2106 4530 botros
2136 4490 2185 4553 Ι)
2216 4472 2621 4542 gubernabant,
2673 4473 2743 4529 ad
2791 4472 3049 4529 eumdem
3096 4490 3280 4546 regem
3306 4516 3321 4541 ,
3380 4474 3448 4528 ad
3505 4474 3817 4528 invasorem

512 4559 821 4632 ferendum,
854 4564 1128 4619 labruscas
1158 4564 1286 4619 viles
1312 4573 1367 4619 et
1396 4564 1559 4619 exiles
1587 4565 1846 4635 portavit;
1877 4572 1931 4619 et
1952 4578 2107 4635 seges

513 4652 661 4709 foliis
690 4656 1089 4726 pulchrioribus
1113 4666 1326 4726 ornata,
1356 4658 1547 4715 messis
1573 4668 1819 4729 tempore
1856 4657 1934 4712 nil
1957 4656 2106 4712 aliud

508 4851 813 4975 galatea-isse
828 4852 1035 4932 obviam
1056 4855 1274 4921 Legatis
1296 4856 1603 4923 Apotolica
1625 4856 1800 4939 Sedis,
1822 4864 1874 4910 et
1892 4855 2112 4939 duobus

553 4936 600 4975 lc
626 4920 874 4975 Indicatts
897 4924 1173 4975 adduntur
1208 4928 1502 4975 Episcopus
1532 4928 1807 4975 (Inruesz
1827 4932 1878 4975 et
1904 4930 2111 4975 Emscn-

553 4921 600 4975 ic
626 4920 874 4997 indicatis
897 4920 1173 4987 adduntur
1200 4920 1502 4995 Episcopus
1532 4920 1807 4983 Curiemz's
1827 4932 1878 4982 et
1898 4930 2111 4997 Episco-

507 5007 614 5061 pus
644 4994 939 5049 Cumansis.

584 5063 692 5136 (54)
722 5068 819 5119 Est
846 5081 904 5119 ea
945 5065 1169 5136 epistola
1197 5073 1285 5122 85.
1322 5066 1415 5120 lib.
1452 5074 1503 5120 1.

586 5137 692 5199 (55)
723 5139 864 5191 Sunt
888 5152 966 5193 ea
992 5142 1079 5193 30.
1112 5147 1165 5192 et
1195 5144 1281 5193 31.
1313 5137 1403 5193 lib.
1444 5142 1493 5191 1.

587 5206 695 5274 (56)
726 5208 1030 5264 Monachus
1054 5208 1440 5272 Herfeldensis,
1473 5209 1529 5263 in
1554 5208 1824 5265 Chronico
1854 5210 2108 5268 historico

511 5278 844 5343 Germania,
884 5279 989 5335 late
1039 5279 1145 5336 hoc
1185 5281 1389 5337 bellum
1424 5279 1701 5343 describit,
1744 5299 1773 5337 a
1815 5298 1933 5352 pag.
1979 5290 2104 5339 774.

513 5356 667 5429 torno
722 5352 765 5404 1.
821 5352 1162 5429 Scriptorum
1217 5352 1507 5429 illustrium
1555 5354 2106 5429 Germ_auia_excuso

510 5420 738 5495 Rasilea
771 5437 916 5477 anno
950 5420 1109 5478 1574.
1139 5426 1277 5479 Item
1301 5427 1485 5478 Bruno
1518 5426 1817 5481 monachus
1859 5426 1925 5482 de
1956 5427 2104 5483 Bello

509 5492 798 5567 Saxcmico,
821 5502 974 5549 tomo
998 5498 1035 5567 1.
1059 5497 1396 5567 Scriptorum
1418 5496 1869 5553 Germanicarum
1896 5502 2109 5553 Rerum

514 5576 607 5632 per
632 5562 930 5621 Freh'erum
952 5565 1120 5623 edito.

585 5634 708 5709 (57),
739 5638 805 5709 ξ.
847 5639 1165 5709 Gregorius.
1211 5639 1437 5709 epistola
1484 5640 1663 5694 t5lib.
1711 5646 1759 5694 1.
1805 5639 1872 5694 ad
1916 5657 2108 5696 omnes

512 5704 711 5761 Christi
735 5706 927 5763 ﬁdeles
964 5704 1019 5763 in
1043 5704 1374 5765 Lombardia
1398 5750 1413 5777 ,
1444 5711 1656 5765 nuntiat
1702 5727 1759 5765 se
1792 5726 2108 5767 excommu-

510 5777 729 5853 nicasse
749 5779 1124 5857 Gate/rectum,
1154 5781 1305 5853 quod
1332 5781 1637 5836 Simoniace
1670 5781 1966 5837 Ecclesiam
1988 5784 2105 5837 Me-

2218 4564 2698 4634 Mediolanensem,
2725 4566 2794 4622 ad
2824 4565 3214 4640 Suffraganeos
3241 4582 3454 4622 omnes.

2285 4664 2375 4714 56.
2398 4661 2552 4715 Tunc
2577 4663 2715 4726 Rex,
2746 4661 2897 4733 gravi
2928 4676 3167 4717 marore
3192 4669 3248 4715 et
3274 4661 3474 4715 timore
3505 4666 3817 4732 correptus,

2218 4857 2593 4913 diolanensem
2623 4858 2986 4929 occupaverit.
3194 4928 3199 4929 γ
3220 4928 3225 4929 ί
3286 4898 3297 4915 .

2292 4932 2399 4999 (58)
2422 4930 2673 4997 Altonus,
2712 4926 2940 5000 U'ghello
2965 4930 3141 4997 Atho,
3172 4928 3414 4984 Clericus
3464 4926 3818 5000 Ambresiani

2219 5001 2463 5072 Collegii,
2495 5001 2696 5063 electus
2728 4998 2892 5065 1076,
2935 5001 3003 5057 de
3041 5017 3153 5073 quo
3179 5008 3234 5053 et
3273 4998 3683 5073 perturbatione
3714 5002 3819 5073 Ec-

2218 5070 2397 5128 clesia
2429 5074 2845 5129 Mediolanensis
2874 5074 2975 5136 legi
3007 5070 3186 5143 potest
3214 5071 3481 5144 Ughellus
3523 5070 3582 5126 in
3621 5070 3823 5126 Archi-

2219 5145 2384 5215 episc.
2418 5144 2707 5200 Mediolan.
2737 5146 2842 5199 col.
2886 5150 3006 5199 156.

2291 5217 2398 5285 (59)
2431 5219 2486 5272 S.
2515 5216 2813 5288 Gregorius
2853 5216 3013 5288 epist.
3059 5221 3145 5288 15.
3186 5215 3278 5270 lib.
3310 5220 3361 5268 3.
3395 5213 3480 5288 ad»
3516 5213 3818 5288 Henricum

2218 5289 2424 5355 Regem
2461 5305 2473 5341 :
2500 5286 2701 5345 Contra
2726 5293 2962 5353 statuta,
2991 5287 3181 5355 inquit,
3201 5286 3522 5354 Λροειοιὶοτε
3539 5286 3692 5341 Sedis
3710 5293 3820 5341 tra-

2218 5359 2415 5411 didisti
2430 5362 2759 5414 Firmanam
2785 5364 2833 5413 et
2844 5360 3187 5425 Spoletanam
3211 5358 3551 5414 Ecclesiam..
3567 5399 3579 5411 .
3600 5358 3819 5427 quibus-

2218 5429 2347 5481 dam
2375 5432 2622 5497 personis
2664 5431 2814 5483 nobis
2837 5432 3003 5483 etiam
3024 5432 3234 5498 ignotis.
3275 5427 3589 5481 Firmanam
3623 5428 3816 5483 Sedem

2218 5501 2421 5570 accepit
2476 5499 2851 5567 Grifforauus,
2913 5501 3259 5572 Spoletanam
3318 5498 3544 5568 quidam
3602 5502 3820 5554 natione

2223 5574 2507 5637 Teutonus,
2536 5588 2673 5642 quos
2702 5571 2894 5627 ambos
2924 5571 2979 5627 S’.
3006 5572 3303 5641 Gregorius
3329 5572 3821 5642 excommunicavit

2218 5650 2273 5697 et
2310 5643 2389 5715 (de
2432 5641 2571 5698 Sede
2615 5643 2886 5714 deposuit.
2927 5643 3162 5715 Consule
3210 5642 3511 5715 Ughellum
3556 5643 3608 5697 in
3648 5641 3820 5699 dictis

2218 5714 2523 5786 Episcopis,
2554 5724 2709 5771 tomo
2736 5716 2780 5771 Ι.
2813 5724 2867 5771 et
2893 5718 2965 5771 II.
2994 5714 3162 5769 Italia
3186 5714 3375 5770 sacra.
