4122 6180
275 246 341 296 69
1004 278 1009 279 κ
1271 243 1795 299 PROLEGOMENA.
1840 270 1910 282 —
1949 241 2126 297 ACTA
2167 244 2220 297 s.
2264 244 2605 299 GREGORII.
3480 251 3582 327 ‘70

275 370 376 424 hac
411 370 644 440 illacque
679 379 860 425 mente
902 367 1197 427 furibunda
1236 356 1649 438 transcurrens,
1690 383 1883 424 omnes
1911 372 1965 433 Α
1992 376 2076 422 est
2122 376 2181 423 ut
2222 368 2366 424 facto
2396 368 2730 425 anathemati
2769 369 3185 425 subscriberent.
3230 371 3584 443 Congregatis

274 480 401 520 suos
450 479 691 534 nequam
737 463 1070 519 consiliarios
1118 463 1400 520 advocavit
1456 481 1468 518 :
1524 462 1770 519 deductis
1820 461 1876 517 in

271 557 515 613 medium
535 557 814 613 nonnullis
832 556 1212 614 seductoribus
1237 566 1360 613 ante
1389 572 1657 628 perversae
1681 555 1877 611 mentis

273 653 481 713 oculos,
524 651 612 722 qui
660 652 835 723 plura,
866 650 1062 721 quibus
1111 651 1346 706 humana
1378 667 1531 705 mens
1576 649 1685 705 falli
1715 650 1874 718 solet,

276 753 712 816 proposuerunt;
762 746 913 817 regni
964 744 1235 801 honorem
1278 760 1310 799 a
1352 748 1510 800 Patre
1553 743 1871 808 dimissum,

279 839 502 893 liberum
532 838 842 903 arbitrium,
873 854 1006 909 opes
1035 838 1291 907 inﬁnitas,
1323 838 1558 893 militum
1590 836 1874 892 abundan-

278 933 406 986 tiam
433 941 482 986 et
507 931 886 987 fortitudinem
906 975 921 999 ,
954 932 1285 1003 Episcopos,
1314 935 1494 987 Duces
1514 973 1528 999 ,
1558 933 1872 1002 Tyrannos,

277 1035 330 1080 et
370 1026 471 1080 sub
500 1025 757 1081 ﬁdelitate
795 1026 1070 1097 Principes
1114 1024 1475 1091 constrictos,
1510 1024 1874 1095 superborum

274 1120 436 1174 etiam
492 1119 630 1174 colla
678 1136 779 1175 suo
820 1120 957 1193 jugo
1008 1119 1269 1185 contrita,
1322 1126 1599 1190 quaestum
1655 1118 1876 1189 insuper

272 1213 638 1268 Ecclesiarum
671 1213 785 1269 suis
814 1213 1069 1268 manibus
1106 1212 1458 1279 traditarum,
1489 1221 1544 1267 et
1577 1212 1745 1266 multa
1774 1211 1874 1266 alia

270 1322 421 1377 quae,
452 1316 521 1362 ut
546 1306 777 1362 diximus
796 1350 811 1373 ,
843 1305 1169 1362 secularium
1198 1315 1407 1360 mentes
1433 1305 1659 1360 illiciunt
1692 1326 1704 1359 :
1738 1304 1877 1360 inter

270 1416 405 1470 quos
450 1405 568 1468 (60)
616 1400 972 1471 Moguntinus
1018 1399 1116 1454 fuit
1157 1398 1634 1470 Archiepiscopus,
1662 1405 1716 1453 et
1751 1397 1875 1453 reli-

268 1495 355 1565 qui
403 1495 501 1565 qui
551 1493 655 1548 sub
686 1494 802 1564 ipso
841 1493 1110 1566 degebant
1155 1491 1515 1561 Suffraganei.
1547 1493 1711 1546 Facta
1750 1506 1876 1545 vero

266 1588 356 1642 tali
381 1589 769 1657 conventione,
802 1595 1110 1642 statuerunt
1138 1595 1199 1642 ut
1224 1586 1524 1657 Imperialis
1561 1585 1878 1641 constitutio

264 1690 497 1737 cunctos
527 1682 582 1735 in
611 1698 712 1737 suo
740 1697 911 1753 regno
952 1688 1235 1735 manentes
1270 1679 1571 1751 Episcopos
1589 1722 1604 1745 ,
1635 1680 1871 1735 cursori-

264 1776 367 1831 bus
396 1775 605 1846 ubique
650 1775 859 1843 missis,
902 1782 1027 1829 ante
1075 1789 1231 1829 suam
1284 1773 1625 1844 praesentiam
1661 1772 1876 1843 juberet

264 1870 521 1924 assistere
569 1874 719 1934 (61);
764 1876 850 1935 et,
900 1867 1217 1924 coadunatis
1256 1867 1513 1922 omnibus
1550 1866 1874 1921 anathemati

262 1963 414 2035 quod
456 1962 816 2036 Moguntinus
859 1961 1151 2018 haereticus
1193 1970 1381 2016 contra
1414 1962 1477 2015 B.
1526 1960 1668 2015 Petri
1714 1961 1875 2015 Vica-

262 2057 440 2122 rinm,
484 2055 600 2111 imo
633 2056 687 2110 in
717 2055 1020 2111 Dominum
1050 2063 1104 2110 et
1143 2054 1472 2125 Apostolum
1502 2053 1619 2125 ejus
1647 2069 1874 2124 compo-

264 2160 449 2214 neret,
498 2148 928 2205 subscriberent.
972 2147 1136 2220 Quod
1184 2148 1227 2203 si
1274 2146 1421 2203 forte
1468 2155 1658 2202 motus
1702 2146 1876 2217 aliqua

265 2244 571 2299 reverentia
620 2244 743 2314 quis
785 2258 979 2298 eorum
1028 2258 1085 2297 se
1131 2241 1447 2297 subtrahere
1493 2240 1676 2305 vellet,
1718 2240 1879 2295 rebus

265 2337 527 2393 omnibus
558 2346 610 2391 et
652 2336 911 2408 dignitate
942 2336 1198 2407 privatus,
1239 2344 1302 2391 ut
1340 2334 1557 2406 Regalis
1586 2333 1879 2405 majestatis

266 2432 577 2497 obnoxius,
634 2430 920 2502 capitalem
975 2430 1180 2485 subiret
1229 2427 1575 2484 sententiam.
1638 2431 1877 2494 Interea,

268 2526 485 2598 Legatis
521 2524 769 2595 undique
797 2523 977 2579 missis
1006 2527 1137 2592 (62),
1169 2522 1238 2577 ab
1261 2521 1413 2578 Urbe
1442 2522 1661 2592 quidam
1694 2524 1876 2592 Hugo,

269 2620 396 2673 olim
428 2617 736 2674 Cardinalis
758 2659 772 2683 ,
816 2626 947 2672 tunc
974 2626 1158 2673 autem
1202 2616 1343 2671 inter
1380 2614 1680 2687 Episcopos
1710 2614 1882 2670 haere-

263 2713 399 2767 ticos
428 2712 777 2781 praecipuum
805 2720 969 2781 caput
998 2710 1110 2782 (qui
1130 2710 1251 2782 jam
1276 2709 1435 2764 tertio
1467 2709 1534 2764 ab
1570 2708 1877 2780 Apostolica

267 2806 405 2860 Sede
449 2805 748 2859 damnatus
795 2803 1011 2869 fuerat,
1057 2804 1180 2875 quia
1231 2801 1497 2874 quosdam
1547 2802 1880 2858 Simoniacos

270 2898 627 2954 reconciliare
694 2901 1193 2968 prmsumpserat),
1259 2896 1456 2952 ﬁctitiis
1521 2893 1633 2950 suis
1693 2895 1881 2949 litteris

274 2993 827 3063 ArchiepiscOporum
893 3000 945 3045 et
1003 2991 1399 3062 Episcoporum
1471 3004 1730 3059 personas
1796 3004 1881 3044 re-

1905 1729 1957 1793 B

1983 477 2112 533 ergo
2144 461 2400 517 omnibus
2442 463 2623 533 Papia:
2652 478 2717 518 ex
2762 470 3033 533 praecepto
3078 464 3274 537 Regis,
3318 472 3371 520 et
3412 465 3583 537 magis

1984 571 2048 610 ex
2079 555 2291 625 propria
2323 554 2698 610 malevolentia
2744 564 2797 610 et
2826 555 2974 622 odio,
3011 564 3069 609 ut
3093 572 3180 611 res
3210 556 3400 629 patuit,
3448 573 3581 613 ana-

1983 648 2207 704 themati
2236 648 2689 719 subscripserunt.
2724 651 2865 704 Nam
2892 649 2961 704 ad
2999 650 3399 705 ostendendum
3424 652 3584 708 malm

1983 742 2279 798 voluntatis
2307 742 2615 809 cumulum,
2653 742 2841 812 positis
2878 742 3234 798 sacrosanctis
3261 744 3581 817 Evangeliis,

1974 836 2290 908 juramento
2361 836 2716 890 ﬁrmaverunt
2775 836 2924 891 nullo
2984 837 3148 893 modo
3211 852 3268 892 se
3329 836 3584 910 deinceps

1983 930 2314 1001 Gregorium
2364 944 2461 1001 pro
2512 932 2653 1000 Papa
2706 928 3021 997 habituros,
3078 929 3160 985 vel
3219 929 3581 987 obedientiam

1983 1022 2346 1089 exhibituros,
2383 1022 2667 1094 missisque
2691 1022 2926 1090 nuntiis,
2970 1021 3114 1078 idem
3142 1032 3204 1077 ut
3230 1023 3317 1078 alii
3347 1023 3586 1081 facerent

1983 1115 2311 1173 effecerunt.

2055 1215 2143 1264 57.
2197 1210 2423 1281 Scripsit
2469 1218 2650 1265 autem
2698 1209 2840 1265 idem
2886 1212 3004 1265 Rex
3055 1212 3297 1265 Romam
3340 1210 3581 1277 litteras,

1946 1382 1957 1387 ἢ
1984 1303 2136 1359 omni
2182 1303 2377 1375 injuria
2406 1302 2754 1369 inhonestas,
2783 1302 3125 1375 falsitateque
3158 1304 3418 1374 repletas,
3452 1321 3589 1375 prae-

1983 1397 2183 1469 cipiens
2210 1397 2451 1453 Domino
2480 1400 2638 1469 Papae
2668 1406 2728 1452 ut
2752 1398 2820 1453 de
2844 1397 2979 1453 Sede
3004 1405 3249 1470 surgeret
3274 1397 3591 1453 Ecclesiam-

1985 1507 2088 1562 que
2128 1490 2432 1547 dimitteret
2461 1509 2474 1543 :
2509 1506 2710 1546 vocans
2740 1506 2867 1547 eum
2913 1491 3222 1564 perjurum,
3250 1491 3584 1560 invasorem,

1988 1594 2041 1641 et
2072 1586 2259 1657 Regia:
2279 1584 2553 1657 dignitatis
2572 1584 2988 1651 diminutorem,
3014 1584 3249 1639 maxime
3271 1584 3589 1641 Simoniacis

1986 1678 2384 1750 Longobardize
2449 1678 2875 1734 elaborantibus.
2935 1680 3251 1734 Statuerunt
3310 1679 3473 1734 etiam
3529 1686 3590 1734 ut

1985 1789 2096 1827 non
2141 1780 2266 1826 ante
2302 1773 2495 1828 littera
2538 1772 2796 1828 darentur
2836 1780 2892 1826 et
2920 1771 3114 1839 verba,
3142 1787 3308 1842 quam
3338 1770 3590 1844 Synodus

1988 1882 2111 1938 quae
2140 1875 2466 1938 congregata
2503 1865 2558 1920 in
2590 1868 2841 1919 Romana
2888 1862 3068 1919 fuerat
3096 1864 3331 1920 Ecclesia
3378 1864 3590 1934 plenius

1989 1960 2093 2015 hoc
2123 1959 2308 2015 audire
2338 1968 2554 2031 posset,
2595 1957 2743 2029 quod
2779 1958 2941 2013 etiam
2984 1956 3188 2013 factum
3220 1966 3321 2013 est.
3353 1959 3493 2012 Nam
3536 1966 3592 2012 et

1990 2055 2129 2125 Papa
2158 2052 2441 2125 Synodum
2468 2050 2722 2119 faciente,
2747 2051 2975 2122 quidam
2996 2049 3306 2106 Parmensis
3328 2050 3586 2117 Clericus,

1987 2147 2212 2202 Domini
2246 2146 2542 2218 Apostolici
2588 2144 2656 2201 ad
2686 2144 2961 2217 injuriam,
2994 2160 3121 2200 cum
3151 2143 3354 2199 eisdem
3399 2143 3592 2200 litteris

1990 2250 2322 2311 prasentare
2343 2255 2401 2295 se
2424 2256 2539 2295 non
2564 2238 2876 2304 abhorruit;
2906 2247 2961 2293 et
2984 2237 3200 2293 easdem
3231 2236 3592 2309 blasphemias

1986 2334 2041 2389 in
2088 2332 2223 2389 lacie
2266 2334 2435 2390 totius
2476 2332 2730 2389 Ecclesiae
2768 2341 2822 2387 et
2860 2340 3159 2388 conventus
3200 2330 3439 2402 proferre
3478 2347 3592 2386 non

1987 2426 2326 2485 formidavit.
2370 2430 2479 2483 Per
2523 2426 2667 2482 idem
2706 2434 2923 2497 tempus
2964 2424 3303 2497 prodigium,
3340 2423 3407 2480 ad
3452 2423 3594 2481 illius

1988 2520 2285 2592 iniquitatis
2328 2520 2585 2576 indicium
2624 2528 2677 2574 et
2713 2519 3186 2575 conﬁrmationem
3233 2518 3434 2574 futurae
3477 2518 3587 2585 rei,

1988 2615 2046 2668 in
2077 2615 2228 2670 Urbe
2266 2613 2419 2686 juxta
2460 2616 2524 2669 Β.
2560 2612 2705 2668 Petri
2738 2611 3037 2668 Ecclesiam
3065 2620 3254 2667 ortum
3296 2620 3409 2677 est,
3441 2612 3587 2683 quod

1987 2707 2235 2763 omnium
2282 2707 2447 2763 corda
2490 2707 2723 2761 nimium
2772 2705 2825 2760 in
2859 2714 3142 2776 stuporem
3186 2714 3530 2761 converterat
3576 2724 3588 2759 :

1987 2816 2151 2855 nemo
2203 2801 2348 2855 enim
2397 2800 2635 2871 aliquam
2688 2798 3140 2870 signiﬁcationem
3195 2814 3359 2870 super
3412 2799 3589 2869 ipsum

1989 2894 2118 2949 dare
2170 2901 2225 2947 et
2284 2892 2527 2963 proferre
2578 2891 2736 2963 digne
2793 2891 3289 2961 convenienterque
3344 2900 3581 2961 poterat.

1992 2986 2267 3059 Siquidem
2293 2985 2485 3057 gallina
2511 3000 2678 3040 ovum
2708 2983 2935 3039 miriﬁco
2960 2984 3218 3039 caelatum
3240 2999 3404 3055 opere
3432 3000 3589 3055 pepe-

274 3095 646 3156 przesentans,
696 3084 947 3148 advenit;
1000 3083 1232 3139 laudans
1296 3082 1480 3139 omnia
1539 3098 1661 3154 quae
1721 3098 1883 3153 super
1920 3091 1963 3155 ρ
1994 3080 2061 3135 rit
2084 3084 2214 3145 (64),
2247 3078 2301 3133 in
2321 3095 2430 3150 quo
2456 3077 2565 3134 duo
2593 3077 2728 3132 mira
2757 3076 3008 3147 insignita
3033 3074 3251 3133 fuerant
3282 3095 3295 3131 :
3327 3076 3591 3147 serpentis

271 3181 575 3234 Dominum
626 3182 827 3248 Papam
868 3186 1326 3249 composuerant;
1367 3176 1622 3247 projectis
1668 3175 1724 3229 in
1764 3191 1881 3229 me-

272 3273 419 3327 dium
456 3272 581 3327 aliis
614 3270 853 3342 epistolis
882 3270 983 3325 sub
1024 3270 1274 3325 omnium
1300 3268 1670 3325 Cardinalium
1713 3271 1877 3324 Sena-

268 3376 469 3438 trisque
500 3381 567 3419 ac
617 3364 797 3435 p0puli
830 3364 1053 3419 nomine
1089 3362 1345 3431 titulatis,
1376 3361 1573 3434 quibus
1618 3361 1879 3433 signiﬁca-

270 3460 476 3515 bantur
545 3456 799 3528 quaedam
867 3456 1318 3527 proclamationes
1393 3455 1462 3511 ad
1535 3455 1883 3527 praesentiam

269 3554 481 3625 regiam
525 3551 753 3615 delataa;
796 3551 884 3606 ubi
930 3551 1095 3606 etiam
1136 3549 1555 3606 continebantur
1593 3548 1882 3620 postulatio

271 3648 402 3700 novi
436 3645 743 3711 Pontiﬁcis,
774 3653 829 3699 et
869 3645 1099 3716 abjectio
1132 3643 1352 3716 legitimi
1393 3641 1630 3698 Pastoris
1650 3683 1665 3708 ,
1697 3641 1881 3697 subin-

275 3740 402 3794 tulit
453 3739 619 3793 etiam
666 3738 865 3793 multas
914 3737 1255 3802 inimicitias,
1308 3752 1444 3808 quas
1498 3735 1801 3807 patiebatur
1853 3750 1885 3789 a

275 3833 638 3888 Nortmannis
686 3846 715 3885 a
758 3831 1270 3902 circumjacentibus
1315 3829 1615 3886 Comitibus
1660 3829 1727 3884 ab
1758 3828 1885 3901 ipsis

276 3928 459 3981 etiam
515 3925 861 3980 traditoribus
927 3924 979 3979 in
1037 3925 1193 3981 Urbe
1252 3923 1612 3979 manentibus.
1672 3922 1886 3991 Quibus

277 4019 416 4073 visis
444 4021 557 4074 Rex
580 4034 691 4074 non
708 4017 920 4073 modice
941 4019 1175 4087 laetatus,
1197 4018 1266 4074 ad
1286 4033 1426 4089 opus
1444 4016 1884 4087 componendum

274 4111 597 4167 fomentum
660 4111 1034 4167 desideratum
1095 4111 1321 4183 accepit.
1382 4109 1646 4166 Adductis
1707 4110 1885 4180 itaque

278 4207 332 4261 in
364 4205 615 4261 medium
645 4203 925 4261 diabolicis
971 4205 1330 4261 Pontiﬁcibus
1349 4247 1364 4272 ,
1395 4204 1685 4260 anathema
1724 4218 1887 4273 super

281 4300 597 4356 Dominum
645 4300 881 4371 Papam,
926 4299 1037 4354 imo
1069 4314 1237 4372 super
1281 4299 1491 4371 seipsos
1521 4296 1885 4369 protulerunt.

280 4398 392 4460 {63)
442 4394 630 4448 Missis
672 4393 834 4449 etiam
865 4393 921 4447 in
959 4392 1399 4465 Longobardiam
1446 4399 1500 4447 et
1529 4389 1826 4447 Marchiam
1857 4405 1886 4443 a

1991 3172 2193 3229 scilicet
2219 3180 2274 3228 et
2300 3171 2439 3227 scuti
2467 3170 2789 3236 similitudo,
2822 3170 2991 3225 nimio
3021 3169 3250 3226 horrore
3279 3170 3588 3226 tenebrosa.

1990 3268 2224 3337 Serpens
2253 3281 2379 3321 vero
2425 3265 2515 3336 qui
2544 3265 2603 3319 in
2641 3264 2905 3335 triplicem
2950 3280 3015 3318 ex
3056 3264 3250 3320 eodem
3281 3264 3366 3320 ovi
3394 3263 3594 3320 cortice

1992 3376 2049 3415 se
2095 3359 2457 3415 sinuationem
2500 3366 2764 3424 erexerat,
2795 3358 2992 3412 vertice
3023 3373 3081 3413 se
3122 3374 3341 3412 sursum
3394 3357 3595 3430 erigere

1991 3453 2125 3509 velle
2166 3452 2233 3508 ad
2275 3451 2649 3507 summitatem
2678 3452 2763 3506 ovi
2810 3451 3153 3505 conabatur:
3186 3450 3417 3505 caudam
3466 3438 3593 3507 vero

1994 3547 2051 3601 in
2082 3554 2291 3618 partem
2321 3546 2671 3600 tenebrarum
2695 3544 2835 3599 illius
2864 3543 3205 3599 extenderat.
3237 3543 3344 3599 Sed
3373 3543 3505 3598 dum
3525 3544 3595 3601 ad

1994 3640 2079 3695 ovi
2108 3639 2426 3711 dignitatem
2470 3637 2719 3693 tenderet
2739 3679 2753 3703 ,
2784 3637 3026 3709 quodam
3056 3637 3165 3692 ictu
3212 3652 3560 3708 repercussus
3579 3678 3594 3709 ,

1996 3742 2180 3789 ventre
2209 3742 2366 3789 tenus
2393 3741 2555 3803 caput
2582 3732 2881 3787 reﬂexerat.
2917 3734 3127 3804 Scupea
3156 3747 3283 3786 vero
3329 3729 3445 3802 ejus
3487 3736 3595 3798 (65)

1994 3843 2109 3883 non
2155 3826 2405 3898 depicta,
2462 3826 2555 3881 sed
2617 3834 2768 3882 extra
2821 3824 3035 3880 corticis
3091 3824 3337 3880 ordinem
3392 3824 3597 3897 posita,

1996 3937 2163 3976 manu
2205 3918 2557 3991 deprehendi,
2591 3927 2646 3974 et
2693 3920 2942 3988 tractari,
2986 3919 3139 3974 velut
3165 3919 3266 3974 alia
3311 3918 3598 3974 materialis

1997 4030 2111 4080 res,
2170 4021 2400 4084 poterat.
2461 4011 2946 4069 Considerantibus
2999 4021 3183 4068 autem
3240 4012 3495 4068 omnibus
3545 4020 3599 4067 et

1997 4107 2320 4163 mirantibus
2350 4106 2630 4178 Episcopis
2659 4107 2962 4178 ceterisque
2991 4105 3083 4177 qui
3121 4106 3173 4160 in
3217 4105 3437 4178 Synodo
3467 4121 3596 4160 con-

1996 4200 2271 4267 sederant,
2302 4200 2526 4256 nuntius
2556 4200 2641 4256 ille
2669 4199 2988 4255 Antichristi
3016 4199 3249 4256 advenit.

2070 4301 2157 4350 58.
2190 4297 2488 4365 Postquam
2521 4309 2685 4360 vero,
2730 4293 2884 4349 ﬁnito
2913 4296 3168 4365 Hymno,
3198 4292 3443 4348 facturus
3482 4308 3594 4347 ser-

1998 4403 2194 4444 mones
2254 4387 2644 4443 exhortationis
2704 4388 2987 4449 omnibus,
3048 4390 3190 4458 Papa
3245 4385 3595 4452 consederat;

279 4488 451 4542 latere
498 4488 665 4560 Regis
724 4496 838 4544 tam
902 4463 1106 4543 nuntiis
1167 4502 1334 4559 quam
1382 4486 1652 4559 apicibus,
1714 4484 1884 4539 visum
1917 4463 1968 4525 ι)
1999 4480 2091 4536 ille
2139 4496 2443 4553 praecursor
2489 4480 2834 4547 Antichristi,
2882 4496 2993 4535 non
3042 4478 3290 4535 tribuens
3327 4477 3596 4534 honorem

355 4660 474 4721 (60)
512 4657 578 4710 Ut
600 4656 744 4720 feria
765 4656 999 4709 secunda
1019 4655 1261 4711 secundae
1292 4655 1639 4711 hebdomade:
1667 4656 1729 4708 in
1754 4655 1893 4721 Qua-

278 4728 604 4794 dragestma
632 4726 707 4779 ad
733 4728 1011 4796 Synodum
1034 4730 1214 4783 Romae
1247 4731 1566 4794 occurreret,
1596 4726 1663 4780 de
1711 4728 1891 4779 crimi-

274 4800 446 4852 nibus
501 4813 621 4866 qua:
670 4798 1022 4869 obji’rerentur
1065 4815 1285 4853 causam
1328 4800 1606 4863 dicturus,
1649 4798 1894 4867 alioquin

273 4874 469 4936 sciret,
492 4870 695 4937 absque
709 4873 855 4923 omni
868 4873 1375 4939 procrastinatione,
1400 4870 1577 4924 eodem
1602 4869 1689 4923 die
1709 4869 1773 4922 de
1793 4884 1895 4923 cor-

274 4960 407 5012 pore
438 4941 693 4997 Ecclesia
734 4947 933 4996 sancta:
974 4942 1278 5012 Apostoltco
1304 4943 1649 4996 anathemate
1679 4941 1894 4994 abscin-

277 5014 526 5068 dendum
571 5028 709 5067 esse.
760 5015 838 5067 Ita
884 5012 1210 5069 Lambertus
1240 5012 1307 5068 ad
1337 5029 1425 5067 an.
1464 5018 1603 5066 1076
1623 5052 1640 5081 ,
1673 5017 1895 5067 econtra

282 5083 785 5157 Pseudo-synodus
812 5084 1250 5157 wormatiensis,
1286 5084 1351 5139 de
1371 5100 1477 5157 qua
1504 5099 1633 5139 mox
1650 5125 1664 5151 ,
1694 5082 1895 5138 indicta

284 5154 389 5209 iuit
412 5157 471 5209 in
507 5154 859 5228 Dominicam
884 5156 1324 5228 Septuagesimai.

366 5232 472 5297 (δι)
508 5226 615 5281 Hic
653 5233 736 5281 est
761 5224 1209 5297 Sigefﬁdusfqui
1247 5224 1460 5296 prmfuit
1489 5227 1751 5283 Ecclesia:
1773 5226 1893 5297 Μοο

297 5296 635 5375 gnatinmab
665 5313 821 5375 anno_
844 5304 999 5375 10.59.
1033 5300 1105 5375 ad
1132 5296 1305 5375 1084ἒ
1324 5298 1455 5368 Ejus
1484 5315 1572 5375 res
1604 5307 1784 5375 gestas
1820 5296 1894 5350 Ia-

296 5367 501 5421 tissime
523 5368 744 5424 deducit
787 5369 1032 5439 Serarius
1059 5370 1145 5425 lib.
1183 5374 1236 5424 5.
1276 5367 1485 5439 Rerum
1516 5367 1895 5439 Moguntiaca-

296 5454 458 5512 rum,
493 5456 519 5493 a
548 5456 668 5512 pag.
695 5445 811 5512 ⁸742
855 5438 924 5495 ad
966 5455 1084 5512 pag.
1118 5447 1245 5495 788.
1278 5438 1423 5495 Infra
1466 5438 1671 5496 nomen
1718 5439 1892 5512 expri-

290 5511 486 5585 mitur,
527 5510 1058 5579 qua—udo‘transivit'
1077 5512 1142 5567 ad
1185 5521 1359 5582 partes
1402 5511 1674 5585 Rudolphi
1708 5510 1892 5585 Regis.

367 5584 481 5651 (62')
519 5586 675 5651 Hugo
732 5588 1068 5652 cognomento
1117 5585 1367 5647 Blancus,
1402 5584 1601 5654 inquiti
1631 5584 1895 5639 Lamber-

287 5654 510 5725 bertus,
543 5656 638 5725 qui
666 5654 859 5709 similia
897 5655 1063 5710 habet
1096 5673 1109 5709 :
1141 5664 1196 5709 et
1242 5655 1511 5710 Domnizo
1543 5656 1595 5711 in
1626 5656 1748 5712 Vita
1778 5657 1894 5709 Ma-

288 5724 486 5779 thildis
509 5724 608 5780 lib.
644 5740 689 5793 i,
718 5727 795 5780 sic
822 5727 1007 5781 canit:

421 5808 536 5854 Huc
558 5807 703 5869 Hugo
730 5810 847 5855 tunc
876 5806 1024 5857 falsus
1047 5806 1198 5869 venit,
1222 5807 1309 5871 qui
1335 5807 1516 5858 dicitur
1540 5808 1717 5867 Albae;

2122 4652 2285 4702 Offert
2308 4650 2387 4699 hic
2412 4650 2581 4700 multis
2607 4652 2840 4698 Romanae
2864 4646 3129 4709 Presbyter
3150 4646 3296 4697 Urbis
3322 4682 3336 4697 .

2122 4718 2215 4765 Ter
2238 4715 2502 4763 damnatus
2528 4716 2650 4770 erat,
2685 4711 2840 4772 pretio
2866 4712 2980 4772 quia
3008 4710 3298 4759 restituebat

2124 4778 2382 4839 Emptores
2403 4774 2587 4824 Christi
2608 4773 3155 4839 templorum,_junctus
3179 4776 3229 4839 et
3262 4773 3382 4836 ipsis

2123 4834 2372 4888 Adversus
2396 4841 2598 4900 Papam,
2624 4834 2812 4894 ﬁngens
2842 4834 2991 4900 mala,
3017 4834 3302 4900 laetiﬁcabat

2125 4902 2287 4951 Corda
2314 4898 2660 4963 malignorum.
2684 4900 2831 4962 Regis
2854 4898 2997 4947 simul
3026 4902 3077 4947 et
3104 4898 3367 4947 sociorum.

2073 4999 2184 5062 (63)
2216 4992 2369 5048 Idem
2398 4991 2671 5047 Domnizo
2703 4993 2777 5044 ita
2806 4989 3153 5061 prosequitur
3184 5008 3197 5043 :

2127 5082 2299 5131 Audax
2322 5081 2539 5129 Antistes
2565 5079 2884 5141 Moguntinus
2908 5081 3051 5127 nimis
3080 5078 3178 5141 ille,

2125 5148 2230 5214 I‘jon
2254 5139 2724 5214 Qhristumutimuit,
2760 5144 2941 5214 Papam
2966 5139 3475 5214 quando-maledixit,

2125 5207 2304 5261 Cuncti
2326 5205 2645 5256 subscribunt
2668 5224 2681 5253 ι
2708 5203 2863 5265 magis
2889 5204 2980 5266 ipsi
3002 5217 3057 5253 se
3089 5203 3414 5253 maledicunt.

2074 5302 2181 5363 (64)
2212 5295 2363 5350 Idem
2393 5292 2665 5348 Domnizo
2695 5293 2935 5347 insinuat
2972 5309 3125 5363 ovum
3154 5294 3311 5362 quasi
3335 5292 3602 5363 scalptum

2003 5361 2182 5423 fuiSse'.
2230 5371 2369 5421 Dum
2420 5366 2538 5421 haec
2567 5364 2978 5434 imprimuntur,
3009 5361 3261 5419 audimus
3304 5362 3423 5433 ejus
3467 5361 3604 5433 ﬁgu-

2004 5455 2123 5495 ram
2168 5448 2407 5502 exstare,
2440 5451 2605 5507 quam
2635 5435 2677 5490 si
2724 5436 3111 5505 acceperimus,
3144 5437 3343 5489 Lector
3372 5434 3607 5507 inveniet

2003 5519 2126 5583 post
2150 5521 2365 5565 tomum
2398 5504 2517 5571 VII,
2549 5508 2601 5562 in
2628 5504 3043 5578 Appendicibus.
3081 5509 3160 5561 Ita
3187 5522 3307 5577 ego,
3334 5514 3438 5560 etc.
3471 5504 3607 5559 Vide

2006 5598 2127 5633 nae.
2165 5588 2323 5633 1144.
2358 5580 2462 5633 col.
2498 5595 2541 5633 Ι.

2042 5598 2127 5638 ae.
2165 5588 2323 5638 1144.
2358 5588 2462 5636 col.
2498 5595 2541 5634 ι.

2006 5600 2186 5724 ρειῗόἥῖ
2202 5600 2559 5721 ιέεῒ
2583 5650 2827 5724 intelligit
2847 5652 3138 5707 Gretserus
3162 5648 3352 5718 pellem
3383 5660 3602 5724 squam-

2007 5722 2217 5781 mdsam
2248 5746 2259 5780 :
2295 5723 2585 5783 Germanis
2611 5722 2754 5777 enim
2785 5724 3065 5791 Schuppen
3093 5729 3395 5789 squammaa
3422 5722 3607 5768 dicun-

2006 5807 2115 5853 tur.
