4138 6190
494 204 499 205 ⁷
549 192 609 280 vi
770 218 773 221 '
1781 217 1836 270 s.
1881 214 2262 270 GREGORIUS
2303 217 2388 271 vn
2429 218 2622 271 PAPA.
3785 222 3848 271 7.2

551 354 690 417 Deo,
722 349 1000 421 magisque
1030 347 1257 419 diligens
1287 353 1565 399 terrenum
1596 356 1759 412 quam
1790 339 2011 394 caeleste
2039 339 2141 393 im-
2172 344 2225 403 Α
2254 354 2401 395 cens.
2439 364 2463 387 «
2497 341 2604 411 Qui
2655 342 2769 397 vult
2797 342 2981 396 venire
3011 348 3134 413 post
3173 356 3291 407 me,
3338 340 3572 413 abneget
3599 338 3852 410 semetip-

558 444 793 515 perium,
823 443 899 497 sic
933 440 1191 497 eumdem
1222 442 1421 509 Papam
1453 435 1748 507 alloquitur
1777 455 1788 489 :
1827 457 1848 481 ι
1886 432 2158 488 Dominus

553 552 714 592 meus
736 540 877 601 Rex,
907 544 962 591 et
985 531 1231 605 Episcopi
1253 545 1447 586 omnes
1466 528 1873 586 Ultramontani
1894 535 1947 582 et
1964 526 2153 595 Italici,

559 628 927 701 praecipiendo
963 626 1223 682 mandant
1250 633 1310 680 ut
1338 624 1576 679 invasam
1606 622 1801 677 Sedem
1830 623 1891 675 B.
1927 620 2067 674 Petri
2106 630 2159 674 et

555 727 861 779 Romanam
894 720 1192 775 Ecclesium
1221 717 1422 774 amodo
1449 717 1713 771 dimittas.
1748 719 1873 770 Non
1903 724 1988 769 est
2014 713 2159 768 enim

552 817 777 887 dignum
825 816 941 870 sine
990 821 1258 886 praecepto
1312 811 1528 866 illorum
1577 819 1630 865 et
1681 809 1951 877 lmperiali
2002 807 2152 863 dono

466 966 471 971 ,
553 917 764 963 tantum
788 908 1054 963 honorem
1077 906 1354 962 scandere.
1391 928 1414 953 ν
1442 907 1508 959 Et
1527 919 1842 971 conversus,
1865 902 2023 959 Clero
2047 905 2161 957 Ro-

554 1017 717 1057 mano
748 1002 888 1057 dixit
920 1021 931 1056 :
968 1024 992 1050 ι
1030 1001 1195 1055 Vobis
1222 1000 1442 1068 dicitur,
1474 1001 1708 1065 Fratres,
1738 1005 1798 1052 ut
1826 996 1892 1051 ad
1923 996 2159 1052 futuram

551 1099 901 1151 Pentecostes
971 1092 1371 1149 solemnitatem
1438 1091 1614 1162 Regio
1678 1090 1997 1162 conspectui
2064 1106 2159 1146 vos

552 1189 975 1262 repraasentetis,
1007 1185 1307 1258 subcepturi
1347 1185 1414 1241 de
1444 1185 1699 1240 manibus
1745 1184 1914 1255 Regis
1955 1187 2155 1255 Papam

552 1292 607 1338 et
632 1286 846 1337 Patrem
883 1282 1046 1351 :quia
1080 1280 1168 1335 hic
1215 1296 1323 1334 non
1370 1283 1540 1350 Papa,
1584 1279 1679 1335 sed
1711 1279 1876 1350 lupus
1924 1294 2043 1334 esse
2074 1279 2153 1334 di-

555 1377 834 1449 gnoscitur
855 1391 1041 1446 rapax.
1080 1398 1101 1422 υ
1138 1374 1225 1429 Ad
1251 1375 1409 1445 cujus
1440 1373 1599 1428 verba
1623 1388 1755 1428 mox
1784 1373 1894 1442 (66)
1917 1373 2159 1428 Joannes

553 1469 869 1525 Portuensis
893 1469 1217 1540 Episcopus,
1247 1482 1467 1522 morum
1500 1467 1788 1522 honestate
1817 1476 1870 1522 et
1899 1467 2157 1538 religione

554 1563 633 1617 vir
660 1563 974 1635 prazclarus,
1008 1562 1147 1617 facto
1190 1562 1398 1633 impetu
1433 1577 1693 1633 surgens,
1726 1561 1997 1616 immensa
2028 1577 2157 1616 voce

552 1656 837 1711 clamavit:
866 1679 891 1703 α
916 1655 1187 1728 Capiatur.
1217 1678 1241 1703 ιι
1266 1657 1419 1711 Tunc
1442 1653 1759 1722 Praefectus,
1784 1654 1927 1710 facto
1944 1656 2148 1726 impetu

552 1766 678 1806 cum
728 1749 1022 1821 judicibus,
1058 1748 1348 1816 militibus,
1399 1758 1453 1803 et
1509 1749 1777 1805 Romanis
1845 1748 2148 1818 nobilibus,

553 1840 766 1897 tantum
840 1843 1238 1914 impostorem,
1290 1842 1587 1913 evaginatis
1639 1842 1692 1896 in
1743 1842 1856 1913 ipsa
1912 1842 2149 1897 Ecclesia

556 1936 847 1992 Salvatoris
892 1937 1111 2009 gladiis,
1158 1943 1283 1991 ante
1316 1936 1553 1992 .Domini
1606 1938 1761 2007 Papae
1801 1936 2149 2007 praesentiam

555 2030 865 2085 interimere
914 2030 1084 2085 voluit
1114 2051 1125 2085 :
1158 2037 1213 2085 et
1253 2028 1496 2095 fecisset,
1526 2030 1659 2084 nisi-
1678 2029 1798 2101 pius
1827 2032 1986 2085 Pater
2032 2038 2150 2085 toto

555 2139 781 2193 corpore
809 2140 867 2178 se
896 2138 1060 2194 super
1096 2139 1220 2179 eum
1269 2122 1615 2195 projecisset,
1659 2123 1916 2179 omnibus
1941 2123 2007 2180 de
2037 2123 2153 2194 ejus

557 2224 733 2271 morte
761 2216 1141 2271 clamantibus.
1205 2268 1210 2273 .

626 2315 717 2363 59.
761 2309 1039 2376 Tandem,
1087 2309 1174 2365 vix
1235 2310 1527 2380 impetrato
1585 2310 1830 2378 silentio,
1890 2310 2154 2365 Dominus

558 2404 699 2474 Papa
736 2403 872 2458 dixit
923 2422 935 2457 :
980 2426 1007 2454 ς
1058 2404 1272 2471 Nolite,
1324 2404 1449 2469 ﬁlii,
1499 2404 1754 2460 Ecclesiae
1799 2412 2001 2460 sanctae
2046 2407 2154 2458 Do-

558 2496 687 2551 mini
747 2497 844 2552 Dei
903 2498 1074 2552 nostri
1123 2497 1359 2567 quietem
1426 2496 1480 2552 in
1540 2497 1863 2552 seditionem
1915 2498 2154 2569 aliquam

556 2605 924 2645 commovere.
965 2592 1196 2661 Oportet
1222 2591 1371 2646 enim
1413 2591 1613 2646 instare
1645 2600 1922 2663 tempora,
1962 2606 2154 2645 secun-

554 2682 687 2738 dum
756 2683 1069 2739 divinarum
1138 2685 1540 2756 Scripturarum
1605 2685 1806 2740 seriem
1871 2688 1960 2750 (II
2015 2688 2153 2740 Tim.

556 2782 713 2844 ιιι),
765 2778 1066 2849 periculosa
1124 2795 1136 2831 :
1193 2778 1249 2832 in
1318 2778 1516 2848 quibus
1581 2778 1836 2834 homines
1903 2794 1961 2833 se
2011 2779 2157 2849 ipsos

555 2878 830 2937 amantes,
892 2871 1146 2943 cupidos,
1209 2872 1502 2942 superbos,
1570 2872 1773 2937 elatos,
1848 2872 2158 2944 parentibus

555 2963 961 3031 inobedientes,
1000 2980 1118 3019 esse
1162 2980 1382 3020 necesse
1422 2973 1504 3019 est
1536 2984 1547 3017 :
1581 2974 1675 3031 ut,
1717 2966 1966 3035 patientia
2014 2966 2155 3021 ﬁlio-

2269 460 2293 485 σι
2337 452 2485 503 sum,
2516 438 2732 500 (Matth.
2767 441 2900 502 xvr)
2931 442 2985 491 et
3012 435 3238 505 reliqua.
3275 457 3302 483 ι

2264 538 2334 586 60
2359 554 2382 576 α
2411 531 2493 585 Ad
2512 529 2652 583 viam
2670 546 2798 601 ergo
2823 530 2948 586 vitae
2967 546 3064 584 nos
3079 528 3380 584 Dominum
3400 534 3686 583 vocantem
3703 527 3856 597 sequi

2264 633 2503 695 oportet,
2536 623 2581 678 si
2612 623 2946 679 baereditatis
2971 632 3193 679 aeternae
3222 621 3462 677 fructum
3492 619 3860 676 desideramus

2267 732 2504 788 carpere.
2527 739 2551 765 ι
2572 720 2674 772 Per
2686 717 2891 771 multas
2907 716 3300 781 tribulationes,
3327 737 3354 764 ιο
3372 724 3435 770 ut
3456 718 3662 769 Doctor
3672 721 3860 768 noster

2265 810 2472 878 docuit,
2499 832 2521 857 ι
2539 818 2759 883 Oportet
2774 810 3151 865 nosintrarein
3164 825 3391 881 regnum
3403 809 3503 864 Dei
3517 810 3812 873 (Act.x1v).
3831 829 3856 856 ι

2267 904 2405 959 Satis
2429 912 2511 960 est
2538 903 2687 975 quod
2716 904 2821 959 huc
2852 920 3022 975 usque
3050 903 3104 957 in
3134 919 3263 974 pace
3291 902 3525 957 viximus
3558 902 3810 957 Ecclesiae
3845 918 3857 955 :

2265 1014 2411 1053 nunc
2446 1014 2576 1055 vero
2628 997 2719 1053 diu
2767 997 2978 1053 aridam
3023 1012 3256 1053 messem
3299 998 3621 1052 Sanctorum
3662 995 3863 1050 iterum

2266 1092 2523 1164 sanguine
2563 1091 2819 1147 convenit
2853 1091 3099 1158 irrorari,
3142 1098 3204 1147 ut
3247 1089 3459 1146 fructus
3488 1089 3659 1155 illius,
3692 1089 3862 1160 longo

2266 1194 2515 1258 tempore
2564 1185 2783 1241 tabidus
2829 1184 3009 1250 senio,
3066 1184 3268 1239 recenti
3312 1199 3437 1240 rore
3480 1182 3766 1254 perfusus,
3809 1182 3862 1236 in

2264 1280 2555 1351 pristinum
2606 1279 2796 1334 redeat
2844 1277 3058 1334 decoris
3100 1286 3402 1349 aspectum.
3446 1276 3709 1331 Videmus
3756 1292 3861 1347 pu—

2266 1390 2433 1446 gnam
2461 1372 2661 1429 diaboli
2701 1373 2759 1427 in
2787 1381 3036 1443 apertum
3067 1372 3319 1443 prosilire
3347 1386 3602 1442 campum
3624 1410 3640 1437 ,
3673 1369 3866 1424 hacte-

2266 1484 2370 1523 nus
2402 1466 2568 1523 fuscis
2597 1466 2967 1538 squalloribus
2995 1465 3316 1537 adopertam
3350 1484 3363 1519 :
3393 1465 3517 1520 ideo
3548 1480 3695 1519 nunc
3719 1462 3864 1518 tiro-

2266 1578 2364 1615 nes
2392 1560 2611 1625 Christi,
2640 1559 2830 1616 doctas
2854 1575 3054 1615 manus
3087 1559 3158 1614 ad
3189 1560 3375 1629 praelia
3406 1565 3697 1627 gestantes,
3728 1573 3861 1612 con-

2264 1655 2413 1710 venit
2442 1655 2662 1711 obviare
2695 1672 2707 1708 :
2740 1662 3015 1725 quatenus
3043 1653 3241 1710 Christi
3285 1652 3421 1707 ﬁdes
3440 1691 3455 1719 ,
3483 1667 3638 1723 quae,
3668 1650 3863 1707 eodem

2263 1749 2541 1804 inliciente
2567 1748 2808 1814 diabolo,
2838 1756 2957 1802 toto
2988 1762 3128 1818 pene
3155 1756 3430 1801 terrarum
3461 1746 3593 1800 orbe
3616 1744 3859 1816 dispersa

2255 1843 2555 1914 relictaque
2596 1842 2858 1907 cernitur,
2898 1847 3130 1907 cuncta,
3178 1840 3421 1895 Domino
3465 1842 3584 1894 Deo
3626 1854 3719 1909 per
3762 1853 3867 1893 nos

2260 1946 2563 2008 pugnante,
2595 1938 2943 1991 iustauretur.
2973 1934 3059 1989 Ad
3088 1933 3482 1989 detrimentum
3524 1947 3722 2003 nempe
3761 1948 3862 1986 no-

2257 2040 2384 2086 strae
2436 2030 2627 2085 salutis
2687 2029 2976 2085 smeulares
3038 2028 3281 2100 quotidie
3336 2042 3678 2098 propugnare
3728 2041 3861 2081 con-

2258 2124 2545 2196 Spicimus,
2594 2124 2685 2193 qui
2736 2123 2869 2177 nihil
2918 2122 3065 2177 aliud
3111 2137 3279 2192 quam
3327 2120 3632 2193 gehennam
3682 2119 3864 2191 acqui-

2262 2228 2390 2273 runt
2421 2236 2435 2272 :
2467 2219 2542 2273 sic
2570 2217 2923 2288 nos,‘quibus
2950 2217 3127 2270 vivere
3159 2214 3412 2269 Christus
3437 2230 3552 2269 esse
3582 2213 3773 2277 debet,
3809 2219 3865 2267 et

2261 2312 2380 2383 ejus
2421 2311 2586 2368 etiam
2629 2326 2817 2366 amore
2861 2309 3004 2364 mori
3042 2309 3285 2374 lucrum;
3317 2307 3516 2378 quibus
3550 2307 3600 2360 in
3637 2306 3865 2361 retribu-

2261 2406 2447 2472 tione,
2488 2413 2614 2476 post
2653 2404 2817 2459 istam
2868 2404 3125 2458 miseram
3154 2410 3210 2456 et
3252 2400 3627 2471 imaginariam
3660 2400 3864 2465 vitam,

2261 2498 2491 2555 felicitas
2529 2507 2869 2570 prmparatur
2911 2506 3146 2565 aeterna;
3179 2512 3209 2550 a
3253 2495 3351 2550 Dei
3400 2494 3609 2566 legibus
3658 2502 3713 2549 et
3756 2492 3867 2547 ﬁde

2262 2601 2447 2649 nostra
2476 2591 2810 2658 orthodoxa,
2840 2590 3057 2662 pedem,
3090 2588 3233 2645 hosti
3262 2588 3529 2652 cedendo,
3556 2603 3669 2642 non
3696 2594 3866 2641 retra-

2263 2687 2477 2742 hamus.
2510 2688 2875 2743 Commoveat
2902 2700 3005 2740 nos
3028 2686 3220 2739 saltem
3250 2698 3351 2738 vox
3388 2682 3708 2748 Dominica,
3741 2696 3865 2752 quae

2260 2780 2391 2837 dicit
2423 2800 2435 2835 :
2473 2803 2497 2829 α
2531 2780 2637 2854 Qui
2681 2795 2767 2835 me
2795 2778 3078 2835 erubuerit
3105 2785 3160 2833 et
3189 2792 3473 2833 sermones
3516 2791 3690 2841 meos,
3719 2774 3866 2830 hunc

2265 2898 2288 2922 «
2334 2875 2501 2931 Filius
2523 2873 2766 2929 hominis
2789 2873 3090 2937 erubescet,
3116 2887 3241 2926 cum
3264 2871 3471 2926 venerit
3494 2870 3549 2924 in
3581 2870 3865 2941 majestate

2268 2992 2295 3017 α
2335 2984 2457 3031 sua,
2480 2976 2535 3023 et
2558 2967 2752 3033 Patris,
2775 2975 2830 3022 et
2842 2974 3163 3022 sanctorum
3180 2966 3517 3032 Augelorum
3541 2967 3683 3027 (Luc.
3708 2969 3809 3029 ix).
3837 2986 3862 3010 ι

556 3072 677 3123 rum
712 3058 833 3123 Dei,
867 3057 1121 3111 exhibitio
1151 3056 1275 3111 ﬁdei
1302 3066 1505 3113 nostrae
1536 3057 1711 3112 multo
1759 3058 2046 3127 pretiosior
2084 3058 2156 3113 sit
2191 3069 2237 3134 (ι
2262 3060 2525 3116 'I‘erribile
2539 3059 2877 3115 nobisvideri
2897 3059 3079 3127 debet,
3096 3058 3140 3112 si
3158 3057 3756 3129 temporeillo,atanto
3777 3056 3867 3110 tri-

556 3165 688 3204 auro
720 3149 867 3219 quod
896 3166 991 3220 per
1016 3149 1197 3220 ignem
1220 3149 1496 3220 probatur.
1531 3149 1743 3204 Clamat
1766 3149 1923 3205 nobis
1944 3150 2154 3206 divinus

556 3256 739 3298 sermo
771 3242 957 3298 dicens
991 3261 1003 3295 :
1041 3266 1064 3289 αι
1099 3244 1329 3297 Necesse
1358 3250 1443 3297 est
1464 3283 1478 3309 ,
1521 3250 1581 3297 ut
1610 3243 1826 3298 veniant
1854 3243 2104 3299 scandala
2134 3260 2149 3298 :

559 3357 584 3382 α
637 3349 717 3390 va;
741 3342 924 3390 autem
954 3334 1161 3391 homini
1192 3335 1293 3399 illi,
1326 3351 1422 3407 per
1451 3351 1616 3408 quem
1659 3336 1980 3392 scandalum
2007 3336 2154 3393 venit

560 3452 583 3477 α
630 3431 824 3496 (Math.
839 3434 1046 3495 xvnt).
1067 3452 1090 3477 υ
1110 3432 1178 3485 Et
1204 3430 1430 3497 iterum,
1448 3430 1514 3485 ad
1538 3429 1939 3487 ostendendum
1952 3439 2155 3487 nostra:

557 3523 833 3595 qualitatis
856 3522 1107 3592 modum,
1140 3525 1376 3596 qualiter
1404 3524 1471 3580 ad
1500 3524 1753 3580 inimicos
1781 3533 1996 3580 nostros
2024 3540 2152 3579 con-

557 3618 752 3674 versari
776 3617 1100 3684 debeamus,
1122 3618 1474 3693 subjunctum
1498 3625 1610 3672 est:
1636 3641 1662 3666 u
1684 3620 1848 3685 Ecce,
1872 3633 1971 3690 ego
1995 3619 2153 3674 mitto

561 3735 583 3759 ιι
627 3727 722 3765 vos
751 3711 890 3765 sicut
913 3726 1083 3780 agnos
1110 3712 1253 3766 inter
1277 3712 1453 3782 lupos.
1480 3713 1670 3766 Estote
1701 3727 1828 3783 ergo
1856 3711 2154 3782 prudentes

562 3828 585 3850 «ι
627 3805 771 3859 sicut
796 3812 1109 3873 serpentes,
1143 3812 1199 3858 et
1225 3803 1499 3875 simplices
1530 3805 1673 3859 sicut
1698 3804 1973 3861 columba:
2002 3809 2150 3871 (Luc.

562 3920 587 3945 σι
630 3902 680 3952 et
690 3898 888 3953 Matth.
907 3897 985 3967 ιι).
1005 3921 1027 3945 ι
1049 3900 1205 3953 Nunc
1221 3913 1368 3968 vero,
1386 3898 1509 3954 licet
1525 3898 1838 3954 Antichristi
1854 3914 2156 3970 prazcursor

558 3992 613 4047 in
645 3990 937 4046 Ecclesiam
969 3991 1219 4058 surrexit,
1246 4006 1347 4048 nos
1373 4000 1583 4057 tamen,
1613 3992 1800 4065 multis
1830 4008 1859 4047 a
1888 3993 2155 4064 tempori-

559 4085 662 4141 bus
689 4093 803 4140 tam
839 4099 868 4140 a
898 4085 1141 4140 Domino
1169 4101 1335 4157 quam
1376 4100 1407 4140 a
1434 4085 1634 4140 sanctis
1658 4085 1913 4142 Patribus
1942 4086 2117 4143 edocti
2139 4128 2153 4155 ,

559 4179 639 4235 sic
669 4178 904 4249 gemina:
929 4178 1174 4234 scientia:
1200 4194 1430 4234 munere
1456 4194 1675 4251 gressus
1705 4179 2021 4236 incedamus
2058 4196 2153 4251 per

562 4272 840 4344 pristinos,
872 4279 963 4337 ut,
995 4271 1467 4342 quemadmodum
1514 4272 1581 4343 pii
1608 4274 1829 4341 Patres,
1861 4275 2152 4346 serpentis,

560 4364 909 4438 prudentiam
950 4365 1273 4437 simplicitati
1320 4366 1590 4423 columbae
1626 4367 1943 4440 iungentes,
1975 4368 2155 4425 haere-

560 4461 698 4516 ticos
747 4461 1056 4531 serpentina
1116 4469 1332 4516 utentes
1388 4461 1585 4517 astutia
1635 4461 1957 4534 fugaverunt
2011 4463 2157 4534 (67);

563 4554 636 4609 ita
665 4562 720 4609 et
742 4570 842 4610 nos
874 4554 1353 4610 mansuetudinem
1382 4553 1502 4610 felle
1535 4554 1772 4611 carentis
1800 4555 1944 4611 alitis
1968 4564 2155 4611 tenea-

562 4663 717 4714 mus,
770 4655 827 4703 et
882 4648 1234 4719 prudentiam
1277 4648 1547 4720 serpentis
1608 4664 1721 4705 non
1765 4650 2154 4721 relinquamus.

559 4742 871 4813 Utramque
910 4743 1054 4796 enim
1088 4749 1275 4797 mente
1306 4750 1520 4815 gestare
1549 4758 1662 4799 non
1706 4752 1789 4798 est
1817 4744 2035 4813 vitium,
2063 4744 2158 4800 sed

560 4833 739 4907 dignae
767 4834 1110 4889 discretionis
1134 4850 1415 4890 arcanum.
1445 4838 1568 4891 Non
1593 4836 1740 4891 enim
1771 4836 2007 4908 aliquem
2034 4838 2160 4893 odio

562 4927 818 5000 prosequi
836 4928 1121 4994 debemus,
1134 4927 1253 4994 sed,
1266 4928 1635 5000 imprudentia
1650 4929 1805 4985 latuit
1819 4938 1969 4987 ateve
1981 4931 2157 5002 legem

562 5021 789 5078 Domini
819 5022 1064 5077 volentes
1104 5021 1429 5093 infringere,
1464 5023 1810 5094 subportare.
1841 5026 1982 5079 Ecce
2006 5024 2153 5079 enim

561 5115 892 5187 acceptabile
949 5123 1169 5187 tempus
1219 5113 1405 5183 adest;
1458 5131 1583 5172 ecce
1633 5117 1834 5172 iterum
1891 5117 2158 5173 Dominus

560 5209 915 5279 spiritualiter
942 5210 1086 5265 inter
1111 5209 1366 5265 homines
1394 5208 1660 5279 ambulat,
1690 5212 1955 5281 clamans,
1987 5218 2041 5267 et
2067 5211 2156 5268 di-

635 5418 745 5482 (66)
780 5420 1005 5472 Joannes
1044 5415 1199 5471 alteri
1240 5416 1435 5472 Joanni
1480 5416 1744 5473 successit
1785 5418 1923 5474 circa
1952 5433 2154 5473 annum

570 5492 725 5553 1066,
757 5497 811 5542 et
833 5491 887 5544 S.
917 5488 1185 5558 Gregorio
1206 5488 1525 5543 ﬁdelissime
1555 5488 1807 5558 adhaesit,
1840 5498 1900 5545 ut
1928 5507 2026 5546 nec
2050 5491 2159 5544 Im-

564 5559 830 5633 peratoris
856 5560 1034 5633 mina:
1079 5560 1432 5633 potentiaque
1476 5561 1629 5633 illum
1675 5571 1918 5616 avertere
1962 5572 2152 5633 potue-

564 5630 691 5684 rint.
720 5630 1004 5687 Laudatur
1027 5647 1056 5685 a
1086 5633 1250 5686 Petro
1280 5631 1519 5688 Ostiensi
1552 5632 1647 5687 lib.
1681 5642 1733 5687 4.
1765 5630 2022 5690 Chroni‘ci
2050 5635 2155 5690 Ca-

564 5702 797 5757 sinensis
822 5719 940 5773 cap.
972 5706 1025 5756 2.
1057 5710 1112 5757 et
1139 5701 1279 5759 aliis.

635 5778 747 5839 (67)
786 5777 945 5830 Hunc
984 5773 1169 5830 locum
1200 5773 1266 5831 de
1293 5773 1602 5845 serpentina
1645 5774 1927 5847 prudentia
1967 5784 2025 5833 et
2056 5792 2156 5832 co-

2262 3153 2444 3209 bunali
2457 3152 2785 3208 sententiam
2800 3153 3001 3208 nostris
3016 3150 3496 3224 negligentiisdirae
3514 3149 3863 3205 verecundiae

2261 3246 2570 3317 capiamus;
2597 3262 2833 3318 quorum
2859 3245 3135 3301 laboribus
3161 3244 3336 3300 Judex
3363 3244 3607 3300 omnium
3628 3243 3761 3298 alios
3782 3254 3866 3298 re'

2262 3355 2553 3395 munerare
2599 3340 2712 3395 vult
2740 3342 2924 3408 (Num.
2956 3340 3115 3409 vm).
3149 3339 3279 3394 Ideo
3323 3338 3471 3393 enim
3516 3338 3714 3393 domus
3742 3352 3859 3393 suae

2262 3435 2630 3505 speculatores
2681 3449 2784 3488 nos
2833 3443 3037 3489 aeterna
3087 3431 3355 3503 Sapientia
3391 3447 3510 3487 esse
3560 3430 3756 3499 voluit,
3804 3438 3863 3486 ut

2261 3528 2373 3599 ipse
2416 3526 2774 3599 postmodum
2816 3535 3077 3582 venturus
3104 3526 3435 3581 inhabitator
3472 3523 3734 3581 mundam
3763 3524 3862 3580 do-

2263 3636 2415 3676 mum
2443 3628 2633 3677 nostro
2661 3619 2842 3676 studio
2870 3621 3073 3675 habere
3102 3620 3294 3691 possit.
3327 3618 3413 3674 Ad
3460 3617 3606 3690 quod
3648 3618 3861 3673 scilicet

2263 3730 2401 3787 opus
2426 3715 2704 3787 egregium
2734 3715 2934 3770 instare
2955 3714 3177 3770 Domini
3210 3712 3528 3769 Sacerdotes
3551 3711 3861 3775 hortantur,

2262 3824 2389 3864 cum
2429 3808 2484 3862 in
2514 3815 2730 3864 maturo
2773 3816 3019 3879 tempore
3047 3806 3257 3878 legibus
3286 3805 3545 3869 Domini,
3574 3820 3861 3860 senescen-

2262 3910 2345 3958 tes
2374 3910 2499 3974 post
2526 3901 3043 3974 quinquagesimum
3068 3915 3298 3967 annum,
3323 3898 3579 3954 custodes
3606 3913 3861 3953 vasorum

2264 3995 2485 4051 Domini
2517 3994 2907 4067 praecipiuntur
2936 3994 3071 4049 ﬁeri.
3112 3996 3249 4048 Vasa
3292 3993 3516 4065 quippe,
3547 4000 3607 4047 ut
3637 3994 3700 4046 B.
3728 3993 3864 4049 Gre-

2265 4090 2447 4161 gorius
2489 4090 2594 4158 ait,
2638 4099 2824 4145 nostra
2850 4096 2981 4144 sunt
3004 4087 3200 4155 corda,
3240 4086 3437 4158 quibus
3465 4085 3694 4141 ferimus
3736 4101 3867 4141 cun-

2261 4192 2347 4239 cta
2391 4199 2514 4254 quae
2542 4183 2868 4255 cogitamus.
2914 4182 3091 4238 Corda
3120 4182 3287 4236 etiam
3314 4179 3411 4236 Dei
3454 4180 3557 4234 vivi
3596 4179 3863 4250 templum

2264 4293 2381 4333 esse
2401 4318 2415 4345 ,
2456 4292 2608 4332 sacra
2636 4284 2905 4332 testantur
2940 4275 3157 4347 eloquia
3199 4279 3247 4341 (Ι
3273 4276 3397 4331 Cor.
3432 4274 3527 4345 ιιι)
3559 4291 3571 4326 :
3600 4288 3721 4343 quaa
3749 4273 3867 4342 qui-

2265 4370 2392 4425 dem
2434 4378 2589 4426 tanto
2636 4369 2889 4426 mundari
2933 4369 3185 4425 convenit
3231 4368 3538 4440 diligentius
3575 4376 3628 4421 et
3655 4365 3863 4435 ornari,

2187 4449 2239 4511 D
2268 4470 2471 4535 quanto
2512 4465 2732 4520 illorum
2778 4462 3202 4519 inhabitatorem
3250 4462 3462 4519 cateris
3510 4458 3863 4515 mundiorem

2265 4574 2381 4614 esse
2423 4558 2806 4630 dignoscimus.
2852 4558 3124 4629 Scriptum
3168 4557 3365 4627 quippe
3407 4564 3492 4610 est
3524 4576 3535 4610 :
3570 4578 3595 4603 ει
3624 4552 3863 4609 Mundus

2269 4674 2297 4701 σι
2339 4652 2612 4708 habitator
2650 4651 2915 4708 mundam
2960 4650 3159 4722 quaerit
3181 4649 3409 4705 domum
3443 4652 3491 4715 (Ι
3520 4650 3633 4707 Cor.
3671 4650 3794 4712 xv).
3834 4670 3859 4694 υ

2269 4746 2546 4802 Etiterum
2568 4765 2580 4801 :
2602 4768 2626 4794 α
2648 4746 2907 4818 Evigilate
2923 4745 3077 4817 justi,
3093 4754 3149 4801 et
3169 4744 3339 4799 nolite
3361 4759 3605 4815 peccare.
3628 4742 3814 4808 (Ibid.)
3834 4764 3858 4789 ιι

2269 4841 2340 4895 Et
2368 4841 2568 4896 iterum
2596 4861 2607 4895 :
2646 4866 2669 4888 ιι
2704 4841 2844 4895 Ecce
2879 4848 2965 4894 sto
3011 4838 3081 4895 ad
3111 4838 3332 4906 ostium,
3365 4846 3417 4891 et
3446 4837 3619 4907 pulso.
3656 4836 3711 4891 Si
3744 4826 3865 4905 quis

2270 4952 2299 4986 (ι
2339 4933 2569 4989 audierit
2592 4949 2779 4989 vocem
2802 4948 3004 4998 meam,
3028 4940 3081 4986 et
3096 4931 3371 5003 aperuerit
3385 4930 3540 4991 mihi,
3561 4929 3776 4984 intrabo
3795 4927 3865 4984 ad

2269 5049 2295 5076 ι
2337 5027 2512 5094 illum,
2527 5027 2820 5084 etcmnabo
2832 5043 2962 5082 cum
2979 5026 3090 5093 illo,
3106 5027 3282 5097 etipse
3297 5040 3510 5080 mecum
3523 5024 3861 5094 (Apoc.1n).n

2265 5121 2529 5178 Videmus
2563 5121 2705 5194 jam,
2748 5122 2995 5189 Fratres,
3040 5119 3085 5174 si
3114 5118 3279 5175 corda
3318 5127 3502 5175 nostra
3529 5118 3741 5189 exigere
3770 5131 3865 5171 co-

2263 5231 2461 5272 nemur
2486 5216 2720 5283 intente,
2767 5219 3066 5270 Auctorem
3095 5222 3349 5270 nostrum
3376 5214 3623 5285 pulsare,
3653 5225 3865 5282 nosque

2265 5417 2511 5474 lumbina
2552 5417 2929 5490 simplicitate,
2965 5416 3218 5490 mutilum
3262 5416 3317 5471 in
3363 5429 3528 5490 mss.‘
3555 5423 3641 5490 et,
3697 5415 3864 5490 etiam

2262 5506 2389 5545 cum
2419 5490 2643 5561 editoris
2662 5485 3040 5561 'Bollandiani
3058 5489 3474 5561 supplemento,
3516 5485 3862 5542 intricatissi-

2263 5576 2441 5627 mum,
2472 5576 2573 5616 nos
2609 5560 2710 5615 hac
2739 5560 2884 5615 illius
2922 5556 3235 5631 conjectura
3280 5556 3474 5631 innixi,
3522 5568 3737 5631 textum
3769 5573 3865 5611 au-

2262 5641 2375 5687 tem
2408 5631 2474 5686 ad
2526 5631 2769 5703 Matthaai
2814 5632 2900 5703 (x,
2956 5627 3051 5697 16')
3084 5631 3242 5686 verba
3271 5627 3483 5686 ﬁdelius
3510 5630 3863 5703 aiﬁngentes,

2264 5703 2336 5759 ita
2366 5702 2711 5759 restituimus
2740 5706 2931 5771 (Em'r.
2964 5706 3249 5769 Ρλτιιοι..)
