4122 6180
250 245 314 296 ῖ3
1248 250 1767 308 PROLEGOMENA.
1810 283 1878 290 —
1917 254 2094 310 ACTA
2132 255 2188 310 S.
2232 256 2573 312 GREGORII.
3490 266 3557 318 74

250 367 753 437 commonefacere,
806 377 871 426 ut
898 371 1213 443 aperiamus
1264 374 1361 441 illi,
1413 385 1467 432 et
1525 377 1849 436 claudamus
1875 382 1928 443 Α
1959 382 2407 451 commonuistis,
2440 398 2589 438 nunc
2608 396 2740 438 vero
2770 382 3125 439 cauteriatam
3166 384 3556 442 conscientiam

252 462 462 516 ostium
492 462 748 531 diabolo;
789 472 846 519 et
884 466 1007 536 ejus
1032 467 1358 525 satellitibus
1408 479 1464 525 et
1495 473 1854 544 complicibus

247 571 348 625 pro
378 556 596 613 viribus
625 557 971 626 resistamus,
1019 560 1073 615 in
1111 571 1372 634 promptu
1413 564 1683 622 habentes
1712 568 1855 623 ulci-

250 650 346 714 sci,
412 651 730 706 secundum
770 654 1106 723 Apostolum
1158 659 1235 722 (II
1253 658 1366 713 Cor.
1405 659 1487 730 χ),
1515 675 1738 716 omnem
1766 661 1853 717 in-

250 744 647 801 obedientiam.
661 747 848 817 Neque
868 746 1180 804 timendum
1201 759 1285 805 est
1299 792 1314 818 ,
1333 752 1541 807 etiamsi
1562 755 1854 824 pravalere

252 840 463 909 possint
490 838 789 894 adversum
835 857 935 897 nos
969 859 983 896 :
1017 843 1283 913 quoniam
1314 844 1439 901 ideo
1488 846 1591 902 illis
1618 857 1855 919 potestas

254 947 285 986 a
308 933 458 1003 justo
500 932 743 989 traditur
769 934 965 990 Judice
983 976 999 1003 ,
1034 945 1097 991 ut
1127 936 1263 992 ﬁant
1289 948 1497 995 nostra
1514 941 1852 1011 probationis

252 1028 540 1095 caminus,
572 1028 684 1083 cito
714 1028 769 1082 in
813 1028 1056 1085 cinerem
1095 1039 1149 1085 et
1176 1029 1388 1086 favillas
1416 1035 1849 1104 consumendus,

248 1136 466 1191 nosque
498 1136 627 1176 vasa
652 1122 933 1193 explorata
963 1132 1220 1195 perpetuo
1258 1124 1315 1179 in
1342 1127 1570 1183 Domini
1595 1129 1848 1186 ministe-

245 1214 389 1269 rium
438 1215 797 1271 assumenda.
839 1219 1135 1287 Speramus
1177 1234 1329 1287 sane,
1368 1236 1472 1276 nec
1516 1222 1847 1289 dubitamus,

246 1307 390 1379 quod
426 1308 584 1363 nulla
628 1309 942 1378 tribulatio,
970 1313 1296 1382 persecutio,
1329 1314 1631 1384 gladiusve,
1663 1317 1851 1373 vincu-

242 1402 310 1467 la,
344 1418 620 1471 carceres,
671 1402 871 1471 exsilia,
900 1404 1181 1474 instantia,
1214 1406 1416 1475 futura,
1463 1417 1721 1479 poterunt
1747 1427 1850 1467 nos

241 1512 498 1567 separare
538 1512 570 1551 a
602 1496 860 1565 caritate,
907 1514 1033 1568 qua
1078 1507 1160 1555 est
1206 1500 1260 1555 iu
1308 1500 1524 1557 Christo
1583 1505 1738 1575 Jesu,
1798 1514 1851 1560 et

240 1591 442 1644 sanctis
472 1589 598 1661 ejus
642 1590 874 1662 legibus.
903 1592 1099 1648 Melius
1146 1602 1230 1649 est
1252 1594 1396 1650 enim
1422 1596 1565 1651 mori
1599 1613 1696 1669 pro
1727 1598 1848 1670 legi-

238 1682 343 1738 bus
370 1684 628 1751 Domini,
672 1700 842 1755 quam
870 1686 1195 1742 eorumdem
1223 1690 1635 1758 persuasoribus
1664 1699 1717 1745 et
1752 1692 1845 1747 de-

1964 488 2024 529 se
2053 473 2305 532 habuisse
2353 486 2662 548 cognoscat.

2036 573 2124 623 62.
2158 570 2262 625 His
2292 578 2455 641 atque
2493 571 2609 627 aliis
2636 571 2920 627 nonnullis
2950 574 3238 645 peroratis,
3278 584 3463 631 sancta
3501 584 3558 630 et

1964 678 2165 734 magna
2197 664 2451 735 Synodus
2471 663 2608 719 dixit
2641 685 2652 719 :
2681 668 2817 733 Tua,
2848 667 3193 725 sanctissime
3224 670 3407 732 Pater,
3431 685 3556 723 ceu-

1963 772 2113 824 sura,
2144 773 2308 828 quem
2346 757 2415 813 ad
2443 758 2743 829 regendum
2772 759 2947 814 nostri
2983 762 3249 832 temporis
3283 762 3555 817 saculum

1962 849 2143 906 divina
2189 852 2396 923 peperit
2446 852 2731 906 clementia
2782 853 3412 945 contra‘blasphemum,
3466 855 3553 909 iu-

1962 960 2235 1012 vasorem,
2266 955 2562 1017 tyrannum
2586 987 2600 1013 ,
2628 945 2992 1013 desertorem,
3026 947 3193 1002 talem
3222 948 3550 1003 sententiam

1960 1036 2222 1109 proferat,
2262 1055 2386 1111 qua
2434 1038 2584 1095 hunc
2634 1047 2901 1108 conterat,
2982 1048 3037 1095 et
3092 1039 3292 1096 futuris
3342 1041 3553 1097 saculis

1960 1132 2413 1204 transgressionis
2455 1133 2725 1189 cautelam
2754 1131 3019 1189 conferat.
3065 1133 3304 1205 Dignum
3346 1135 3548 1206 quippe

1961 1236 2043 1281 est
2063 1226 2230 1298 jussis
2271 1227 2379 1282 tuis
2404 1227 2629 1283 obedire
2664 1237 2719 1282 et
2749 1226 3151 1295 obsecundare,
3174 1235 3231 1281 ut
3260 1242 3548 1297 possumus

1959 1335 2135 1392 neque
2183 1318 2361 1375 facere
2412 1321 2667 1392 cupimus
2712 1321 2923 1377 animas
2959 1329 3174 1376 nostras
3199 1319 3549 1391 pretiosiores

1956 1412 2140 1469 nobis.
2174 1414 2436 1469 Libenter
2466 1415 2631 1483 enim,
2669 1415 2714 1471 si
2755 1431 2975 1471 necesse
3006 1422 3109 1482 est,
3142 1422 3383 1468 mortem
3426 1429 3547 1467 am-

1958 1507 2277 1578 plectemur,
2309 1511 2611 1563 utPatrum
2648 1516 2967 1564 nostrorum
2997 1507 3214 1580 vestigia
3237 1506 3550 1577 relinquere

1955 1617 2067 1656 non
2098 1600 2401 1657 videamur.
2435 1603 2545 1657 Cur
2570 1602 2721 1657 enim
2751 1618 2866 1657 non
2900 1602 3091 1657 demus
3122 1617 3219 1672 pro
3242 1599 3341 1655 Dei
3371 1599 3547 1654 nostri

1956 1695 2158 1749 sanctis
2181 1695 2390 1765 legibus
2424 1695 2579 1763 illud,
2612 1694 2760 1767 quod
2792 1712 2823 1750 a
2854 1694 3159 1751 nolentibus
3188 1693 3347 1749 nobis
3375 1691 3548 1749 aufer-

239 1777 622 1833 structoribus
655 1786 803 1849 terga
821 1779 1086 1835 vertendo
1105 1756 1364 1837 Ecclesia
1386 1782 1523 1854 (jura
1557 1783 1841 1854 prodere):
1873 1756 1920 1816 Β
1959 1791 2083 1843 tur?
2118 1756 2375 1843 Gladium
2402 1756 2916 1859 exerce,.judicium
2959 1802 3188 1842 exerce:
3237 1794 3297 1841 ut
3334 1786 3548 1840 latetur

237 1871 511 1942 quoniam
544 1888 661 1927 non
690 1871 913 1929 obviare
941 1873 1156 1941 talibus,
1194 1874 1396 1931 Christi
1425 1876 1739 1947 planissime
1766 1888 1847 1935 est

236 1964 409 2021 ﬁdem
440 1981 672 2037 negare.

306 2065 403 2113 61.
435 2058 714 2115 Videmus
742 2076 855 2132 pra
880 2061 1056 2117 oculis
1090 2071 1145 2118 et
1168 2062 1425 2120 manibus
1444 2064 1663 2136 signum
1704 2066 1846 2121 anti-

235 2152 324 2223 qui
364 2154 680 2224 serpentis;
734 2154 885 2226 quod
927 2155 1279 2226 omnipotens
1330 2161 1480 2213 Deus
1523 2157 1647 2214 ideo
1691 2160 1844 2215 vobis

238 2248 503 2311 ostendit,
532 2256 595 2302 ut
624 2257 813 2303 cautos
842 2249 1104 2305 sollicitos
1126 2266 1229 2321 que
1249 2251 1523 2321 redderet,
1542 2261 1598 2307 et
1613 2252 1742 2323 quid
1756 2270 1844 2308 su-

235 2357 332 2411 per
372 2340 560 2396 ﬁlium
591 2342 882 2413 superbia,
916 2343 1275 2399 extollentem
1304 2361 1362 2400 se
1403 2345 1665 2402 adversus
1709 2346 1848 2402 hanc

235 2443 493 2489 sanctam
550 2436 857 2490 Ecclesiam
908 2436 1249 2493 Catholicam
1309 2437 1485 2494 facere
1548 2440 1845 2496 debeamus

237 2528 578 2584 insinuaret.
613 2531 815 2584 Sancta
856 2530 1052 2603 quippe
1103 2532 1401 2604 Scriptura,
1454 2533 1668 2602 Fidem,
1720 2550 1841 2590 san-

235 2631 453 2693 ctaque
493 2622 760 2679 Ecclesia:
806 2623 1040 2694 ﬁguram
1078 2624 1164 2680 ovi
1202 2626 1432 2681 nomine
1474 2626 1752 2699 designat;
1786 2629 1844 2683 in

235 2733 332 2788 qua
361 2716 601 2788 quidem
634 2717 816 2773 malos
846 2734 977 2773 cum
1007 2718 1163 2774 bonis
1193 2719 1481 2790 permiStos
1520 2737 1638 2776 esse
1672 2738 1843 2793 usque

236 2808 303 2864 ad
332 2810 539 2865 mundi
593 2812 893 2866 terminum
940 2812 1128 2867 nullus
1168 2812 1415 2868 ﬁdelium
1462 2813 1695 2870 dubitat.
1735 2813 1843 2871 Sed

234 2903 361 2959 licet
389 2903 696 2960 fraudibus
732 2904 1258 2985 deceptionibusque
1295 2907 1614 2977 aliquandiu
1645 2924 1704 2963 se
1744 2925 1841 2963 oc-

234 2998 418 3053 culere
449 2997 742 3065 studeant,
781 3015 897 3054 non
935 3015 1151 3070 semper
1189 3000 1377 3067 latere,
1413 3001 1659 3056 Domino
1699 3018 1845 3057 reve-

1956 1881 2185 1952 quilibet
2214 1880 2420 1952 justus,
2454 1896 2583 1936 cum
2613 1880 2807 1937 viderit
2847 1880 3166 1946 vindictam,
3195 1894 3392 1933 manus
3420 1893 3546 1933 suas

1954 1974 2096 2029 lavet
2120 1974 2175 2029 in
2218 1974 2482 2046 sanguine
2512 1974 2829 2046 peccatoris.
2862 1975 3113 2029 Tandem
3154 1972 3411 2028 omnibus
3452 1987 3541 2025 ac-

1953 2067 2318 2123 clamantibus
2346 2067 2633 2123 deﬁnitum
2665 2076 2767 2136 est,
2795 2075 2855 2122 ut
2885 2066 3097 2121 honore
3125 2065 3277 2137 regio
3308 2064 3546 2135 privare-

1952 2169 2064 2229 tur,
2095 2170 2149 2217 et
2206 2161 2569 2217 anathematis
2641 2161 2894 2226 vinculis,
2952 2170 3065 2215 tam
3114 2158 3547 2231 pranominatus

1954 2271 2048 2311 rex
2080 2272 2244 2326 quam
2277 2271 2471 2312 omnes
2487 2255 2795 2311 assentanei
2824 2254 2907 2309 sui
2936 2254 3342 2325 colligarentur.

2537 2359 2778 2413 CAPUT
2816 2358 2967 2411 Vlll.

1950 2462 2072 2514 Rea:
2118 2460 2375 2513 Henricus
2414 2458 2917 2511 emcommunicatur.
2950 2456 3165 2509 Littera
3202 2456 3257 2508 S.
3300 2455 3545 2525 Gregorii

2130 2546 2191 2583 ea
2213 2530 2278 2582 de
2298 2546 2375 2595 re,
2399 2534 2447 2582 et
2468 2529 2687 2582 ultionis
2717 2544 2842 2581 mea:
2878 2530 3068 2581 secuta:
3101 2526 3363 2593 eaemplu.

2028 2639 2117 2688 63.
2151 2637 2395 2704 Accepta
2425 2632 2606 2705 itaque
2634 2631 2851 2699 ﬁducia,
2888 2630 3148 2686 dominus
3173 2632 3336 2700 Papa,
3365 2645 3429 2684 ex
3460 2638 3547 2683 to-

1952 2727 2064 2782 tius
2091 2726 2293 2798 Syuodi
2324 2740 2599 2781 consensu
2627 2724 2908 2795 etjudicio
2934 2721 3470 2794 protulitanathema
3494 2722 3551 2775 in

1953 2819 2101 2875 hunc
2130 2819 2385 2874 modum.
2426 2821 2596 2873 Beate
2625 2822 2782 2874 Petre
2822 2818 3221 2888 Apostolorum
3261 2815 3543 2885 Princeps,

1951 2912 2169 2976 inclina,
2214 2927 2550 2982 quasumus,
2596 2910 2709 2981 pias
2750 2925 2908 2963 aures
2937 2920 3059 2963 tuas
3088 2908 3281 2972 nobis,
3319 2916 3373 2962 et
3419 2905 3546 2960 audi

1951 3021 2042 3061 me
2066 3021 2283 3061 servum
2320 3013 2504 3071 tuum;
2536 3019 2698 3075 quem
2728 3004 2795 3059 ab
2827 3001 3053 3058 inlantia
3083 2999 3321 3068 nutristi,
3348 3006 3402 3053 et
3455 3013 3547 3053 us-

234 3091 404 3159 laute,
441 3100 713 3163 possunt;
744 3101 837 3159 ut,
860 3108 987 3148 cum
1016 3094 1074 3148 in
1106 3102 1353 3165 apertum
1384 3095 1661 3151 venientes
1696 3096 1842 3151 emi-
1873 3133 1916 3197 Ο
1951 3114 2057 3170 que
2080 3098 2152 3154 ad
2185 3098 2332 3154 hunc
2348 3098 2493 3153 diem
2531 3097 2601 3153 de
2639 3113 2806 3152 manu
2828 3096 3141 3166 iniquorum
3164 3092 3425 3159 liberasti,
3450 3090 3542 3162 qui

234 3187 437 3253 earint,
468 3185 689 3241 cunctis
712 3195 971 3258 appareat
997 3185 1151 3242 fraus
1180 3203 1310 3259 qua
1340 3187 1567 3256 latebat,
1600 3197 1654 3245 et
1682 3189 1736 3244 in
1759 3205 1842 3245 co-

232 3280 421 3350 gnitos
453 3289 651 3336 sancta
682 3281 784 3335 Dei
826 3280 1068 3336 Ecclesia
1099 3280 1325 3337 ultionis
1363 3282 1607 3354 gladium
1635 3293 1837 3340 exerat.

232 3376 348 3429 Rex
384 3375 521 3442 iste,
575 3374 730 3445 cujus
761 3375 993 3446 ﬁguram
1039 3377 1193 3430 Deus
1222 3374 1356 3430 mihi
1383 3374 1750 3433 demonstrari
1788 3385 1844 3433 et

233 3467 497 3539 cognosci
557 3482 653 3539 per
680 3468 945 3538 serpentis
974 3468 1399 3523 similitudinem
1432 3470 1620 3539 voluit,
1655 3470 1842 3526 hacte-

232 3578 337 3617 nus
370 3563 609 3626 timens,
641 3562 754 3616 suis
780 3561 1023 3617 subdolis
1053 3562 1232 3617 verbis
1269 3570 1323 3617 et
1359 3564 1587 3630 nuntiis,
1618 3563 1765 3619 velut
1789 3564 1842 3618 in

235 3656 555 3710 tenebrosa
604 3656 782 3710 noctis
832 3656 1061 3727 caligine
1094 3656 1303 3711 latuit:
1355 3656 1445 3727 qui
1489 3656 1655 3711 modo
1703 3656 1844 3712 foras

233 3750 459 3815 saliens,
491 3748 644 3819 quod
668 3748 832 3806 corde
853 3749 1123 3821 gestabat,
1156 3750 1399 3806 ostendit
1422 3748 1758 3806 sufﬁcienter
1773 3750 1843 3806 ad

232 3842 779 3899 condemnationem
831 3859 999 3915 quam
1054 3843 1259 3915 passim
1298 3860 1392 3915 per
1440 3844 1541 3899 Dei
1578 3844 1844 3900 Ecclesias

234 3936 616 3992 commiserat.
651 3938 809 3992 Nunc
839 3946 1076 4001 vero,ut
1105 3938 1343 4005 cernitis,
1374 3947 1540 4010 caput
1603 3937 1672 3993 ad
1714 3937 1841 3994 ﬁdei

236 4041 458 4086 nostra
502 4030 923 4086 fundamentum
968 4031 1174 4103 erigere
1221 4040 1486 4103 coeperat,
1535 4032 1678 4087 sicut
1703 4030 1843 4087 scri-

236 4134 396 4196 ptum
430 4133 553 4180 est:
600 4126 907 4181 Posuerunt
934 4125 989 4180 in
1017 4127 1222 4181 calum
1261 4141 1323 4181 os
1352 4141 1535 4193 suum,
1578 4134 1632 4180 et
1662 4126 1843 4197 lingua

235 4235 441 4275 eorum
474 4219 721 4273 transivit
747 4219 803 4274 in
827 4228 994 4274 terra.
1026 4223 1112 4275 De
1142 4236 1251 4291 quo
1276 4221 1518 4275 Joannes
1553 4218 1842 4290 Apostolus

240 4314 378 4368 dicit
412 4331 426 4367 :
465 4336 493 4361 ι
537 4315 610 4367 Et
636 4312 827 4368 datum
856 4322 939 4369 est
965 4313 1014 4368 ei
1041 4329 1105 4369 os
1136 4314 1367 4384 loquens
1386 4329 1605 4387 magna,
1632 4321 1687 4368 et
1711 4312 1845 4367 blas-

240 4408 496 4479 phemias
551 4409 738 4475 (Apoc.
763 4412 932 4474 xm).
974 4429 997 4454 ι
1034 4408 1103 4461 Et
1148 4406 1281 4462 illud
1318 4424 1332 4460 :
1367 4426 1395 4458 (ι
1421 4408 1489 4461 Et
1527 4407 1700 4463 cauda
1729 4406 1847 4477 ejus

1948 3208 2039 3247 me
2069 3209 2168 3263 pro
2192 3201 2281 3247 tua
2314 3191 2574 3246 ﬁdelitate
2594 3189 2827 3246 oderunt
2856 3197 2911 3243 et
2934 3189 3147 3243 odiunt.
3180 3190 3264 3242 Tu
3293 3186 3431 3240 mihi
3464 3192 3544 3239 te-

1949 3286 2049 3340 stis
2078 3302 2155 3353 es,
2193 3294 2248 3340 et
2278 3288 2518 3340 Domina
2538 3300 2660 3338 mea
2688 3291 2866 3337 mater
2890 3282 3012 3347 Dei,
3042 3289 3099 3335 et
3116 3282 3316 3334 Beatus
3346 3278 3545 3333 Paulus

1951 3382 2138 3436 Frater
2167 3388 2299 3433 tuus
2340 3379 2485 3433 inter
2522 3392 2714 3432 omnes
2744 3380 2996 3441 Sauctos,
3026 3373 3175 3445 quod
3223 3381 3315 3427 tua
3355 3379 3546 3425 sancta

1948 3476 2204 3528 Romana
2250 3470 2489 3525 Ecclesia
2538 3485 2626 3523 me
2668 3468 2901 3522 invitum
2930 3466 2997 3521 ad
3037 3482 3132 3521 sua
3178 3464 3545 3535 gubernacula

1950 3567 2136 3634 traxit,
2160 3573 2213 3620 et
2240 3580 2339 3636 ego
2368 3580 2481 3619 non
2511 3562 2756 3633 rapinam
2785 3562 3078 3616 arbitratus
3105 3573 3228 3611 sum
3257 3556 3323 3611 ad
3345 3554 3542 3610 Sedem

1948 3668 2103 3715 tuam
2152 3658 2473 3723 ascendere;
2530 3656 2825 3727 potiusque
2881 3652 3026 3707 volui
3058 3652 3226 3706 vitam
3264 3664 3445 3703 meam
3489 3648 3544 3701 in

1952 3752 2385 3825 peregrinatione
2422 3750 2593 3817 linire,
2636 3764 2799 3819 quam
2845 3746 3024 3801 locum
3055 3753 3211 3798 tuum
3244 3758 3341 3813 pro
3372 3738 3544 3812 gloria

1953 3846 2174 3913 mundi,
2204 3843 2455 3901 saculari
2496 3842 2710 3914 ingenio
2754 3840 3013 3911 arripere.
3060 3840 3130 3892 Et
3176 3836 3295 3891 ideo
3339 3851 3406 3889 ex
3450 3843 3544 3889 tua

1950 3940 2122 4012 gratia
2144 3955 2258 3994 non
2281 3954 2345 3995 ex
2371 3938 2504 3993 meis
2535 3935 2788 4007 Operibus
2805 3934 2988 3999 credo,
3024 3929 3171 4002 quod
3208 3928 3306 3983 tibi
3339 3928 3547 3998 placuit

1950 4041 2005 4089 et
2034 4033 2237 4104 placet,
2283 4040 2342 4086 ut
2384 4030 2619 4102 populus
2668 4026 3030 4091 Christianus,
3085 4022 3187 4077 tibi
3236 4020 3547 4092 specialiter

1949 4126 2298 4192 commissus,
2356 4123 2493 4179 mihi
2548 4121 2772 4177 obediat
2821 4117 3147 4191 Specialiter,
3180 4130 3276 4187 pro
3308 4113 3422 4168 vice
3449 4122 3545 4168 tua

1950 4220 2088 4276 mihi
2118 4219 2415 4275 commissa
2452 4237 2464 4271 :
2497 4225 2553 4272 et
2580 4215 2719 4270 mihi
2759 4222 2849 4269 tua
2881 4212 3047 4285 gratia
3069 4218 3152 4265 est
3181 4216 3423 4280 potestas
3442 4206 3541 4262 da-

1952 4325 2009 4372 ta
2041 4332 2071 4372 a
2106 4316 2222 4370 Deo
2252 4312 2452 4385 ligandi
2482 4319 2641 4381 atque
2671 4307 2936 4374 solvendi,
2964 4308 3019 4361 in
3048 4304 3185 4361 calo
3216 4302 3347 4357 etin
3374 4310 3541 4356 terra.

1954 4412 2074 4464 Hac
2104 4410 2290 4479 itaque
2326 4405 2525 4460 ﬁducia
2551 4401 2745 4468 fretus,
2777 4416 2875 4471 pro
2904 4397 3157 4455 Ecclesia
3187 4405 3295 4451 tua
3336 4393 3547 4448 honore

239 4501 542 4565 (draconis)
601 4500 818 4555 tertiam
864 4509 1078 4572 partem
1135 4500 1416 4555 stellarum
1452 4500 1621 4555 traxit
1657 4502 1839 4569 (Apoc.
1872 4508 1922 4570 1)
1953 4510 2007 4557 et
2035 4499 2373 4566 defensione,
2432 4515 2496 4555 ex
2546 4504 2698 4568 parte
2749 4491 3139 4564 omnipotentis
3189 4487 3291 4543 Dei
3348 4485 3542 4551 Patris,

240 4598 353 4661 18).
390 4619 414 4641 υ
447 4595 575 4648 Non
618 4592 851 4649 attendit
877 4594 1043 4649 miser
1093 4593 1226 4666 quid
1283 4594 1499 4650 Veritas
1548 4594 1662 4665 ipsa
1710 4592 1846 4647 dixit

234 4688 511 4760 Magistro
531 4696 726 4742 nostro
748 4695 803 4743 et
824 4687 1059 4759 Principi
1086 4687 1342 4744 Ecclesia
1375 4730 1387 4743 .
1426 4709 1453 4737 (ι
1485 4688 1658 4758 Super
1679 4686 1842 4753 hanc,

232 4781 441 4853 inquit,
470 4789 683 4851 petram
715 4780 997 4836 adiﬁcabo
1033 4780 1335 4836 Ecclesiam
1368 4796 1579 4836 meam:
1604 4789 1658 4835 et
1676 4788 1846 4850 porta

233 4874 393 4931 inferi
448 4890 566 4928 non
600 4874 972 4944 pravalebunt
1029 4873 1288 4930 adversus
1322 4890 1447 4929 eam
1478 4874 1669 4940 (Math.
1700 4887 1844 4941 .xvr,

235 4974 451 5031 Ivm).
494 4992 519 5015 υ
553 4968 1181 5039 Nuncigitur,Fratres,
1213 4968 1470 5024 convenit
1498 4966 1743 5039 gladium
1773 4966 1848 5020 ul-

237 5064 398 5119 tionis
434 5078 685 5129 exerere,
726 5069 779 5116 et
802 5061 1089 5117 inimicum
1114 5063 1216 5117 Dei
1246 5071 1302 5118 et
1329 5060 1586 5117 Ecclesia
1618 5060 1847 5132 alligan-

244 5155 316 5213 do
346 5167 664 5229 percutere,
708 5163 768 5211 ut
794 5170 1115 5228 percussum
1156 5164 1339 5228 caput,
1372 5154 1525 5227 quod
1580 5153 1651 5210 ad
1698 5152 1847 5208 Fidei

244 5250 682 5307 fundamentum
751 5258 809 5305 et
856 5250 1107 5306 omnium
1184 5250 1561 5305 Ecclesiarum
1604 5256 1847 5303 erectum

250 5359 373 5399 esse
413 5342 772 5416 dignoscitur,
833 5351 1056 5399 corruat
1099 5363 1113 5399 :
1153 5352 1236 5410 ut,
1286 5341 1754 5414 quemadmodum
1791 5340 1847 5395 in

250 5436 434 5509 primo
456 5438 725 5510 superbia
754 5453 870 5494 sua
898 5438 1132 5508 timpore
1162 5436 1209 5492 ei
1242 5435 1454 5493 dictum
1502 5443 1607 5503 est,
1628 5442 1848 5506 pectore

250 5540 300 5585 et
328 5540 516 5586 ventre
561 5540 735 5603 repat.
784 5554 809 5579 α
858 5532 1041 5587 Nolite
1080 5531 1297 5594 timere,
1340 5538 1401 5585 ut
1442 5529 1521 5585 ait
1553 5527 1847 5595 Dominus,

252 5625 483 5695 pusillus
530 5640 690 5696 grex;
750 5624 876 5697 quia
920 5610 1253 5695 complacuit
1298 5623 1445 5679 Patri
1494 5630 1676 5679 vestro
1721 5622 1850 5678 dare

252 5718 404 5774 vobis
428 5734 667 5791 regnum
694 5722 841 5784 (Luc.
877 5733 991 5785 xu,
1024 5721 1132 5785 32).
1170 5740 1193 5765 »
1228 5717 1369 5773 Satis
1397 5725 1495 5783 est,
1525 5714 1677 5788 quod
1716 5715 1849 5770 huc-

254 5826 428 5885 usque
497 5811 861 5899 susg’nuistis,
928 5810 1063 5867 bene
1128 5810 1623 5882 convenienterque
1694 5807 1852 5865 illum

537 5902 777 5957 PATROL.
816 5899 1071 5960 CXLVIII.

1955 4603 2009 4651 et
2033 4594 2177 4659 Filii,
2223 4601 2279 4648 et
2306 4592 2539 4663 Spiritus
2567 4589 2760 4651 sancti,
2808 4602 2903 4658 per
2952 4593 3105 4639 tuam
3142 4588 3468 4652 potestatem
3494 4585 3548 4632 et

1954 4687 2357 4753 auctoritatem,
2394 4684 2633 4739 Henrico
2654 4681 2813 4752 Regi,
2837 4679 2950 4733 ﬁlio
2982 4674 3206 4731 Heurici
3238 4678 3544 4744 Imperato-

1953 4781 2049 4848 ris,
2098 4780 2190 4852 qui
2221 4787 2416 4835 contra
2455 4785 2604 4831 tuam
2662 4772 2962 4829 .Ecclesiam
3013 4767 3258 4824 inaudita
3296 4763 3546 4838 superbia

1960 4872 2268 4939 insurrexit,
2306 4871 2475 4927 totius
2502 4869 2676 4940 Regni
2707 4865 3138 4922 Teutonicorum
3169 4870 3225 4917 et
3257 4860 3425 4915 italia
3451 4875 3546 4929 gu-

1962 4968 2249 5023 bernacula
2297 4962 2636 5029 contradico,
2681 4970 2736 5016 et
2781 4975 2978 5015 omnes
3007 4955 3349 5014 Christianos
3381 4969 3411 5007 a
3436 4950 3549 5005 vin-

1958 5062 2079 5117 culo
2106 5059 2423 5133 juramenti,
2455 5056 2600 5130 quod
2627 5056 2728 5111 sibi
2773 5052 2945 5109 fecere
2973 5051 3058 5107 vel
3087 5048 3322 5114 facient,
3366 5045 3550 5100 absol-

1958 5171 2054 5223 v0;
2090 5163 2164 5221 et,
2214 5161 2275 5209 ut
2314 5152 2499 5207 nullus
2551 5150 2600 5205 ei
2638 5150 2778 5205 sicut
2822 5147 2962 5217 Regi
3000 5143 3217 5207 serviat,
3263 5138 3545 5196 interdico.

1961 5249 2203 5319 Dignum
2232 5252 2315 5302 est
2333 5245 2503 5313 enim,
2548 5252 2609 5298 ut
2637 5242 2731 5314 qui
2761 5239 2946 5297 studet
2980 5238 3249 5292 honorem
3292 5230 3551 5289 Ecclesia

1961 5350 2074 5397 tua
2098 5340 2444 5407 imminuere,
2469 5339 2589 5409 ipse
2612 5336 2883 5392 honorem
2907 5334 3123 5387 amittat
3149 5343 3313 5400 quem
3333 5325 3555 5381 videtur

1960 5433 2180 5490 habere.
2204 5436 2273 5488 Et
2288 5432 2413 5505 quia
2429 5432 2567 5487 sicut
2582 5428 2920 5485 Christianus
2944 5423 3274 5493 contempsit
3304 5418 3548 5481 obedire,

1960 5543 2064 5583 nec
2094 5526 2162 5582 ad
2187 5526 2493 5581 Dominum
2516 5523 2696 5589 rediit,
2734 5536 2896 5593 quem
2924 5517 3155 5581 dimisit,
3184 5508 3553 5588 participando

1966 5620 2476 5690 excommunicatis,
2539 5627 2595 5674 et
2655 5617 2859 5671 multas
2913 5610 3227 5684 iniquitates
3285 5602 3549 5669 faciendo,

1966 5730 2199 5787 meaque
2243 5714 2473 5780 monita,
2505 5726 2632 5784 qua
2661 5725 2759 5784 pro
2788 5724 2885 5764 sua
2936 5708 3111 5762 salute
3148 5701 3250 5759 sibi
3293 5696 3460 5760 misit,
3503 5700 3557 5746 te

1962 5814 2122 5880 teste,
2173 5806 2527 5883 spernendo;
2574 5820 2742 5877 seque
2770 5801 2838 5859 ab
2892 5796 3125 5856 Ecclesia
3163 5804 3294 5935 3tua,
3340 5793 3558 5843 tentans
