4138 6190
3614 222 3643 237 κ

564 325 631 381 73
1174 272 1181 277 ἱ
1791 316 1849 370 S.
1889 313 2162 369 GREGOB

2266 340 2269 359 .
2307 312 2396 366 vn
2436 312 2633 366 ΡΑΡΑ.
3090 378 3105 381 ρ
3791 312 3871 364 ve

562 467 684 507 eam
726 447 997 515 scindere,
1045 442 1381 517 separando:
1424 439 1638 495 vinculo
1669 455 1793 495 eum
1838 438 2154 494 anathema-
2186 439 2237 502 Α
2267 436 2479 494 catione
2508 452 2673 509 quam
2703 435 2759 492 in
2788 439 2997 508 Regem
3028 434 3278 505 fecimus,
3321 434 3588 505 dubitare,
3611 444 3715 492 etc.
3759 440 3863 495 Vi-

566 544 635 599 tis
661 543 774 598 vice
802 551 894 598 tua
924 541 1085 611 alligo
1119 558 1130 593 :
1172 546 1225 592 et
1259 535 1337 591 sic
1367 551 1493 590 eum
1524 549 1588 589 ex
1622 532 1819 589 ﬁducia
1848 540 1941 589 tua
1976 532 2159 605 alligo,

572 646 633 693 ut
678 636 849 693 sciant
876 642 1064 705 gentes
1093 639 1148 687 et
1175 628 1538 700 comprobent
1586 626 1709 698 quia
1754 634 1812 682 tu
1843 642 1903 682 es
1931 629 2156 694 Petrus,

566 740 620 787 et
636 746 798 803 super
822 737 973 783 tuam
1006 734 1219 797 petram
1264 723 1436 779 Filius
1466 721 1565 776 Dei
1598 720 1703 775 vivi
1734 720 2024 776 azdiﬁcavit
2052 722 2161 775 Ec-

567 824 787 881 clesiam
826 837 1002 887 suam,
1035 827 1088 875 et
1117 824 1288 890 portae
1317 815 1475 872 inferi
1506 831 1617 872 non
1646 814 2017 886 praevalebunt
2058 813 2159 869 ad-

565 932 756 973 versus
775 930 893 970 eam
917 915 1133 980 (Matth.
1148 913 1304 983 xvr).

634 1014 729 1063 64.
769 1012 902 1064 Post
929 1006 1049 1063 haec
1080 1005 1225 1061 misit
1261 1004 1331 1061 ad
1376 1004 1619 1060 diversos
1667 1002 1963 1075 Epistolas,
2013 1000 2161 1058 idem

563 1103 851 1159 anathema
890 1111 944 1156 et
981 1116 1170 1157 causas
1213 1099 1330 1171 ejus
1381 1097 1823 1164 manifestantes,
1869 1112 1933 1151 ex
1964 1096 2162 1168 quibus

561 1196 663 1253 has
704 1197 839 1253 duas
864 1195 1206 1265 interponere
1238 1192 1488 1265 praesenti
1537 1192 1799 1264 cpusculo
1828 1190 2158 1245 curavimus.

567 1315 591 1340 (ι
630 1290 926 1362 Gregorius
954 1289 1281 1360 Episcopus,
1312 1302 1498 1342 servus
1526 1301 1813 1342 servorum
1844 1284 1963 1351 Dei,
1995 1284 2165 1347 omni-

562 1385 664 1440 bus
706 1382 799 1456 qui
845 1383 1067 1455 cupiunt
1112 1380 1458 1437 annumerari
1489 1380 1624 1435 inter
1665 1395 1791 1434 oves
1829 1393 1962 1450 quas
2004 1378 2160 1433 Chri—

565 1487 681 1535 stus
705 1480 763 1532 B.
795 1480 957 1533 Petro
984 1476 1285 1541 commisit,
1317 1477 1555 1531 salutem
1579 1483 1635 1529 et
1661 1472 2031 1545 Apostolicam
2059 1473 2158 1527 be-

562 1572 950 1627 nedictionem.
997 1570 1265 1638 Audistis,
1314 1572 1504 1625 Frates
1532 1568 1828 1633 carissimi,
1877 1582 2079 1622 novam
2107 1574 2159 1621 et

565 1666 872 1722 inauditam
948 1664 1459 1738 praesumptionem,
1543 1661 1774 1718 audistis
1836 1660 2159 1716 sceleratam

563 1760 1059 1825 schismaticorum,
1092 1766 1144 1813 et
1172 1773 1368 1813 nomen
1396 1755 1618 1813 Domini
1650 1758 1703 1811 in
1734 1758 1797 1810 B.
1836 1758 1999 1810 Petro
2055 1754 2159 1809 bla-
2194 1799 2240 1860 Β

563 1853 990 1925 sphemantium,
1046 1852 1417 1924 garrulitatem
1470 1860 1525 1907 et
1553 1850 1837 1905 audaciam
1882 1866 1894 1903 :
1937 1847 2160 1903 audistis

563 1948 896 2019 superbiam,
924 1946 992 2002 ad
1016 1944 1270 2017 injuriam
1301 1954 1355 2000 et
1368 1944 1761 2000 contumeliam
1790 1951 1993 1999 sancta:
2022 1945 2162 2013 Apo-

563 2042 769 2098 stolicae
798 2039 920 2097 Sedi
952 2033 1181 2106 illatam,
1215 2039 1435 2111 qualem
1468 2038 1631 2094 vestri
1660 2040 1851 2093 Patres
1879 2053 1980 2093 nec
2011 2036 2160 2092 vide-

564 2143 712 2200 runt,
744 2150 845 2189 nec
880 2134 1179 2189 audierunt
1205 2148 1488 2204 umquam,
1516 2149 1617 2188 nec
1646 2131 2040 2198 scripturarum
2079 2146 2159 2186 se-

563 2228 671 2284 ries
708 2228 998 2300 aliquando
1025 2244 1052 2282 a
1090 2227 1317 2299 paganis
1346 2227 1427 2283 vel
1474 2226 1744 2282 haereticis
1787 2224 1949 2281 docet
1985 2241 2160 2281 emer-

562 2339 680 2379 sam
715 2321 909 2393 :cujus
938 2322 1087 2388 mali,
1121 2330 1173 2377 et
1216 2322 1259 2377 si
1288 2320 1503 2391 aliquod
1551 2336 1833 2391 umquam,
1865 2329 1990 2391 post
2032 2319 2158 2375 fun-

561 2416 751 2473 datam
792 2424 848 2470 et
896 2423 1253 2487 propagatam
1306 2414 1471 2469 ﬁdem
1521 2413 1746 2481 Christi,
1792 2414 2159 2485 praecessisset

561 2510 909 2581 exemplum,
963 2509 1224 2564 omnibus
1279 2516 1468 2563 tamen
1519 2506 1783 2575 ﬁdelibus,
1848 2522 1944 2578 pro
2004 2514 2156 2561 tanto

561 2611 885 2674 contemptu
913 2612 967 2658 et
1001 2602 1407 2658 conculcatione
1434 2601 1790 2673 Apostolicaa,
1829 2604 1937 2656 imo
1962 2599 2157 2656 divinae

564 2698 928 2763 auctoritatis,
959 2695 1255 2752 dolendum
1279 2695 1425 2751 foret
1452 2704 1505 2751 et
1528 2694 1877 2768 gemendum.
1911 2696 2157 2765 Quapro-

560 2800 704 2863 pter,
736 2789 779 2846 si
822 2793 885 2845 B.
939 2792 1102 2845 Petro
1127 2790 1304 2846 claves
1333 2790 1487 2862 regni
1535 2789 1803 2845 malorum
1843 2804 1873 2843 a
1915 2788 2160 2844 Domino

559 2887 679 2940 Deo
732 2893 925 2939 nostro
960 2886 1093 2939 Jesu
1150 2883 1369 2939 Christo
1413 2882 1639 2939 traditas
1686 2898 1805 2938 esse
1831 2882 2074 2949 creditis,
2107 2888 2162 2936 et

561 2978 717 3033 vobis
747 2994 843 3049 per
867 2993 1063 3033 manus
1100 2976 1269 3048 ipsius
1326 2976 1395 3032 ad
1427 2986 1651 3032 aeterna:
1678 2976 1801 3031 vitae
1833 2974 2025 3047 gaudia
2068 2975 2157 3029 in-

558 3072 791 3127 troitum
818 3079 1004 3143 patere
1027 3069 1257 3141 cupitis;
1290 3069 1647 3140 cogitandum
1670 3069 1821 3124 vobis
1849 3078 1955 3137 est,
1986 3084 2154 3139 quan-

559 3176 677 3221 tum
751 3182 895 3219 nunc
947 3165 1181 3235 irrogata
1235 3162 1334 3216 sibi
1398 3162 1595 3234 injuria
1662 3162 1849 3217 dolere
1887 3162 2154 3217 debeatis.
2191 3176 2237 3241 ο

562 3259 679 3313 Nisi
709 3258 857 3312 enim
887 3257 995 3323 hic,
1043 3256 1137 3312 ubi
1171 3254 1618 3327 perdiscrimina
1642 3256 2012 3311 tentationum
2062 3271 2157 3310 ve-

560 3359 674 3406 stra
705 3350 842 3405 ﬁdes
873 3360 928 3405 et
969 3348 1138 3405 corda
1166 3349 1491 3420 probantur,
1537 3350 1675 3405 socii
1706 3349 2021 3421 passionum
2057 3347 2167 3405 efﬁ-

564 3442 809 3510 ciamini,
854 3442 1214 3516 proculdubio
1258 3458 1371 3497 non
1418 3442 1551 3498 estis
1576 3441 1746 3515 digni,
1779 3450 1839 3497 ut
1886 3442 2168 3514 participes

562 3536 764 3596 futura:
810 3536 1215 3601 consolationis,
1242 3545 1297 3591 et
1323 3534 1417 3590 ﬁlii
1468 3536 1642 3608 regni,
1686 3535 1969 3591 ctelestem
2014 3551 2168 3591 coro-

560 3647 692 3687 nam
732 3638 785 3684 et
838 3629 1067 3702 gloriam
1105 3627 1415 3684 sortiamini
1468 3631 1569 3694 (ΙΙ
1611 3631 1732 3686 Cor.
1773 3634 1833 3693 ι).
1886 3632 2165 3700 Rogamus

560 3722 729 3794 igitur
762 3724 1050 3776 caritatem
1093 3730 1349 3784 vestram,
1382 3728 1444 3775 ut
1487 3720 1753 3775 instanter
1778 3720 2019 3776 divinam
2050 3720 2158 3775 mi-

560 3812 925 3869 sericordiam
963 3812 1259 3883 implorare
1290 3811 1579 3881 studeatis;
1610 3821 1879 3885 quatenus
1907 3822 1999 3869 aut
2030 3828 2155 3868 cor-

559 3907 627 3964 da
659 3906 958 3977 impiorum
986 3904 1055 3960 ad
1076 3904 1449 3977 paenitentiam
1476 3914 1671 3973 vertat,
1694 3915 1787 3961 aut
1815 3906 2162 3978 reprimendo

560 4016 759 4058 eorum
788 3998 1029 4055 nefanda
1077 3999 1321 4065 consilia,
1358 4015 1524 4071 quam
1568 3999 1889 4072 insipientes
1932 4007 1986 4055 et
2012 4000 2160 4055 stulti

563 4095 695 4163 sint,
728 4094 819 4167 qui
856 4102 1067 4165 petram
1096 4109 1127 4148 a
1159 4092 1376 4148 Christo
1416 4092 1698 4150 fundatam
1727 4102 1970 4149 evertere
2002 4104 2057 4150 et
2082 4094 2159 4150 di-

558 4189 684 4245 vina
714 4187 989 4260 privilegia
1037 4186 1239 4242 violare
1268 4196 1557 4256 conantur,
1584 4188 1857 4244 ostendat.
1908 4189 2155 4258 Qualiter

558 4291 762 4349 autem,
795 4290 889 4337 aut
919 4296 1016 4353 pro
1053 4281 1250 4353 quibus
1278 4281 1458 4336 causis
1486 4283 1549 4336 B.
1580 4285 1771 4337 Petrus
1792 4281 2155 4337 anathematis

559 4376 772 4431 vinculo
802 4378 1012 4448 Regem
1042 4374 1362 4446 alligaverit,
1403 4374 1456 4429 in
1480 4378 1587 4445 (68)
1610 4375 2154 4449 chartula,queehuic

562 4471 774 4526 inclusa
804 4479 910 4535 est,
939 4470 1095 4540 plene
1124 4468 1352 4540 potestis
1381 4486 1729 4541 cognoscere.
1768 4494 1792 4519 ι

2273 534 2338 587 de
2358 535 2496 587 inter
2518 532 2773 602 epistolas
2798 534 2853 587 S.
2886 533 3145 600 Gregorii.

2342 625 2630 697 69.1gitur
2676 632 2796 697 post
2845 625 3477 682 excommunicationem
3539 634 3593 681 et
3636 626 3867 697 deposi-

2269 720 2481 776 tionem
2504 718 2931 791 Regis,Domini
2952 728 3231 792 praeeunte
3246 720 3439 793 gratia,
3470 720 3627 775 multi
3649 720 3862 775 nobiles

2269 824 2324 871 et
2348 814 2673 881 mediocres,
2702 814 2768 871 ad
2808 817 2986 871 Deum
3014 823 3131 870 toto
3175 814 3635 882 corde‘conversi,
3666 813 3863 887 praefa-

2272 916 2388 964 tum
2411 912 2621 980 Regem
2642 908 2998 981 reliquerunt.
3030 909 3135 981 Ipsi
3155 910 3340 975 etiam,
3372 908 3463 979 qui
3488 908 3634 979 prius
3664 909 3864 981 partim

2271 1002 2550 1074 regalibus
2621 1001 2922 1068 blanditiis,
2979 1001 3183 1073 partim
3244 1001 3546 1056 terroribus
3593 1010 3648 1057 et
3700 1002 3866 1058 minis

2270 1105 2456 1152 contra
2488 1095 2859 1168 Apostolicam
2908 1095 3103 1151 Sedem
3140 1095 3582 1167 conjuraverant,
3606 1094 3864 1151 conversi

2272 1189 2654 1262 postmodum,
2689 1189 2857 1261 digno
2903 1189 2958 1244 in
2989 1192 3205 1261 Regem
3234 1188 3573 1244 anathemati
3626 1188 3867 1245 conscri-

2270 1292 2514 1355 pserunt,
2545 1282 2822 1338 mittentes
2859 1282 3128 1354 supplices
3162 1282 3230 1336 ad
3258 1281 3631 1353 Apostolicam
3661 1282 3863 1338 Sedem

2272 1376 2518 1441 nuntios,
2567 1375 2927 1445 epithemium
2976 1374 3084 1447 (69)
3123 1375 3453 1445 pcenitentiae
3500 1374 3858 1446 postulantes.

2270 1468 2479 1540 Quibus
2509 1468 2898 1524 misericordia;
2936 1466 3246 1537 discipulus,
3268 1484 3379 1521 non
3421 1482 3675 1537 quaerens
3704 1476 3861 1523 satu-

2267 1562 2370 1617 rari
2421 1561 2597 1633 paruis
2624 1577 2847 1616 reorum
2900 1561 3171 1628 gremium
3202 1570 3405 1616 sanctae
3460 1560 3708 1616 Ecclesiae
3736 1576 3867 1632 ape-

2266 1655 2397 1724 ruit;
2428 1662 2483 1710 et
2523 1661 2583 1709 ut
2615 1654 2668 1709 in
2723 1652 2839 1711 ﬁde.
2870 1653 3091 1708 Domini
3148 1654 3531 1721 solidarentur,
3563 1653 3865 1709 consolato-

2266 1748 2376 1803 rias
2400 1747 2477 1803 eis
2506 1748 2709 1803 litteras
2740 1747 2907 1802 misit.
2964 1747 3223 1803 Nonnulli
3264 1763 3391 1802 vero
3438 1747 3860 1818 Episcoporum,

2270 1850 2553 1915 gementes
2590 1850 2808 1897 tantum
2845 1840 3077 1902 facinus,
3118 1840 3186 1896 ad
3242 1841 3614 1913 Apostolicam
3663 1840 3861 1897 Sedem

2266 1936 2601 1992 discalceatis
2629 1937 2861 2008 pedibus
2882 1946 3165 2003 venerunt,
3196 1943 3310 1991 tam
3352 1934 3445 1990 diu
3484 1935 3612 1989 inibi
3657 1936 3865 2007 perduz

2269 2039 2452 2086 rantes
2491 2047 2600 2103 quo
2628 2046 2801 2101 usque
2831 2030 3103 2085 Dominus
3134 2033 3279 2101 Papa
3306 2027 3699 2085 misericordia:
3736 2046 3863 2084 ma-

2268 2141 2401 2180 num
2433 2132 2485 2180 et
2515 2124 2727 2195 pietatis
2757 2125 2983 2193 viscera,
3009 2124 3085 2179 eis
3114 2124 3473 2193 compatiens,
3496 2124 3750 2195 aperiret.

2339 2224 2429 2273 70.
2477 2221 2691 2273 Interea
2745 2218 3020 2273 Dominus
3090 2232 3353 2288 magnum
3398 2217 3730 2272 miraculum
3803 2216 3864 2273 in

2267 2313 2438 2385 Regis
2468 2321 2523 2369 et
2562 2311 2812 2368 omnium
2853 2312 3030 2367 oculis
3070 2311 3200 2366 fecit
3234 2330 3246 2366 :
3278 2327 3388 2382 quo
3415 2312 3659 2383 cognito,
3698 2310 3858 2366 multi

2266 2422 2392 2462 eum
2444 2406 2803 2477 reliquerunt.
2873 2409 3015 2461 Nam
3100 2414 3222 2475 post
3277 2404 3866 2460 excommunicationis

2264 2500 2408 2557 diem
2462 2506 2593 2568 (70),
2633 2498 2904 2555 Paschalis
2948 2498 3046 2555 diei
3094 2498 3461 2565 solemnitate,
3516 2515 3645 2554 cum
3698 2499 3852 2570 regio

2262 2602 2525 2666 apparatu
2578 2600 2631 2649 et
2663 2593 2923 2649 comitatu
2992 2593 3313 2664 pompaticaa
3350 2592 3735 2661 multitudinis,
3791 2591 3864 2648 ad

2267 2687 2585 2755 Ecclesiam,
2612 2687 2873 2743 divinitus
2891 2686 2989 2741 sibi
3027 2689 3288 2755 clausam,
3308 2687 3489 2742 venire
3513 2701 3863 2759 nequaquam

2267 2780 2571 2837 abhorruit.
2602 2782 2765 2835 Jussu
2810 2780 2994 2851 itaque
3043 2781 3213 2851 Regis
3257 2779 3481 2851 quidam
3515 2782 3623 2847 (71‘)
3656 2779 3865 2851 Episco-

2267 2891 2368 2947 pus
2400 2875 2445 2930 si
2487 2874 2569 2930 fas
2625 2882 2727 2943 est,
2759 2874 2871 2933 imo
2928 2873 3214 2929 haereticus
3266 2882 3319 2928 et
3368 2874 3738 2939 Simoniacus,
3788 2872 3863 2929 ad

2266 2969 2455 3024 Missa:
2480 2984 2538 3024 se
2552 2965 3407 3040 praeparavitofﬁciumfandem
3439 2968 3681 3039 perlecto
3696 2969 3866 3021 Evan-

2265 3062 2405 3133 gelio
2452 3077 2521 3117 ex
2569 3078 2723 3117 more
2750 3060 2992 3117 facturus
3012 3061 3333 3133 popularem
3363 3077 3673 3116 sermonem
3723 3063 3867 3117 Pon-

2265 3155 2395 3211 tifex
2448 3155 2618 3222 idem,
2661 3155 2931 3227 pulpitum
2964 3154 3295 3211 conscendit.
3337 3158 3537 3211 Parum
3566 3164 3752 3210 autem
3794 3155 3866 3210 de

2274 3257 2506 3304 tractatu
2554 3249 2765 3305 locutus
2820 3250 3164 3321 Evangelico,
3200 3250 3387 3304 statim
3417 3265 3475 3304 se
3498 3248 3565 3304 ad
3599 3247 3863 3319 blasphe-

2274 3344 2443 3399 miam
2477 3346 2636 3415 Papa:
2668 3343 2919 3415 Gregorii
2946 3359 3092 3399 caaco
3134 3343 3297 3399 corde
3324 3351 3616 3414 menteque
3662 3358 3865 3400 vesana

2272 3438 2546 3511 prorupit,
2576 3453 2697 3508 qua:
2723 3453 2821 3509 pro
2850 3436 3026 3491 nimio
3042 3436 3123 3492 sui
3152 3436 3379 3493 horrore
3407 3437 3618 3492 silentio
3643 3444 3868 3508 praeter-

2274 3530 2354 3587 ire
2399 3531 2749 3603 complacuit.
2782 3530 3021 3586 Difﬁcile
3045 3538 3128 3586 est
3164 3531 3309 3586 enim
3335 3540 3397 3586 ut
3424 3530 3565 3587 bene
3590 3531 3692 3586 sibi
3734 3547 3867 3587 con-

2272 3626 2566 3682 scientium
2623 3626 2970 3698 probitatem,
3041 3624 3468 3680 obtrectantium
3516 3626 3697 3697 lingua
3747 3641 3865 3681 non

2272 3720 2541 3786 mordeat,
2596 3727 2652 3775 et
2698 3718 3010 3791 iniquorum
3062 3719 3250 3775 evadat
3293 3717 3611 3790 opprobria,
3661 3718 3746 3775 cui
3779 3727 3864 3775 est

2270 3814 2450 3869 amica
2461 3813 2693 3885 justitia.
2719 3817 3114 3869 Verumtamen
3132 3811 3330 3868 eadem
3354 3812 3695 3885 blasphemia
3725 3830 3863 3885 qua-

2270 3906 2334 3963 lis
2362 3907 2417 3962 in
2445 3907 2615 3963 oculis
2658 3906 2880 3963 Domini
2926 3905 3109 3975 fuerit,
3148 3906 3411 3962 continuo
3441 3922 3672 3979 sequens
3704 3907 3863 3978 ultio,

2267 4000 2311 4057 si
2346 4001 2730 4072 perpendatur,
2761 4000 3067 4057 innotescit.
3094 4002 3233 4055 Nam
3279 4000 3547 4056 Paschalis
3589 4000 3693 4057 diei
3722 4017 3863 4073 gau-

2267 4094 2359 4151 dio
2384 4094 2630 4151 nondum
2679 4095 2860 4161 ﬁnito,
2893 4094 3077 4151 subito
3107 4095 3308 4151 coelum
3351 4093 3565 4166 fragore
3597 4095 3858 4161 intonuit,

2216 4176 2223 4183 ’
2266 4189 2321 4244 in
2351 4205 2462 4261 quo
2483 4188 2621 4261 ignis
2635 4188 2961 4244 descendere
2988 4189 3201 4244 caelitus
3223 4187 3370 4243 visus
3394 4189 3615 4260 est;qui
3636 4204 3862 4255 omnem

2266 4282 2417 4337 illam
2461 4283 2770 4351 ecclesiam,
2816 4298 3114 4354 omnesque
3165 4281 3364 4338 domos
3420 4282 3581 4355 regali
3618 4282 3862 4354 receptui

2261 4386 2611 4449 prazparatas,
2652 4386 2875 4448 repente
2914 4376 3277 4447 consumpsit,
3308 4385 3361 4432 et
3402 4376 3645 4432 laetitiam
3684 4376 3862 4447 profa-

2262 4487 2467 4527 norum
2495 4471 2549 4526 in
2580 4486 2881 4527 mmrorem
2913 4471 3279 4527 commutavit
3314 4488 3327 4524 :
3371 4458 3700 4541 Episcopum
3732 4485 3861 4525 vero

628 4572 854 4621 65-68.«
887 4562 1185 4633 Gregorius
1201 4562 1507 4635 Episcopus
1523 4580 1710 4619 servus
1727 4580 2015 4620 servorum
2038 4565 2157 4633 Dei,
2190 4566 2240 4630 D
2273 4565 2432 4622 illum
2462 4564 2865 4637 blasphemum,
2910 4563 3089 4620 subito
3138 4568 3248 4632 (72)
3307 4579 3649 4636 percussum,
3680 4562 3860 4619 divina

558 4659 816 4714 omnibus
832 4656 1133 4729 Episcopis,
1150 4656 1414 4723 Ducibus,
1431 4657 1743 4713 Comitibus
1758 4659 2158 4730 cmterisqueﬁ-

558 4751 771 4808 delibus
795 4751 849 4805 in
875 4754 1066 4822 Regno
1112 4749 1547 4807 Teutonicorum
1585 4751 1949 4807 Christianam
1992 4751 2156 4807 ﬁdem

559 4844 1005 4911 defendentibus,
1035 4844 1269 4899 salutem
1309 4853 1364 4899 et
1411 4845 1790 4915 Apostolicam
1828 4846 2159 4902 benedictio-

560 4954 710 4995 nem.
741 4937 1015 4994 Audimus
1062 4940 1333 5010 quosdam
1364 4938 1506 4994 inter
1546 4956 1644 4996 vos
1681 4939 1749 4997 de
1778 4939 2159 4996 excommuni-

637 5094 748 5166 (68)
782 5089 1273 5167 HancChartuIam
1307 5091 1473 5150 fuisse
1506 5093 1692 5165 credo,
1738 5095 1817 5152 vel
1851 5094 2025 5167 ipsam
2062 5111 2158 5151 ex-

564 5166 1081 5224 communicationis
1160 5168 1492 5238 sententiam
1558 5184 1719 5238 supra
1765 5166 2015 5237 positam.
2076 5168 2159 5223 vel

565 5253 756 5294 eorum
782 5251 903 5306 qua:
929 5238 981 5291 in
1011 5238 1259 5306 sequenti
1302 5235 1537 5309 Epistola
1570 5235 1818 5309 leguntur
1857 5238 2156 5307 exemplar.

644 5315 751 5375 (69)
790 5305 1137 5381 Epitimiurn,
1165 5305 1361 5364 Graece
1402 5305 1669 5380 ἔπιτίμιοῦ,
1698 5312 1919 5377 mulcta,
1973 5305 2154 5381 paena,

563 5384 847 5449 castigatio
889 5400 904 5434 :
934 5379 1040 5453 sed
1060 5380 1305 5453 fortassis
1332 5383 1695 5449 Epithemium
1719 5398 1749 5437 a
1774 5379 2155 5453 τίθημιίροιιο,

564 5454 955 5523 impositionem
989 5451 1076 5505 hic
1103 5450 1391 5521 signiﬁcat.

634 5519 747 5591 (10)
788 5524 991 5578 Pascha
1013 5519 1326 5576 anno—1076
1354 5520 1688 5577 celebratum
1718 5519 1821 5578 fuit
1852 5528 1917 5579 27
1948 5525 2153 5591 Martii,

558 5604 614 5649 et
637 5595 858 5666 quidem
886 5594 1219 5666 abAHenrico
1241 5597 1389 5666 Rege
1418 5593 1725 5666 Ultrajecti,
1746 5612 1933 5666 quem,
1956 5598 2157 5652 exactis

561 5663 912 5723 Paschalibus
948 5663 1099 5720 feriis
1136 5664 1258 5721 inde
1304 5663 1635 5733 discessisse,
1682 5663 1845 5723 tradit
1890 5670 2076 5723 Bruno
2102 5667 2157 5723 in

568 5739 842 5795 Chronico
874 5753 991 5806 pag.
1022 5742 1145 5793 795.

638 5814 751 5879 (71)
784 5809 1105 5867 Withelmus
1148 5810 1555 5879 Ultrajectinus,
1600 5825 1817 5865 causam
1854 5813 2012 5881 Regis
2047 5829 2156 5868 con-

561 5887 654 5941 tra
677 5883 897 5959 gbonum
922 5888 973 5939 et
1002 5897 1215 5953 (equum
1263 5883 1527 5938 obstinate
1563 5883 1837 5953 tuebatur,
1895 5890 1946 5942 et
1973 5885 2151 5942 studio

2270 4659 2406 4715 ultio
2437 4658 2735 4714 interemit.
2766 4659 2870 4715 Sed
2908 4667 3206 4730 antequam
3242 4658 3406 4713 vitam
3442 4657 3661 4729 penitus
3700 4656 3859 4712 exha-

2268 4753 2425 4823 laret,
2455 4753 2735 4809 ministros
2764 4769 2866 4809 suo
2893 4751 3060 4808 exitio
3076 4761 3425 4823 praeparatos,
3445 4752 3633 4823 quales
3658 4758 3856 4819 essent,

2265 4848 2583 4919 compulsus
2616 4856 2697 4903 est
2725 4846 2940 4903 dicere:
2972 4844 3145 4901 Video
3160 4861 3271 4912 me,
3302 4845 3497 4916 inquit,
3530 4844 3700 4916 igneis
3726 4843 3860 4899 loris

2266 4940 2577 5013 astrictum,
2599 4940 2755 4997 tetris
2778 4940 3119 4996 trahentibus
3156 4938 3489 5011 imaginibus
3520 4954 3586 4994 ex
3615 4938 3719 4994 hac
3746 4937 3858 4995 vita

2258 5099 2506 5168 partium
2540 5098 2697 5167 Regis
2722 5096 2895 5153 multa
2928 5102 2983 5153 in
3012 5096 3275 5168 injuriam
3302 5096 3531 5155 Romani
3558 5094 3854 5169 Pontiﬁcis,

2265 5171 2505 5225 omnibus
2531 5188 2667 5240 pene
2703 5171 2892 5224 diebus
2918 5172 3246 5237 solennibus,
3281 5173 3421 5225 inter
3451 5173 3738 5226 Missurum
3765 5188 3857 5225 so-

2267 5243 2465 5308 lennia,
2490 5242 2679 5295 rabido
2700 5258 2788 5295 ore
2820 5243 3173 5307 declamabat,
3201 5243 3487 5312 perjm'um
3512 5259 3647 5304 eum,
3690 5241 3853 5295 adul-

2266 5318 2458 5376 terum,
2476 5319 2525 5367 et
2551 5314 3095 5382 pseudo-Apostolum
3124 5315 3423 5383 appellans,
3456 5323 3542 5367 etc
3581 5316 3659 5367 Ita
3682 5316 3856 5368 Lam-

2264 5382 2452 5439 bertus
2482 5383 2986 5453 Scafnaburgensis,
3044 5395 3098 5439 et
3137 5382 3265 5439 ante
3294 5386 3492 5439 citatus
3552 5388 3735 5439 Bruno
3782 5389 3851 5439 A.

2263 5455 2504 5525 Langius
2555 5455 2609 5509 in
2656 5454 2929 5511 Chronico
2986 5456 3258 5511 Citicensi.
3316 5458 3443 5512 Cum
3496 5458 3629 5521 Rex,
3681 5456 3858 5525 inquit

2266 5529 2403 5581 esset
2436 5528 2689 5595 Trajecti,
2736 5532 2785 5581 et
2820 5530 3289 5581 emcommum‘catio
3335 5529 3510 5594 Regis,
3545 5546 3578 5581 a
3614 5531 3854 5582 Romano

2263 5600 2518 5665 Pontiﬁce
2542 5598 2713 5663 facta,
2732 5604 3064 5667 praesentum
3080 5602 3341 5665 fuisset...
3356 5640 3388 5651 ..
3405 5601 3697 5667 Episcopus
3713 5600 3855 5652 inter

2261 5672 2456 5726 Missas
2476 5684 2761 5723 sermonem
2783 5672 2991 5735 faciens
3018 5670 3380 5739 adpopulum,
3405 5671 3678 5732 derisorie,
3708 5670 3853 5738 quod

2258 5743 2377 5798 Rea:
2402 5744 2887 5795 excommunicatus
2911 5747 3061 5805 esset,
3102 5741 3381 5796 indicavit.

2332 5818 2437 5879 (72)
2491 5814 2623 5868 Haec
2668 5813 2799 5868 dicti
2836 5813 3164 5866 Lambertus
3194 5822 3249 5865 et
3281 5812 3585 5867 Monachus
3628 5812 3853 5868 Hervel-

2258 5882 2444 5944 densis
2476 5883 2548 5941 ita
2593 5882 2849 5941 referunt.
2894 5886 3123 5953 Repente
3164 5886 3499 5953 gravissima
3529 5885 3855 5955 aegr-inuitae
