4138 6190
213 225 278 284 7.,
689 223 692 228 λ
1202 222 1720 283 PROLEGOMENA.
1763 257 1833 266 —
1867 227 2043 283 ACTA
2082 229 2137 283 s.
2178 229 2520 285 cneconu.
2985 301 2989 304 _
3436 248 3506 300 78

211 355 440 412 convelli
472 377 484 409 :
517 353 613 410 sed
643 362 828 410 tamen
857 352 954 421 ite,
984 361 1038 409 et
1061 353 1226 410 dicite
1249 359 1362 420 (73)
1395 353 1528 426 Regi
1556 360 1617 409 ut
1648 353 1798 424 ﬁagi-
1836 360 1888 422 Α
1915 353 1983 409 ad
2029 369 2087 409 se
2123 357 2362 410 Romam
2394 357 2572 412 venire
2613 358 2982 429 permitteret;
3025 378 3086 418 ea
3119 364 3302 436 utique
3330 366 3504 423 inten-

209 451 366 518 tium,
405 448 557 522 quod
598 450 654 504 in
702 453 904 531 Deum,
937 455 992 504 et
1026 451 1087 503 Β.
1132 451 1374 514 Petrum,
1410 449 1631 520 ejusque
1658 448 1810 503 Vica-

207 545 348 600 rium
373 542 672 612 commisit,
697 541 948 599 emendet
971 561 986 609 ;
1006 558 1074 597 ne
1097 558 1183 598 me
1202 550 1532 614 praeuntem
1558 541 1624 598 ad
1655 541 1808 598 inferi

210 639 323 694 loca
348 647 644 709 sequatur;
670 647 727 694 et
753 636 873 693 hac
897 636 1103 706 dicens,
1137 636 1444 708 exspiravit.
1474 637 1592 692 Hoc
1620 651 1805 692 exem-

215 733 304 805 plo
351 732 693 800 commoniti,
733 731 1020 787 hortamur
1062 739 1118 786 et
1171 730 1525 787 obsecramus
1585 747 1808 787 omnem

216 827 495 882 hominem
521 825 611 898 qui
646 827 766 881 hac
795 824 992 897 scripta
1019 823 1225 897 legerit,
1264 833 1326 881 ut
1357 823 1596 881 declinet
1620 824 1803 882 detra-

217 920 463 978 hentium
487 920 702 992 linguis,
745 919 788 976 si
833 919 1037 976 mavult
1063 919 1402 977 consortium
1449 919 1650 975 habere
1677 935 1806 975 cum

213 1016 478 1088 Gregorio
507 1016 560 1070 in
587 997 979 1071 resurrectione
1006 1014 1330 1086 vita,quam
1359 1029 1486 1070 cum
1517 1013 1805 1070 detrahen-

210 1109 355 1166 tibus
405 1109 734 1182 supplicium
790 1109 987 1165 subire.
1040 1111 1200 1164 Nunc
1252 1107 1341 1164 hic
1375 1108 1444 1165 ad
1481 1109 1803 1164 memoriam

211 1203 349 1260 redit
395 1220 508 1260 non
554 1203 735 1259 minus
777 1203 1028 1259 terribilis
1074 1203 1353 1259 damnatio
1401 1202 1665 1274 Spirensis
1696 1207 1801 1268 (74)

207 1298 486 1370 Episcopi,
512 1298 599 1370 qui
630 1296 820 1354 eadem
856 1297 963 1365 die,
991 1297 1047 1353 id
1072 1305 1155 1353 est
1184 1313 1241 1352 v1
1286 1296 1562 1353 Kalendas
1601 1296 1802 1364 Martii,

201 1393 311 1449 imo
347 1391 545 1449 eadem
569 1392 726 1460 hora,
751 1391 934 1448 subito
963 1393 1114 1464 quasi
1139 1391 1379 1464 quodam
1421 1388 1669 1447 invisibili
1695 1391 1804 1447 telo

205 1503 524 1562 percussus,
569 1487 716 1559 apud
760 1487 968 1558 Spiram
1008 1486 1269 1542 inﬁrmari
1305 1485 1491 1558 capit,
1535 1502 1639 1558 qua
1671 1485 1804 1542 hora

198 1591 247 1638 et
276 1598 508 1638 causam
529 1583 647 1654 ejus
675 1581 728 1637 in
760 1583 1010 1637 Romana
1040 1581 1259 1654 Synodo
1289 1588 1474 1636 noster
1503 1580 1805 1654 Gregorius

195 1681 341 1750 Papa
391 1676 651 1732 ventilare
696 1676 917 1747 incepit.
966 1675 1118 1731 ldem
1151 1690 1369 1748 quoque
1416 1675 1579 1732 tertio
1611 1674 1717 1742 die,
1746 1672 1801 1728 id

1916 448 2080 513 tione,
2112 457 2173 504 ut
2201 457 2349 504 tanto
2389 449 2597 507 facilius
2623 455 2821 525 Papam
2851 454 3038 512 fallere
3067 468 3271 528 posset,
3299 470 3501 531 quanto

1914 543 2195 614 pauciores
2225 545 2395 616 Regni
2431 546 2716 618 Principes,
2742 547 2858 620 jam
2887 551 3084 622 sapius
3129 554 3353 610 astutias
3385 555 3503 628 ejus

1915 638 2175 710 perpessi,
2206 639 2558 697 discutienda
2582 641 2698 713 ejus
2745 659 2923 701 causa
2949 645 3292 704 interessent.
3340 650 3502 706 Unde

1913 740 1969 786 et
1989 734 2131 804 Papa
2157 734 2298 790 votis
2325 733 2441 806 ejus
2468 751 2580 792 non
2607 738 2814 806 annuit,
2849 738 2941 795 sed
2965 749 3023 796 ut
3048 742 3320 814 Principes
3349 760 3507 815 roga-

1865 877 1869 882 ,
1915 835 2122 896 verant,
2153 827 2221 884 ad
2249 829 2558 886 condictum
2587 829 2729 886 diem
2761 833 2937 889 venire
2963 834 3264 907 disposuit;
3297 845 3351 893 et
3378 839 3505 894 sub-

1913 929 2196 992 sequentes
2237 923 2505 994 Epistolas
2552 925 2889 998 Principibus
2935 930 3130 1001 Regni,
3180 947 3281 1002 pro
3325 931 3507 1005 dispo-

1913 1015 2096 1070 nendo
2127 1016 2317 1072 itinere
2340 1033 2464 1086 suo,
2493 1021 2814 1078 transmisit.

1985 1115 2076 1167 72.
2115 1133 2139 1160 α
2171 1112 2466 1183 Gregorius
2501 1114 2818 1187 Episcopus,
2849 1132 3036 1173 servus
3061 1132 3343 1177 servorum
3379 1122 3497 1187 Dei,

1919 1203 2364 1278 Archiepiscopis,
2405 1208 2700 1281 Episcopis,
2741 1211 3002 1280 Ducibus,
3047 1213 3366 1283 Comitibus,
3406 1232 3505 1272 nec

1912 1315 2022 1354 non
2059 1300 2358 1372 majoribus
2385 1310 2545 1374 atque
2573 1303 2875 1361 minoribus
2922 1306 2974 1361 in
3020 1309 3212 1379 Regno
3241 1308 3504 1366 Teutoni-

1913 1409 2105 1449 corum
2135 1396 2460 1460 constitutis,
2507 1397 2738 1454 salutem
2769 1408 2823 1455 et
2869 1404 3239 1472 Apostolicam
3274 1403 3494 1460 benedi-

1913 1488 2168 1543 ctionem.
2203 1492 2338 1558 Nos,
2370 1490 2570 1563 indigni
2613 1501 2668 1548 et
2707 1494 2920 1550 inutiles
2959 1497 3226 1569 Principis
3272 1504 3506 1569 Aposto-

1914 1581 2094 1637 lorum
2122 1584 2280 1653 servi,
2312 1608 2334 1632 ι»
2369 1594 2472 1640 etc.
2514 1588 2652 1642 Vide
2681 1589 2835 1656 infra
2862 1593 3001 1644 inter
3027 1594 3304 1661 epistolas.

1983 1683 2070 1732 73.
2109 1701 2134 1730 ι
2173 1679 2490 1751 Gregorius,
2523 1697 2710 1736 servus
2760 1699 3040 1740 servorum
3087 1687 3204 1752 Dei,
3249 1686 3506 1742 omnibus

195 1780 271 1828 est
293 1786 368 1828 iv
400 1769 678 1826 Kalendas
707 1769 914 1838 Martii,
947 1769 1325 1825 miserabiliter
1347 1768 1657 1842 exspiravit,
1690 1784 1799 1823 non
1836 1771 1882 1832 Β
1914 1769 2361 1843 Arehiepiscopis,
2421 1781 2475 1828 et
2525 1775 2821 1846 EpiscOpis,
2869 1777 3190 1846 Abbatibus,
3236 1781 3496 1848 Ducibus,

195 1866 470 1938 imparem
529 1873 786 1937 expertus
832 1861 1132 1920 efﬁcaciam
1184 1863 1323 1918 illius
1369 1863 1650 1919 sententia
1700 1878 1805 1933 qua

195 1962 396 2017 Petrus
420 1959 720 2032 Apostolus
749 1959 1022 2015 Ananiam
1066 1967 1120 2013 et
1149 1957 1472 2030 Sapphiram
1507 1956 1803 2013 damnavit.

819 2065 1059 2120 CAPUT
1087 2065 1190 2120 IX.

194 2167 422 2224 Hmrici
457 2164 726 2220 simulata
769 2166 1112 2232 paenitentia.
1169 2162 1479 2232 Principum
1523 2166 1804 2217 conventus

537 2182 726 2220 muata
815 2182 1112 2218 amantia.
1169 2182 1468 2232 t’TtnC‘tpum

537 2239 722 2293 Ulmae.
756 2182 1004 2305 (gregarii
1024 2236 1097 2291 ad
1125 2251 1207 2290 eos
1232 2237 1468 2304 Legatio.

266 2347 362 2398 7t.
424 2343 573 2399 Cum
632 2341 793 2416 igitur
849 2339 1090 2412 pradicti
1160 2339 1326 2412 Regis
1393 2339 1804 2395 conversionem

190 2439 307 2512 jam
343 2437 440 2494 diu
474 2445 532 2492 et
565 2434 766 2493 frustra
789 2434 1062 2507 Principes
1091 2439 1486 2506 exspectarent,
1516 2441 1570 2488 et
1599 2442 1804 2490 statum

197 2533 379 2605 Regni
412 2529 776 2604 periculosius
810 2529 862 2584 in
896 2529 1014 2585 dies
1054 2527 1497 2598 disturbandum,
1549 2527 1658 2584 imo
1689 2528 1804 2582 sine

122 2612 140 2624 ’
197 2627 374 2698 capite
395 2626 519 2697 jam
563 2624 778 2698 penitus
822 2621 1228 2679 destituendum
1256 2622 1537 2689 viderent;
1582 2621 1803 2695 tandem

195 2720 310 2777 zelo
345 2722 454 2776 Dei
477 2718 694 2787 armati,
726 2734 854 2774 cum
892 2717 1111 2790 Legatis
1143 2716 1472 2788 Apostolica
1497 2715 1649 2771 Sedis
1693 2720 1800 2781 {75)

200 2821 599 2882 convenerunt,
656 2821 712 2868 et
752 2811 1030 2878 eumdem,
1085 2819 1148 2866 ut
1200 2826 1396 2866 eorum
1446 2809 1670 2865 consilio
1708 2825 1800 2864 ac-

203 2910 504 2980 quiesceret
528 2915 586 2962 et
626 2905 980 2978 resipisceret,
1005 2905 1138 2962 satis
1165 2903 1394 2960 ﬁdeliter
1423 2911 1752 2976 rogaverunt
1788 2921 1802 2959 :

204 3003 458 3076 alioquin,
502 3017 562 3058 se
589 3017 702 3056 non
734 2999 958 3056 ulterius
1001 2998 1406 3055 communicare
1442 2997 1525 3054 vel
1557 2996 1798 3067 obedire,

201 3097 485 3170 protestati
524 3103 672 3152 sunt.
720 3097 839 3150 Hac
879 3094 966 3150 ille
1003 3093 1343 3162 necessitate,
1392 3091 1641 3148 simulate
1680 3092 1799 3163 qui-

201 3191 346 3261 dem,
368 3200 432 3248 ut
463 3188 822 3263 postmodum
857 3188 1124 3260 apparuit,
1148 3203 1205 3244 se
1231 3203 1327 3259 per
1356 3186 1561 3256 omnia,
1593 3195 1649 3242 et
1671 3203 1801 3242 con-

204 3286 334 3342 siliis
386 3283 706 3356 Principum
760 3291 817 3340 et
867 3282 1151 3356 praceptis
1203 3280 1503 3354 Apostolici
1555 3280 1800 3349 Domini,

206 3379 556 3437 obediturum
586 3377 854 3450 promisit.
888 3379 1019 3432 Erat
1053 3383 1238 3432 autem
1270 3390 1462 3431 eorum
1491 3374 1801 3443 consilium,

207 3481 266 3531 ut
313 3474 591 3530 Dominus
647 3470 996 3544 Apostolicus
1051 3469 1119 3527 ad
1175 3469 1424 3542 generale
1473 3466 1803 3540 colloquium

211 3573 515 3641 Augustam
545 3567 602 3621 in
626 3565 1012 3622 Puriﬁcatione
1057 3565 1113 3620 S.
1159 3563 1348 3620 Maria
1383 3572 1517 3620 tunc
1555 3563 1803 3635 proxima

207 3661 453 3718 veniret:
502 3668 768 3732 quatenus
811 3659 1011 3716 ibidem
1061 3673 1223 3714 causa
1279 3657 1394 3730 ejus
1437 3657 1492 3712 in
1531 3641 1804 3712 audientia

209 3756 373 3812 totius
396 3755 570 3827 Regni
599 3753 831 3827 legitime
860 3752 1206 3810 determinari
1232 3759 1430 3824 posset.
1458 3751 1562 3822 Ipsi
1589 3767 1804 3822 quoque

210 3847 511 3920 Principes,
564 3847 728 3905 missa
772 3847 1059 3920 legatione,
1118 3845 1419 3902 Dominum
1475 3848 1678 3917 Papam
1733 3843 1804 3900 ad

207 3941 531 4016 pradictum
555 3941 702 3999 diem
739 3941 919 3998 venire
947 3937 1260 4013 suppliciter
1310 3945 1680 4012 rogaverunt;
1735 3936 1802 3993 ad

209 4037 352 4110 quod
392 4036 502 4093 iter
528 4035 820 4110 agendum,
853 4035 1005 4091 illum
1049 4033 1538 4107 promptissimum,
1577 4040 1638 4088 ut
1673 4031 1803 4088 sub-

209 4132 421 4204 scripta
453 4131 572 4203 ejus
599 4130 792 4187 littera
833 4136 1124 4198 testantur,
1175 4128 1513 4185 invenerunt.
1559 4129 1680 4182 Rex
1709 4141 1803 4182 au-

208 4233 338 4294 tem,
373 4233 566 4282 contra
611 4225 1028 4297 promissionem
1071 4239 1250 4291 suam,
1297 4229 1487 4278 contra
1513 4219 1802 4277 consilium

208 4321 548 4392 Principum,
576 4318 680 4376 hoc
719 4319 787 4375 ab
819 4318 1137 4391 Apostolico
1169 4333 1266 4389 per
1294 4319 1528 4389 Legatos
1556 4331 1686 4372 suos
1714 4331 1806 4370 vo-

205 4414 301 4472 luit
347 4424 701 4487 extorquere,
745 4429 813 4470 ne
853 4419 1161 4487 Augustam
1189 4411 1414 4484 veniret,
1453 4410 1548 4468 sed
1575 4419 1637 4467 ut
1680 4425 1806 4466 eum

203 4616 612 4685 torreptus......
640 4607 939 4668 miserabili
959 4606 1169 4683 ejulatu
1193 4625 1369 4668 coram
1404 4606 1666 4678 omnibus,
1695 4613 1794 4680 qui

201 4687 463 4751 aderant,
497 4686 903 4752 vociferabatur
933 4705 948 4739 .'
988 4689 1136 4741 Iusto
1162 4688 1268 4739 Dei
1283 4685 1490 4754 judicio
1506 4699 1561 4737 se
1582 4688 1633 4737 et
1648 4699 1792 4752 pra:-

199 4764 402 4814 sentem
445 4758 614 4810 vitam
661 4759 900 4812 amisisse
939 4762 989 4811 et
1032 4762 1304 4822 aeternam,
1347 4756 1494 4825 quod
1541 4757 1674 4822 Regi
1721 4755 1795 4808 ad

205 4833 404 4890 omnia,
471 4845 595 4898 qua
648 4845 930 4898 perperam
979 4828 1312 4893 intendisset,
1371 4842 1586 4895 operam
1640 4841 1796 4880 suam

205 4916 409 4954 summa
455 4902 658 4952 annisu
685 4901 992 4956 tribuisset:
1017 4904 1180 4968 atque
1206 4903 1264 4952 in
1288 4911 1430 4966 spem
1457 4900 1653 4965 gratia:
1685 4898 1801 4966 ejus

207 4974 440 5027 Romano
479 4973 741 5039 Pontiﬁci,
771 4973 1107 5026 sanctissimo
1139 4976 1190 5024 et
1222 4970 1650 5038 Apostolicarum
1684 4972 1798 5023 vir-

207 5049 376 5098 tutum
425 5046 562 5104 eiro,
600 5058 787 5110 graves
827 5043 1191 5107 con/umelias,
1235 5043 1407 5096 sciens
1438 5045 1487 5094 et
1535 5040 1796 5109 prudens,

206 5116 475 5169 innocenti
505 5117 813 5184 irrogasset.
850 5117 906 5168 In
936 5113 1070 5167 hanc
1093 5129 1286 5176 vocem,
1314 5117 1374 5166 ut
1397 5117 1662 5174 asse-runt,
1688 5115 1801 5166 sine

203 5187 589 5252 communimie,
620 5188 740 5239 sine
765 5186 883 5238 ulla
909 5187 1301 5251 satisfamione,
1331 5184 1623 5252 expiravit.

196 5269 216 5309 ι
275 5262 398 5321 (73)
428 5255 660 5326 Langius
685 5257 756 5310 ita
790 5255 1011 5327 exponit
1038 5274 1050 5310 :
1084 5259 1191 5310 Hoc
1215 5257 1370 5308 mitto
1401 5257 1536 5322 Regi
1561 5255 1798 5327 manda-

203 5334 323 5382 tum
346 5345 365 5376 :
398 5325 696 5397 quodipse,
743 5332 794 5382 et
818 5325 931 5395 ego,
972 5331 1022 5381 et
1050 5342 1223 5382 omnes
1251 5328 1534 5394 iniquitati
1561 5325 1673 5394 ejus
1703 5329 1796 5393 fa-

199 5404 406 5460 ventes,
450 5414 633 5452 sumus
663 5399 912 5468 damnati
947 5400 1002 5450 in
1035 5402 1495 5467 perpetuum...”
1539 5399 1667 5452 Ecce
1707 5398 1798 5452 de-

200 5486 380 5525 mones
426 5470 617 5523 lectum
642 5486 816 5524 meum
856 5472 1222 5530 circumstant,
1253 5472 1518 5537 quatenus
1561 5483 1706 5533 mox,
1736 5472 1799 5522 ut

200 5546 550 5612 expiravere,
581 5545 816 5610 capiant.
842 5545 1028 5611 Itaque
1048 5556 1166 5595 cum
1193 5541 1348 5607 fuero
1377 5557 1402 5594 e
1433 5555 1647 5608 corpore
1677 5541 1798 5594 edu-

201 5621 337 5681 ctus,
369 5628 502 5681 rogo
531 5627 620 5666 vos
647 5617 694 5666 et
709 5628 892 5682 pmnes
914 5613 1116 5682 ﬁdeles,
1144 5629 1208 5667 ne
1236 5627 1291 5666 se
1315 5613 1551 5680 fatigent
1589 5627 1685 5680 pro
1717 5627 1797 5665 me

201 5667 465 5751 facieiide
505 5667 940 5808 wgplithtiones'.
971 5667 1068 5742 Hic
1103 5667 1293 5755 igitur
1315 5667 1383 5737 'in
1421 5667 1792 5752 desperatione

201 5755 516 5808 damnatus.
614 5757 674 5808 iu
728 5755 928 5808 iacebat
976 5758 1307 5808 insenultus:
1357 5755 1518 5808 donec
1568 5759 1792 5808 Romam

199 5755 542 5830 deﬁinctus,
574 5755 674 5830 diu
718 5755 928 5823 jacebat
976 5758 1307 5830 insepultus;
1357 5755 1522 5830 donec
1568 5759 1797 5830 Romam

196 5831 459 5897 mittitur,
494 5829 546 5884 et
571 5827 701 5881 inde
724 5830 942 5900 quaesito
983 5826 1224 5898 causam,
1247 5842 1317 5884 ne
1352 5826 1586 5901 pepulus
1605 5829 1798 5898 [cetere

1836 4519 1886 4587 D

1912 1864 2336 1936 Marchionibus,
2383 1869 2742 1940 omnibusque
2775 1869 3135 1928 Christianam
3163 1881 3218 1928 et
3259 1875 3325 1928 B.
3358 1873 3504 1929 Petri

1913 1957 2079 2014 ﬁdem
2105 1968 2160 2014 et
2189 1959 2496 2017 doctrinam
2526 1961 2938 2021 defendentibus
2964 1975 3018 2022 et
3061 1967 3496 2037 observantibus,

1911 2053 2146 2110 salutem
2190 2064 2246 2114 et
2291 2059 2582 2112 Beatorum
2629 2059 3018 2130 Apostolorum
3064 2061 3211 2117 Petri
3262 2069 3316 2118 et
3353 2063 3505 2118 Pauli

1910 2147 2340 2206 benedictionem
2373 2169 2386 2206 :
2423 2151 2774 2225 omniumque
2818 2164 3166 2226 peccatorum
3207 2157 3506 2212 absolutio-

1909 2259 2058 2299 nem.
2118 2248 2253 2317 Ego,
2309 2245 2697 2318 qualiscunque
2765 2249 3050 2317 Sacerdos,
3107 2249 3503 2322 Apostolorum

1909 2338 2168 2409 Principis
2188 2355 2394 2408 servus,
2446 2362 2472 2389 ι
2503 2349 2608 2396 etc.
2642 2341 2775 2396 Vide
2803 2345 2959 2410 infra
2986 2347 3126 2400 inter
3151 2349 3423 2416 epistolas.

1980 2439 2070 2489 74.
2091 2435 2300 2489 Interea
2316 2437 2456 2503 Rex,
2475 2435 2705 2507 propria
2734 2453 2914 2493 causa
2931 2437 3206 2508 difﬁdens,
3233 2450 3285 2496 et
3306 2441 3506 2498 idcirco

1909 2526 2239 2583 audientiam
2260 2528 2410 2584 istius
2432 2530 2606 2601 Regni
2630 2529 3048 2604 subterfugiens,
3073 2532 3270 2590 furtive
3291 2536 3502 2592 Italiam

1909 2638 2038 2677 cum
2087 2623 2589 2691 excommunicatis,
2637 2634 2826 2681 eontra
2873 2639 3205 2700 praceptum
3247 2633 3408 2703 Papa
3455 2639 3509 2686 et

1910 2715 2130 2771 consilia
2158 2716 2492 2788 Principum,
2533 2717 2780 2788 intravit;
2815 2728 2870 2775 et
2910 2724 3223 2793 Apostolico
3254 2723 3323 2778 ad
3365 2740 3503 2796 pra-

1908 2808 2112 2865 dictum
2146 2809 2290 2864 diem
2341 2813 2648 2881 Augustam
2689 2812 2951 2880 tendenti,
3005 2824 3128 2871 ante
3169 2817 3500 2873 Puriﬁcatio-

1904 2919 2030 2958 nem
2060 2903 2114 2958 S.
2157 2902 2340 2958 Maria
2371 2903 2514 2974 apud
2538 2905 2829 2960 Canusium
2859 2906 3124 2975 obviavit;
3159 2909 3343 2981 ibique
3373 2919 3500 2966 ante

1910 3005 2125 3068 portam
2172 2995 2333 3052 castri
2378 3012 2473 3068 per
2526 2996 2798 3066 triduum,
2853 2999 3098 3072 deposito
3147 3003 3300 3058 omni
3354 3005 3502 3076 regio

1909 3091 2083 3158 cultu,
2134 3090 2534 3160 miserabiliter,
2583 3100 2773 3164 utpote
2817 3091 3170 3152 discalceatus
3230 3104 3284 3152 et
3337 3096 3506 3153 laneis

1910 3185 2145 3243 vestibus
2190 3184 2434 3254 indutus,
2482 3186 2788 3257 persistens,
2840 3204 2948 3244 non
2979 3189 3125 3260 prius
3166 3207 3292 3246 cum
3332 3190 3504 3247 multo

1911 3279 2048 3336 ﬁetu
2086 3279 2416 3351 Apostoliea
2458 3279 2821 3336 miserationis
2857 3283 3116 3339 auxilium
3157 3294 3211 3340 et
3255 3286 3502 3341 consola-

1910 3373 2116 3430 tionem
2140 3372 2431 3444 implorare
2456 3371 2678 3440 destitit,
2706 3389 2872 3446 quam
2907 3391 3100 3432 omnes
3137 3378 3229 3448 qui
3256 3377 3501 3445 aderant,

1911 3475 1966 3522 et
1989 3465 2058 3522 ad
2080 3481 2218 3538 quos
2245 3465 2335 3521 ille
2381 3481 2571 3521 rumor
2603 3467 2865 3538 pervenit,
2897 3467 2966 3524 ad
2991 3477 3200 3525 tantam
3243 3472 3498 3542 pietatem

1911 3571 1966 3618 et
2013 3559 2406 3632 compassionis
2452 3559 2881 3618 misericordiam
2931 3563 3122 3632 movit,
3187 3573 3249 3620 ut
3289 3581 3388 3636 pro
3439 3582 3505 3622 eo

1912 3655 2099 3711 multis
2141 3655 2390 3726 precibus
2433 3663 2488 3710 et
2546 3655 2797 3728 lacrymis
2851 3655 3266 3727 intercedentes,
3313 3675 3507 3716 omnes

1911 3749 2133 3822 quidem
2181 3749 2453 3805 insolitam
2501 3749 2708 3807 domini
2752 3753 2910 3823 Papa
2940 3751 3198 3808 duritiam
3243 3753 3506 3810 miraren-

1912 3852 2021 3912 tur;
2065 3843 2312 3900 nonnulli
2340 3859 2467 3900 vero
2495 3843 2548 3899 in
2577 3860 2642 3900 eo
2660 3888 2674 3913 ,
2702 3861 2813 3900 non
2838 3845 3170 3917 Apostolica
3199 3849 3506 3906 serenitatis

1911 3937 2246 4010 gravitatem,
2297 3937 2393 3994 sed
2441 3939 2592 4010 quasi
2633 3940 2925 4012 tyrannica
2967 3940 3269 3997 severitatis
3311 3942 3505 3999 crude-

1913 4031 2115 4088 Iitatem
2141 4047 2256 4088 esse
2291 4032 2588 4088 clamarent
2626 4052 2639 4089 :
2679 4033 2912 4106 denique
2966 4034 3214 4091 instantia
3243 4052 3507 4108 compun-

1912 4126 2104 4183 ctionis
2151 4126 2287 4199 ejus,
2321 4135 2375 4182 et
2425 4133 2574 4183 tanta
2612 4127 2864 4183 omnium
2891 4129 2980 4200 qui
3013 4128 3085 4184 ibi
3124 4129 3348 4188 aderant
3381 4147 3507 4203 sup-

1911 4219 2198 4292 plicatione
2255 4223 2397 4292 Papa
2458 4219 2718 4289 devictus,
2778 4221 3000 4278 tandem
3053 4238 3202 4293 eum,
3256 4225 3500 4282 relaxato

1912 4314 2273 4370 anathematis
2323 4315 2553 4381 vinculo,
2609 4316 2661 4370 in
2713 4317 3118 4373 communionis
3178 4318 3404 4388 gratiam
3455 4327 3510 4374 et

1913 4409 2094 4466 sinum
2121 4417 2321 4466 sancta
2360 4409 2548 4465 Matris
2577 4410 2833 4466 Ecclesia
2875 4411 3076 4484 recepit
3109 4429 3124 4468 :
3164 4411 3398 4484 acceptis
3439 4412 3507 4469 ab

1901 4611 2351 4679 corrumperetur,
2397 4603 2702 4679 Apostolico
2731 4605 2891 4679 jussu
2931 4609 3046 4665 sine
3093 4608 3502 4668 commendatio:

1903 4682 2066 4757 nibus
2111 4683 2384 4757 sepelitur.
2408 4685 2566 4757 _llac
2595 4681 2831 4753 Langius
2865 4699 2932 4736 ex
2977 4683 3256 4739 Chronicis
3292 4686 3509 4757 Magde-

1901 4751 2186 4824 burgensis
2215 4752 2492 4808 Ecclesia.

1977 4829 2086 4898 (74)
2143 4826 2410 4898 Henricus
2459 4827 3076 4898 EpiscopusﬂSpii-ensis,
3110 4835 3138 4882 a
3175 4843 3341 4898 puero
3370 4844 3500 4884 cum

1911 4896 2148 4950 Henrico
2175 4898 2317 4967 Rege
2347 4894 2628 4962 educatus,
2647 4894 2726 4970 fabr
2763 4894 2853 4952 illo
2879 4898 2946 4953 ad
2975 4894 3347 4954 Sedem'illam
3375 4917 3502 4970 pro-

1906 4977 2112 5040 motus,
2138 4985 2256 5022 cum
2291 4970 2582 5022 Thesauros
2608 4969 2852 5025 Ecclesia:
2873 4971 3074 5040 puerili
3101 4971 3320 5025 levitate
3355 4969 3504 5028 dila-

1900 5039 2170 5109 pidasset,
2206 5045 2256 5094 et
2282 5041 2494 5108 prtedia
2522 5042 2788 5096 militibus
2816 5039 2882 5094 in"
2930 5043 3240 5110 bene/icium
3283 5061 3501 5112 erogas-

1905 5115 2168 5184 set........
2215 5115 2379 5166 sensit
2421 5117 2632 5180 repente
2673 5114 2964 5181 parvulam
2992 5115 3100 5168 sibi
3118 5116 3395 5184 pustulam
3441 5121 3498 5172 in

1905 5183 2031 5237 collo
2054 5198 2386 5248 exarescere;
2431 5200 2539 5252 qua
2589 5186 2964 5240 intumescente
2987 5183 3373 5241 ante’mediam
3411 5206 3496 5244 no-

1905 5259 2037 5378 ctehm
2067 5255 2357 5322 defunctus
2405 5260 2501 5310 est.
2535 5257 2614 5310 Ita
2642 5255 2988 5326 Lambertus,
3037 5266 3092 5312 et
3138 5258 3318 5330 priora
3360 5261 3498 5317 Bru-

1905 5339 1962 5378 sc
2004 5341 2107 5378 ius.

1905 5339 2107 5381 SCDIUS.

1973 5401 2084 5462 (75)
2112 5397 2487 5473 Convenerunt
2521 5399 2886 5473 Oppenhemii,
2923 5401 3055 5457 urbe
3077 5409 3208 5459 tunc
3235 5403 3488 5473 Imperia-

1995 5469 2450 5549 postea-Palatino
2480 5465 2651 5526 Rheni
2683 5473 3059 5549 oppignerata,
3083 5465 3482 5549 intergMogun-

1905 5541 2036 5593 tiam
2065 5547 2118 5594 et
2145 5541 2528 5608 Wormatiam,
2555 5557 2698 5597 anno
2724 5541 2884 5607 1077,
2924 5541 3052 5613 vel,
3074 5556 3135 5602 ut
3159 5547 3241 5602 alii
3275 5541 3483 5611 volunt,

1904 5621 2272 5687 convenerunt
2306 5614 2592 5687 Triburice,
2625 5629 2655 5668 e
2692 5617 2908 5687 regione
2937 5617 3304 5687 Oppenhemii,
3345 5615 3504 5668 urbe

1905 5633 2272 5667 convenerunt
2306 5633 2592 5678 I'I'wurtw,
2625 5633 2655 5668 e
2692 5633 2908 5687 regione
2937 5633 2984 5672 U
3020 5633 3304 5687 pennemu,
3345 5633 3473 5668 urbe

1905 5681 2036 5764 olim
2055 5682 2252 5739 celebri
2285 5700 2468 5740 :nunc
2505 5684 2622 5740 vilis
2644 5695 2726 5743 est
2752 5687 2897 5744 vicus
2913 5633 3014 5745 sed
3048 5689 3230 5747 adhuc
3269 5698 3473 5742 nomen

1906 5761 2164 5812 retinens.
