4122 6180
577 294 642 348 79
1810 278 1865 340 Β.
1910 284 2167 342 GREGOP

2276 286 2293 340 ς
2322 266 2415 340 Vn
2453 274 2642 343 ΡΑΡΑ.
2712 266 2717 267 ί
3268 358 3271 377 1
3802 291 3872 343 so

581 437 647 478 eo
675 418 1080 487 securitatibus,
1109 429 1339 488 quarum
1380 406 1543 470 etiam
1575 411 2046 469 conﬁrmationem
2076 428 2187 483 per.
2198 412 2252 475 Α
2355 416 2445 466 77.
2470 413 2595 467 Non
2618 410 2793 467 multo
2825 418 2947 484 post
2969 417 3154 467 tamen
3174 411 3293 468 Rex
3324 409 3393 466 ab
3421 411 3737 483 Apostolico
3757 409 3873 482 jam

578 531 774 572 manus
803 513 1039 569 Abbatis
1068 508 1455 573 Cluniacensis,
1493 516 1546 563 et
1569 507 1833 563 nobilium
1862 507 2171 564 Comitissa-

575 625 702 666 rum
719 607 991 663 Mathildis
1020 612 1073 660 et
1100 602 1371 660 Adalaidze
1392 609 1476 669 (7.5
1502 604 1620 671 bis),
1648 610 1702 657 et
1722 602 1951 658 aliorum
1973 600 2171 658 Princi-

578 719 731 775 pum,
782 701 1176 771 Episcoporum
1226 706 1279 752 et
1321 697 1633 767 Laicorum,
1680 696 1771 769 qui
1806 696 1905 752 sibi
1950 694 2018 751 ad
2054 694 2171 750 haec

577 796 735 851 utiles
764 794 863 849 visi
898 800 1042 859 sunt,
1069 791 1125 845 in
1159 790 1305 847 hunc
1331 790 1558 847 modum
1578 790 1833 862 suscepit.

646 892 736 943 75.
778 910 803 934 ιι
834 890 949 958 Ego
979 886 1250 943 Henricus
1285 889 1428 955 Rex,
1452 884 1519 942 de
1540 884 1975 940 murmuratione
1997 889 2051 939 et
2068 882 2171 939 dis-

574 981 846 1051 sensione,
875 998 1041 1053 quam
1082 998 1228 1037 nunc
1274 980 1475 1036 habent
1511 988 1698 1035 contra
1752 994 1844 1034 me
1893 976 2171 1048 Archiepi-

573 1076 742 1149 scopi,
778 1076 1052 1148 Episcopi,
1086 1078 1270 1131 Duces
1324 1083 1378 1129 et
1405 1075 1668 1141 Comites,
1702 1072 1974 1144 ceterique
2012 1071 2167 1126 Prin-

574 1171 718 1243 cipes
746 1172 922 1243 Regni
957 1169 1389 1226 Teutonicorum
1427 1178 1482 1223 et
1520 1168 1628 1236 alii,
1662 1167 1753 1238 qui
1777 1182 1869 1223 eos
1892 1166 1947 1220 in
1980 1164 2169 1244 eadem

574 1265 931 1347 dissensionis
956 1280 1119 1320 causa
1154 1271 1475 1335 sequuntur,
1504 1260 1645 1317 infra
1672 1259 1976 1316 terminum
2006 1274 2170 1330 quem

574 1360 833 1417 dominus
875 1362 1021 1431 Papa
1054 1357 1419 1424 constituerit,
1447 1364 1540 1412 aut
1560 1355 1827 1427 justitiam
1867 1353 2169 1411 secundum

569 1454 840 1526 judicium
869 1453 1005 1525 ejus,
1042 1460 1137 1508 aut
1162 1450 1509 1509 concordiam
1532 1450 1833 1507 secundum
1870 1447 2166 1505 consilium

576 1548 692 1620 ejus
726 1546 943 1613 faciam,
980 1546 1083 1602 nisi
1130 1555 1342 1602 certum
1390 1544 1841 1617 impedimentum
1895 1541 2035 1597 mihi
2082 1541 2165 1596 vel

574 1642 674 1698 sibi
700 1641 1007 1699 obstiterit:
1042 1656 1149 1711 quo
1178 1648 1472 1706 transacto,
1503 1638 1572 1694 ad
1616 1638 1760 1695 idem
1800 1634 2167 1710 peragendum

577 1744 796 1807 paratus
826 1751 939 1791 ero.
983 1738 1146 1803 Item,
1179 1734 1225 1789 si
1248 1734 1394 1789 idem
1419 1732 1675 1789 dominus
1704 1735 1848 1803 Papa
1868 1730 2167 1803 Gregorius

576 1832 713 1886 ultra
755 1838 971 1886 montes
1001 1829 1079 1885 vel
1110 1828 1245 1884 alias
1277 1836 1455 1900 partes
1488 1835 1763 1883 terrarum
1789 1826 1868 1882 ire
1915 1824 2167 1892 voluerit,

573 1941 795 1981 securus
822 1925 927 1980 erit
970 1940 1036 1979 ex
1076 1938 1199 1978 mea
1231 1931 1401 1995 parte,
1432 1930 1488 1977 et
1521 1937 1712 1977 eorum
1737 1936 1873 1993 quos
1898 1918 2166 1974 constrin-

575 2034 699 2091 gere
745 2027 957 2090 potero,
988 2018 1054 2073 ab
1084 2016 1234 2072 omni
1272 2015 1497 2072 laesione
1541 2016 1665 2072 vita:
1703 2024 1757 2070 et
1793 2013 2170 2069 membrorum

576 2112 692 2183 ejus
736 2128 833 2167 seu
876 2110 1144 2184 captione,
1193 2118 1307 2166 tam
1342 2110 1454 2181 ipse
1480 2126 1643 2181 quam
1674 2109 1767 2180 qui
1809 2108 1864 2163 in
1891 2107 2007 2178 ejus
2044 2123 2172 2162 con-

575 2204 743 2261 ductu
767 2205 877 2262 sive
902 2205 1163 2261 comitatu
1194 2203 1410 2271 fuerint,
1453 2202 1509 2257 in
1538 2204 1739 2266 eundo,
1790 2201 1899 2257 sive
1941 2200 2013 2256 ibi
2045 2215 2167 2255 mo-

576 2299 770 2368 rando,
809 2315 905 2355 seu
932 2298 1058 2354 inde
1086 2297 1399 2366 redeundo;
1426 2313 1601 2369 neque
1626 2295 1771 2352 aliud
1799 2293 2017 2367 aliquod
2060 2293 2165 2348 im-

575 2393 951 2464 pedimentum
971 2392 1191 2448 habebit
1218 2408 1284 2449 ex
1326 2407 1448 2448 meo
1485 2406 1777 2459 consensu,
1802 2388 1952 2462 quod
1978 2396 2170 2443 contra

576 2487 843 2542 honorem
882 2502 1043 2543 suum
1090 2487 1187 2554 sit;
1222 2495 1277 2542 et
1300 2486 1343 2541 si
1376 2485 1495 2557 quis
1522 2485 1571 2540 ei
1610 2484 1819 2555 fecerit,
1856 2499 1985 2539 cum
2022 2482 2169 2538 bona

576 2580 705 2648 ﬁde,
732 2579 1042 2636 secundum
1066 2595 1226 2652 posse
1253 2594 1465 2645 meum,
1492 2578 1648 2635 illum
1665 2577 1959 2651 adjuvabo.
1994 2598 2020 2626 ι

647 2680 737 2731 76.
800 2677 940 2742 Rex,
995 2682 1285 2746 postquam
1352 2673 1739 2729 communione
1788 2681 2023 2744 recepta;
2072 2670 2168 2728 sed

575 2768 877 2840 quaestione
926 2766 1103 2839 Regni
1155 2766 1395 2834 dilatata,
1457 2766 1668 2823 solutus
1730 2766 1798 2822 ab
1849 2765 2166 2838 Apostolico

573 2863 853 2931 discessit;
882 2878 1073 2934 parum
1098 2861 1380 2918 attendens
1395 2860 1543 2933 quod
1567 2861 1613 2916 ei
1643 2861 1700 2915 in
1729 2860 2168 2916 reconciliatione

574 2974 670 3014 sua
686 2957 1006 3029 juramento
1032 2955 1364 3028 promiserit,
1406 2954 1474 3011 ad
1499 2954 1718 3010 solitam
1756 2954 2054 3026 nequitiam
2079 2969 2165 3009 re-

573 3051 716 3119 dire,
764 3059 820 3105 et
858 3049 1298 3105 Simoniacorum
1329 3064 1557 3104 suorum
1585 3046 1826 3103 consiliis
1857 3056 2046 3103 contra
2067 3049 2169 3102 Pa-

2278 504 2455 578 Regni
2495 504 2902 561 concessionem
2946 504 3158 574 callide,
3187 513 3248 561 ut
3280 506 3757 571 communionem,
3787 504 3876 560 eli-

2277 615 2397 655 cere
2450 598 2685 655 volebat.
2735 601 2899 655 Missa
2951 599 3101 655 enim
3146 599 3431 672 legatione,
3488 598 3765 654 humiliter
3821 599 3875 653 ei

2278 692 2633 765 supplicabat,
2674 701 2735 749 ut
2790 692 2875 748 vel
2914 708 3041 749 eum
3091 692 3262 749 semel
3302 691 3446 764 apud
3492 693 3549 747 S.
3604 694 3873 748 Joannem

2280 787 2337 842 in
2362 792 2473 855 (76)
2503 786 2728 861 Moytia,
2758 802 2854 859 per
2884 786 3183 859 Episcopos
3223 786 3541 859 Papiensem
3577 795 3631 841 et
3659 785 3873 842 Medio-

2279 879 2574 949 lanensem,
2604 896 2761 936 more
2792 880 3037 953 priorum
3072 883 3318 953 Regum,
3363 879 3617 936 coronari
3646 879 3871 951 permit-

2278 982 2418 1032 teret
2454 975 2591 1043 :vel,
2623 976 2667 1031 si
2691 974 2795 1030 hoc
2814 974 2985 1031 nollet
3024 974 3141 1031 ﬁeri
3167 990 3266 1047 per
3295 973 3610 1045 huiusmodi
3647 974 3873 1045 Episco-

2278 1085 2399 1141 pos,
2428 1078 2616 1141 utpote
2636 1069 3161 1138 excommunicatos,
3178 1068 3371 1125 saltem
3399 1067 3504 1123 hoc
3532 1067 3871 1139 privilegium

2277 1162 2589 1235 Apostolica
2630 1162 2949 1219 auctoritate
2990 1162 3213 1219 cuilibet
3251 1161 3522 1234 Episcopo
3550 1160 3878 1217 concederet

2277 1256 2715 1328 exsequendum;
2760 1256 2832 1313 ob
2880 1256 2987 1313 hoc
3034 1256 3270 1312 maxime
3316 1265 3573 1327 appetens
3601 1255 3871 1319 coronari,

2278 1359 2337 1407 ut
2361 1352 2750 1407 communione
2778 1350 2941 1407 etiam
2970 1354 3225 1424 Regnum
3254 1366 3283 1404 a
3312 1352 3567 1405 Romano
3610 1349 3875 1405 Pontiﬁce

2275 1445 2554 1502 videretur
2576 1444 2862 1518 recepisse.
2899 1443 3005 1501 Sed
3030 1447 3193 1516 Papa,
3234 1443 3585 1500 calliditatem
3618 1442 3734 1514 ejus
3754 1442 3875 1515 jam

2274 1541 2406 1597 satis
2453 1549 2726 1612 expertus,
2791 1540 2941 1595 nullo
2992 1538 3161 1595 modo
3219 1538 3358 1594 votis
3407 1537 3523 1609 ejus
3568 1536 3737 1592 voluit
3788 1552 3874 1592 ac-

2276 1634 2549 1706 quiescere
2606 1654 2618 1691 :
2665 1632 2951 1706 diligenter
2992 1648 3178 1689 secum
3213 1632 3326 1703 ipse
3380 1640 3636 1703 reputans
3664 1646 3722 1686 se
3750 1630 3873 1702 qui-

2277 1728 2404 1785 dem
2451 1743 2577 1783 eum
2624 1743 2724 1800 pro
2768 1726 2956 1783 multis
3001 1726 3339 1793 criminibus,
3382 1733 3437 1781 et
3484 1725 3722 1780 maxime
3770 1739 3870 1796 pro

2275 1821 2635 1878 inobedientia
2650 1829 2704 1878 et
2723 1820 3063 1878 contumacia
3092 1820 3416 1892 Apostolica:
3436 1818 3593 1874 Sedis
3612 1819 3868 1891 irrogata,

2278 1933 2307 1972 a
2353 1919 2548 1988 Regno
2586 1900 2923 1988 deposuisse,
2970 1930 3267 1985 omnesque
3311 1912 3592 1985 eijuratos
3649 1912 3717 1968 ab
3755 1912 3873 1984 ejus

2278 2011 2503 2068 domino
2550 2010 2749 2066 liberos
2790 2008 3129 2066 reddidisse:
3174 2018 3227 2064 et
3274 2007 3346 2064 ob
3397 2007 3521 2074 hoc,
3560 2007 3875 2063 nullatenus

2278 2121 2427 2174 eum,
2460 2105 2599 2160 sicut
2625 2121 2724 2160 nec
2759 2103 2944 2173 alium,
2980 2103 3033 2159 in
3062 2105 3270 2176 Regem
3295 2101 3657 2173 Principibus,
3685 2109 3872 2173 utpote

2278 2198 2458 2255 liberis
2498 2197 2834 2269 hominibus,
2882 2197 3173 2270 superponi
3201 2196 3420 2264 debere,
3452 2194 3654 2267 absque
3683 2211 3875 2251 eorum

2277 2293 2559 2348 electione.
2586 2294 2729 2347 Nam
2757 2299 2811 2347 et
2828 2307 2858 2346 a
2885 2299 2999 2347 toto
3026 2296 3216 2364 Regno
3248 2290 3315 2347 de
3340 2298 3423 2346 tot
3451 2305 3513 2345 ac
3536 2289 3702 2345 tantis
3731 2287 3871 2361 inju-

2276 2386 2375 2442 riis
2395 2402 2457 2442 ac
2488 2384 2728 2457 perﬁdiis
2769 2393 2885 2441 erat
2928 2385 3256 2456 inculpatus,
3305 2392 3366 2440 ut
3410 2383 3476 2440 de
3515 2384 3600 2439 his
3626 2398 3753 2439 eum
3780 2397 3874 2437 ne-

2276 2497 2425 2537 cesse
2456 2489 2602 2537 esset
2640 2481 2895 2552 primitus
2916 2481 3202 2552 expurgari
3238 2480 3301 2546 (si
3334 2487 3515 2535 tamen
3534 2478 3639 2535 hoc
3665 2478 3870 2551 aliqua-

2276 2584 2435 2631 tenus
2480 2583 2662 2647 posset
2706 2573 2841 2641 ﬁeri)
2900 2584 2955 2630 et
3010 2575 3090 2630 sic
3137 2573 3361 2629 demum
3419 2589 3547 2629 cum
3601 2588 3874 2629 consensu

2275 2670 2447 2726 totius
2476 2668 2650 2742 Regni
2697 2668 2938 2739 legitime
2980 2669 3249 2724 coronari.
3295 2670 3412 2723 Rex
3453 2665 3617 2739 igitur
3654 2681 3717 2721 ea
3757 2666 3874 2721 vice

2277 2779 2491 2835 quoque
2517 2763 2773 2819 simulata
2798 2762 3106 2819 obedientia
3139 2760 3284 2834 apud
3313 2767 3426 2829 (77)
3448 2760 3707 2832 Moytiam
3752 2762 3865 2815 Re-

2274 2859 2417 2929 galia
2445 2857 2672 2929 insignia
2698 2872 2810 2912 non
2840 2856 3122 2929 usurpavit
3160 2877 3172 2911 :
3198 2872 3325 2929 qua:
3356 2863 3533 2911 tamen
3560 2869 3670 2910 non
3693 2855 3868 2910 multo

2275 2958 2397 3022 post
2428 2959 2618 3007 contra
2653 2950 2896 3007 bannum
2929 2948 3141 3007 domini
3188 2951 3352 3021 Papae
3390 2963 3686 3017 resumere,
3714 2956 3770 3004 et
3792 2946 3872 3003 in-
3922 3002 3925 3011 ,

2273 3043 2506 3101 terdicta
2533 3045 2706 3116 Regni
2731 3044 3101 3117 gubernacula
3128 3059 3392 3116 usurpare
3415 3059 3530 3099 non
3557 3042 3761 3099 timuit.

574 3160 698 3215 pam
724 3142 985 3198 assentire
1026 3157 1137 3196 non
1168 3141 1401 3212 expavit.
1435 3142 1645 3197 Omnes
1687 3140 1835 3195 enim
1870 3139 2161 3195 Simoniaci
2202 3168 2247 3233 α
2348 3145 2435 3195 78.
2467 3139 2693 3194 Interim
2723 3140 2982 3196 transibat
3020 3138 3309 3207 terminus,
3351 3152 3517 3209 quem
3555 3152 3653 3193 rex
3681 3151 3865 3193 coram

573 3248 874 3305 eorumque
919 3233 1075 3299 socii,
1127 3248 1365 3305 quorum
1411 3232 1683 3305 tyrannidi
1753 3232 1868 3304 ipse
1919 3242 2167 3289 sanctam

572 3330 806 3383 Matrem
832 3326 1137 3383 Ecclesiam
1166 3325 1566 3399 subjugaverat,
1598 3341 1836 3398 quorum
1887 3326 2055 3382 etiam
2087 3325 2164 3382 fa-

571 3422 751 3478 ctione
787 3420 903 3494 jam
958 3419 1168 3492 pridem
1223 3420 1600 3491 Apostolicam
1663 3419 1860 3478 Sedem
1914 3419 2169 3476 deaucto-

570 3517 737 3573 rizare
779 3524 1115 3584 tentaverat;
1173 3514 1292 3587 ipsi,
1350 3515 1597 3589 inquam,
1664 3530 1865 3571 omnes
1918 3514 1987 3571 ad
2038 3530 2167 3571 eum

571 3611 973 3668 reconciliatum
1017 3618 1371 3677 recurrentes,
1420 3626 1527 3665 non
1567 3617 1838 3666 terrorem
1880 3609 1979 3666 sed
2006 3609 2168 3666 auda-

569 3705 715 3760 ciam
744 3706 811 3759 ab
858 3722 945 3771 eo,
976 3720 1073 3776 pro
1108 3711 1411 3775 perpetrata
1454 3702 1756 3775 iniquitate,
1805 3712 2165 3776 acceperunt;

573 3798 703 3869 quin
730 3796 890 3852 etiam
918 3798 973 3851 in
1010 3796 1355 3853 damnatione
1377 3796 1676 3869 Apostolici
1705 3797 1849 3868 apud
1892 3813 2019 3853 eum
2048 3814 2170 3853 con-

565 3889 783 3962 jurandi
834 3889 1017 3945 locum
1056 3891 1392 3947 invenerunt.
1426 3894 1543 3962 Ipse
1585 3906 1714 3946 vero
1744 3891 1968 3963 ejusque
2012 3907 2168 3947 com—

576 3984 764 4055 plices,
819 3984 1267 4040 communionem
1314 3993 1591 4055 utcunque
1644 3984 1847 4040 idcirco
1896 3983 2170 4042 festinave-

570 4085 694 4132 rant
718 4077 987 4149 recipere:
1036 4078 1181 4148 quia,
1228 4077 1383 4149 juxta
1411 4078 1584 4150 legem
1611 4077 2064 4147 ,Teutonicorum,
2113 4095 2171 4135 se

573 4171 790 4244 praediis
818 4169 1173 4229 etbeneﬁciis
1204 4169 1495 4241 privandos
1525 4186 1642 4227 esse
1685 4188 1797 4228 non
1829 4172 2168 4245 dubitabant,

573 4265 619 4320 si
647 4265 749 4320 sub
792 4263 1362 4320 excommunicatione
1408 4264 1677 4336 integrum
1720 4281 1923 4322 annum
1954 4282 2167 4337 perma-

573 4366 801 4414 nerent:
833 4357 988 4430 cujus
1009 4356 1189 4414 adhuc
1210 4373 1352 4414 unus
1384 4358 1582 4414 mensis
1610 4357 1898 4430 superfuit,
1938 4352 2071 4417 dum
2100 4360 2167 4417 ad

576 4450 1074 4508 reconciliationem
1132 4450 1392 4508 redirent.
1452 4452 1915 4508 Communionem
1968 4453 2165 4525 itaque,

2277 3232 2494 3304 Legatis
2530 3232 2861 3305 Apostolica
2881 3233 3036 3290 Sedis
3067 3248 3196 3289 cum
3230 3230 3563 3302 Principibus
3596 3230 3773 3301 Regni
3802 3228 3872 3285 ad

2276 3331 2587 3399 Augustam
2611 3326 2666 3381 in
2694 3325 3077 3382 Puriﬁcatione
3104 3328 3159 3383 S.
3194 3325 3383 3382 Maria
3422 3324 3759 3393 condixerat,
3792 3322 3860 3378 ad

2278 3437 2441 3493 quem
2474 3421 2590 3493 jam
2657 3425 2798 3493 Papa
2848 3421 3034 3476 venire
3069 3428 3438 3492 conceperat:
3488 3427 3542 3475 et
3592 3417 3705 3489 jam
3744 3417 3871 3472 illuc

2278 3516 2631 3588 pervenisset,
2656 3516 2705 3572 si
2736 3531 2847 3572 non
2878 3514 3021 3572 idem
3042 3518 3181 3581 Rex,
3209 3524 3405 3570 contra
3435 3528 3729 3569 commune
3769 3510 3865 3568 de-

2277 3618 2488 3667 cretum
2565 3610 2813 3667 omnium
2893 3609 3169 3682 ingressus
3226 3608 3454 3678 Italiam,
3501 3606 3869 3663 conducturos

2278 3704 2666 3775 Apostolicum
2691 3720 2721 3759 a
2746 3702 3022 3759 conducto
3048 3702 3399 3759 deterruisset
3428 3720 3440 3757 :
3471 3701 3761 3769 terminus,
3792 3699 3869 3755 in-

2277 3813 2466 3868 quam,
2521 3798 2612 3854 ubi
2679 3814 2869 3853 coram
2914 3796 3223 3870 Apostolico
3281 3795 3335 3851 in
3381 3794 3655 3852 audientia
3698 3794 3870 3849 totius

2279 3892 2457 3964 Regni
2502 3892 2762 3948 canonice
2804 3890 2873 3948 de
2914 3890 3237 3947 criminibus
3273 3889 3428 3946 illatis
3457 3889 3768 3961 expurgari,
3820 3887 3866 3943 si

2279 3986 2619 4057 inculpabilis
2665 3994 2829 4055 esset,
2883 3993 3208 4058 expurgatus
3245 3984 3485 4056 legitime
3511 3982 3566 4038 in
3593 3986 3867 4055 Regnum,

2276 4096 2405 4137 cum
2434 4096 2700 4137 consensu
2730 4079 3009 4147 omnium,
3053 4078 3267 4135 restitui
3310 4086 3537 4149 posset:
3590 4076 3659 4132 ad
3704 4090 3871 4147 quem

2278 4174 2391 4247 ipse
2417 4175 2597 4230 venire
2622 4173 2969 4245 contempsit,
2997 4173 3106 4229 imo
3134 4188 3247 4229 suae
3285 4187 3463 4228 causae
3482 4168 3716 4237 difﬁsus,
3756 4185 3870 4224 non

2281 4268 2667 4339 praesumpsit;
2700 4277 2752 4323 et
2780 4271 3005 4339 Papam,
3046 4282 3114 4322 ne
3136 4267 3217 4322 vel
3240 4266 3368 4323 illuc
3391 4264 3609 4333 veniret,
3652 4262 3869 4319 fraudu-

2274 4363 2447 4418 lenter
2475 4362 2533 4416 in
2554 4360 2937 4433 Langobardia
2967 4361 3385 4433 praeoccupavit.

2349 4462 2435 4511 79.
2478 4456 2616 4511 Cum
2641 4456 2804 4528 igitur
2850 4456 3120 4527 principes
3160 4456 3334 4527 Regni
3376 4453 3673 4510 terminum
3696 4467 3859 4524 gene-

575 4560 691 4601 non
720 4554 781 4602 ut
798 4560 856 4602 se
893 4544 1246 4618 corrigerent,
1275 4546 1621 4618 repetebant;
1649 4545 1765 4615 sed,
1808 4555 1868 4602 ut
1897 4548 2165 4619 plurimos
2195 4546 2245 4609 D
2275 4550 2371 4605 rali
2419 4549 2635 4606 decreto
2682 4558 2951 4606 statutum
3000 4552 3209 4623 Regem
3257 4546 3664 4621 subterfugisse,
3717 4554 3772 4601 et
3810 4561 3869 4602 se

570 4640 685 4712 jam
716 4639 926 4697 dudum
953 4640 1021 4696 ab
1051 4641 1151 4697 illis
1189 4639 1536 4698 anathemate
1572 4649 1851 4714 separatos
1880 4642 1984 4697 sibi
2014 4658 2162 4699 reso-

574 4732 816 4799 ciarent;
869 4735 1056 4806 sicque
1122 4743 1277 4791 tanto
1330 4735 1610 4807 audacius,
1670 4745 1823 4793 tanto
1873 4736 2164 4805 crudelius,

574 4836 782 4900 quanto
823 4842 953 4882 cum
982 4827 1249 4901 pluribus,
1296 4828 1451 4886 solita
1479 4830 1765 4904 tyrannide
1794 4840 2038 4887 sanctam
2070 4834 2168 4886 Ec-

572 4922 798 4978 clesiam
823 4920 1127 4994 opprimere
1170 4932 1403 4994 possent.
1438 4924 1582 4980 Nam
1609 4924 1797 4981 statim
1828 4933 1951 4997 post
1979 4940 2169 4982 recon-

574 5015 925 5085 ciliationem,
949 5024 1011 5071 ut
1037 5015 1363 5087 praedictum
1394 5026 1498 5087 est,
1536 5018 1606 5074 ad
1637 5018 1929 5090 pristinum
1964 5020 2169 5075 voluta-

570 5110 735 5167 brum
760 5110 957 5179 redire,
987 5109 1081 5165 sed
1105 5117 1155 5164 et
1170 5109 1512 5179 Simoniacis,
1542 5118 1732 5183 utpote
1762 5112 1845 5167 sui
1873 5112 2162 5179 similibus,

569 5213 761 5261 contra
811 5202 1184 5276 Apostolicam
1223 5203 1420 5262 Sedem
1468 5206 1730 5263 assentire
1780 5220 1893 5263 non
1947 5205 2163 5264 dubita-

566 5303 712 5355 runt.

649 5502 1156 5591 (75.131'3)“A_d_alai_a.
1173 5510 1285 5591 sive
1312 5505 1575 5591 ᾼάεὶαξία
1602 5514 1697 5591 aut
1716 5509 1969 5581 Adalaz's,
1997 5505 2166 5573 Olrici

578 5577 900 5659 Magnifredi
948 5580 1280 5659 illarcliionis
1325 5584 1559 5659 Seeusiaz
1605 5584 1737 5659 ﬁlia,
1804 5577 1981 5659 nupta
2022 5604 2165 5643 anno

580 5651 1100 5733 1014,.Hhumberto
1152 5655 1374 5733 Saxoni,
1406 5656 1463 5711 in
1506 5657 1813 5733 Marchioni
1850 5651 2084 5733 Secusia
2113 5668 2167 5733 et

575 5724 1145 5805 (‘ZomitiHSabaudiaen
1167 5725 1610 5805 lilaurianaaqug,
1643 5729 1714 5805 ob
1762 5730 1995 5805 plurima
2044 5731 2165 5787 Sedi

576 5793 953 5877 apostolicae“
973 5795 1240 5877 beneﬁcia
1261 5793 1645 5877 prestitalﬁlia
1679 5801 1733 5856 S.
1762 5793 1908 5877 Petri
1942 5801 2166 5877 dicta,‘e

570 5870 677 5923 vita
723 5870 963 5926 excessit
1007 5883 1151 5925 anno
1184 5873 1345 5939 1080,
1388 5870 1467 5926 uti
1514 5870 1721 5930 indicat
1764 5872 2062 5944 Pignouius
2108 5872 2168 5931 in

2274 4645 2439 4700 etiam
2480 4643 2582 4699 hac
2639 4644 2772 4712 vice,
2811 4643 2969 4700 solita
3019 4644 3137 4717 ejus
3191 4643 3436 4715 perﬁdia,
3488 4641 3705 4697 delusos
3750 4655 3867 4696 esse

2278 4737 2823 4806 animadvertissent;
2865 4753 3098 4810 cumque
3154 4738 3271 4810 ejus
3319 4736 3612 4793 versutiam
3664 4750 3765 4790 nec
3806 4733 3865 4788 in

2276 4833 2389 4904 ipsa
2414 4832 2849 4889 reconciliatione
2904 4831 2986 4887 vel
3030 4839 3216 4903 postea
3262 4846 3523 4902 cessasse,
3568 4826 3868 4885 certissima

2276 4926 2536 4982 relatione
2567 4925 2914 4993 didicissent;
2947 4940 3078 4981 mox
3128 4924 3186 4979 in
3216 4924 3406 4980 Suevia
3441 4922 3584 4995 apud
3615 4922 3867 4989 Ulmam,

2277 5029 2549 5077 conventu
2596 5020 2758 5089 facto,
2791 5020 3245 5087 deliberaverunt;
3301 5035 3371 5075 ne
3418 5034 3476 5074 se
3504 5018 3759 5088 deinceps
3798 5017 3869 5072 ab

2275 5114 2365 5171 illo
2399 5113 2680 5185 ludiﬁcari,
2710 5114 2788 5170 vel
2812 5115 2995 5186 potius
3017 5112 3238 5186 pristina
3265 5113 3381 5186 ejus
3404 5110 3695 5168 calliditate
3721 5109 3872 5181 peri-

2273 5209 2467 5265 cilitari
2520 5210 2920 5282 permitterent;
2976 5207 3072 5265 sed
3111 5221 3225 5265 suae
3272 5208 3455 5274 saluti,
3510 5206 3567 5261 in
3638 5202 3869 5276 legitimi

2273 5303 2535 5375 Principis
2576 5303 2856 5371 electione,
2900 5301 3267 5374 providerent.
3332 5304 3398 5357 In
3450 5298 3648 5356 eodem
3681 5304 3869 5354 autem

2273 5518 2524 5588 Augusta
2551 5508 2937 5574 Taurinorum.
3148 5577 3156 5588 ι
3222 5508 3237 5523 ⁶
3291 5577 3298 5588 λ
3360 5572 3365 5588 ,
3521 5582 3535 5588 ,
3648 5573 3659 5583 ,

2341 5572 2463 5658 (ibi
2501 5572 2734 5645 Additur
2766 5572 2841 5644 in
2876 5596 3067 5659 nostro
3107 5577 3213 5643 Ms.
3262 5572 3461 5642 Actum
3510 5582 3565 5642 5.
3612 5573 3733 5643 Kal.
3770 5572 3867 5641 Fe-

2276 5660 2507 5725 bruarii,
2537 5660 2829 5716 indictione
2869 5664 2953 5715 15.

2343 5735 2453 5798 (77)
2507 5733 2798 5799 Modoetia,
2846 5738 2912 5787 10
2954 5728 3277 5787 milliaribus
3312 5726 3857 5799 Médiolanodistat;

2272 5800 2380 5884 ubi.
2406 5802 2569 5860 etiam
2616 5797 2976 5876 Imperatores
3022 5801 3268 5859 solebant
3312 5804 3584 5860 Coronam
3624 5797 3861 5856 ferream

2269 5889 2531 5947 accnpere.
