4138 6190
227 258 288 311 81
1225 236 1754 309 PROLEGOMENA.
1795 282 1862 293 -
1900 251 2075 310 ACTA
2114 251 2166 309 s.
2211 249 2553 308 GREGORII.
3478 254 3545 307 82

228 380 521 435 Conventu
582 374 729 447 apud
784 374 1046 441 Ulmam,
1109 375 1407 447 generalius
1504 375 1850 449 Colloquium
1876 381 1928 445 Α
1956 379 2225 435 Romana
2270 377 2527 435 Ecclesiae
2569 374 2865 433 Cardinalis
2892 376 3207 443 Diaconus;
3237 374 3368 430 item
3416 374 3550 431 alter

228 471 297 529 ad
334 470 443 540 (78)
476 468 797 528 Porecbeim
834 473 868 525 4
896 468 1024 526 ldus
1046 469 1257 540 Martii,
1286 470 1355 526 ad
1382 470 1508 526 novi
1542 471 1708 544 Regis
1735 471 1840 526 ele-

231 566 473 622 ctionem
502 562 864 619 condixerunt
894 580 909 619 :
940 563 1010 619 ad
1051 563 1199 636 quod
1237 564 1397 619 etiam
1427 564 1649 620 Domini
1695 566 1843 637 Apo-

230 658 410 715 stolici
444 657 736 714 consilium
765 663 821 712 et
844 656 1105 713 auxilium
1135 657 1234 713 sibi
1262 657 1442 714 venire
1465 699 1479 725 ,
1508 658 1671 714 missa
1699 659 1845 730 lega-

235 753 411 817 tione,
437 751 863 824 postulaverunt.
896 752 1019 821 Quo
1051 751 1237 807 audito
1258 794 1274 821 ,
1310 753 1451 823 Papa
1480 751 1548 808 ad
1579 751 1633 807 id
1669 752 1842 808 collo-

236 847 437 920 quium
473 847 705 917 Legatos
751 843 981 909 direxit,
1024 844 1115 916 qui
1146 845 1424 917 Principes
1467 854 1757 917 rogarent,
1784 855 1846 902 ut

232 940 646 1012 dispositionem
681 939 856 1011 Regni
898 952 1067 1009 usque
1097 939 1150 993 in
1190 939 1482 995 adventum
1508 940 1626 1012 ejus
1662 939 1847 996 differ-

234 1042 396 1101 rent,
437 1033 485 1089 si
542 1032 647 1088 boc
695 1032 810 1087 sine
859 1031 1096 1104 periculo
1159 1031 1275 1088 ﬁeri
1322 1047 1480 1105 posse
1541 1042 1843 1105 sperarent.

231 1128 430 1185 Noluit
474 1142 606 1182 sane
648 1126 724 1182 eis
752 1125 858 1181 hoc
901 1141 964 1181 ex
1007 1124 1235 1181 deﬁnito
1274 1126 1597 1198 praecipere,
1638 1143 1705 1182 ne
1747 1127 1845 1183 sibi

226 1222 351 1295 jure
380 1220 637 1293 imputari
665 1228 868 1292 posset,
900 1220 943 1274 si
973 1219 1120 1292 quod
1149 1219 1449 1292 periculum
1479 1228 1654 1276 status
1673 1220 1844 1293 Regni

235 1332 301 1371 ex
343 1315 434 1369 illa
482 1314 738 1370 dilatione
772 1313 1103 1370 incurrisset.
1150 1313 1336 1369 Altera
1374 1321 1557 1370 autem
1597 1313 1682 1369 die
1722 1322 1846 1385 post

232 1408 608 1465 dimissionem
641 1407 963 1479 legatorum,
994 1406 1348 1480 Manegoldus
1372 1408 1592 1475 Comes,
1616 1423 1843 1481 magnus

230 1510 448 1558 amator
492 1501 759 1567 veritatis,
803 1499 1046 1569 advenit;
1079 1500 1235 1573 cujus
1283 1500 1543 1556 relatione
1585 1503 1728 1574 Papa
1775 1502 1841 1558 de

227 1611 374 1653 novo
411 1598 568 1667 Rege
595 1595 973 1651 constituendo
1000 1594 1196 1652 certior
1223 1594 1396 1650 factus
1415 1638 1430 1661 ,
1476 1595 1640 1650 alium
1670 1598 1840 1667 Lega-

227 1699 374 1757 tum,
423 1690 757 1761 Gregorium
797 1688 995 1745 scilicet
1042 1691 1312 1745 Romanm
1351 1688 1605 1747 Ecclesiae
1648 1689 1841 1745 Diaco-

1951 470 2297 528 Bernhardus
2329 473 2461 541 (80),
2493 470 2676 526 Abbas
2712 470 2996 542 religiosus
3016 469 3098 526 ‘de
3124 468 3366 525 Massilia
3386 509 3402 537 ,
3434 465 3550 523 fere
3628 492 3629 495 η

1953 573 2328 623 sexcentorum
2368 564 2771 621 monachorum
2812 566 2988 633 Pater,
3032 563 3123 636 qui
3167 563 3335 619 etiam
3361 577 3549 618 secum

1956 659 2112 716 duxit
2150 658 2423 732 egregium
2471 658 2771 714 DoctOrem
2810 658 3123 729 quemdam,
3178 658 3396 713 nomine
3439 656 3548 725 (81)

1954 752 2343 822 Christianum,
2367 752 2719 824 postmodum
2750 755 3037 807 Aversanee
3065 751 3295 806 civitatis
3324 750 3549 820 Episco-

1956 863 2110 919 pum.
2140 846 2306 918 Cujus
2334 862 2472 918 opus
2501 853 2647 902 extat
2674 844 2930 901 eximium
2960 852 3146 899 contra
3174 847 3549 899 Turonensem

1954 941 2364 1013 Berengarium.

2026 1041 2115 1090 81.
2165 1037 2291 1091 Non
2321 1034 2601 1107 indignum
2642 1034 2855 1091 videtur
2892 1033 2997 1090 hoc
3034 1034 3088 1089 in
3119 1034 3236 1090 loco
3283 1035 3550 1107 paulisper

1955 1128 2220 1185 orationis
2261 1145 2482 1185 cursum
2520 1136 2819 1196 retentare,
2862 1137 2915 1185 et
2943 1144 3105 1199 quam
3150 1128 3362 1183 ﬁdelem
3398 1134 3550 1199 Apo—

1951 1223 2159 1280 stolica:
2199 1222 2553 1279 institutionis
2597 1230 2917 1278 sectatorem
2961 1232 3016 1278 et
3044 1230 3454 1294 propagatorem
3497 1222 3551 1277 in

1955 1316 2167 1373 Comite
2210 1316 2539 1389 Manegoldo
2572 1332 2683 1372 non
2731 1317 2897 1372 semel
2939 1324 3370 1371 commemorato
3405 1316 3548 1370 Gre-

1955 1411 2139 1484 gorius
2167 1420 2354 1468 noster
2382 1410 2654 1479 habuerit,
2681 1410 2969 1466 declarare.
3006 1410 3109 1467 Hic
3148 1410 3292 1465 enim
3340 1425 3403 1465 ex
3452 1424 3548 1480 ge-

1950 1520 2141 1561 nerosa
2168 1512 2220 1560 et
2244 1504 2493 1576 religiosa
2525 1509 2635 1571 (82)
2665 1506 2727 1559 B.
2754 1504 2999 1559 Udalrici
3025 1504 3388 1575 Augustensis
3417 1503 3549 1573 Epi—

1948 1600 2096 1671 scopi
2117 1598 2425 1671 genealogia
2455 1606 2795 1670 procreatus,
2821 1606 2875 1653 et
2902 1614 2929 1651 a
2964 1596 3357 1669 sapientissimo
3386 1595 3550 1651 fratre

1948 1709 2070 1758 suo,
2102 1692 2439 1748 Herimanno
2471 1692 2719 1747 videlicet
2747 1694 3061 1757 Contracto,
3092 1691 3147 1745 in
3178 1690 3326 1746 omni
3355 1688 3545 1744 obser-

226 1799 385 1849 num,
420 1783 493 1838 ad
524 1783 803 1854 Principes
843 1784 1021 1855 Regni
1060 1781 1343 1839 destinavit
1377 1803 1388 1839 :
1423 1772 1670 1855 qui,.éos
1697 1788 1846 1855 Apo—
1878 1754 1924 1816 Β
1948 1754 2128 1842 vantia
2155 1786 2476 1841 Christianae
2501 1785 2780 1856 religionis
2824 1785 2894 1840 ad
2926 1754 3166 1857 unguem
3196 1783 3545 1849 informatus,

228 1877 425 1934 stolica
486 1877 808 1932 auctoritate
848 1876 1140 1933 adventum
1183 1876 1298 1947 ejus
1346 1877 1652 1947 praestolari
1693 1893 1842 1933 com-

227 1970 457 2044 pelleret
492 1991 505 2027 :
539 1986 609 2025 eo
637 1978 821 2026 tamen
849 1970 1101 2042 primitus
1130 1971 1414 2041 explorato
1439 2013 1452 2037 ,
1486 1971 1530 2027 si
1568 1975 1720 2039 Rex,
1753 1974 1848 2043 qui

227 2064 409 2121 adhuc
436 2063 495 2118 in
531 2063 916 2134 Longobardia
946 2064 1285 2132 morabatur,
1323 2063 1390 2119 ab
1416 2064 1610 2120 eodem
1639 2065 1842 2137 Legato

227 2167 577 2226 conventus,
630 2157 977 2213 securitatem
1024 2155 1201 2213 facere
1253 2158 1451 2227 vellet,
1510 2166 1573 2214 ut
1617 2158 1841 2216 domino

226 2256 392 2324 Papa:
428 2251 724 2308 transitum
768 2250 837 2307 ad
886 2251 1210 2307 Teutonicas
1265 2261 1480 2323 partes,
1524 2268 1622 2324 pro
1674 2252 1842 2324 ipsius

228 2364 396 2403 causa
427 2344 862 2409 determinanda,
895 2344 1236 2401 concederet.
1268 2345 1427 2414 Quod
1457 2346 1500 2401 si
1526 2349 1644 2402 Rex
1673 2347 1843 2403 nollet

228 2440 567 2505 concedere,
599 2438 855 2511 praecepit
880 2440 1025 2511 Papa
1073 2446 1135 2494 ut
1161 2440 1400 2512 Legatus
1423 2438 1491 2495 ad
1520 2455 1576 2496 se
1604 2440 1804 2496 rediret
1822 2483 1836 2508 ,

227 2552 331 2592 nec
386 2534 663 2605 Principes
708 2548 833 2588 cum
894 2532 1070 2603 aliqua
1117 2532 1373 2589 dilatione
1428 2550 1460 2589 a
1512 2534 1839 2605 providenda

228 2629 408 2701 Regni
458 2628 781 2684 necessitate
826 2626 1193 2699 suspenderet.
1242 2629 1380 2682 Item
1411 2627 1587 2683 eidem
1632 2630 1838 2699 Legato

228 2721 523 2795 praefatam
571 2721 895 2795 legationem
952 2720 1235 2792 imponens
1286 2724 1457 2792 Papa,
1512 2721 1647 2776 dixit
1700 2722 1838 2777 inter

230 2816 332 2872 alia
382 2837 397 2873 :
446 2831 508 2871 se
545 2815 700 2887 quasi
750 2829 850 2886 pro
896 2813 1093 2869 indicio
1135 2813 1449 2885 hujusmodi
1492 2814 1839 2871 securitatem

228 2910 505 2982 exegisse,
536 2908 690 2980 cujus
712 2950 729 2975 ,
756 2908 1008 2981 inquam,
1041 2906 1345 2963 securitatis
1380 2905 1636 2963 exhibitio
1682 2908 1834 2964 illum

229 3005 284 3060 in
314 3006 576 3075 Regnum
622 3002 830 3057 restitui
875 3016 1030 3073 posse
1072 3000 1382 3073 praesagiret
1425 3021 1438 3058 :
1480 3000 1657 3069 sicuti,
1697 3002 1836 3073 ejus—

1953 1880 2105 1953 virgo
2144 1879 2407 1952 virginem
2448 1879 2670 1934 sortitus
2712 1887 2793 1934 est
2830 1893 3095 1946 uxorem;
3134 1877 3381 1949 duosque
3412 1876 3549 1931 ﬁlios

1951 1991 2012 2032 ex
2043 1990 2103 2030 ea
2130 1981 2414 2046 generatos
2441 1975 2496 2028 in
2531 1980 2678 2029 tanta
2706 1973 2982 2045 disciplina
3024 1987 3196 2044 usque
3224 1971 3291 2027 ad
3331 1971 3545 2042 juveni-

1952 2069 2056 2125 lem
2089 2077 2308 2125 aetatem
2333 2067 2609 2134 educavit,
2632 2075 2693 2122 ut
2720 2067 2952 2122 alterum
2986 2082 3177 2122 eorum
3207 2065 3273 2120 ad
3312 2064 3545 2120 similem

1950 2162 2363 2234 monogamiam
2414 2160 2711 2234 perducens
2756 2160 3016 2216 heredem
3057 2160 3140 2215 sui
3182 2158 3547 2230 relinqueret;

1947 2257 2205 2323 alterum,
2234 2255 2289 2310 in
2317 2254 2574 2313 caelibatu
2605 2254 2847 2310 occisum
2866 2297 2880 2322 ,
2912 2254 3027 2309 imo
3053 2253 3219 2325 ipsius
3256 2252 3545 2307 occisionis

1948 2350 2064 2423 ejus
2089 2349 2269 2421 (diem)
2314 2349 2479 2421 longo
2524 2348 2771 2404 locorum
2818 2347 3099 2402 intervallo
3145 2354 3415 2414 remotus,
3457 2361 3548 2416 per

1947 2443 2199 2515 Spiritum
2238 2442 2553 2498 mirabiliter
2595 2457 2917 2514 agnoscens,
2949 2441 3106 2497 ﬁeret
3146 2447 3201 2496 et
3243 2439 3535 2513 gauderet;

1944 2537 2090 2594 ﬂevit
2133 2536 2283 2593 enim
2323 2544 2544 2609 propter
2576 2536 2930 2592 acerbitatem
2978 2535 3269 2607 inopinatze
3309 2533 3540 2597 mortis,

1947 2639 2003 2688 et
2038 2631 2254 2703 gavisus
2286 2639 2368 2686 est
2412 2638 2631 2702 propter
2674 2628 3060 2701 impunitatem
3103 2627 3544 2683 incontaminatze

1938 2724 2255 2797 juventutis.
2285 2725 2403 2779 Hoc
2441 2730 2626 2777 autem
2664 2723 2907 2777 maxime
2952 2721 3288 2777 castiﬁcabat
3318 2720 3543 2787 liberos,

1947 2817 2095 2888 quod
2135 2832 2293 2872 verax
2340 2823 2490 2887 pater
2529 2814 2967 2871 comminabatur
3014 2814 3089 2869 eis
3134 2813 3545 2870 exhereditatio-

1945 2925 2093 2979 nem,
2129 2910 2173 2965 si
2201 2924 2391 2982 quam,
2423 2917 2620 2980 praeter
2643 2908 2936 2981 legitimam
2962 2907 3236 2980 copulam,
3268 2922 3396 2962 cum
3425 2922 3545 2962 mu-

1945 3003 2167 3060 lieribus
2208 3010 2542 3075 perpetrasse
2586 3002 2966 3076 detegerentur
3022 3000 3540 3073 coinquinationem.

226 3097 358 3153 dem
405 3096 710 3152 securitatis
745 3095 1051 3168 denegatio,
1093 3093 1198 3151 hoc
1226 3108 1353 3150 eum
1391 3109 1504 3151 non
1542 3110 1727 3167 posse,
1772 3112 1837 3152 ex
1872 3122 1916 3188 ρ
1944 3097 2040 3154 Vir
2079 3097 2242 3169 igitur
2269 3096 2758 3153 Christianissimus
2781 3138 2796 3165 ,
2827 3111 2952 3153 cum
2980 3098 3046 3151 B.
3079 3094 3408 3166 Gregorium
3442 3094 3546 3155 Pa-

225 3189 417 3249 divino
441 3189 642 3246 indicio
672 3188 974 3246 denotaret.

300 3290 393 3339 80.
425 3286 579 3340 inter
606 3283 726 3340 haec
753 3282 917 3339 verba
953 3284 1114 3354 Papa:
1145 3290 1257 3339 tres
1285 3282 1434 3355 digiti
1462 3283 1579 3355 ejus
1607 3282 1833 3350 dextrae,

224 3393 407 3451 usque
467 3376 535 3432 ad
579 3377 819 3433 medium
846 3420 861 3446 ,
903 3384 1126 3449 repente
1175 3376 1452 3448 sanguinei
1512 3391 1836 3448 apparuere;

224 3488 374 3545 quos
444 3472 705 3543 sanguine
775 3485 839 3526 ex
892 3471 1114 3526 naribus
1177 3470 1482 3542 proﬂuente
1539 3470 1840 3526 maculatos

223 3566 571 3630 existimans,
594 3564 876 3638 detergere
900 3565 1064 3638 coepit
1093 3585 1106 3621 :
1139 3564 1233 3620 sed
1263 3579 1355 3620 eos
1383 3563 1687 3636 sanguineis
1700 3564 1841 3620 notis

218 3660 544 3716 nullatenus
587 3659 890 3715 emaculare
956 3658 1149 3730 potuit.
1203 3657 1342 3713 Hinc
1399 3657 1512 3729 ipse
1559 3665 1615 3714 et
1651 3657 1845 3731 reliqui

219 3754 541 3825 sapientes,
592 3753 684 3824 qui
726 3752 833 3807 hoc
896 3753 1219 3808 miraculum
1273 3760 1700 3824 conspexerunt;
1748 3752 1842 3807 ali-

221 3848 362 3918 quid
394 3846 574 3919 magni
611 3862 707 3918 per
738 3846 857 3903 hzec
896 3846 1046 3917 signa
1077 3844 1326 3917 portendi
1367 3861 1478 3901 non
1504 3844 1837 3902 dubitarunt.

222 3945 411 3999 Erant
432 3948 613 3995 autem
628 3940 700 3995 ibi
729 3948 862 3995 tunc
884 3947 1183 4011 praesentes
1207 3940 1631 4017 praenominatus
1645 3940 1842 3995 Comes

222 4033 631 4107 Manegoldus,
676 4042 730 4089 et
768 4033 1083 4089 venerabilis
1127 4033 1414 4105 Presbyter
1460 4032 1841 4102 Erkinbertus,

221 4145 356 4184 eum
386 4128 509 4182 aliis
532 4142 695 4198 quam
731 4127 977 4199 pluribus
1004 4127 1059 4182 in
1089 4127 1288 4199 oppido
1317 4125 1530 4182 Canusii
1568 4125 1625 4181 in
1672 4126 1843 4197 capite

221 4221 455 4293 Jejunii,
494 4220 644 4293 quod
687 4237 751 4277 eo
781 4236 925 4277 anno
954 4220 1176 4292 contigit
1215 4220 1325 4291 (79)
1370 4220 1424 4274 in
1471 4218 1598 4294 Kal.
1639 4219 1840 4274 Martii.

224 4318 499 4387 Percepta
531 4315 693 4386 igitur
723 4314 987 4387 legatione
1007 4356 1022 4381 ,
1049 4314 1232 4369 statim
1271 4316 1505 4386 Legatus
1538 4311 1605 4368 ad
1635 4316 1841 4385 Regem

224 4408 568 4482 properavit,
611 4423 738 4463 cum
772 4407 1032 4480 praedicto
1075 4407 1289 4463 Comite
1321 4426 1333 4462 :
1367 4407 1463 4462 sed
1488 4410 1604 4462 Rex
1635 4406 1837 4462 securi-

1944 3207 2071 3264 pam
2117 3190 2287 3245 nimio
2330 3189 2529 3246 affectu
2558 3197 2779 3262 propter
2818 3188 3236 3262 justiﬁcationes
3273 3186 3388 3259 ejus
3430 3185 3547 3242 dili—

1946 3292 2114 3359 geret,
2146 3299 2381 3356 eumque
2410 3284 2605 3355 saepius
2634 3291 2855 3355 propter
2883 3282 3116 3338 alternas
3144 3296 3372 3337 morum
3401 3280 3549 3334 simi-

1950 3377 2205 3434 litudines
2244 3376 2537 3443 inviseret;
2564 3376 2799 3448 quadam
2846 3376 2983 3443 vice,
3028 3374 3085 3430 in
3110 3382 3319 3429 tantam
3350 3375 3547 3445 Roma

1947 3471 2157 3543 positus
2183 3468 2554 3525 inﬁrmitatem
2600 3468 2802 3536 inadit‘,
2833 3475 2892 3524 ut
2920 3468 3010 3539 qui
3040 3474 3333 3540 praesentes
3369 3474 3545 3535 erant,

1949 3565 2113 3620 vitam
2136 3563 2251 3637 ejus
2275 3563 2642 3635 desperarent.
2674 3563 2923 3634 Cumque
2967 3562 3134 3618 tristis
3159 3560 3387 3617 nuntius
3428 3563 3543 3615 Do-

1950 3659 2098 3715 mino
2142 3662 2303 3729 Papae
2345 3657 2600 3724 venisset,
2646 3656 2803 3712 valde
2844 3654 3161 3725 condolens,
3203 3654 3434 3711 festinus
3476 3653 3546 3710 ad

1950 3768 2077 3808 eum
2102 3752 2272 3819 venit;
2318 3759 2374 3807 et
2402 3750 2695 3823 pauxillum
2723 3749 2874 3822 panis
2900 3750 2953 3805 in
2995 3749 3265 3823 scyphum
3306 3746 3545 3805 confrin-

1950 3860 2112 3918 gens,
2142 3861 2403 3917 meroque
2440 3842 2805 3917 perfundens,
2836 3859 2983 3916 agro
3033 3860 3132 3915 pro
3173 3840 3547 3899 benedictione

1951 3938 2214 4011 porrexit.
2246 3938 2454 4005 Atille,
2504 3937 2752 4009 protinus
2793 3944 2853 3993 ut
2878 3937 3131 4009 gustavit,
3180 3936 3386 4007 recepit
3432 3951 3546 3991 non

1918 4033 2127 4088 \solum
2184 4031 2599 4087 delectationem
2638 4029 2998 4098 comedendi,
3038 4029 3134 4087 sed
3182 4037 3237 4086 et
3286 4028 3544 4085 virtutem

1951 4141 2077 4182 cum
2120 4126 2486 4181 incolumitate
2532 4124 2600 4181 de
2636 4126 2777 4180 lecto
2816 4123 3090 4197 surgendi.
3136 4122 3263 4193 Qui,
3303 4138 3431 4179 cum
3476 4122 3545 4178 ad

1950 4219 2166 4291 propria
2193 4227 2498 4287 remearet,
2526 4227 2582 4275 et
2604 4217 2912 4290 Apostolica
2942 4224 3169 4284 statuta,
3194 4216 3434 4272 maxime
3476 4215 3545 4271 de

1952 4312 2183 4369 vitandis
2229 4312 2440 4369 Ofﬁciis
2497 4311 2953 4368 incontinentium
3000 4311 3382 4377 Sacerdotem,
3430 4325 3545 4365 non

1950 4407 2182 4480 segniter
2210 4407 2408 4479 ubique
2436 4406 2757 4477 divulgaret,
2801 4413 2853 4460 et
2882 4405 2936 4459 in
2963 4404 3184 4460 Clericis
3228 4412 3390 4475 atque
3436 4405 3544 4457 Ec-

224 4512 434 4567 tatem,
469 4516 640 4574 quam
687 4503 830 4573 Papa
885 4500 1225 4574 postulabat,
1258 4499 1439 4557 facere
1469 4501 1830 4579 contempsit:
1864 4495 1915 4557 D
1945 4499 2119 4556 clesiis
2180 4499 2249 4555 ad
2292 4516 2350 4556 se
2402 4500 2705 4571 Specialiter
2765 4498 3157 4570 pertinentibus
3227 4495 3543 4567 hujusmodi

223 4596 381 4653 unde
406 4604 465 4650 et
492 4595 579 4649 ille
606 4596 847 4667 Legatus
872 4594 941 4652 ad
973 4594 1358 4665 Apostolicum
1387 4594 1563 4650 redire
1586 4610 1699 4649 non
1732 4602 1837 4649 tar-

224 4691 403 4745 davit.
433 4692 509 4744 At
541 4689 739 4745 Comes
775 4689 843 4744 ad
872 4691 1186 4760 proximum
1234 4687 1681 4744 Forecbeimense
1716 4688 1835 4743 Col-

224 4785 486 4856 loquium
539 4782 719 4837 venire
765 4783 1108 4849 acceleravit;
1147 4796 1256 4854 quo
1304 4790 1358 4837 et
1400 4781 1606 4852 priores
1652 4781 1839 4854 Legati

227 4878 345 4952 jam
387 4884 786 4949 pervenerant,
831 4877 922 4946 qui
954 4892 1063 4932 una
1100 4883 1314 4931 tantum
1362 4875 1472 4943 die,
1519 4875 1837 4948 priusquam

228 4970 500 5043 praiatus
557 4968 887 5040 (discederet)
935 4972 1164 5036 Comes,
1212 4969 1279 5024 ab
1331 4969 1644 5039 Apostolico
1694 4969 1842 5025 missi

230 5065 475 5122 fuerant.
502 5063 575 5149 Hi
604 5071 790 5121 autem
815 5071 970 5120 erant
995 5064 1182 5136 Legati
1208 5082 1220 5119 :
1256 5062 1622 5128 Bernhardus,
1646 5069 1847 5119 sanctae

322 5246 435 5311 (18}
485 5245 784 5307 Forcheim,
826 5242 1254 5299 munitissimum
1306 5242 1567 5315 oppidum
1627 5240 1849 5314 Episco-

231 5315 822 5445 Egregiumbergensis,
876 5314 1023 5370 inter
1092 5314 1454 5387 Bambergam
1516 5323 1571 5370 et
1628 5314 1848 5371 Norim-

315 5404 543 5530 ξ’ξὲῧῇ
577 5457 741 5514 fuisse
763 5446 1055 5515 conﬁrmat
1089 5458 1310 5527 Pascha,
1347 5457 1471 5515 dein
1509 5457 1845 5514 celebratum

238 5536 316 5613 1G
344 5532 570 5617 Apprilis,
600 5531 754 5602 cyclo
795 5534 969 5588 Luna:
1005 5537 1091 5601 14,
1137 5531 1281 5587 Solis
1310 5537 1410 5595 22,
1443 5531 1620 5586 littera
1648 5530 1845 5585 Domi-
1877 5610 1883 5617 Ι

232 5604 411 5660 nicali
440 5608 513 5658 Δ.

320 5675 435 5743 (80)
483 5676 568 5730 De
610 5680 841 5746 utroque
882 5675 1167 5733 Bernardo
1212 5689 1375 5745 supra
1413 5682 1598 5731 actum
1642 5688 1763 5746 cap.
1798 5679 1852 5729 6.

236 5748 309 5801 In
364 5754 559 5802 nostro
612 5747 719 5801 Ms.
768 5746 955 5804 dicitur
1032 5749 1151 5807 Udo
1206 5748 1532 5803 Trevirensz's
1572 5763 1681 5807 una
1731 5746 1860 5799 mis-

237 5832 362 5872 sus.

1944 4593 2379 4651 abominationes
2425 4594 2657 4649 minime
2717 4593 3005 4659 toleraret;
3054 4607 3193 4647 uxor
3256 4589 3541 4663 cujusdam

1946 4687 2248 4760 Presbyteri
2271 4687 2372 4743 sub
2397 4686 2511 4759 ejus
2543 4685 2745 4742 ditione
2775 4685 2953 4757 positi,
2996 4685 3297 4757 malignans
3322 4692 3543 4756 propter

1947 4781 2356 4853 separationem‘
2382 4779 2586 4846 mariti,
2631 4780 2738 4835 hoc
2776 4779 3130 4835 familiaribus
3171 4779 3281 4834 suis
3317 4778 3545 4833 audien-

1952 4876 2097 4932 tibus
2125 4890 2183 4930 se
2211 4873 2521 4930 minabatur
2552 4872 2892 4941 effecturam,
2921 4882 2982 4929 ut
3002 4873 3214 4945 qualem
3244 4871 3545 4927 molestiam

1955 4969 2065 5040 ipsa
2096 4968 2383 5024 sustineret
2422 4967 2476 5023 in
2518 4968 2852 5040 separatione
2876 4966 3118 5039 conjugis
3145 4965 3258 5033 sui,
3286 4966 3453 5021 talem
3492 4974 3547 5021 et

1954 5065 2156 5121 Comes
2207 5061 2495 5118 sustineret
2558 5061 2613 5118 in
2688 5061 3047 5133 disjunctione
3103 5059 3348 5133 conjugis
3410 5074 3543 5115 suae.

2030 5248 2140 5311 (81)
2170 5245 2289 5298 Imo
2319 5240 2542 5297 nomine
2574 5241 2969 5299 Guismundum
2998 5256 3092 5295 seu
3132 5239 3546 5302 Guitmundum,

1956 5316 2050 5387 qui
2082 5316 2242 5387 etiam
2270 5314 2487 5387 Gallus,
2507 5322 2560 5369 et
2588 5312 2891 5369 monachus
2928 5311 3149 5387 Lofredi
3176 5312 3232 5387 _i_n
3272 5313 3548 5387 _Norman-

1955 5382 2041 5441 nia
2084 5383 2285 5441 fuerat.
2336 5385 2468 5455 Ejus
2514 5401 2676 5455 opera
2722 5390 2931 5438 exstant
2974 5384 3028 5438 in
3062 5382 3402 5455 Bibliotheca
3448 5386 3547 5455 Pa-

1956 5465 2126 5512 trum.
2187 5454 2422 5513 Consule
2451 5454 2839 5512 Bellarminum
2865 5455 2932 5511 de
2958 5454 3321 5526 Scriptoribus
3367 5454 3551 5508 Eccle-

1956 5528 2198 5585 siasticis.

2034 5605 2142 5665 (82)
2189 5601 2246 5657 S.
2304 5600 2590 5656 Udalricus
2630 5599 2824 5657 colitur
2878 5602 2911 5654 4
2975 5597 3126 5663 Julii,
3178 5595 3392 5669 quando
3432 5593 3553 5669 haec

1962 5664 2228 5744 poterunt
2274 5671 2487 5744 discuti.
2553 5672 2780 5744 Interim
2837 5664 3552 5744 inspiciatur'genealogis.

1965 5734 2129 5813 quam
2167 5742 2233 5797 ad
2277 5742 2483 5816 calcem
2514 5742 2655 5816 Vitae
2700 5743 2895 5816 adjecit
2923 5734 3228 5807 "Velferus,‘
3243 5739 3295 5791 in
3321 5734 3555 5789 editione

1969 5818 2290 5887 Augustana
2314 5813 2439 5869 anni
2473 5814 2627 5868 1595.
