4122 6180
564 330 631 383 33
1799 338 1854 393 S.
1895 338 2274 398 GREGORIUS
2314 340 2401 397 VII
2442 340 2634 398 PAPA.
3772 335 3862 391 ‘84

568 453 746 523 Dixit,
774 462 829 511 et
851 456 1018 513 eheu!
1044 457 1389 530 permittente
1411 462 1546 525 Deo,
1577 466 1688 516 tam
1718 463 2009 533 pessimum
2033 464 2157 522 faci—
2187 473 2234 533 Α
2336 472 2426 523 84.
2460 468 2522 520 In
2547 464 2845 520 crastinum
2885 477 3014 518 vero
3043 463 3242 518 iterum
3284 459 3353 516 ad
3378 459 3607 532 hOSpitia
3654 461 3862 531 Legato

571 564 676 604 nus
731 549 784 604 in
832 550 1111 606 dominam
1174 552 1393 623 peregit.
1437 555 1575 608 Nam
1628 554 1968 614 delectabiles
2015 560 2167 615 cibos

573 658 779 698 veneno
824 644 1055 699 infectos
1100 645 1323 715 obtulit,
1378 663 1608 720 eamque
1649 650 1779 706 nihil
1825 653 1951 708 mali
1989 654 2163 725 suspi-

573 747 787 792 cantem
811 737 1059 791 simulata
1102 737 1430 810 benignitate
1478 742 1709 815 decepit.
1753 745 1924 816 Igitur
1972 750 2167 804 Comes

572 831 872 902 religiosus,
916 830 1094 886 adhuc
1125 832 1179 887 in
1209 835 1433 890 robusta
1471 846 1631 892 aetate
1678 839 1949 908 viduatus,
2001 842 2167 899 nullis

573 939 796 978 suorum
825 923 1290 983 adhortationibus
1330 929 1398 985 ad
1427 931 1723 987 secundam
1752 936 2003 1005 c0pu|am
2044 953 2165 1007 per-

570 1018 780 1072 moveri
810 1019 1017 1090 potuit;
1047 1020 1251 1090 dicens,
1277 1024 1377 1079 sibi
1409 1025 1721 1096 pudendum
1747 1036 1801 1083 et
1830 1028 2166 1086 horrendum

578 1111 771 1180 videri,
802 1114 845 1167 si
889 1130 1014 1169 cum
1066 1115 1276 1172 duabus
1301 1120 1573 1175 uxoribus
1621 1137 1977 1191 processurus
2030 1134 2170 1181 esset

576 1215 699 1261 ante
725 1206 955 1263 tribunal
985 1209 1181 1264 Christi
1216 1211 1270 1265 in
1296 1212 1381 1267 die
1402 1214 1613 1285 judicii.
1643 1218 1703 1271 In
1735 1225 1952 1273 tantum
1982 1230 2166 1275 autem

576 1298 807 1372 profecit
831 1317 926 1372 per
950 1302 1202 1360 devotam
1242 1304 1610 1363 obedientiam
1644 1313 1803 1382 Papae
1832 1314 1997 1369 nostri
2033 1315 2168 1369 Gre-

579 1394 735 1465 gorii,
764 1403 824 1449 ut
847 1405 971 1450 ante
1018 1397 1184 1452 ﬁnem
1227 1414 1407 1469 suum,
1456 1418 1623 1473 quem
1670 1420 1832 1461 senex
1881 1416 1935 1463 et
1981 1409 2170 1479 plenus

579 1487 789 1543 dierum
814 1490 1016 1562 attigit,
1048 1492 1366 1562 quibusdam
1392 1496 1655 1553 virtutum
1685 1500 1848 1571 signis
1882 1500 2164 1572 effulserit,

580 1590 636 1637 et
660 1583 973 1654 prophetiae,
1004 1586 1463 1656 quemadmodum
1493 1590 1545 1645 in
1566 1592 1830 1649 occisione
1858 1594 1947 1651 ﬁlii
1980 1597 2167 1667 patuit,

582 1675 770 1745 (dono)
793 1679 1168 1735 venerabiliter
1192 1682 1443 1738 claruerit
1474 1689 1601 1750 (83).

654 1778 744 1826 82.
795 1774 935 1829 Huic
987 1774 1158 1830 beatae
1189 1777 1573 1835 recordationis
1613 1782 1809 1836 Comiti
1849 1800 1960 1839 non
1990 1785 2171 1841 incon-

2268 576 2390 616 rum
2419 558 2819 623 convenientes,
2867 573 2964 628 pro
3006 573 3102 613 sua
3147 556 3463 611 necessitate
3508 554 3861 622 sublevanda,

2272 670 2367 711 eos
2391 653 2816 718 consuluerunt;
2856 658 3207 722 suggerentes
3237 650 3312 704 eis
3346 647 3862 721 periculosissimum

2273 757 2326 803 et
2351 746 2695 803 irrevocabile
2720 745 2951 800 schisma
2988 745 3044 799 in
3072 752 3193 799 toto
3224 748 3417 815 Regno
3458 741 3725 809 futurum,
3763 741 3866 801 nisi

2272 843 2328 897 in
2355 842 2547 898 eodem
2597 842 2900 907 Conventu,
2938 848 3001 894 ut
3041 838 3492 904 deliberaverant,
3540 837 3595 891 in
3642 836 3866 908 alicujus

2273 937 2399 992 novi
2439 935 2628 1007 capitis
2666 934 3039 990 sublevatione
3076 931 3462 999 confoederati,
3508 930 3636 986 illud
3680 930 3866 985 antici-

2276 1046 2404 1104 pare
2443 1030 2734 1085 festinaret.
2778 1026 2966 1100 Legati
3021 1034 3201 1081 autem
3258 1025 3540 1098 legationis
3595 1040 3708 1081 suae
3756 1040 3867 1079 non

2270 1125 2629 1180 immemores
2654 1166 2667 1189 ,
2712 1122 2844 1178 satis
2879 1119 3263 1191 compendiose
3292 1120 3361 1176 ad
3406 1119 3525 1175 haec
3570 1118 3865 1190 responde-

2275 1227 2424 1287 runt,
2458 1218 2558 1273 sibi
2584 1216 2803 1291 quidem
2845 1216 3117 1288 optimum
3156 1214 3359 1283 videri,
3385 1213 3427 1268 si
3473 1214 3639 1285 Regis
3669 1212 3868 1269 consti-

2275 1313 2687 1385 tutione,juxta
2713 1328 2902 1367 eorum
2946 1310 3287 1383 legationem,
3319 1309 3375 1363 in
3418 1307 3708 1364 adventum
3750 1311 3867 1365 Do-

2276 1408 2411 1463 mini
2443 1410 2603 1479 Papae
2628 1407 2739 1461 sine
2784 1405 3022 1478 periculo
3053 1403 3272 1459 differre
3316 1410 3536 1475 possent
3566 1421 3578 1457 :
3628 1389 3869 1459 ceterum

2278 1502 2581 1574 provisione
2608 1501 2779 1572 Regni
2808 1516 2917 1554 non
2958 1508 3071 1553 tam
3103 1498 3158 1553 in
3188 1513 3379 1553 eorum
3418 1496 3664 1562 consilio,
3703 1512 3871 1567 quam

2278 1597 2332 1651 in
2359 1597 2668 1667 Principum
2700 1594 2921 1649 arbitrio
2966 1593 3129 1648 sitam
3168 1607 3287 1647 esse
3325 1591 3593 1658 dixerunt,
3623 1590 3713 1661 qui
3752 1606 3869 1645 rem

2280 1690 2549 1763 publicam
2583 1690 2635 1745 in
2667 1690 2915 1744 manibus
2942 1696 3220 1755 tenerent;
3249 1703 3311 1741 ac
3335 1685 3500 1740 totius
3528 1684 3700 1757 Regni
3724 1683 3874 1740 dam-

2282 1802 2414 1841 num
2465 1786 2575 1867 si‘ve
2636 1783 2936 1856 proﬁcuum
3002 1782 3211 1853 optime
3258 1787 3613 1852 prasnossent.
3683 1782 3871 1850 Itaque

579 1882 709 1938 grue
754 1868 1062 1939 adjungitur
1089 1871 1351 1926 memoria
1376 1872 1626 1943 pretiosae
1662 1877 1854 1932 mortis
1882 1881 1945 1933 B.
1980 1881 2169 1948 Cincii,
2200 1858 2248 1919 Β
2286 1858 2555 1951 Principes
2584 1878 2778 1951 Regni,
2829 1877 2898 1932 de
2928 1876 3160 1932 adventu
3206 1877 3368 1946 Papae
3406 1872 3614 1940 incerti,
3661 1875 3755 1928 sed
3805 1872 3873 1928 d0

588 1961 753 2016 Urbis
794 1966 991 2019 Romae
1031 1963 1313 2032 Praefecti,
1364 1967 1520 2037 cujus
1566 1976 1620 2023 et
1666 1972 1909 2041 superius
1954 1973 2178 2031 virtutes

584 2053 815 2109 breviter
844 2054 1245 2128 descripsimus.
1286 2060 1449 2115 Hunc
1481 2062 1680 2117 etenim
1700 2106 1714 2130 ,
1765 2074 1985 2136 propter
2016 2067 2177 2124 ﬁdem

582 2162 724 2218 saepe
739 2149 886 2204 dicto
912 2158 965 2205 et
984 2166 1126 2222 saepe
1144 2152 1369 2209 dicendo
1390 2157 1545 2226 Papa)
1562 2157 1826 2229 Gregorio
1850 2160 2177 2231 exhibitam,

582 2242 856 2298 Dominus
883 2254 1070 2299 noster
1108 2247 1265 2302 Jesus
1294 2248 1540 2304 Christus
1577 2252 1839 2325 martyrio
1868 2257 2177 2325 coronavit,

582 2336 805 2408 ejusque
844 2339 1191 2409 sepulchrum
1249 2342 1505 2398 continuo
1544 2344 1727 2416 viginti
1780 2348 2069 2413 miraculis,
2126 2351 2180 2405 in

587 2431 807 2502 Synodo
838 2434 1139 2489 numeratis
1168 2443 1221 2491 et
1248 2435 1503 2506 probatis,
1552 2438 1840 2495 illustravit
1871 2446 1995 2508 (84).
2040 2445 2179 2500 Nam

584 2540 712 2579 cum
764 2526 941 2581 zelum
1005 2528 1225 2583 Domini
1276 2528 1535 2600 haberet,
1583 2541 1637 2588 et
1681 2533 1957 2591 exhiberet
2014 2536 2181 2593 ﬁdem

585 2618 884 2674 secundum
959 2631 1201 2677 sanctam
1273 2625 1601 2695 Apostolicm
1669 2627 2020 2686 institutionis
2069 2630 2181 2686 for-

587 2727 733 2766 mam
761 2754 776 2780 ,
806 2714 1016 2771 occisus
1044 2725 1124 2773 est
1157 2717 1225 2774 ab
1255 2720 1654 2791 apparitoribus
1682 2723 2023 2782 Henricianee
2057 2741 2183 2797 per-

587 2805 892 2867 secutionis.

1208 2912 1452 2970 CAPUT
1489 2917 1565 2970 X.

588 3013 881 3089 Camenius
917 3017 1349 3089 Eorchemiensz‘s,
1388 3018 1665 3086 Rudolphz’
1686 3022 1848 3087 Regis
1873 3022 2079 3089 electio,
2106 3038 2183 3078 se-

693 3086 833 3140 ditio
868 3102 903 3140 a
929 3087 1247 3142 Simonideis
1284 3092 1332 3143 et
1362 3086 1778 3143 Coucubt'naxrz‘z's
1815 3086 2072 3147 excitata;

660 3193 750 3243 83.
781 3190 946 3242 Facto
991 3188 1153 3258 igitur
1177 3197 1448 3243 conventu
1480 3190 1623 3261 apud
1654 3193 1997 3257 Forecheim,
2040 3212 2178 3266 prte-

590 3279 689 3335 fati
719 3281 905 3350 Legati
936 3280 1137 3337 litteras
1182 3282 1520 3354 Apostolicas
1556 3284 1612 3340 in
1655 3284 1896 3341 medium
1943 3289 2184 3358 protule-

588 3381 717 3428 runt
753 3391 767 3428 :
814 3374 994 3443 Quam
1025 3391 1215 3447 parum
1245 3375 1498 3433 dominus
1526 3381 1670 3451 Papa
1708 3380 1775 3436 de
1822 3381 2180 3453 promissione

588 3468 755 3539 Regis
785 3468 997 3525 laetatus
1040 3468 1222 3539 fuerit,
1266 3486 1395 3526 cum
1442 3472 1730 3529 adversarii
1770 3475 2018 3532 Ecclesiae
2062 3478 2183 3549 plus

590 3561 851 3632 audaciae,
899 3580 1063 3635 quam
1110 3565 1332 3621 terroris
1362 3581 1426 3620 ex
1457 3560 1739 3637 praesentia
1778 3571 1939 3642 Regis
1981 3572 2183 3644 accipe-

591 3665 727 3712 rent.
776 3656 865 3712 Ad
907 3657 1033 3725 hoc,
1083 3658 1316 3726 aiebant,
1360 3675 1484 3715 eum
1516 3670 1695 3732 petere
1744 3672 1805 3718 ut
1844 3665 1969 3719 novi
2016 3666 2184 3738 Regis

592 3749 909 3805 electionem
954 3751 1021 3807 de
1046 3768 1151 3823 qua
1195 3752 1462 3819 audierat,
1505 3754 1557 3809 in
1596 3756 1884 3811 adventum
1928 3759 2042 3830 ejus
2083 3758 2187 3815 dif-

589 3840 815 3913 ferrent,
857 3844 901 3898 si
944 3843 1046 3900 hoc
1091 3845 1207 3901 sine
1238 3847 1473 3917 periculo
1529 3849 1643 3903 ﬁeri
1686 3867 1844 3922 posse
1886 3853 2182 3924 perpende-

592 3945 735 3992 rent.
787 3939 1008 3993 Peracta
1044 3940 1206 4011 igitur
1251 3941 1538 4012 legatione,
1582 3945 2011 4016 Archiepiscopi,
2054 3948 2182 4018 Epi-

595 4031 768 4101 scopi,
797 4034 999 4098 Duces,
1048 4033 1415 4103 Marchiones,
1465 4038 1705 4093 Comites
1753 4040 1987 4111 majores
2023 4050 2186 4114 atque

596 4124 853 4193 minores,
881 4126 1121 4182 debitam
1152 4129 1504 4184 reverentiam
1534 4133 1750 4204 Legatis
1780 4133 2205 4205 impendentes,’

592 4235 689 4290 per
713 4235 1029 4275 consessum
1053 4222 1249 4293 singuli
1280 4234 1668 4294 surrexerunt;
1713 4236 1787 4293 et,
1831 4236 1965 4298 quot
1995 4239 2184 4285 contu-

592 4313 771 4369 meliis
793 4322 847 4368 et
870 4323 1005 4385 quot
1035 4315 1282 4386 periculis
1304 4316 1421 4387 jam
1442 4318 1508 4372 ab
1542 4320 1776 4375 Henrico
1806 4323 1957 4393 Rege
1999 4322 2182 4380 affecti

595 4417 812 4476 essent;
862 4407 945 4463 vel
1003 4424 1060 4463 se
1128 4408 1437 4466 alliciendos
1501 4411 1617 4468 fore
1670 4431 1783 4469 non
1842 4415 2182 4488 dubitarent,

596 4503 814 4574 Legatis
857 4501 1140 4557 lamentari
1188 4508 1516 4574 coeperunt;
1556 4521 1721 4578 seque
1765 4510 1926 4565 toties
1971 4511 2186 4568 insidias

2282 1974 2520 2029 maxima
2546 1973 2879 2028 dissensione
2924 1979 3182 2026 eventura
3212 1978 3266 2024 et
3298 1967 3554 2041 periculo,
3610 1967 3651 2023 si
3688 1964 3872 2021 differ-

2284 2077 2428 2135 rent,
2477 2065 2794 2133 certissimi;
2837 2073 3056 2136 accepta
3104 2062 3316 2118 licentia
3364 2078 3392 2117 a
3436 2060 3696 2132 Legatis,
3730 2058 3875 2132 apud

2289 2161 2668 2233 Magontinum
2710 2158 3193 2230 Archiepiscopum
3219 2162 3607 2221 convenerunt,
3652 2163 3707 2209 et
3746 2152 3874 2224 quid

2287 2256 2363 2311 eis
2387 2254 2657 2327 agendum
2702 2262 2843 2309 esset
2881 2251 3137 2323 singulari
3187 2250 3460 2323 diligentia
3502 2248 3731 2304 invicem
3771 2256 3876 2303 tra-

2287 2356 2607 2405 ctaverunt:
2651 2346 3056 2403 considerantes
3091 2345 3310 2418 quidem
3349 2360 3407 2399 se
3444 2342 3512 2399 ad
3554 2343 3756 2398 nullam
3794 2341 3876 2398 di-

2287 2444 2542 2500 lationem
2585 2442 2652 2497 ab
2698 2441 3014 2513 Apostolico
3036 2448 3274 2507 coactos,
3322 2437 3415 2494 sed
3457 2437 3561 2492 hoc
3590 2437 3643 2491 in
3686 2451 3877 2492 eorum

2288 2537 2514 2593 arbitrio
2545 2536 2783 2608 positum
2808 2551 2953 2602 esse;
2998 2550 3103 2590 nec
3139 2533 3297 2589 alicui
3330 2532 3434 2587 nisi
3476 2530 3706 2602 sibiipsis
3733 2528 3880 2584 dein-

2288 2648 2415 2704 ceps
2457 2630 2836 2703 imputandum
2879 2629 3012 2688 fore,
3056 2629 3099 2684 si
3146 2627 3331 2684 dilatio
3373 2632 3615 2681 noceret.
3653 2625 3880 2694 Insuper

2289 2741 2346 2781 se
2398 2725 2598 2780 nullius
2670 2722 3020 2795 subjectionis
3068 2720 3383 2779 exhibendae
3446 2716 3679 2773 Henrico
3741 2717 3880 2789 Regi

2290 2820 2573 2886 obnoxios,
2602 2818 2712 2874 imo
2737 2834 2833 2889 per
2856 2816 3153 2889 Apostolici
3190 2814 3353 2870 banni
3397 2811 3879 2883 transgressionem

2290 2912 2668 2981 damnandos,
2721 2912 2765 2967 si
2814 2911 3045 2982 aliquam
3101 2907 3489 2980 subjectionem
3544 2905 3679 2977 Regi
3718 2903 3883 2961 ‘deino

2291 3023 2418 3077 ceps
2494 3006 2825 3062 exhiberent.
2891 3006 3030 3061 Nam
3105 3005 3287 3074 Papa,
3365 3000 3678 3073 priusquam
3757 3013 3883 3054 eum

2293 3099 2791 3168 anathematizaret,
2836 3116 2901 3155 ex
2943 3106 3090 3170 parte
3117 3094 3504 3167 omnipotentis
3556 3091 3655 3147 Dei
3714 3101 3770 3147 et
3823 3092 3881 3149 S.

2294 3195 2436 3250 Petri
2492 3204 2547 3249 et
2599 3210 2715 3257 sua,
2774 3193 2845 3249 illi
2893 3194 3146 3264 Regnum
3206 3187 3523 3256 interdixit;
3584 3194 3639 3241 et
3692 3201 3886 3242 omnes

2290 3289 2620 3346 Christianos
2655 3287 2963 3358 iuramento
2988 3328 3004 3354 ,
3053 3283 3201 3357 quod
3239 3282 3340 3338 sibi
3390 3280 3643 3337 fecissent
3681 3279 3763 3334 vel
3812 3278 3887 3333 fa.

2290 3385 2430 3439 cturi
2472 3391 2673 3451 essent,
2708 3380 2965 3448 absolvit;
2996 3387 3070 3448 et,
3102 3387 3164 3434 ut
3202 3377 3380 3433 nullus
3406 3376 3477 3444 ei,
3508 3384 3572 3431 nt
3606 3374 3889 3446 Regi,ser-

2293 3478 2451 3547 viret,
2498 3476 2816 3532 interdixit:
2867 3474 2956 3545 qui
2990 3482 3172 3545 postea
3201 3472 3268 3527 ab
3314 3487 3378 3527 eo
3424 3468 3881 3527 Communionem

2293 3580 2529 3638 tantum,
2573 3587 2683 3625 non
2739 3573 3016 3641 Regnum,
3077 3565 3207 3623 falsa
3257 3564 3605 3621 correctionis
3654 3561 3885 3639 promiso

2294 3666 2443 3721 sione
2474 3664 2828 3737 recuperavit.

2367 3767 2457 3815 85.
2503 3761 2625 3814 Hoc
2671 3759 2833 3830 igitur
2899 3757 3173 3828 Principes
3234 3755 3406 3827 Regni
3475 3751 3888 3825 diligentissime

2296 3854 2643 3927 perscrutati,
2692 3868 2749 3907 se
2791 3851 3012 3923 quidem
3053 3867 3081 3905 a
3128 3850 3295 3921 Regis
3352 3847 3570 3903 Henrici
3626 3853 3890 3917 potestate

2298 3950 2531 4020 penitus,
2562 3957 2623 4003 ut
2652 3946 2971 4019 praedictum
3002 3952 3115 4011 est,
3144 3943 3532 4014 emancipatos,
3573 3956 3673 3995 nec
3718 3954 3775 3993 se
3810 3938 3889 3993 illi

2297 4043 2445 4115 plus,
2490 4058 2652 4115 quam
2712 4041 2863 4095 illum
2911 4039 3011 4094 illis
3048 4038 3273 4110 alicujus
3320 4034 3586 4092 ﬁdelitatis
3628 4031 3711 4087 vel
3769 4030 3892 4087 sub~

2288 4136 2539 4208 jectionis
2588 4136 2933 4207 (juramento)
2989 4132 3288 4197 obnoxios;
3328 4138 3388 4185 ut
3426 4127 3574 4183 liberi
3620 4126 3891 4193 homines,

2295 4229 2652 4301 Rndolphum
2691 4231 2897 4281 Ducem
2927 4228 3261 4293 Suevorum,
3287 4223 3487 4279 frustra
3524 4220 3757 4276 multum
3797 4234 3889 4273 re-

2291 4324 2585 4391 nitentem,
2627 4320 2934 4391 frustraqne
2978 4319 3061 4375 vel
3123 4320 3285 4373 unius
3332 4317 3486 4373 hora:
3539 4313 3776 4370 inducias
3818 4311 3890 4368 ad

2293 4415 2684 4473 consulendum
2727 4422 3021 4485 petentem,
3060 4413 3227 4485 Regia
3268 4410 3529 4483 dignitate
3571 4406 3896 4463 sublimave-

2294 4519 2423 4566 runt
2452 4528 2465 4564 :
2494 4510 2670 4563 virum
2711 4524 2838 4563 sane
2882 4507 2937 4562 in
2984 4506 3288 4561 humilitate
3334 4505 3693 4576 praecipuum,
3742 4498 3895 4570 regio

595 4596 711 4669 ejus
756 4596 896 4651 inter
924 4597 1037 4667 ipsa
1068 4597 1215 4668 pacis
1242 4599 1424 4653 oscula
1448 4599 1531 4653 vix
1574 4599 1842 4674 evasisse,
1870 4613 1929 4659 ut
1972 4622 2072 4660 nec
2091 4607 2183 4679 ju-
2214 4625 2264 4686 [ι
2294 4604 2491 4660 honori
2537 4612 2703 4660 aetate
2754 4611 2808 4657 et
2855 4602 3103 4657 moribus
3153 4601 3453 4667 idoneum;
3499 4599 3651 4667 eique
3693 4609 3750 4650 se
3799 4592 3899 4648 de-

595 4697 841 4744 ramento
875 4689 989 4760 ejus
1014 4688 1269 4763 deinceps
1292 4692 1540 4765 Laliquam
1573 4695 1737 4751 ﬁdem
1782 4697 2030 4754 exhibere
2068 4716 2189 4771 pos-

596 4792 734 4838 sent.
764 4785 885 4838 Hoc
911 4798 1127 4855 quoque
1151 4785 1428 4855 addentes,
1457 4803 1514 4842 se
1540 4790 1745 4846 tamdiu
1775 4807 1899 4846 eum
1932 4804 2055 4864 post
2092 4795 2185 4851 de-

596 4877 921 4949 positionem
960 4878 1253 4947 tolerasse,
1303 4896 1413 4936 non
1456 4883 1641 4954 utique
1689 4894 1750 4939 ut
1793 4890 2186 4945 correctionem

596 4972 731 5043 ejus,
763 4980 951 5044 utpote
975 4974 1188 5044 penitus
1218 4973 1592 5047 desperatam,
1637 4990 2053 5051 exspectarent;
2092 4984 2189 5040 sed

595 5075 655 5120 ut
702 5066 1023 5137 quibusdam
1066 5069 1413 5125 occasionem
1458 5072 1819 5129 calumniandi
1890 5075 2187 5147 auferrent,

595 5159 684 5230 qui
713 5157 941 5216 fortasse
980 5162 1051 5229 ei,
1095 5164 1139 5217 si
1186 5180 1297 5219 non
1326 5166 1533 5221 tamdiu
1575 5175 1967 5238 expectaretur,
2013 5186 2190 5225 corre-

594 5253 837 5309 ctionem
890 5255 1233 5311 interclusam
1294 5256 1412 5313 fore
1453 5269 1912 5331 conqurerentur;
1970 5270 2191 5332 totaque

596 5347 686 5402 illa
713 5348 801 5403 die
844 5364 971 5403 cum
1008 5348 1322 5422 bujusmodi
1374 5354 1727 5422 querimoniis
1765 5362 2058 5424 transacta,
2090 5373 2190 5413 nec

594 5441 942 5497 medietatem
1001 5444 1323 5516 iniuriarum
1379 5445 1480 5500 sibi
1538 5446 1804 5503 illatarum
1874 5434 2189 5509 enumerare

595 5544 909 5607 potuerunt.

664 5702 778 5766 (83)
810 5700 1013 5777 Mirum
1047 5708 1127 5755 est
1173 5699 1315 5777 hunc
1349 5718 1617 5777 nusquam
1659 5703 1799 5759 inter
1840 5708 2189 5777 Augustanos

592 5772 823 5846 Sanctos
864 5772 1485 5846 nominatuminveniri,
1523 5790 1585 5829 ac
1613 5791 1789 5846 neque
1828 5777 1894 5833 de
1933 5772 2059 5835 loco
2103 5795 2186 5835 se-

592 5842 932 5919 pulturzeyel
956 5844 1041 5897 die
1068 5843 1259 5919 mortis
1286 5846 1581 5919 quidquam
1608 5842 1726 5919 legi.

667 5917 773 5977 (84)
811 5912 1032 5967 Utinam
1073 5912 1331 5971 miracula
1367 5912 1456 5973 illa
1486 5912 1761 5977 exstarent
1787 5936 1918 5980 cum
1974 5921 2185 5980 beatiﬁ-

2298 4699 2413 4754 bito
2441 4698 2713 4753 ﬁdelitatis
2754 4705 3094 4752 sacramento
3125 4693 3504 4750 subdiderunt.
3550 4690 3655 4761 Qui
3706 4688 3897 4758 utique

2297 4796 2551 4864 Regnum
2580 4835 2593 4859 ,
2639 4808 2746 4847 non
2789 4800 2851 4846 ut
2895 4792 3210 4862 proprium,
3255 4787 3352 4844 sed
3397 4803 3497 4858 pro
3539 4781 3899 4854 dispositione

2298 4886 2399 4941 sibi
2422 4886 2689 4940 creditum
2729 4894 3012 4956 reputans,
3066 4898 3230 4939 omne
3270 4879 3657 4937 hereditarium
3696 4876 3788 4949 jus
3837 4877 3898 4930 in

2298 4995 2363 5034 eo
2403 4978 2721 5050 repudiavit,
2755 4986 2807 5033 et
2852 4978 2933 5032 vel
2964 4977 3073 5032 ﬁlio
3127 4992 3225 5032 suo
3270 4992 3327 5030 se
3354 4975 3458 5030 hoc
3510 4972 3901 5043 adoptaturum

2301 5072 2414 5128 fore
2483 5070 2695 5144 penitus
2766 5071 3051 5143 abnegavit
3110 5088 3122 5127 :
3181 5068 3474 5143 justissime
3531 5067 3588 5121 in
3671 5062 3901 5119 arbitrio

2300 5166 2613 5238 Principum
2659 5181 2775 5221 esse
2825 5165 3157 5232 decernens,
3194 5172 3258 5220 nt
3314 5171 3436 5235 post
3486 5168 3726 5216 mortem
3778 5157 3904 5228 ejus

2302 5260 2466 5315 libere
2496 5276 2607 5314 non
2642 5260 2812 5331 magis
2841 5258 3011 5313 ﬁlium
3051 5258 3166 5329 ejus
3194 5273 3359 5331 quam
3402 5256 3569 5311 alium
3616 5253 3900 5324 eligerent,

2300 5353 2401 5408 nisi
2433 5369 2598 5424 quem
2626 5353 2697 5408 ad
2732 5352 2785 5408 id
2823 5353 3078 5407 culminis
3108 5360 3266 5409 aetate
3295 5358 3349 5405 et
3376 5364 3596 5404 morum
3634 5346 3901 5420 gravitate

2300 5446 2531 5518 dignum
2561 5447 2905 5503 invenissent.
2946 5448 3115 5523 Hunc
3156 5446 3319 5518 igitur
3341 5441 3720 5514 Rndolphum,
3764 5440 3902 5512 legi-

2298 5540 2431 5597 time
2470 5540 2744 5613 electum,
2796 5540 3207 5613 Archiepiscopi
3254 5537 3609 5611 Mogontinus
3653 5545 3707 5592 et
3745 5536 3905 5606 Mago

2297 5704 2522 5759 cationis
2559 5702 2798 5769 decreto,
2828 5704 3007 5775 itaque
3036 5701 3148 5757 dies
3176 5702 3257 5757 sui
3292 5702 3472 5775 cultus
3512 5700 3629 5755 viro
3682 5695 3902 5775 restitui

2296 5784 2501 5846 posset,
2548 5784 2659 5830 tam
2709 5776 2871 5847 digno
2918 5770 3070 5847 'inter
3136 5777 3401 5847 Martyres
3450 5770 3735 5839 honorari;
3792 5775 3905 5839 aut

2298 5844 2490 5903 saltem
2516 5847 2743 5902 sciretur
2771 5844 2865 5903 ubi
2896 5844 3140 5921 sepultus
3170 5845 3255 5903 sit.
