4138 6190
276 309 346 361 es
1276 304 1796 367 PROLEGOMENA.
1837 338 1908 353 -
1944 311 2122 369 ACTA
2161 312 2217 365 s.
2261 308 2603 365 GREGORII.
3519 270 3589 369 se

274 432 656 505 deburgensis,
686 447 812 487 cum
843 447 1034 487 eorum
1058 432 1437 506 suffraganeis,
1466 439 1683 512 Legatis
1724 441 1879 498 Sedis
1909 447 1959 509 Α
1986 449 2187 514 ageret.
2210 440 2370 511 Quod
2400 448 2617 511 pactum
2646 438 2732 494 ille
2754 446 2939 511 postea
2970 439 3309 512 praevaricari
3351 448 3402 496 ct
3450 456 3585 497 con-

276 526 613 600 Apostolicaz
656 526 1011 598 praesentibus
1047 536 1101 583 et
1124 530 1297 600 Regni
1330 531 1686 604 Principibus,
1714 536 1883 608 regali

274 622 591 678 inunctione
658 630 1062 677 consecrarunt.
1130 623 1346 680 Electus
1406 635 1487 681 est
1562 637 1746 684 autem
1816 630 1883 686 ab

280 716 748 788 Archiepiscopis,
786 716 1087 787 Episcopis,
1138 719 1403 787 Ducibus,
1437 721 1742 779 Comitibus
1772 740 1884 779 ma-

274 810 496 882 joribus
548 818 710 880 atque
759 809 1093 877 minoribus,
1136 811 1189 866 in
1236 814 1517 870 Conventu
1565 817 1708 887 apud
1749 819 1883 873 For-

286 903 491 969 cheim,
542 919 682 958 anno
718 904 1025 959 Dominicac
1070 905 1450 963 incarnationis
1489 916 1650 979 1077,
1679 927 1822 967 anno
1847 919 1879 966 4

287 998 601 1053 venerabilis
628 999 802 1068 Papa:
854 998 1102 1065 Gregorii
1150 1000 1203 1054 in
1236 1000 1341 1057 hoc
1389 1003 1611 1059 nomine
1643 1005 1880 1076 septimi,

279 1090 575 1146 indictione
624 1097 705 1158 15,
754 1090 937 1146 Idibus
970 1093 1167 1148 Martii.
1203 1098 1397 1150 Postea
1436 1096 1523 1152 die
1551 1097 1881 1154 duodecimo

278 1186 421 1255 apud
470 1184 812 1257 Mogontiam
868 1196 1217 1243 consecratus
1272 1197 1372 1257 est,
1432 1190 1485 1245 id
1526 1199 1607 1245 est
1667 1198 1695 1246 7
1754 1193 1879 1248 Kal.

278 1279 504 1349 Aprilis,
547 1279 638 1333 ubi
674 1288 805 1333 tunc
852 1278 1091 1334 medium
1142 1282 1586 1353 Quadragesima:
1626 1288 1880 1343 occurrit.

277 1372 378 1426 Die
430 1381 618 1427 autem
660 1372 929 1444 praedictae
974 1374 1250 1430 electionis
1295 1377 1386 1431 nix
1428 1394 1489 1432 ac
1531 1380 1652 1451 gelu
1688 1381 1882 1437 resolvi

277 1476 592 1538 coeperunt,
622 1483 745 1539 qua:
771 1484 836 1523 eo
881 1484 1025 1523 anno
1052 1484 1097 1522 a.
1133 1467 1415 1526 festivitate
1467 1473 1715 1529 omnium
1744 1476 1879 1530 San-

275 1568 498 1615 ctorum
525 1577 699 1633 usque
721 1562 772 1615 in
814 1561 964 1616 illum
986 1561 1129 1617 diem
1151 1570 1349 1618 terram
1378 1566 1803 1623 Teutonicorum
1828 1577 1883 1624 et

274 1654 683 1726 Longobardiae
712 1664 1097 1726 occupaverat;
1148 1657 1294 1729 quod
1328 1659 1549 1729 quidam
1582 1662 1883 1733 sapientum

274 1750 356 1805 ita
406 1749 747 1820 interpretati
789 1757 919 1805 sunt
953 1768 967 1781 ·
1028 1752 1204 1805 Deum
1260 1750 1315 1805 in
1356 1751 1582 1823 legitimi
1620 1754 1885 1826 Principis

1993 546 2237 592 temnere
2282 551 2393 590 non
2438 533 2696 600 cessavit;
2724 533 3006 601 videlicet,
3037 533 3308 605 quoslibet
3337 534 3587 593 innoxios

1992 630 2271 703 tyrannica
2311 628 2623 684 crudelitate
2676 626 3055 699 Opprimendo,
3111 637 3167 684 et
3211 644 3405 684 omnes
3445 643 3586 700 quos

1993 724 2172 796 potuit
2215 722 2529 778 Christianae
2563 721 2807 793 religioni
2849 737 3149 793 repugnare
3214 723 3586 794 constringen-

1992 817 2085 873 do.
2116 822 2257 887 Ergo
2286 824 2342 871 et
2369 817 2571 886 absque
2600 815 2752 871 Sedis
2787 815 3110 886 Apostolica:
3149 815 3357 886 judicio
3377 858 3391 883 ,
3431 816 3587 872 Prin-

1992 911 2138 982 cipes
2157 927 2285 966 eum
2317 927 2411 981 pro
2446 912 2587 981 Rege
2625 909 2822 963 merito
2877 907 3116 963 refutare
3155 918 3400 980 possent,
3451 925 3579 964 cum

1992 1014 2209 1076 pactum
2252 1004 2546 1076 adimplere
2598 1003 2982 1074 contempserit
3024 1002 3170 1073 quod
3199 1003 3273 1057 eis
3323 1018 3420 1073 pro
3458 1003 3588 1057 elec-

1991 1099 2138 1153 tione
2162 1115 2265 1153 sua
2293 1098 2619 1169 promiserat
2650 1116 2662 1151 :
2695 1112 2803 1168 quo
2838 1112 2949 1150 non
2980 1095 3301 1166 adimpleto,
3332 1113 3430 1151 nec
3463 1100 3581 1153 Rex

1992 1208 2107 1248 esse
2133 1200 2359 1264 poterat.
2409 1194 2548 1246 Nam
2579 1194 2698 1245 Rex
2728 1190 3040 1245 nullatenus
3086 1204 3203 1243 esse
3252 1198 3446 1260 potest,
3491 1191 3581 1261 qui

1989 1286 2236 1342 subditos
2263 1301 2397 1341 suos
2444 1302 2555 1339 non
2588 1300 2793 1355 regere,
2837 1283 2931 1338 sed
2981 1284 3033 1337 in
3082 1298 3323 1338 errorem
3371 1284 3585 1338 mittere

1991 1380 2279 1435 studuerit.
2313 1380 2453 1449 Quid
2477 1379 2628 1449 plura
2652 1381 2674 1432 P
2694 1380 2888 1433 Nonne
2913 1377 3139 1449 quilibet
3168 1377 3321 1431 miles
3347 1377 3584 1431 Domino

1991 1490 2090 1529 suo
2129 1473 2401 1528 ﬁdelitatis
2424 1472 2735 1543 juramento
2781 1471 3066 1542 subjicitur
3103 1486 3166 1525 eo
3213 1478 3392 1540 pacto,
3441 1478 3502 1524 ut
3532 1477 3586 1525 et

1990 1568 2077 1622 ille
2104 1567 2203 1622 sibi
2225 1583 2336 1621 non
2356 1566 2603 1635 deneget,
2635 1565 2783 1638 quod
2816 1564 3082 1619 Dominus
3128 1563 3279 1618 militi
3310 1562 3579 1620 debebat?

1994 1662 2048 1717 Si
2078 1678 2205 1733 ergo
2235 1660 2504 1715 Dominus
2532 1659 2690 1714 militi
2732 1658 2974 1713 debitum
3005 1657 3229 1712 reddere
3257 1657 3584 1727 contemnit,

1993 1754 2255 1826 numquid
2284 1770 2393 1809 non
2419 1753 2583 1809 libere
2598 1753 2751 1807 miles
2771 1768 2900 1806 eum
2932 1768 3029 1822 pro
3062 1751 3298 1805 Domino
3328 1750 3585 1820 deinceps

276 1843 547 1899 electione
588 1859 745 1898 suam
798 1843 1276 1915 adstipulationem
1312 1846 1519 1902 mundo
1575 1847 1883 1918 denotasse,
1913 1839 1961 1901 B
1992 1857 2206 1904 recusat
2242 1848 2473 1902 habere?
2498 1846 2823 1912 Liberrime,
2856 1846 3097 1915 inquam.
3131 1845 3244 1898 Nec
3271 1843 3583 1914 hujusmodi

274 1953 373 2009 per
402 1937 607 1992 insoliti
648 1936 865 2007 frigoris
906 1936 1277 2009 depulsionem
1324 1947 1375 1993 et
1424 1956 1521 2011 per
1569 1942 1882 1997 clementio-

274 2032 349 2086 ris
370 2032 514 2086 aeris
558 2031 958 2103 reparationem
991 2050 1005 2087 :
1037 2032 1325 2104 praecipue,
1349 2050 1475 2089 cum
1505 2035 1666 2090 nullis
1692 2035 1882 2107 hujus-

273 2125 429 2181 modi
476 2126 750 2197 promotio
818 2125 1179 2195 displicuerit,
1231 2127 1333 2182 nisi
1388 2127 1487 2183 illis
1535 2137 1744 2184 tantum
1793 2130 1882 2201 qui

274 2235 359 2285 se,
396 2218 505 2274 sub
545 2219 788 2291 legitimo
836 2220 1103 2290 Principe,
1148 2220 1466 2277 Simoniacae
1507 2221 1698 2278 haeresi
1741 2224 1880 2279 aliis-

274 2328 385 2384 que
429 2313 749 2367 criminibus
798 2312 1274 2369 abrenuntiaturos
1327 2313 1444 2369 fore
1510 2330 1622 2371 non
1674 2316 1884 2373 dubita-

274 2406 409 2462 bant
453 2425 468 2459 :
520 2406 612 2478 qui
656 2407 919 2477 superiori
962 2410 1132 2478 Rege,
1182 2423 1293 2462 non
1340 2408 1465 2464 dico
1513 2410 1881 2481 permittente,

273 2500 375 2556 sed
396 2508 746 2572 cooperante,
780 2509 1025 2555 sanctam
1068 2500 1362 2556 Ecclesiam
1391 2500 1603 2559 fmdare
1627 2520 1739 2559 non
1764 2520 1879 2561 ces-

274 2602 548 2651 saverant.
603 2594 749 2649 Nulli
790 2609 918 2649 sane
971 2594 1201 2663 Clerico,
1247 2595 1537 2659 monacho,
1592 2598 1704 2653 sive
1744 2598 1880 2655 laico

274 2688 439 2758 hujus
474 2687 738 2758 Principis
762 2688 1030 2759 promotio
1059 2688 1346 2759 displicuit,
1383 2690 1483 2745 nisi
1519 2690 1608 2761 qui
1639 2691 1880 2767 seipsum

273 2783 380 2837 sub
410 2782 532 2853 ejus
586 2782 906 2837 auctoritate
941 2782 1325 2853 corrigendum
1371 2782 1488 2838 fore
1517 2784 1737 2850 timuit;
1780 2785 1882 2841 nisi

274 2876 371 2946 qui
413 2884 666 2931 sanctam
720 2875 1016 2931 Ecclesiam
1051 2874 1206 2947 juxta
1241 2877 1541 2932 Canonicas
1581 2876 1883 2934 sanctiones

276 2970 675 3025 instituendam
724 2968 846 3024 fore
906 2970 1228 3036 contabuit;
1280 2970 1385 3025 nisi
1425 2970 1538 3041 qui,
1586 2971 1881 3029 intercluso

276 3063 607 3119 Simoniace
648 3062 851 3119 heresis
883 3062 1259 3131 mercimonio,
1302 3062 1513 3121 divitias
1581 3080 1706 3120 suas
1745 3074 1883 3121 atte-

274 3158 434 3212 nuari
455 3173 569 3212 non
595 3156 919 3217 dubitavit...

351 3256 438 3305 86.
473 3250 669 3305 Nullus
689 3258 873 3305 autem
910 3250 1205 3322 Rudolpho
1230 3251 1363 3324 Regi
1415 3252 1640 3324 ejusque
1675 3252 1883 3309 Princi-

274 3345 440 3417 pibus
471 3344 772 3415 perjurium
801 3345 999 3416 poterit
1034 3344 1157 3415 jure
1199 3344 1459 3417 objicere,
1488 3346 1613 3401 licet
1630 3346 1749 3418 jam
1788 3346 1886 3401 du-

274 3438 415 3493 dum
447 3437 695 3508 deposito
720 3438 854 3509 Regi
880 3438 1257 3509 juramentum
1288 3437 1566 3494 ﬁdelitatis
1610 3437 1882 3495 fecissent.

274 3530 427 3586 Illud
454 3532 598 3585 enim
617 3531 990 3602 juramentum
1015 3540 1128 3586 tam
1174 3530 1268 3587 diu
1298 3532 1696 3587 observandum
1746 3541 1883 3601 erat,

271 3624 545 3696 quamdiu
578 3625 691 3697 ipse
720 3627 911 3697 Regno
934 3633 1197 3697 praeerat.
1226 3628 1522 3697 Postquam
1549 3642 1675 3681 vero
1696 3642 1887 3682 omnes

277 3718 578 3774 Christiani
633 3734 700 3773 eo
755 3729 1096 3775 sacramento
1147 3735 1178 3774 a
1218 3720 1362 3790 Papa
1415 3719 1577 3775 soluti
1625 3729 1773 3788 sunt,
1821 3735 1885 3775 eo

273 3812 507 3884 quidem
534 3812 783 3883 deposito
824 3822 877 3867 et
919 3813 1391 3882 anathematizato,
1447 3829 1557 3868 non
1596 3815 1770 3885 magis
1814 3813 1886 3869 illi

272 3906 466 3976 aliqua
504 3906 761 3978 subjectio
812 3923 911 3978 pro
954 3906 1267 3977 hujusmodi
1311 3906 1622 3977 juramento
1652 3907 1885 3963 debeba-

273 4008 403 4064 tur,
443 4014 603 4068 quam
641 4000 860 4055 cuilibet
906 4001 1174 4071 Episcopo
1227 4016 1257 4053 a
1286 3999 1513 4055 subditis
1562 4000 1674 4055 suis
1704 3999 1889 4055 obedi-

272 4102 404 4164 tur,
464 4101 756 4164 postquam
826 4093 935 4161 ille,
987 4094 1151 4149 etiam
1222 4101 1427 4148 retenta
1478 4093 1887 4159 communione,

276 4186 603 4257 deponitur.
646 4189 822 4242 Nemo
871 4195 1054 4242 autem
1102 4190 1416 4242 Romanum
1447 4186 1763 4243 Pontiﬁcem
1789 4189 1892 4241 Re-

280 4297 380 4353 ges
409 4296 441 4333 a
468 4282 663 4351 Regno
707 4280 977 4353 deponere
1006 4296 1162 4351 posse
1206 4280 1515 4352 denegabit,
1564 4280 1891 4352 quicumque

280 4377 506 4431 decreta
538 4374 861 4429 sanctissimi
893 4390 1044 4446 papze
1088 4375 1333 4446 Gregorii
1365 4390 1473 4429 non
1504 4373 1889 4445 proscribenda

274 4468 568 4540 jndicabit.
603 4470 721 4538 Ipse
773 4469 917 4523 enim
970 4469 1049 4523 vir
1104 4468 1473 4540 Apostolicus,
1518 4468 1603 4522 cui
1658 4467 1890 4538 Spiritus

1992 1942 2225 1998 militem“
2246 1940 2576 1996 inﬁdelitatis
2613 1939 2697 1993 vel
2733 1938 2953 2011 perjurii
2987 1938 3178 1993 merito
3204 1937 3326 2008 quis
3362 1951 3583 1991 accusa~

1974 2036 2087 2105 ‘bit,
2133 2052 2257 2091 cum
2301 2044 2476 2091 totum
2526 2032 2898 2104 adimpleverit
2941 2031 3088 2103 quod
3140 2030 3419 2103 promisit;
3474 2033 3583 2084 Do-

1992 2130 2142 2184 mino
2185 2146 2305 2196 suo,
2347 2128 2587 2200 inquam,
2647 2135 2761 2182 tam
2801 2126 2895 2181 diu
2930 2124 3237 2193 militando,
3283 2139 3450 2195 quam
3493 2122 3586 2179 diu

1992 2224 2079 2279 ille
2103 2222 2228 2279 fecit
2258 2223 2357 2278 sibi
2378 2222 2526 2294 quod
2562 2220 2830 2276 Dominus
2853 2219 3007 2275 militi
3039 2218 3292 2274 debebat.

2061 2324 2150 2373 87.
2182 2318 2350 2389 Igitur
2377 2315 2707 2386 Rudolphus
2740 2319 2873 2381 Rex,
2892 2314 2987 2369 ubi
3020 2313 3075 2368 in
3094 2316 3299 2385 Regem
3323 2311 3587 2368 subleva-

1989 2419 2082 2467 tus
2109 2419 2209 2479 est,
2240 2410 2425 2466 statim
2456 2409 2791 2482 Apostolico,
2846 2409 3008 2463 missa
3054 2407 3340 2479 legatione,
3391 2405 3458 2460 de
3485 2421 3582 2462 sua

1990 2504 2335 2576 promotione
2365 2503 2614 2569 innotuit,
2665 2502 2822 2574 eique
2866 2501 3113 2557 debitum
3156 2499 3480 2571 obsequium
3527 2499 3583 2552 in

1992 2598 2373 2654 Ecclesiasticis
2417 2596 2986 2653 administrationibus
3031 2595 3325 2667 promisit:
3377 2593 3583 2648 multo-

1991 2708 2094 2764 que
2113 2708 2172 2748 se
2213 2691 2607 2763 promptiorem
2646 2688 2718 2745 ad
2742 2688 3115 2745 obediendum
3159 2688 3283 2744 Sedi
3315 2686 3585 2759 Apostoli-

1989 2801 2068 2842 caa
2111 2802 2276 2858 quam
2308 2794 2617 2841 antecessor
2660 2783 2777 2854 ejus
2806 2782 3078 2837 exhibuit.
3128 2785 3248 2854 Ipsa
3296 2782 3444 2835 enim
3472 2794 3587 2835 suae

1988 2878 2412 2935 consecrationis
2452 2876 2561 2942 die,
2606 2875 2863 2931 obediens
2916 2874 3097 2929 banno
3148 2873 3365 2928 Domini
3400 2875 3586 2944 Papae,

1992 2971 2234 3029 ofﬁcium
2276 2969 2559 3043 cujusdam
2598 2968 2823 3025 Diaconi
2871 2966 3157 3022 Simoniaci
3206 2965 3442 3035 recipere
3488 2980 3590 3020 no-

1993 3067 2113 3135 luit,
2143 3066 2237 3138 qui
2275 3080 2338 3120 ea
2372 3063 2458 3119 die
2491 3062 2561 3119 ad
2609 3061 2899 3134 legendum
2927 3060 2982 3115 in
3011 3059 3177 3114 Missa
3227 3064 3354 3113 ante
3378 3062 3588 3129 Regem

1922 3182 1966 3245 C
1989 3164 2106 3235 jam
2155 3158 2321 3215 sacris
2353 3157 2591 3213 vestibus
2624 3155 2846 3211 indutus
2890 3152 3156 3226 processit
3201 3171 3213 3206 :
3254 3150 3401 3207 unde
3439 3152 3590 3223 Sige-

1990 3256 2164 3312 fridus
2185 3251 2533 3324 Mogontiuus
2562 3248 3053 3320 Archiepiscopus’,
3091 3255 3280 3301 amoto
3325 3261 3390 3301 eo
3418 3245 3485 3300 ab
3506 3246 3589 3299 al-

1992 3350 2127 3407 taris
2160 3345 2481 3407 ministerio,
2550 3344 2719 3398 alium
2775 3343 2831 3396 in
2876 3342 2993 3412 ejus
3033 3341 3214 3395 locum
3264 3340 3585 3410 surrogavit.

1995 3448 2117 3499 Hoc
2133 3449 2316 3496 autem
2346 3437 2639 3493 maximam
2665 3434 2917 3490 invidiam
2942 3434 3382 3489 Simoniacorum
3427 3438 3482 3487 et
3509 3433 3590 3486 in-

1994 3534 2392 3596 continentium
2454 3532 2639 3587 altaris
2696 3531 3073 3585 ministrorum
3134 3529 3267 3600 Regi
3299 3528 3586 3595 conflavit;

1996 3633 2085 3706 qui
2132 3631 2186 3685 in
2225 3630 2341 3700 ipsa
2368 3626 2452 3681 sui
2494 3624 2836 3697 promotione
2879 3623 3057 3677 banno
3099 3621 3412 3693 Apostolico
3455 3621 3587 3676 obe-

1996 3726 2169 3790 diens,
2191 3738 2247 3777 se
2277 3719 2453 3775 ofﬁcia
2484 3718 2672 3773 talium
2702 3732 2955 3789 respuere
2982 3731 3077 3786 per
3121 3714 3327 3787 praefati
3358 3714 3592 3769 Subdia-

1997 3818 2117 3875 coni
2147 3814 2421 3887 repulsam
2448 3812 2789 3867 monstravit.
2836 3811 3159 3865 Nullatenus
3189 3808 3335 3863 enim
3382 3807 3592 3862 dubita-

1997 3913 2150 3979 bant,
2176 3926 2253 3977 se,
2299 3907 2401 3962 sub
2443 3915 2559 3961 tam
2606 3904 2846 3977 legitimo
2882 3903 3157 3974 Principe,
3206 3910 3300 3956 aut
3345 3900 3592 3956 ofﬁcium

1999 4004 2362 4076 deposituros,
2396 4009 2493 4054 aut
2535 3998 2853 4055 concubinis
2881 4006 2936 4053 et
2977 3996 3232 4051 Ecclesiis
3276 3996 3593 4051 Simoniace

2001 4095 2281 4170 acquisitis
2317 4093 2819 4149 abrenuntiaturos.
2866 4092 3209 4161 Quapropter
3246 4089 3391 4144 illius
3421 4089 3593 4143 civita-

2002 4192 2070 4247 tis
2115 4193 2331 4257 Clerici,
2382 4189 2573 4245 eadem
2622 4188 2738 4257 ipsa
2783 4185 2944 4257 regiae
3002 4183 3423 4239 consecrationis
3480 4182 3592 4251 die,

2000 4295 2123 4358 post
2143 4284 2428 4357 prandium
2470 4281 2718 4338 concives
2742 4295 2889 4345 suos,
2930 4278 3053 4332 vino
3083 4286 3138 4332 et
3166 4276 3370 4331 insania
3405 4274 3591 4331 furen-

1999 4389 2080 4435 tes
2104 4380 2159 4434 in
2186 4379 2514 4449 Episcopum
2544 4391 2727 4441 suum,
2750 4379 2803 4428 et
2831 4375 3059 4443 Regem,
3088 4380 3140 4425 et
3162 4372 3401 4442 reliquos
3444 4369 3592 4423 Prin-

1997 4473 2141 4544 cipes
2188 4472 2620 4527 concitaverunt.
2649 4467 2886 4537 Quidam
2916 4466 3059 4521 enim
3090 4481 3220 4535 puer
3267 4481 3331 4519 ex
3358 4464 3592 4530 civitate,

280 4571 510 4617 sanctus
542 4561 597 4615 in
631 4577 817 4616 aurem
864 4562 1197 4617 decernenda
1228 4561 1470 4627 dictavit,
1503 4560 1553 4615 in
1582 4561 1887 4631 Apostolica
1917 4574 1967 4635 D
1995 4567 2268 4622 nescimus
2294 4566 2334 4620 si
2369 4563 2585 4635 propria
2616 4562 2895 4616 voluntate
2950 4559 3169 4623 ductus,
3217 4573 3284 4611 an
3314 4555 3382 4610 ab
3410 4556 3594 4626 aliquo

278 4655 428 4710 Sede
456 4654 805 4718 constitutus,
853 4654 1290 4727 irrel'ragabiliter
1341 4655 1579 4710 decrevit
1630 4658 1811 4726 Reges
1858 4670 1889 4709 a

278 4751 399 4803 suis
424 4748 775 4820 dignitatibus
815 4749 1027 4816 cadere,
1066 4757 1121 4804 et
1150 4749 1561 4821 participatione
1611 4736 1887 4804 Dominici

284 4842 541 4914 corporis
582 4852 635 4897 et
663 4844 937 4915 sanguinis
984 4859 1185 4911 carere,
1230 4844 1274 4898 si
1323 4851 1713 4914 praasumerent
1740 4842 1890 4898 Sedis

284 4935 629 5009 Apostolica;
660 4937 810 5007 jussa
854 4947 1219 4993 contemnere.
1278 4936 1332 4992 Si
1371 4938 1517 4992 enim
1550 4936 1786 4992 caelestia
1833 4943 1888 4990 et

288 5030 594 5103 spiritualia
623 5031 791 5087 Sedes
844 5034 909 5086 B.
941 5032 1084 5087 Petri
1114 5031 1275 5086 solvit
1317 5039 1371 5086 et
1412 5030 1640 5102 judicat,
1685 5038 1887 5101 quanto

289 5126 469 5195 magis
506 5130 723 5180 terrena
760 5134 816 5179 et
867 5127 1162 5195 sacularia,
1212 5126 1363 5198 juxta
1403 5124 1535 5181 illud
1584 5124 1829 5195 Apostoli
1871 5142 1885 5179 :

291 5218 546 5283 Diescitis,
593 5219 790 5292 inquit,
836 5220 1091 5291 quoniam
1137 5228 1191 5275 et
1221 5218 1453 5292 Angelos
1498 5218 1887 5291 judicabimus,

294 5321 504 5383 quanto
534 5314 707 5384 magis
784 5313 1099 5369 saecularia?
1165 5313 1255 5369 Sic
1329 5313 1516 5385 utique
1570 5312 1888 5367 auctoritate

292 5405 546 5477 Stephani
572 5409 731 5479 Papae
755 5408 1057 5463 Hildericus
1086 5411 1205 5463 Rex
1230 5408 1565 5462 Francorum
1599 5422 1696 5477 pro
1740 5406 1889 5478 igna-

293 5500 380 5554 via
422 5517 520 5556 sua
552 5501 843 5573 deponitur
902 5521 915 5557 :
958 5502 1112 5573 eique
1159 5501 1404 5573 deposito
1436 5500 1660 5573 insuper
1702 5508 1756 5555 et
1799 5500 1893 5555 de-

294 5603 484 5661 tonso,
511 5604 565 5650 et
592 5596 645 5649 in
665 5595 1055 5651 monasterium
1082 5595 1269 5660 misso,
1300 5594 1525 5666 Pipinus
1553 5595 1606 5649 in
1634 5597 1890 5667 Regnum

292 5698 638 5761 surrogatur.
695 5693 981 5757 Praeterea,
1028 5688 1181 5744 liberi
1236 5688 1481 5743 homines
1510 5688 1801 5745 Henricum
1827 5704 1890 5744 eo

294 5793 458 5855 pacto
479 5784 579 5840 sibi
611 5793 1007 5856 proposuerunt
1035 5784 1089 5839 in
1134 5786 1367 5856 Regem,
1399 5792 1461 5838 ut
1480 5784 1741 5839 electores
1760 5799 1889 5838 suos

286 5878 441 5949 jnste
462 5878 719 5950 judicare,
747 5887 803 5935 et
848 5878 1010 5949 regali
1052 5876 1393 5951 providentia
1434 5877 1740 5948 gubernare
1786 5886 1891 5932 sat-

1998 4676 2306 4732 persuasus,
2328 4658 2542 4713 cuidam
2577 4655 2733 4710 militi
2772 4651 3173 4723 Archiepiscopi
3226 4659 3432 4722 partem
3481 4666 3594 4720 preo

1996 4754 2147 4810 tiosa:
2177 4753 2336 4807 vestis
2360 4751 2562 4806 furtive
2581 4748 2749 4803 voluit
2770 4747 3094 4802 detruncare
3125 4762 3138 4800 :
3171 4744 3259 4816 qui
3291 4744 3479 4799 statim
3506 4758 3594 4797 ca-

1998 4858 2123 4920 ptus
2138 4857 2219 4902 est
2235 4862 2262 4901 a
2282 4846 2476 4900 milite.
2497 4848 2618 4916 Quo
2632 4841 2833 4910 audito,
2858 4844 3188 4896 Procurator
3198 4838 3430 4893 civitatis
3447 4853 3600 4892 eum-

1995 4941 2124 4997 dem
2158 4956 2254 5011 per
2277 4954 2475 4995 manus
2521 4936 3086 5008 exceptum,liberum
3116 4934 3263 4988 abire
3284 4932 3425 4999 fecit,
3452 4930 3598 4985 nulla

1996 5044 2182 5091 tamen
2206 5033 2470 5089 seditione
2490 5039 2788 5087 commota.
2814 5028 3003 5085 Clerici
3032 5037 3239 5094 autem,
3279 5026 3465 5081 audito
3487 5024 3597 5079 hu-

1990 5128 2235 5201 jusmodi
2256 5143 2499 5195 rumore,
2520 5134 2744 5197 captum
2776 5124 2938 5179 fuisse
2963 5138 3193 5194 puerum
3222 5136 3385 5193 quem
3415 5128 3601 5175 tamen

1992 5223 2107 5295 jam
2139 5222 2429 5278 dimissum
2463 5221 2687 5289 scirent,
2717 5233 3008 5289 campanas
3053 5216 3413 5287 compulsare,
3454 5213 3601 5268 cives

1998 5316 2225 5372 nutibus
2259 5324 2314 5370 et
2339 5313 2615 5387 probrosis
2659 5312 3130 5368 adhortationibus
3161 5308 3231 5364 ad
3269 5307 3601 5365 seditionem

2000 5410 2258 5473 excitare,
2296 5409 2380 5463 vel
2411 5408 2589 5479 potius
2631 5406 2958 5477 compellere
2996 5421 3107 5460 non
3145 5404 3463 5459 timuerunt.
3491 5401 3600 5457 Sed

2000 5508 2121 5561 Rex
2138 5504 2254 5576 jam
2293 5501 2448 5557 ﬁnito
2482 5501 2711 5574 prandio
2756 5501 2827 5557 ad
2874 5500 3158 5555 ecclesiam
3187 5497 3255 5553 de
3287 5497 3487 5568 palatio
3514 5496 3608 5552 de-

2000 5597 2230 5665 scendit,
2267 5604 2323 5652 et
2360 5599 2624 5667 Vesperas
2684 5595 2874 5651 audire
2929 5594 3115 5664 cmpit.
3172 5592 3401 5646 Interim
3450 5590 3605 5662 plebs

2002 5690 2207 5756 furens,
2258 5666 2571 5763 sanguinem
2625 5690 2789 5763 Regis
2849 5698 2904 5744 et
2960 5687 3298 5759 reliquorum
3382 5684 3595 5751 sitiens,

2002 5784 2173 5856 ipsam
2203 5784 2486 5839 ecclesiam
2511 5792 2564 5838 et
2600 5785 2861 5855 palatium
2905 5783 3215 5852 irrumpere
3245 5777 3439 5833 nititur
3472 5798 3483 5832 :
3510 5777 3608 5833 sed

2004 5893 2035 5932 a
2062 5878 2324 5934 Militibus
2350 5877 2511 5949 Regis
2535 5877 2920 5949 compescitur,
2952 5874 3079 5928 licet
3112 5869 3411 5929 inermibus
3442 5890 3455 5927 :
3484 5887 3613 5928 nam
