4122 6180
543 319 610 372 87
1208 334 1213 338 -
1777 300 1832 357 s.
1874 289 2257 356 cascomus
2289 297 2381 352 vn
2415 297 2606 352 PAPA.
3062 269 3064 271 ’
3768 295 3836 350 88

541 404 598 498 in
618 407 816 497 diebus
839 433 1274 510 Quadragesimm
1311 425 1649 504 consuetudo
1685 434 1804 482 erat
1821 426 1938 481 sine
1967 425 2135 480 armis
2163 430 2215 492 Α
2246 426 2464 494 scopu's,
2506 425 2652 487 Dux,
2702 419 2966 484 Marchio,
3009 419 3230 485 Comes,
3277 417 3388 474 sive
3432 417 3608 483 Miles,
3663 418 3837 489 aliqua

546 535 871 608 procedere;
895 530 988 586 sed
1007 538 1062 584 et
1087 529 1224 596 ipsa,
1243 524 1288 579 si
1302 537 1424 594 quae
1450 520 1720 576 habebant
1744 537 1838 592 per
1865 519 2139 574 civitatem

548 630 603 684 in
637 626 893 696 hospitiis
915 622 1138 677 dimissa
1158 659 1173 684 ,
1198 632 1310 688 prae
1339 615 1606 672 seditione
1634 614 1832 670 civium
1863 613 2142 684 acquirere

546 737 661 776 non
697 724 967 790 poterant.
1000 712 1194 768 Finitis
1214 719 1398 766 autem
1430 708 1701 780 Vesperis,
1724 710 1840 763 Rex
1870 721 1997 763 cum
2040 708 2143 760 Ar-

547 812 892 882 chiepiscopo
918 815 970 862 et
1001 805 1226 876 reliquis
1263 801 1628 874 Principibus,
1667 801 1722 856 in
1763 800 2026 871 palatium
2075 797 2142 853 de

459 889 464 894 ”
545 904 765 959 ecclesia
802 915 1101 972 regressus,
1167 913 1295 952 cum
1335 895 1600 968 populum
1655 892 1933 950 furentem
1968 891 2140 947 abin-

544 1003 701 1066 cepto
730 994 880 1050 nolle
899 993 1180 1056 desistere,
1215 985 1313 1045 sed
1343 1005 1437 1044 eos
1460 989 1634 1060 ipsam
1661 986 2144 1057 Quadragesimam

546 1089 693 1144 diem
715 1087 1094 1152 'Dominicam,
1126 1082 1499 1140 cmmeterium
1537 1081 1798 1145 ecclesiaa,
1827 1081 1941 1134 imo
1968 1079 2144 1150 ipsam

549 1195 742 1238 eorum
763 1181 1048 1235 matricem
1075 1177 1360 1232 ecclesiam
1393 1173 1684 1231 furibunda
1715 1173 1982 1229 seditione
2023 1187 2146 1243 pro-

549 1275 756 1340 fanare,
783 1273 967 1344 sicque
1008 1286 1132 1326 cum
1165 1269 1446 1340 multiplici
1489 1267 1764 1339 sacrilegio
1818 1267 1873 1321 in
1905 1273 2143 1321 mortem

551 1383 737 1429 suam,
763 1366 1180 1436 Episcoporum,
1227 1377 1562 1432 suorumque
1600 1360 1866 1426 omnium,
1907 1358 2035 1413 nihil
2078 1358 2145 1412 ab

553 1461 683 1530 ipsis
720 1459 1023 1530 injuriatos,
1065 1456 1402 1528 conspirasse
1437 1455 1673 1519 vidisset,
1719 1452 1900 1525 gladio
1965 1452 2147 1507 accin—

551 1562 689 1618 ctus,
721 1567 910 1608 eorum
954 1550 1222 1606 insaniam
1259 1563 1604 1620 compescere
1649 1547 1982 1603 deliberavit.
2041 1543 2146 1600 Sed

552 1647 831 1716 Principes
871 1645 1006 1716 ejus,
1049 1660 1174 1699 eum
1227 1652 1415 1698 contra
1452 1642 1662 1714 regium
1705 1657 1914 1696 morem
1953 1655 2144 1712 proce-

555 1739 682 1794 dere
704 1755 812 1793 non
832 1738 1215 1809 permiserunt.
1251 1737 1354 1807 Ipsi
1394 1744 1581 1790 autem
1610 1751 1674 1789 ex
1703 1743 1973 1806 praecepto
2003 1733 2142 1805 ejus,

2249 514 2669 589 praesumptione.
2705 513 3058 569 temerariove
3100 529 3254 578 ausu,
3288 510 3474 566 fraude
3501 511 3712 578 dolove,
3742 527 3838 567 seu

2250 610 2426 680 aliqua
2465 607 2888 680 perturbatione,
2951 607 3170 676 Legatis
3203 605 3406 660 nostris
3469 604 3730 660 obsistere
3784 613 3840 660 et

2251 703 2537 769 contraire,
2566 717 2636 756 ne
2653 701 2918 773 justitiam
2938 707 2992 754 et
3029 700 3193 755 finem
3235 707 3591 769 componant,
3622 707 3837 770 perten-

2250 804 2346 852 tet.
2381 795 2722 866 Quicumque
2765 801 2949 848 autem
2992 792 3282 848 temerario
3337 807 3470 846 ausu
3523 790 3685 863 (quod
3727 806 3839 845 non

2253 898 2505 962 Optamus
2548 888 2728 959 (hujus
2774 895 2980 942 nostra:
3009 885 3410 942 constitutionis
3436 885 3665 940 violator
3698 885 3836 940 exti-

2253 983 2398 1052 terit,
2419 981 2741 1054 Legatisque
2775 980 2976 1035 nostris
3013 979 3437 1050 prmnominatis,
3493 978 3562 1034 ad
3585 977 3726 1033 hanc
3751 994 3842 1049 pa-

2253 1092 2374 1132 cem
2425 1073 2860 1147 componendam
2917 1073 3192 1138 euntibus,
3241 1071 3491 1128 fraudem
3525 1110 3533 1116 ς
3566 1087 3842 1142 opponere

2253 1170 2562 1234 tentaverit,
2606 1168 2818 1223 vinculo
2866 1182 2992 1222 eum
3040 1167 3397 1222 anathematis
3437 1165 3740 1238 alligamus,
3783 1175 3839 1220 et

2253 1280 2366 1320 non
2385 1263 2568 1319 solum
2599 1263 2652 1317 in
2679 1261 2888 1333 spiritu.
2920 1275 3109 1316 verum
3139 1259 3300 1315 etiam
3327 1268 3384 1315 et
3409 1259 3462 1314 in
3509 1273 3758 1329 corpore,
3787 1267 3842 1313 et

2256 1356 2408 1414 omni
2435 1356 2785 1429 prosperitate
2831 1354 2993 1426 hujus
3031 1354 3176 1417 vitae,
3214 1352 3527 1425 Apostolica
3577 1359 3841 1423 potestate

2255 1451 2608 1512 innodamus,
2641 1459 2697 1504 et
2719 1448 2997 1503 victoriam
3037 1447 3152 1518 ejus
3194 1447 3250 1501 in
3296 1446 3461 1501 armis
3499 1445 3837 1501 auferimus:

2257 1553 2318 1600 ut
2356 1545 2432 1600 sic
2477 1544 2667 1599 saltem
2697 1540 3082 1610 confundatur,
3112 1549 3167 1596 et
3193 1539 3389 1611 duplici
3431 1537 3750 1595 confusione
3788 1547 3843 1594 et

2252 1638 2572 1694 contritione
2625 1643 2956 1692 conteratur.
3018 1641 3216 1690 Actum
3258 1637 3454 1690 Romae
3496 1635 3558 1688 in
3607 1633 3840 1688 Ecclesia

2253 1733 2473 1788 Domini
2538 1730 2878 1798 Salvatoris,
2921 1736 2955 1784 5
3010 1732 3196 1786 Nonas
3263 1727 3466 1796 Martii,
3542 1725 3839 1784 lndictione

555 1833 816 1887 mutuatis
845 1830 1238 1901 undecumque
1271 1837 1519 1899 poterant
1545 1828 1726 1890 armis,
1761 1828 2000 1899 primum
2027 1829 2145 1899 qui-
2179 1816 2226 1878 Β
2258 1827 2446 1899 prima.
2483 1849 2509 1876 ι

550 1924 676 1998 dem
706 1923 775 1980 ad
804 1924 1218 1996 supplicandum
1243 1927 1358 1977 Deo
1383 1921 1659 1978 ecclesiam
1677 1921 1923 1992 ingressi,
1945 1920 2146 1977 deinde

551 2018 722 2090 Kyrie
751 2019 950 2073 eleison
981 2017 1033 2072 in
1061 2017 1232 2071 altum
1253 2017 1625 2081 concinentes,
1649 2031 1744 2084 per
1763 2025 2001 2086 portam,
2022 2029 2146 2085 qua:

551 2111 727 2184 magis
753 2111 1192 2180 impugnabatur,
1227 2109 1478 2164 exsiliunt
1519 2108 1587 2162 de
1621 2108 1863 2164 ecclesia.
1913 2109 2018 2176 Qui
2041 2116 2149 2162 sta-

553 2205 680 2271 tim,
721 2204 844 2259 licet
897 2202 1224 2274 paucissimi,
1277 2201 1574 2256 maximam
1609 2201 2016 2256 multitudinem
2048 2201 2144 2255 ho-

548 2297 714 2353 stium
761 2295 897 2351 adeo
926 2296 983 2351 in
1007 2295 1188 2364 fugam
1229 2303 1524 2360 verterunt,
1577 2302 1638 2350 ut
1683 2294 1906 2366 quidam
1947 2310 2141 2350 eorum

551 2391 717 2447 etiam
763 2405 820 2443 se
864 2389 917 2443 in
947 2389 1203 2444 Rhenum
1249 2388 1500 2443 morituri
1548 2389 1974 2460 praecipitarent;
2020 2387 2144 2442 licet

551 2483 685 2554 regii
713 2483 914 2537 Milites
942 2498 1133 2554 parum
1177 2497 1271 2537 eos
1312 2483 1452 2538 ultra
1481 2473 1863 2538 coemeterium
1900 2482 2143 2540 ecclesia:

551 2577 984 2648 inesquercntur.

1149 2713 1388 2768 CAPUT
1450 2714 1555 2769 ΧῙ.

551 2841 851 2910 Gregorius
888 2841 1132 2910 Legatos,
1161 2838 1236 2892 ad
1269 2840 1500 2892 schisma
1551 2840 1771 2906 imperii
1795 2853 1862 2891 ea:
1909 2854 2146 2908 compro-

695 2913 857 2964 misso
888 2909 1234 2972 tollendum,
1277 2914 1335 2964 in
1379 2913 1728 2967 German-iam
1789 2910 1999 2978 dirigit.

623 3053 713 3102 88.
745 3051 908 3102 Anno
931 3047 998 3102 ab
1030 3047 1408 3102 lncarnatione
1427 3046 1652 3101 Domini
1687 3052 1840 3101 1078.
1881 3044 2144 3100 lndictio—

2325 1927 2414 1976 89.
2443 1923 2553 1986 (85)
2587 1942 2613 1968 ι
2654 1919 2948 1992 Gregorius
2987 1919 3304 1990 Episcopus,
3339 1933 3528 1973 servus
3555 1932 3840 1974 servorum

2255 2015 2372 2083 Dei,
2424 2013 2870 2085 Archiepiscopis,
2909 2013 3205 2084 Episcopis,
3266 2011 3508 2078 Clericis,
3562 2010 3832 2075 Ducibus,

2252 2109 2689 2176 Marchionibus,
2738 2107 3074 2173 Comitibus,
3126 2106 3488 2178 omnibusque
3545 2105 3839 2176 majoribus

2255 2211 2414 2274 atque
2447 2201 2746 2258 minoribus
2794 2201 2847 2256 in
2912 2201 3210 2256 Teutonico
3259 2203 3450 2271 Regno
3507 2197 3839 2262 constitutis,

2256 2297 2489 2367 exceptis
2517 2296 2600 2351 his
2627 2295 2716 2367 qui
2736 2295 3004 2350 Canonica
3039 2293 3599 2350 excommunicatione
3649 2300 3840 2347 tenen-

2257 2397 2365 2457 tur,
2397 2389 2627 2444 salutem
2649 2397 2704 2443 et
2745 2389 3114 2460 Apostolicam
3142 2385 3592 2442 benedictionem.
3631 2385 3838 2440 Notum

2258 2483 2411 2538 vobis
2439 2483 2553 2538 fieri
2604 2481 2879 2548 volumus,
2909 2483 3124 2537 Fratres
3170 2479 3451 2544 carissimi,
3490 2477 3640 2550 quod
3694 2477 3750 2532 in
3780 2492 3842 2531 ea

2258 2576 2500 2649 Synodo,
2539 2592 2705 2649 quam
2745 2592 2918 2647 nuper
2958 2579 3154 2631 Roma:
3193 2572 3606 2639 celebravimus;
3649 2594 3676 2620 ι
3734 2579 3838 2626 etc.

2264 2673 2402 2728 Vide
2447 2675 2600 2728 inter
2631 2669 2884 2741 epistolas
2929 2672 2986 2725 S.
3041 2671 3309 2738 Gregorii,
3339 2669 3515 2735 infra.

2323 2769 2414 2821 90.
2446 2765 2553 2837 (86)
2579 2787 2603 2814 σι
2630 2763 2947 2836 Gregorius,
2975 2762 3294 2834 Episcopus,
3337 2775 3522 2816 servus
3550 2773 3835 2814 servorum

2254 2861 2353 2916 Dei
2370 2879 2386 2924 ;
2412 2859 2594 2916 Udoni
2610 2863 2742 2925 (87),
2765 2856 3064 2913 Trevirensi
3088 2855 3528 2926 Archiepiscopo,
3542 2853 3770 2907 salutem
3787 2859 3842 2906 et

2255 2953 2629 3025 Apostolicam
2681 2951 3135 3007 benedictionem.
3190 2951 3402 3020 Quanta
3457 2946 3612 3002 nobis
3646 2945 3842 3000 sollici~

2254 3047 2388 3102 tudo
2441 3055 2746 3118 quantaque
2791 3044 3001 3100 tristitia
3046 3043 3114 3098 sit
3175 3041 3242 3097 de
3278 3039 3698 3112 perturbatione,
3731 3039 3842 3093 imo

551 3156 622 3196 ne
638 3141 829 3210 prima,
861 3157 990 3194 cum
1024 3148 1251 3209 uterque
1299 3142 1434 3205 Rex,
1482 3132 1758 3192 Henricus
1798 3137 2049 3192 videlicet
2088 3147 2144 3194 et
2181 3140 2225 3202 C
2253 3140 2320 3195 de
2349 3139 2566 3194 dissidio
2595 3138 2743 3208 regni
2786 3137 2967 3201 vestri,
3017 3137 3150 3191 olim
3188 3133 3467 3190 clarissimi
3497 3141 3552 3187 et
3579 3131 3840 3203 potentis-

553 3232 903 3302 Rudolphus,
938 3231 1008 3286 ab
1038 3232 1351 3303 Apostolica
1391 3231 1527 3286 Sede
1555 3229 1886 3301 adiutorium
1912 3231 2149 3301 require-

552 3332 664 3391 ret;
694 3324 989 3394 Gregorius
1014 3327 1153 3396 Papa
1184 3325 1465 3395 septimus,
1496 3324 1727 3394 generali
1753 3323 1972 3395 Synodo
2009 3339 2150 3396 pra:-

553 3417 757 3480 sidens,
803 3418 1076 3474 decrevit:
1119 3441 1144 3465 «
1178 3418 1452 3487 Quoniam
1489 3418 1552 3487 iis
1586 3427 1640 3473 et
1670 3417 2000 3488 perturbatio
2044 3420 2149 3472 Re-

557 3511 668 3582 gni,
700 3511 755 3566 in
789 3513 1089 3567 maximum
1121 3521 1324 3568 sanctm
1370 3511 1620 3567 Ecclesia:
1650 3511 1946 3582 periculum
1976 3519 2030 3566 et
2056 3510 2148 3565 de-

556 3606 876 3660 trimentum
905 3605 1142 3676 quotidie
1167 3605 1472 3660 redundare
1509 3605 1770 3672 cernitur,
1800 3604 1974 3674 placet
1995 3603 2150 3658 nobis

556 3697 834 3752 elaborare
861 3715 957 3767 pro
981 3697 1203 3763 viribus,
1226 3705 1494 3766 quatenus
1525 3697 1708 3752 idonei
1733 3706 1846 3751 tam
1890 3697 2150 3768 religione

555 3805 720 3860 quam
752 3790 918 3844 etiam
944 3791 1167 3844 scientia
1194 3790 1460 3861 pollentes
1485 3790 1687 3857 Nuntii,
1716 3798 1770 3844 et
1803 3791 1964 3845 latere
1997 3789 2150 3846 Sedis

557 3881 884 3951 Apostolicaa
913 3882 980 3937 ad
1034 3890 1209 3952 partes
1230 3883 1346 3938 illas
1375 3884 1681 3949 mittantur,
1726 3882 1818 3955 qui
1847 3899 2039 3938 omnes
2061 3898 2146 3937 re-

558 3975 778 4045 ligiosos
832 3985 888 4029 et
914 3976 1148 4047 justitiae
1204 3985 1496 4042 amatores,
1547 3976 1602 4030 iu
1656 3976 1940 4031 Teutonici
1975 3977 2152 4048 Regni

557 4067 800 4138 partibus
825 4077 1254 4136 commorantes,
1293 4069 1564 4125 Clericalis
1588 4077 1643 4124 et
1681 4069 1911 4124 Laicalis
1943 4069 2149 4124 ordinis

556 4161 717 4228 viros,
749 4169 802 4215 et
829 4160 900 4216 ad
927 4162 1032 4216 hoc
1060 4177 1198 4233 opus
1227 4161 1476 4227 idoneos,
1503 4171 1832 4230 convocent;
1851 4179 1977 4217 cum
2021 4163 2145 4233 qui—

556 4254 659 4310 bus
680 4254 922 4320 (Domini
970 4255 1140 4325 gratia
1175 4261 1473 4328 praeeunte)
1523 4263 1619 4311 aut
1659 4256 1822 4311 linem
1865 4265 1918 4312 et
1955 4272 2146 4327 pacem

549 4347 695 4419 justc
718 4352 1084 4418 componant;
1113 4357 1206 4403 aut
1249 4349 1468 4404 veritate
1513 4350 1848 4420 percognita,
1893 4350 1974 4404 cui
2006 4350 2145 4421 parti

549 4441 753 4512 justitia
787 4441 955 4513 magis
1001 4441 1194 4511 faveat,
1232 4443 1298 4498 ad
1330 4443 1549 4510 plenum
1585 4443 1860 4498 addiscere
1907 4443 2144 4504 valeant;

2255 3233 2398 3299 simi,
2429 3254 2454 3281 ιι
2488 3241 2592 3287 etc.
2627 3232 2765 3286 Vide
2795 3233 2893 3285 ubi
2926 3246 3114 3299 supra.

2325 3331 2414 3382 91.
2442 3329 2600 3380 Anno
2625 3324 2691 3380 ab
2719 3323 3092 3379 lncarnatione
3116 3322 3333 3379 Domini
3373 3328 3528 3388 1078,
3554 3320 3841 3376 Pontiﬁca-

2257 3428 2345 3475 tus
2375 3435 2500 3474 vero
2523 3418 2742 3473 Domini
2773 3417 3020 3489 Gregorii
3063 3418 3274 3487 septimi
3297 3421 3454 3486 Papae.
3486 3425 3658 3478 sexto,
3697 3413 3842 3468 deci-

2258 3529 2350 3568 mo
2375 3513 2532 3567 tertio
2580 3511 2855 3567 Kalendas
2889 3510 3222 3576 Decembris,
3256 3509 3547 3565 lndictione
3585 3506 3842 3571 secunda,

2257 3615 2575 3678 congregata
2597 3614 2678 3660 est
2705 3604 2952 3677 Synodus
2980 3607 3174 3659 Roma:
3199 3605 3253 3658 in
3293 3602 3532 3669 ecclesia,
3577 3603 3632 3656 S.
3665 3600 3848 3655 Salva-

2257 3699 2411 3766 toris,
2434 3699 2486 3753 in
2517 3715 2620 3771 qua
2649 3699 2968 3769 juraverunt
2998 3698 3151 3768 legati
3183 3696 3400 3751 Henrici
3449 3703 3503 3749 et
3547 3693 3843 3764 Rudolphi,

2257 3793 2480 3863 quisque
2509 3808 2606 3863 pro
2651 3795 2890 3846 Domino
2940 3808 3062 3857 suo,
3107 3791 3251 3862 quod
3280 3789 3439 3844 nullis
3492 3787 3632 3843 dolis
3675 3787 3842 3840 collo-

2259 3886 2449 3958 quium
2477 3888 2808 3956 Legatorum
2855 3885 3005 3940 Sedis
3048 3883 3406 3956 Apostolicae,
3447 3880 3501 3936 in
3545 3879 3843 3935 Teutonico

2258 3983 2448 4051 Regno
2479 3979 2792 4044 habendun,
2822 3978 3132 4050 impedient.

2329 4079 2419 4128 92.
2468 4078 2624 4128 Anno
2657 4073 2728 4127 ab
2767 4072 3141 4127 lncarnatione
3184 4071 3406 4126 Domini
3448 4076 3605 4126 1079.
3657 4071 3845 4124 Mense

2255 4166 2569 4229 Februario,
2629 4165 2923 4220 lndictione
2954 4170 3014 4225 2,
3064 4164 3420 4219 Pontiﬁcatus
3465 4179 3592 4217 vero
3625 4161 3843 4216 Domini

2256 4259 2498 4330 Gregorii
2518 4258 2731 4329 septimi
2760 4262 2919 4328 Papae
2961 4259 3078 4324 Vll,
3139 4257 3322 4327 Legati
3369 4256 3538 4327 Regis
3567 4253 3844 4325 Rudolphi

2255 4367 2418 4423 super
2453 4351 2750 4406 Henricum
2814 4352 3303 4422 proclamaverunt,
3355 4349 3503 4421 quod
3543 4349 3675 4404 nulli
3723 4349 3846 4402 loco

2254 4445 2493 4515 nullique
2539 4459 2784 4516 personae
2841 4460 3082 4515 parcens,
3147 4444 3425 4515 regionem
3461 4441 3848 4512 transalpinam

555 4543 820 4604 quatenus
876 4551 997 4606 pars
1031 4535 1224 4606 iniusta
1254 4537 1500 4604 desistat,
1528 4546 1581 4592 et
1619 4537 1929 4608 Apostolica
1958 4546 2144 4593 aucto-
2177 4518 2227 4579 Ῑ)
2255 4545 2560 4593 contereret
2599 4547 2653 4592 et
2701 4537 3059 4600 conculcaret,
3088 4537 3358 4593 neminem
3411 4535 3622 4591 debitus
3671 4534 3850 4589 honor

554 4627 710 4682 ritate
763 4629 971 4683 munita
1012 4630 1260 4698 justitia,
1295 4631 1489 4698 vigoris
1516 4639 1571 4686 et
1607 4629 1950 4685 auctoritatis
1979 4631 2150 4686 robur

553 4719 808 4774 obtineat.
844 4723 1047 4776 Verum
1079 4723 1335 4794 quoniam
1391 4723 1712 4789 nonnullos,
1763 4715 2026 4778 diabolica
2069 4723 2148 4778 in-

554 4812 753 4868 stinctu
804 4813 1081 4878 collectos,
1114 4815 1407 4886 tyrannidis
1455 4832 1567 4872 sua:
1613 4816 1821 4872 facibus
1864 4832 2141 4883 accensos,

555 4905 728 4976 turpis
771 4906 906 4961 lucri
944 4907 1180 4962 avaritiae
1207 4909 1565 4979 mancipatos,
1609 4909 1937 4965 discordiam
1969 4911 2146 4981 potius

557 5014 721 5070 quam
755 5015 941 5069 pacem
969 5000 1083 5054 ﬁeri
1131 5010 1186 5055 et
1232 5001 1413 5056 videre
1442 5001 1827 5069 desiderantes,
1871 5001 1986 5056 fore
2035 5018 2145 5057 non

555 5091 899 5160 ignoramus;
933 5093 1224 5148 statuimus
1253 5102 1313 5148 ut
1339 5094 1483 5150 nulla
1520 5111 1765 5166 unquam
1796 5111 2027 5167 persona
2055 5096 2146 5151 ali-

556 5183 710 5255 cujus
760 5186 1032 5257 potentiae,
1085 5187 1194 5242 sive
1235 5189 1353 5244 Rex
1382 5196 1478 5243 aut
1520 5188 1992 5261 Archiepiscopus,
2024 5189 2146 5261 Epi-

630 5417 741 5478 (85)
773 5415 871 5467 Est
903 5413 1021 5469 haec
1051 5414 1288 5486 Epistola
1328 5423 1389 5472 15
1425 5417 1538 5472 libri
1571 5423 1624 5472 5.

628 5490 733 5546 (86)
770 5486 880 5560 U_do
918 5489 1218 5541 Trevirensi
1255 5489 1508 5560 Ecclesia
1545 5488 1758 5560 prmfuit
1784 5489 1852 5545 ab
1873 5507 1959 5545 an.
2005 5496 2141 5545 1068

557 5567 728 5624 usque
845 5565 1234 5636 annum‘1077“.
1268 5559 1421 5636 Ejus
1438 5556 1748 5636 res_'ges_tas
1789 5561 1958 5636 refert
1998 5565 2140 5636 _Bro-

555 5641 732 5708 yverus
771 5627 886 5708 lib._
913 5643 994 5708 ιςιι
1039 5630 1330 5708 Annalium
1361 5627 1796 5708 _'I_‘revi_eénsi_um,
1847 5633 1936 5687 ubi
1981 5633 2140 5687 docet

552 5699 728 5770 ipsum
773 5699 1152 5770 arSchismate
1207 5701 1419 5755 Henrici
1471 5703 1542 5755 ιν
1592 5703 1871 5770 defecisse,
1925 5710 1979 5757 et
2006 5705 2137 5757 alios

550 5768 934 5894 tScmh‘issmaticos
994 5772 1290 5843 Episcopos
1353 5772 1422 5827 ad
1491 5775 1700 5830 saniora
1772 5768 1992 5829 consilia
2049 5789 2133 5828 re-

643 5883 652 5892 .
677 5856 689 5893 ι
721 5855 800 5894 se.

643 5855 800 5898 XISSC.

2256 4631 2338 4686 vel
2387 4631 2680 4686 reverentia
2723 4639 2986 4698 tueretur,
3035 4639 3089 4686 et
3133 4647 3231 4685 ceu
3279 4631 3400 4685 vilia
3426 4628 3690 4699 mancipia
3733 4643 3848 4682 non

2256 4724 2422 4780 modo
2464 4725 2800 4792 Sacerdotes,
2849 4724 2944 4779 sed
2985 4725 3150 4779 etiam
3187 4724 3430 4795 Episcopi
3469 4731 3523 4777 et
3567 4720 3846 4791 Archiepi-

2252 4817 2399 4889 scopi
2441 4828 2780 4888 caperentur,
2829 4817 3157 4888 vinculisque
3213 4817 3670 4887 manciparentur,
3725 4829 3847 4884 par-

2252 4911 2456 4983 timque
2493 4912 2608 4982 jam
2640 4909 3055 4966 trucidarentur.
3105 4913 3472 4965 Decreverunt
3521 4924 3649 4981 ergo
3677 4922 3845 4978 quam

2253 5004 2431 5074 plures
2459 5005 2709 5070 Concilii,
2758 5004 2812 5058 in
2847 5004 2996 5059 illum
3027 5004 3368 5075 tyrannidem
3420 5002 3657 5073 gladium
3699 5005 3846 5071 Apo-

2251 5096 2501 5153 stolicum
2557 5098 2753 5153 debere
2794 5097 3061 5169 evaginari
3109 5117 3120 5152 :
3163 5097 3260 5152 sed
3285 5096 3492 5152 distulit
3528 5093 3846 5165 Apostolica

2253 5191 2635 5258 mansuetudo,
2665 5190 2827 5246 simul
2853 5199 2906 5245 et
2925 5189 3054 5246 illud
3079 5189 3387 5256 attendens,
3426 5189 3575 5262 quod
3595 5191 3710 5257 (88)
3741 5189 3842 5243 Pe.

2322 5423 2432 5485 (87)
2453 5421 2549 5474 Est
2580 5418 2696 5475 haec
2724 5419 2969 5489 Epistola
3005 5425 3071 5474 16
3103 5418 3195 5474 lib.
3223 5434 3273 5472 v.
3298 5416 3380 5472 Ad
3414 5416 3671 5473 eumdem
3701 5431 3838 5488 quo-

2249 5507 2354 5560 que
2391 5500 2516 5545 sunt
2573 5492 2807 5562 Epistola
2853 5497 2916 5546 81
2973 5491 3096 5562 libri
3127 5489 3320 5562 primi,
3365 5497 3439 5562 et_
3473 5489 3731 5562 Epistola
3782 5495 3846 5541 10

2251 5558 2369 5616 libri
2401 5571 2454 5628 2,
2485 5558 2725 5625 tum—12,
2758 5562 2875 5616 libri
2907 5577 3000 5617 ιιι.
3033 5560 3370 5615 adUdonem
3398 5558 3558 5614 simul
3592 5570 3645 5614 et
3673 5558 3845 5614 Theo-

2247 5633 2496 5688 doricum
2550 5633 2968 5700 Virdunensem,
3002 5643 3054 5686 et
3085 5633 3464 5686 Hermannum
3515 5635 3843 5698 Metensem,

2245 5703 2469 5760 demum
2495 5705 2597 5760 alia
2626 5712 2680 5758 7.
2717 5704 2834 5760 lihri
2858 5710 2910 5758 5.
2953 5703 3020 5758 ad
3051 5702 3226 5772 ipsum
3247 5711 3303 5756 et
3331 5701 3731 5775 Suffraganeos.

2315 5776 2423 5844 (88)
2457 5779 2536 5831 De
2565 5781 2628 5832 B.
2657 5778 2818 5832 Petro
2846 5780 3005 5844 lgneo
3027 5781 3083 5828 et
3108 5775 3166 5828 S.
3193 5775 3490 5830 Attman-no
3517 5771 3693 5848 'supra
3747 5771 3845 5829 fuit

2244 5853 2423 5905 actum
2431 5889 2445 5905 ο
