4138 6190
312 274 381 325 89
1313 262 1833 323 PROLEGOMENA.
1878 296 1945 309 —
1981 266 2158 323 ACTA
2198 266 2253 322 S.
2293 263 2637 321 GREGORII.
3555 267 3625 321 90

313 404 401 451 tro
427 390 727 449 Albanensi
752 398 807 447 et
831 390 1129 446 Altmanno
1156 384 1482 446 Battaviensi
1525 390 1805 464 Episcopis
1851 391 1920 449 de
1946 395 1999 459 Α
2024 392 2273 459 noribus,
2299 391 2392 465 qui
2417 406 2531 447 non
2554 397 2683 446 sunt
2710 390 3167 447 excommunicati
3194 397 3251 447 et
3279 390 3501 449 obedire
3524 394 3623 448 vo.

316 487 513 544 eodem
546 485 768 559 negotio
798 483 1061 552 scribens,
1114 483 1253 540 inter
1284 492 1463 541 cetera
1492 483 1622 541 dicit
1652 505 1664 539 :
1698 486 1785 541 Sic
1826 502 1923 542 vos

315 582 535 653 utrique
578 579 717 651 parti
773 593 1118 646 communes,
1181 586 1235 633 et
1283 579 1351 634 ab
1404 579 1557 635 omni
1606 579 1923 652 suspicionis

316 691 499 739 nmvo,
532 682 802 745 quantum
832 674 886 727 in
917 670 1071 727 vobis
1097 680 1199 739 est,
1231 688 1358 728 cum
1384 672 1578 728 divina:
1610 673 1797 746 gratiae
1825 673 1920 730 ad-

316 769 525 841 jutorio
573 766 824 822 exhibete
868 766 1160 832 immunes,
1212 774 1274 822 ut
1307 765 1535 838 justitiae
1587 780 1826 839 semper,
1867 775 1922 823 et

323 862 480 917 nullo
506 860 669 916 modo
698 860 943 931 partibus
995 858 1239 926 faveatis,
1274 859 1414 915 sicut
1440 859 1654 916 habetis
1684 859 1919 917 formam

324 965 571 1011 nostram
620 974 633 1009 :
684 954 776 1025 qui
826 953 1093 1019 videlicet,
1142 962 1433 1025 postquam
1468 953 1739 1026 judicium
1786 956 1920 1011 tanti

322 1050 485 1118 huius
510 1047 708 1120 negotii
737 1048 792 1102 in
821 1063 987 1102 manu
1015 1050 1079 1101 Β.
1102 1047 1246 1103 Petri
1267 1046 1628 1103 commissum
1651 1055 1756 1117 est,
1787 1049 1918 1105 nihil

318 1141 467 1197 aliud
498 1142 726 1197 testibus
770 1141 923 1197 vobis
954 1140 1306 1209 intendimus,
1336 1140 1437 1197 nisi
1483 1150 1543 1197 ut
1574 1157 1671 1214 per
1699 1141 1921 1212 justitia

316 1236 575 1293 semitam
604 1234 937 1291 incedamus.
968 1234 1055 1290 Ad
1083 1234 1290 1290 nullam
1321 1242 1527 1305 partem
1554 1236 1919 1293 sinceritatem

316 1329 655 1401 Apostolicae
700 1328 1048 1384 discretionis
1102 1328 1432 1393 inﬂeximus,
1475 1329 1637 1385 nullis
1688 1330 1918 1401 promis-

315 1423 564 1479 sionibus
588 1432 684 1478 aut
708 1424 1004 1480 terroribus
1023 1422 1304 1491 cessimus,
1334 1439 1435 1479 nec
1464 1423 1607 1480 aliud
1632 1440 1916 1497 umquam,

317 1519 431 1574 Deo
466 1525 807 1589 protegente,
839 1526 1057 1573 acturos
1083 1532 1187 1572 nos
1216 1532 1333 1573 esse
1356 1517 1699 1575 conﬁdimus.

390 1617 480 1667 93.
512 1604 685 1667 Porro
714 1611 873 1683 legati
906 1611 1119 1667 Henrici
1154 1610 1338 1683 Regis,
1366 1611 1459 1683 qui
1488 1612 1761 1683 praedictae
1786 1629 1915 1685 que-

315 1706 447 1762 relae
476 1721 643 1777 super
667 1703 923 1763 eumdem
966 1705 1188 1777 prolata
1216 1713 1416 1777 praesto
1449 1705 1692 1775 fuerunt,
1724 1722 1915 1763 secun-

313 1800 452 1855 dum
484 1800 633 1855 hunc
654 1809 899 1855 tenorem
916 1799 1237 1871 juraverunt
1263 1816 1277 1853 :
1306 1822 1331 1847 α
1349 1800 1535 1872 Legati
1562 1800 1780 1856 Domini
1808 1802 1915 1857 mei

318 1894 543 1949 Henrici
570 1893 734 1966 Regis
759 1893 827 1949 ad
860 1908 958 1949 vos
986 1893 1201 1949 venient
1228 1893 1368 1949 infra
1390 1894 1689 1951 terminum
1716 1899 1914 1952 Ascen-

313 1988 487 2043 sionis
527 1987 772 2053 Domini,
815 1987 1051 2058 exceptis
1094 1986 1342 2059 legitimis
1370 1992 1479 2054 (89)
1508 1988 1715 2055 sonuis,
1757 1988 1811 2045 id
1836 1997 1917 2046 est

312 2090 502 2137 morte
528 2080 612 2136 vel
637 2080 784 2152 gravi
806 2079 1139 2149 inﬁrmitate,
1171 2082 1252 2136 vel
1276 2080 1522 2153 captione
1547 2080 1912 2154 absquedolo,

312 2175 409 2247 qui
451 2176 661 2245 legatos
696 2177 966 2231 Romana:
994 2173 1147 2230 Sedis
1193 2189 1380 2230 secure
1420 2174 1623 2231 ducent
1659 2182 1711 2230 et
1754 2175 1915 2231 redu-

314 2277 475 2336 cent;
516 2277 570 2324 et
596 2267 862 2324 Dominus
892 2271 1005 2324 Rex
1030 2267 1286 2324 obediens
1319 2268 1420 2324 illis
1448 2268 1554 2324 erit
1578 2268 1632 2323 in
1658 2268 1916 2327 omnibus

311 2362 622 2418 secundum
658 2362 927 2433 justitiam
971 2370 1025 2417 et
1058 2361 1330 2434 judicium
1375 2362 1593 2419 illorum
1638 2381 1653 2418 :
1708 2371 1761 2419 et
1799 2362 1915 2420 haec

312 2456 505 2511 omnia
529 2455 768 2511 servabit
792 2455 995 2527 absque
1022 2455 1173 2520 dolo,
1215 2455 1319 2510 nisi
1353 2464 1615 2527 quantum
1644 2472 1711 2511 ex
1739 2465 1915 2513 vestra

313 2550 558 2623 iussione
617 2549 956 2604 remanserit.
988 2551 1059 2604 Et
1102 2548 1208 2604 hoc
1249 2548 1497 2620 juramus
1538 2565 1603 2605 ex
1641 2558 1914 2622 prmeepto

314 2643 542 2700 Domini
572 2642 743 2697 nostri
771 2642 937 2714 Regis
962 2643 1207 2698 Henrici.
1233 2641 1428 2699 Itidem
1455 2643 1611 2715 legati
1641 2643 1914 2715 Rudolphi

314 2736 481 2808 Regis
501 2737 847 2807 juraverunt,
888 2734 1037 2807 quod
1063 2734 1305 2807 sequitur
1342 2754 1350 2787 :
1392 2735 1446 2791 Si
1474 2731 1823 2807 colloquium
1851 2752 1916 2793 ex

316 2838 593 2902 praecepto
631 2838 811 2886 vestro
838 2829 1195 2885 constitutum
1241 2828 1404 2885 fuerit
1426 2829 1481 2884 in
1509 2829 1751 2901 partibus
1776 2830 1915 2884 Teuo

316 2924 533 2988 tonicis,
575 2924 699 2979 loco
742 2931 799 2979 et
821 2931 1068 2994 tempore
1097 2939 1127 2978 a
1158 2922 1313 2979 vobis
1341 2921 1588 2987 deﬁnito,
1618 2930 1745 2979 ante
1783 2938 1918 2994 pra:-

319 3019 552 3073 sentiam
589 3026 825 3073 vestram
860 3017 941 3072 vel
986 3018 1321 3089 Legatorum
1367 3024 1697 3084 vestrorum,
1728 3015 1919 3072 Domi-

1947 1760 1996 1822 Β

2030 487 2269 553 luerunt,
2323 485 2556 543 salutem
2616 491 2671 541 et
2737 483 3112 557 Apostolicam
3164 482 3625 542 benedictionem.

2030 579 2300 649 Quoniam
2331 595 2397 635 ex
2455 578 2544 635 lite
2580 585 2635 634 et
2680 577 3034 646 dissensione,
3063 595 3185 652 quae
3226 579 3441 637 tamdiu
3486 578 3625 637 inter

2028 689 2127 730 vos
2155 681 2256 742 est,
2285 694 2312 721 ιι
2340 681 2445 731 etc.
2484 673 2620 729 Vide
2645 674 2790 728 inter
2812 672 3087 743 epistolas,
3112 654 3291 750 infra.

2638 777 2876 833 CAPUT
2904 779 3038 836 XII.

2030 877 2387 945 Promulgata
2421 875 2751 947 depositione
2778 877 3002 950 Henrici
3029 880 3079 930 et
3116 878 3364 933 electione
3388 879 3625 950 Rudolﬂ,

2485 950 2577 1018 pte
2597 950 2830 1002 moritur
2856 949 3160 1017 Gregorius.

2099 1055 2190 1108 95.
2223 1054 2386 1108 Anno
2433 1050 2502 1107 ab
2531 1051 2910 1107 Incarnatione
2937 1051 3159 1107 Domini
3200 1058 3357 1121 1080,
3396 1053 3623 1110 Pontiﬁ-
3672 1074 3685 1087 ι’

2029 1154 2181 1202 catus
2206 1161 2333 1201 vero
2363 1145 2581 1200 Domini
2622 1145 2869 1218 Gregorii
2924 1147 3086 1217 Papa
3143 1146 3359 1217 septimi
3383 1163 3525 1203 anno
3564 1155 3620 1204 7.

2028 1239 2323 1295 lndictione
2350 1238 2527 1307 tertia,
2554 1238 2847 1295 celebravit
2877 1240 2992 1310 ipse
3022 1240 3163 1311 Papa
3192 1239 3472 1312 Synodum
3512 1244 3641 1297 Ro:

2026 1348 2155 1399 mea,
2200 1332 2292 1389 ubi
2332 1331 2699 1389 interfuerunt
2725 1332 3131 1404 Archiepiscopi
3162 1339 3217 1388 et
3260 1333 3505 1404 Episcopi
3534 1334 3625 1390 di-

2026 1442 2305 1483 versarum
2333 1427 2590 1487 Urbium,
2608 1442 2709 1482 nec
2736 1442 2848 1482 non
2872 1426 3174 1492 Abbatum,
3197 1442 3261 1482 ac
3284 1426 3624 1484 diversorum

2027 1519 2297 1578 Ordinum
2350 1520 2687 1576 Clericorum
2748 1527 2803 1576 et
2852 1520 3151 1576 Laicorum
3218 1520 3624 1577 innumerabilis

2026 1615 2341 1672 multitudo.
2376 1617 2816 1687 Supervenerunt
2840 1622 3023 1670 autem
3054 1622 3106 1669 et
3128 1615 3314 1686 Legati
3342 1614 3623 1686 Rudolphi

2026 1708 2195 1780 Regis
2223 1716 2279 1764 et
2322 1708 2633 1780 Principum
2665 1708 2844 1778 Regni
2881 1708 3181 1773 Teutonici,
3215 1716 3271 1763 et
3309 1707 3624 1781 hujusmodi

2024 1802 2424 1874 querimoniam
2446 1801 2787 1873 protulerunt
2806 1816 2969 1873 super
2994 1801 3340 1873 tyrannidem
3367 1802 3586 1858 Henrici
3609 1822 3622 1856 :

2029 1919 2054 1945 α
2088 1899 2224 1964 Nos,
2253 1912 2317 1952 ex
2349 1895 2616 1968 legatione
2642 1894 2869 1951 Domini
2894 1895 3065 1950 nostri
3094 1894 3258 1966 Regis
3281 1894 3556 1967 Rudolphi
3571 1904 3627 1950 et

2025 1990 2335 2061 Principum
2380 1990 2518 2062 ejus,
2559 1987 2951 2061 conquerimur
2994 1990 3115 2044 Deo
3141 1995 3196 2044 et
3227 1990 3286 2043 S.
3312 1990 3496 2055 Petro,
3534 2005 3629 2049 ve-

2024 2092 2259 2155 straeque
2288 2082 2604 2140 Paternitati
2640 2090 2694 2139 et
2722 2090 2919 2138 cuncto
2949 2080 3077 2138 huic
3107 2081 3447 2137 sanctissimo
3484 2083 3628 2139 Con-

2024 2177 2170 2243 cilio,
2198 2176 2346 2250 quod
2380 2176 2469 2232 ille
2511 2176 2799 2242 Henricus,
2830 2190 2995 2247 quem
3032 2190 3130 2232 vos
3168 2176 3479 2247 Apostolica
3526 2193 3555 2232 a
3585 2192 3624 2231 :-

2023 2271 2274 2328 ctoritate
2323 2270 2645 2342 deposuistis
2690 2286 2722 2325 a
2759 2272 2981 2342 Regna,
3032 2268 3087 2325 id
3138 2269 3316 2342 ipsum
3370 2272 3625 2343 Regnrm

2024 2374 2213 2423 contra
2238 2373 2479 2421 vestrum
2506 2363 2851 2420 interdictum
2881 2363 3163 2437 tyrannice
3193 2364 3412 2430 invasit,
3435 2364 3624 2421 omnia

2022 2460 2446 2531 circumquaque
2487 2458 2659 2523 ferro.
2702 2458 2910 2530 przeda,
2964 2456 3217 2514 incendio
3269 2457 3568 2515 devastavit
3606 2475 3621 2514 :

2024 2551 2496 2624 Archiepiscopos,
2562 2552 2867 2623 Episcopos
2917 2549 2986 2607 de
3033 2550 3454 2623 Episcopatibus
3511 2552 3625 2609 suis

2023 2645 2185 2716 impia
2219 2644 2534 2702 crudelitate
2560 2644 2783 2716 expulit,
2814 2653 2869 2700 et
2895 2660 3087 2701 eorum
3118 2644 3480 2717 Episcopatus
3507 2646 3624 2703 suis
3722 2636 3723 2641 “

2024 2736 2328 2795 fautoribus
2368 2739 2423 2794 in
2468 2738 2710 2794 beniﬁcia
2758 2737 3051 2794 distribuit.
3099 2740 3206 2794 Per
3256 2738 3413 2810 cujus
3454 2739 3619 2795 etiam

2025 2831 2367 2904 tyrannidem
2404 2830 2506 2903 piae
2534 2829 2816 2886 memoriae
2853 2834 2963 2896 (9i)
3001 2830 3354 2888 Weinharius
3384 2831 3613 2903 Magde-

2026 2923 2309 2997 burgensis
2355 2922 2810 2994 Archiepiscopus
2853 2922 3063 2978 occisus
3112 2931 3197 2980 est
3239 2939 3254 2975 :
3296 2922 3623 2981 Adalbertus

2024 3016 2445 3073 Wormatiensis
2474 3016 2774 3089 Episcopus
2825 3013 3002 3071 adhuc
3024 3015 3093 3071 ab
3135 3031 3202 3071 eo
3230 3023 3421 3072 contra
3470 3014 3625 3073 Sedis

315 3127 421 3165 nus
446 3119 633 3166 noster
677 3114 796 3166 Rex
828 3109 1156 3182 Rudolphus
1185 3111 1265 3166 vel
1299 3110 1411 3181 ipse
1449 3109 1648 3177 veniet,
1676 3110 1759 3165 vel
1791 3108 1914 3181 Epi-
1953 3129 1997 3193 ρ
2026 3111 2356 3183 Apostolicai
2398 3118 2730 3183 praeceptum
2781 3109 2836 3166 in
2873 3109 3119 3182 captione
3154 3109 3425 3165 cruciatur
3459 3114 3565 3177 (92)
3609 3131 3622 3167 :

316 3220 519 3274 scapos
545 3211 602 3259 et
634 3203 821 3259 ﬁdeles
859 3219 990 3259 suos
1029 3203 1238 3267 mittet;
1271 3211 1598 3277 paratusque
1639 3202 1740 3257 erit
1768 3201 1914 3274 judi-

317 3300 492 3363 cium,
531 3297 678 3370 quod
718 3305 904 3354 sancta
939 3301 1190 3353 Romana
1228 3296 1469 3353 Ecclesia
1498 3296 1814 3362 decreverit,
1848 3295 1916 3351 de

316 3408 481 3447 causa
534 3390 709 3463 Regni
760 3391 967 3457 subire;
1027 3391 1283 3462 nulloque
1327 3390 1471 3445 male
1509 3389 1724 3461 ingenio
1772 3390 1916 3444 Con-

318 3494 570 3552 ventum,
601 3501 631 3540 a
671 3484 827 3540 vobis
876 3486 992 3541 sive
1026 3500 1056 3539 a
1096 3485 1287 3541 vestris
1315 3482 1533 3556 Legatis
1560 3483 1912 3538 constitutum

318 3579 611 3650 impediret
651 3598 663 3633 :
696 3588 750 3634 et
778 3586 1072 3650 postquam
1102 3586 1309 3633 certum
1336 3576 1459 3632 inde
1489 3584 1730 3632 vestrum
1764 3577 1908 3632 Nun-

321 3674 465 3728 tium
494 3671 719 3739 videbit,
776 3672 842 3727 de
895 3687 1023 3744 pace
1074 3671 1359 3727 statuenda
1403 3670 1458 3726 in
1487 3673 1680 3741 Regno
1714 3669 1914 3725 conﬁr-

319 3764 523 3821 manda
543 3764 805 3833 studebit,
835 3773 896 3820 ut
924 3764 1117 3837 legatio
1145 3772 1319 3819 vestra
1353 3761 1630 3835 pervenire
1655 3761 1725 3818 ad
1743 3762 1917 3834 Regni

320 3874 517 3932 pacem
558 3868 611 3914 et
648 3858 997 3914 concordiam
1036 3858 1222 3930 possit.
1260 3860 1393 3913 Haec
1427 3855 1607 3911 omnia
1657 3855 1915 3910 observa-

322 3955 550 4019 buntur,
594 3952 651 4007 in
687 3961 952 4023 quantum
1000 3967 1062 4007 ex
1114 3959 1289 4007 vestra
1333 3950 1544 4005 licentia
1572 3949 1915 4017 remanserit,

320 4048 403 4103 vel
434 4062 501 4101 ex
532 4046 918 4118 impedimento
951 4045 1213 4117 legitimo,
1243 4044 1449 4100 scilicet
1474 4050 1652 4098 morte
1675 4042 1755 4098 vel
1773 4042 1918 4115 gravi

315 4140 645 4198 inﬁrmitate
673 4139 750 4194 vel
774 4140 1044 4212 captione,
1070 4139 1188 4194 sine
1205 4138 1351 4195 dolo.
1393 4160 1419 4185 ιι

388 4241 482 4291 94.
528 4232 779 4290 Posthaee
807 4249 995 4289 rursus
1033 4232 1161 4288 exiit
1188 4232 1424 4288 edictum
1463 4230 1793 4304 Apostolicze
1820 4229 1918 4286 be-

316 4329 618 4401 nignitatis,
668 4328 813 4399 quod
852 4326 1051 4383 idcirco
1106 4342 1171 4382 ex
1215 4325 1510 4381 abundanti
1542 4325 1811 4396 ponimus,
1856 4332 1919 4381 ut

320 4424 588 4478 clarescat
616 4429 671 4476 et
720 4421 1050 4492 sapientibus
1093 4429 1147 4476 et
1175 4419 1573 4491 insipientibus,
1618 4418 1919 4491 principem

2029 3206 2202 3261 multa
2258 3203 2546 3260 hominum
2596 3202 2763 3259 millia
2812 3202 2928 3275 ejus
2966 3201 3201 3259 factione
3246 3211 3375 3259 sunt
3416 3204 3621 3273 occisa;

2030 3314 2194 3372 quam
2226 3299 2409 3370 plures
2447 3296 2706 3364 ecclesiae,
2735 3296 2929 3353 ablatis
2957 3297 3242 3369 Reliquiis,
3283 3297 3515 3353 incensa:
3564 3313 3627 3352 ac

2030 3391 2241 3463 penitus
2285 3391 2594 3447 destructa.
2638 3389 3062 3445 Innumerabilia
3116 3389 3337 3462 quidem
3383 3388 3623 3446 facinora

2025 3493 2173 3551 sunt,
2204 3498 2327 3556 quae
2365 3484 2508 3539 idem
2539 3483 2808 3538 Henricus
2846 3480 2901 3537 in
2932 3482 3207 3554 Principes
3233 3490 3451 3538 nostros
3504 3498 3626 3555 per-

2026 3578 2260 3651 petravit
2305 3595 2320 3634 :
2353 3592 2418 3633 eo
2447 3576 2596 3648 quod
2624 3576 2727 3631 sibi
2754 3582 2946 3632 contra
2973 3574 3129 3631 Sedis
3159 3575 3482 3647 Apostolicae
3528 3576 3629 3633 de-

2028 3679 2240 3727 cretum
2277 3679 2339 3727 ut
2366 3670 2502 3742 Regi
2547 3668 2768 3725 obedire
2794 3669 3094 3725 noluerunt
3123 3688 3139 3726 :
3181 3676 3235 3724 et
3270 3667 3622 3741 colloquium,

2028 3763 2178 3836 quod
2207 3778 2304 3819 vos
2327 3779 2424 3835 pro
2454 3761 2774 3834 inquirenda
2797 3762 3006 3834 justitia
3047 3770 3105 3818 et
3141 3776 3269 3833 pace
3296 3774 3629 3834 componen-

2028 3858 2095 3914 da
2122 3857 2237 3913 ﬁeri
2262 3856 2603 3923 decrevistis,
2630 3872 2695 3912 ex
2722 3856 2875 3928 culpa
2894 3855 3113 3911 Henrici
3132 3862 3191 3911 et
3214 3853 3492 3911 fautorum
3508 3855 3627 3927 ejus

2026 3952 2304 4008 remansit.
2362 3951 2708 4023 Quapropter
2754 3958 2993 4007 vestram
3043 3948 3324 4005 humiliter
3372 3948 3626 4021 implora-

2028 4061 2154 4102 mus
2188 4045 2560 4112 clementiam,
2581 4051 2643 4099 ut
2660 4043 2841 4112 nobis,
2867 4044 2976 4099 imo
2998 4050 3206 4100 sancta:
3233 4041 3332 4098 Dei
3362 4041 3626 4099 Ecclesia:

2027 4140 2305 4196 decretam
2344 4138 2622 4210 sacrilegio
2660 4137 2933 4209 pervasori
2965 4136 3333 4192 Ecclesiarum
3359 4135 3625 4208 justitiam

2025 4232 2255 4290 faciatis.
2304 4253 2334 4285 ιι
2368 4232 2469 4288 His
2517 4240 2571 4287 et
2596 4231 2796 4287 talibus
2826 4230 3088 4287 excitatus
3111 4229 3212 4286 viri
3256 4229 3355 4285 Dei
3379 4229 3622 4302 spiritus,

2024 4327 2264 4383 sentiens
2301 4334 2357 4382 et
2410 4325 2702 4381 imminere
2757 4324 2903 4380 diem
2943 4338 3106 4396 quem
3151 4322 3254 4378 sibi
3308 4322 3367 4378 in
3412 4323 3620 4379 visione

2026 4423 2191 4476 Beata
2235 4419 2333 4476 Dei
2386 4418 2654 4482 Genitrix.
2701 4417 2770 4474 ad
2820 4416 3209 4490 proferendam
3256 4415 3627 4473 damnationis

320 4516 491 4570 fuisse
541 4515 867 4586 Gregorium
922 4523 1173 4570 nostrum
1230 4514 1285 4569 in
1330 4514 1416 4569 illa
1455 4512 1808 4581 beatitudine,
1852 4511 1920 4569 de
1949 4496 2000 4559 Ῐ)
2026 4512 2350 4570 sententiam
2388 4512 2443 4568 in
2488 4511 2744 4568 eumdem
2782 4510 3159 4583 adversarium
3191 4508 3451 4565 Ecclesiae
3491 4508 3628 4566 desi-

315 4625 430 4681 qua
462 4607 732 4663 Dominus
759 4608 889 4664 dicit
919 4626 931 4661 :
961 4608 1107 4663 Beati
1132 4607 1361 4679 paciﬁci,
1401 4607 1662 4679 quoniam
1692 4605 1789 4661 ﬁlii
1818 4606 1918 4661 Dei

317 4700 664 4754 vocabuntur
684 4701 896 4765 (Matth.
920 4716 973 4764 v,
1003 4704 1057 4766 9)
1085 4705 1213 4767 (90).
1240 4722 1264 4747 α
1288 4698 1587 4772 Gregorius
1602 4698 1917 4770 Episcopus,

318 4810 517 4850 servus
564 4809 847 4849 servorum
901 4794 1024 4861 Dei,
1078 4792 1334 4849 omnibus
1392 4792 1830 4863 Archiepiscopis
1871 4799 1927 4845 et

321 4887 635 4959 Episcopis,
690 4888 747 4942 iu
795 4887 1094 4943 Teutonico
1136 4892 1297 4958 atque
1340 4886 1393 4941 in
1423 4886 1693 4941 Saxonico
1736 4887 1926 4957 Regno

320 4981 820 5049 commanentibus,
864 4981 1071 5037 cunctis
1113 4979 1276 5036 etiam
1307 4980 1606 5053 majoribus
1630 4986 1793 5052 atque
1824 4979 1924 5036 mi-

405 5192 510 5257 (89)
542 5192 607 5244 In
632 5194 824 5243 nostro
854 5190 963 5244 Ms.
997 5190 1218 5257 emcepta
1241 5188 1464 5241 matrice
1508 5187 1588 5257 ei.
1625 5188 1723 5257 Est
1744 5191 1928 5257 autem

330 5256 529 5323 Serum,
564 5263 790 5327 Sunm’s,
825 5260 1034 5315 Sunm'a
1057 5257 1199 5328 apud
1230 5256 1586 5329 Cangiumin
1624 5256 1925 5329 Glossario,

333 5334 524 5398 Causa,
569 5347 733 5402 quam
782 5331 906 5401 quis
957 5327 1262 5402 pratendit,
1307 5327 1413 5402 quo
1453 5327 1633 5402 minus
1656 5327 1766 5397 juri
1831 5343 1927 5382 au-

327 5402 527 5458 diendo
573 5400 633 5457 se
687 5403 840 5459 sistat
892 5420 905 5456 :
948 5400 1016 5455 de
1063 5400 1145 5459 cui

987 5415 1016 5454 e
1063 5400 1216 5471 cujus
1260 5401 1406 5455 vocis
1434 5400 1685 5469 ambigua
1722 5406 1928 5471 etymo~

328 5417 527 5458 alendo
573 5419 633 5457 se
687 5417 840 5459 διεῖδε
892 5420 905 5456 :
948 5417 1016 5455 ae
1063 5417 1127 5454 cu
1154 5417 1216 5453 us
1260 5417 1406 5455 vocis
1434 5417 1685 5469 ambigua
1722 5417 1927 5471 etymo-

328 5476 491 5547 logia,
537 5474 709 5529 multa
756 5474 838 5528 vir
878 5471 965 5528 ille
1007 5417 1424 5538 eruditissimus,
1457 5487 1580 5542 quae
1616 5469 1758 5541 apud
1801 5484 1927 5524 eum

330 5547 432 5618 legi
462 5554 711 5615 possunt.

399 5612 511 5683 (90)
548 5620 707 5671 Extat
744 5615 904 5673 etiam
933 5613 1078 5688 apud
1109 5616 1426 5688 Brunonem
1463 5612 1530 5670 de
1555 5612 1709 5669 Bello
1756 5612 1927 5669 Saxo—

326 5689 453 5744 nico
482 5697 640 5744 tomo
670 5689 695 5743 Ι
721 5685 1066 5744 Collectionis
1094 5685 1435 5743 Freherianae
1467 5701 1590 5757 pag.
1656 5691 1780 5741 147.
1892 5732 1903 5757 _.

400 5765 513 5825 (91)
576 5760 977 5828 Werinharius,
1006 5758 1118 5815 sive
1192 5754 1517 5824 Wernerus;
1544 5754 1669 5813 'aut
1731 5754 1922 5817 Wecel,

337 5846 502 5885 cmsus
552 5846 697 5885 anno
748 5836 905 5886 1078.
957 5831 1041 5887 die
1068 5837 1121 5887 7.
1174 5831 1415 5899 Augusti
1447 5830 1515 5884 ab
1554 5829 1782 5884 Henrico
1826 5829 1919 5883 IV.

2030 4613 2309 4681 guaverat,
2359 4614 2432 4673 et,
2476 4621 2545 4678 ne
2581 4604 2721 4660 ultra
2768 4601 3033 4671 differret,
3069 4600 3435 4674 pracipiendo
3465 4600 3627 4659 inter-

2029 4700 2350 4765 minaverat,
2397 4698 2542 4769 gravi
2572 4713 2700 4754 cum
2742 4696 2928 4754 dolore
2965 4703 3021 4751 et
3063 4696 3271 4768 gemitu
3316 4696 3620 4769 parturivit,

2036 4802 2092 4851 et
2133 4793 2472 4850 auscultante
2499 4800 2660 4865 atque
2701 4792 2975 4865 aspirante
3002 4789 3264 4859 Concilio,
3294 4790 3518 4848 tandem
3568 4791 3623 4847 in

2036 4888 2153 4946 haec
2181 4887 2343 4943 verba
2372 4886 2639 4960 prorupit.

2109 4987 2199 5039 96.
2229 4986 2335 5049 (93)
2365 5002 2390 5030 ι
2423 4982 2486 5037 Β.
2515 4982 2669 5038 Petre
2696 4978 2955 5052 Princeps
2970 4978 3383 5053 Apostolorum,
3406 4985 3462 5036 et
3483 4985 3544 5036 tu
3560 4981 3626 5039 B.

2031 5199 2210 5257 prope
2246 5185 2471 5251 ﬂuvium
2502 5184 2771 5257 Unstrow.
2787 5180 2925 5257 dum
2939 5180 3380 5257 partstomanz'
3407 5177 3633 5257 Pontiﬁ-

2038 5249 2115 5311 cis
2134 5249 2392 5310 tueretur.
2419 5258 2497 5309 Ita
2519 5249 2948 5309 Strenesdorﬁus
2982 5251 3037 5305 in
3056 5250 3292 5321 Primate
3308 5249 3631 5321 Magdebur-

2037 5327 2204 5390 sensi,
2224 5326 2395 5395 juxta
2410 5326 2646 5381 Annales
2665 5327 2796 5379 Mss.
2815 5328 2918 5378 Ast
2940 5321 2995 5377 in
3020 5322 3224 5395 nostris
3248 5320 3303 5375 in
3326 5320 3631 5395 Annalibus

2038 5400 2170 5453 Mss.
2204 5393 2479 5467 Anonymi
2507 5395 2735 5450 Saxonis
2762 5395 2982 5460 dicitur,
3012 5395 3071 5447 in
3075 5393 3227 5463 fuga
3255 5409 3290 5446 α
3312 5393 3632 5462 vulgaribus

2038 5470 2338 5525 hominibus
2358 5471 2583 5523 occisus.

2108 5546 2216 5620 (92)
2246 5539 2754 5620 Adelbertus,‘pos_t
2779 5536 3007 5620 longum
3042 5536 3305 5620 ex‘silium.
3328 5535 3630 5620 restitutus,

2037 5611 2174 5667 obiit
2200 5625 2346 5665 anno
2400 5616 2555 5674 1108,
2587 5607 2679 5663 die
2714 5613 2749 5662 6
2772 5607 2920 5663 Julii.
2960 5610 3043 5663 Ita
3074 5607 3393 5664 Bruschius.
3426 5610 3510 5661 De
3538 5621 3623 5663 reo

2036 5682 2318 5738 stitutione
2336 5681 2437 5736 sub
2466 5678 2711 5750 sequenti
2743 5682 2882 5750 Papa
2905 5679 3043 5735 facta
3072 5679 3211 5750 infra
3236 5677 3435 5747 agitur.

2109 5759 2215 5821 (93)
2255 5756 2390 5810 Haec
2419 5746 2687 5809 habentur
2717 5750 2772 5807 in
2792 5746 2940 5807 Actis
2964 5748 3188 5805 Concilii
3216 5746 3473 5805 Romani.
