4122 6180
516 296 579 367 ei
800 362 807 367 ,
1056 364 1075 379 ,
1743 307 1803 361 s.
1848 307 2113 365 caecos

2223 335 2227 357 .
2264 307 2353 362 vn
2390 307 2584 362 PAPA.
2896 268 2903 271 ’
3474 356 3477 357 κ
3746 310 3814 363 92

522 435 685 493 Paule
704 436 911 492 Doctor
924 436 1183 509 gentium,
1212 431 1506 503 dignamini
1524 446 1710 503 quasso
1731 446 1890 489 aures
1908 441 2110 488 vestras
2138 437 2191 501 Α
2217 431 2308 503 qui
2339 433 2460 487 Rex
2508 428 2854 502 Rudolpbus,
2885 428 3215 485 festinanter
3258 429 3328 487 ad
3374 444 3462 485 me
3486 429 3654 486 misso
3678 447 3818 487 nun-

522 529 593 585 ad
608 546 699 585 me
714 530 991 597 inclinare,
1011 544 1202 599 meque
1222 528 1523 582 clementer
1538 526 1791 583 exaudire
1808 545 1823 595 ;
1837 528 1963 598 quia
1981 527 2113 583 veri-

521 624 647 680 tatis
676 624 802 679 estis
847 622 1089 693 discipuli
1116 628 1171 675 et
1192 629 1496 686 amatores;
1528 619 1806 690 adjuvare,
1832 629 1892 676 ut
1920 621 2111 677 verita-

523 723 691 773 tatem
736 716 885 771 vobis
930 715 1130 782 dicam,
1189 714 1339 769 omni
1396 722 1607 769 remota
1660 712 1912 782 falsitate,
1947 730 2111 786 quam

525 810 749 866 omnino
796 808 1167 874 detestamini;
1219 816 1279 863 ut
1330 810 1547 863 Fratres
1592 808 1697 863 mei
1746 808 1940 864 melius
1977 808 2112 864 mihi

524 903 881 975 acquiescant,
911 911 964 957 et
992 903 1161 957 sciant
1190 910 1245 957 et
1294 902 1618 974 intelligant,
1670 903 1792 973 quia
1844 918 1909 957 ex
1939 912 2113 959 vestra

520 996 736 1065 ﬁducia,
770 1006 892 1067 post
915 997 1224 1051 Dominum
1256 1005 1309 1050 et
1334 1006 1567 1051 matrem
1594 996 1711 1066 ejus
1740 1012 1958 1068 semper
1986 999 2111 1052 Vir-

521 1090 699 1162 ginem
730 1091 981 1157 Mariam,
1015 1090 1191 1160 pravis
1221 1098 1273 1144 et
1296 1090 1501 1161 iniquis
1530 1090 1749 1157 resisto,
1784 1092 1980 1147 vestris
2014 1107 2112 1146 au-

519 1193 634 1240 tem
676 1184 917 1239 ﬁdelibus
948 1183 1210 1238 auxilium
1261 1192 1479 1254 prmsto.
1546 1187 1656 1239 Vos
1712 1194 1896 1240 autem
1945 1186 2109 1253 scitis,

523 1279 647 1350 quia
678 1295 789 1333 non
845 1278 1069 1333 libenter
1121 1278 1187 1333 ad
1242 1294 1459 1333 sacrum
1491 1278 1759 1335 Ordinem
1795 1280 2015 1348 accessi,
2058 1288 2115 1336 et

523 1374 720 1428 invitus
748 1373 887 1428 ultra
918 1380 1135 1428 montes
1173 1388 1297 1427 cum
1329 1372 1554 1428 domino
1596 1376 1738 1446 Papa
1771 1380 1877 1441 (94)
1909 1375 2115 1446 Grego-

522 1467 603 1522 rio
633 1467 739 1522 abii
782 1485 796 1520 :
830 1466 923 1522 sed
961 1467 1129 1538 magis
1162 1465 1356 1521 invitus
1403 1483 1529 1521 cum
1559 1466 1788 1524 domino
1817 1484 1939 1523 meo
1975 1473 2113 1540 Papa

523 1565 707 1617 Leone
735 1561 801 1616 ad
837 1570 1067 1617 vestram
1095 1561 1385 1632 specialem
1419 1562 1717 1617 Ecclesiam
1742 1562 1899 1631 redii,
1925 1562 1979 1618 in
2009 1579 2113 1634 qua

522 1665 815 1727 utcumque
867 1656 1022 1711 vobis
1065 1655 1323 1711 deservivi
1380 1674 1391 1709 :
1444 1654 1658 1722 deinde,
1700 1656 1853 1712 valde
1892 1656 2110 1725 invitus,

522 1766 647 1805 cum
680 1766 875 1822 magno
906 1750 1092 1805 dolore
1140 1758 1193 1804 et
1221 1750 1427 1821 gemitu
1454 1758 1506 1805 et
1552 1751 1797 1822 planctu,
1828 1751 1885 1805 in
1915 1750 2116 1807 throno

2220 527 2320 595 tio,
2352 525 2605 581 indicavit
2631 540 2689 581 se
2725 532 2979 580 coactum
3026 525 3203 597 Regni
3233 524 3594 598 gubernacula
3637 541 3818 581 susce-

2222 620 2383 692 pisse,
2413 628 2598 676 tamen
2638 635 2696 675 se
2726 627 2975 691 paratum
3024 619 3156 674 mihi
3177 619 3432 675 omnibus
3463 617 3637 674 modis
3679 619 3815 674 obe-

2222 714 2358 772 dire.
2392 716 2461 770 Et
2487 722 2546 769 ut
2574 714 2679 769 hoc
2708 713 2886 769 verius
2913 712 3187 780 credatur,
3232 729 3449 785 semper
3477 728 3540 768 ex
3572 728 3635 767 eo
3675 721 3817 768 tem-

2223 824 2355 880 pore
2383 808 2638 864 eumdem
2663 823 2977 864 sermonem
2996 807 3124 863 mihi
3147 808 3328 863 misit:
3355 807 3608 879 adjiciens
3626 807 3814 875 etiam,

2224 902 2338 957 ﬁlio
2379 919 2499 958 meo
2546 902 2739 958 obside
2781 910 2837 957 et
2864 901 3037 957 ﬁdelis
3067 901 3150 956 sui
3182 901 3457 957 Bertholdi
3490 900 3625 967 ﬁlio,
3667 900 3815 972 quod

2223 997 2572 1069 promittebat
2594 996 2832 1052 ﬁrmare.
2852 999 3062 1051 Interea
3089 994 3355 1050 Henricus
3384 996 3551 1066 erepit
3576 1010 3663 1049 me
3681 1011 3820 1066 prte-

2222 1091 2351 1158 cari,
2384 1100 2444 1147 ut
2494 1091 2650 1146 illum
2699 1099 2888 1146 contra
2931 1089 3252 1162 praedictum
3284 1088 3637 1159 Rudolphum
3668 1088 3820 1159 adju-

2223 1200 2429 1240 varem.
2495 1185 2595 1241 Cui
2662 1183 2917 1255 respondi
2976 1200 3064 1239 me
3110 1184 3340 1239 libenter
3387 1182 3583 1250 facere,
3634 1182 3815 1238 audita

2223 1279 2502 1351 utriusque
2536 1279 2706 1351 partis
2740 1280 2965 1347 ratione,
3009 1286 3070 1333 ut
3106 1278 3299 1333 scirem
3330 1277 3415 1331 cui
3461 1277 3667 1349 iustitia
3698 1292 3814 1331 ma-

2224 1374 2306 1445 gis
2329 1373 2547 1429 l’averet.
2581 1373 2672 1429 Ille
2696 1381 2872 1428 autem
2908 1380 3099 1444 putans
3128 1372 3237 1427 suis
3268 1371 3470 1426 viribus
3500 1386 3622 1426 eum
3656 1386 3816 1443 posse

2223 1467 2527 1536 devincere,
2579 1483 2758 1522 meam
2801 1466 3133 1538 contempsit
3174 1466 3609 1537 responsionem.
3660 1468 3816 1521 Post-

2222 1578 2384 1633 quam
2414 1569 2594 1617 autem
2627 1562 2896 1633 persensit
2940 1576 2998 1616 se
3024 1576 3137 1616 non
3165 1576 3341 1630 posse,
3391 1560 3531 1615 sicut
3558 1559 3812 1631 speravit,

2223 1671 2399 1728 agere,
2458 1654 2569 1711 duo
2634 1656 2879 1728 Episcopi
2935 1659 3069 1722 (95),
3139 1653 3499 1709 Virdunensis
3558 1653 3815 1708 'videlicet

2224 1758 2279 1805 et
2306 1756 2415 1816 (96)
2446 1748 2895 1821 Ofenburgensis,
2937 1748 3004 1804 de
3032 1748 3411 1804 consentaneis
3439 1747 3548 1803 suis
3576 1750 3812 1802 Romam

523 1852 702 1899 vestro
723 1844 875 1899 valde
896 1844 1150 1915 indignus
1180 1859 1303 1899 sum
1322 1844 1636 1899 collocatus.
1667 1848 1800 1900 Haec
1829 1842 1952 1901 ideo
1972 1844 2117 1913 dico,
2154 1822 2200 1884 Β
2228 1853 2523 1911 venerunt;
2565 1851 2619 1898 et
2647 1843 2699 1898 in
2728 1842 2945 1916 Synodo
2985 1858 3048 1898 ex
3079 1850 3227 1915 parte
3276 1842 3517 1909 Henrici,
3550 1856 3642 1896 me
3669 1849 3731 1896 ut
3767 1840 3814 1895 ei

523 1938 651 2009 quia
681 1954 782 2008 ego
812 1954 923 1993 non
950 1954 1042 1993 vos
1066 1938 1221 2009 elegi,
1250 1937 1345 1994 sed
1375 1954 1470 1993 vos
1512 1954 1600 1994 me
1630 1938 1871 2011 eligistis,
1899 1948 1954 1994 et
1993 1954 2113 2011 gra-

523 2032 806 2087 vissimum
838 2032 1056 2101 pondus
1084 2040 1278 2087 vestra:
1315 2032 1568 2087 Ecclesiae
1608 2048 1772 2103 super
1810 2048 1898 2087 me
1935 2032 2113 2103 posui-

525 2125 637 2180 stis.
684 2127 751 2179 Et
791 2126 916 2195 quia
961 2142 1123 2196 super
1157 2134 1410 2181 montem
1445 2125 1721 2181 excelsum
1761 2141 1848 2181 me
1882 2125 2115 2196 jussistis

524 2218 834 2289 ascendere,
870 2226 923 2273 et
977 2219 1230 2285 clamare,
1292 2227 1345 2274 et
1385 2218 1713 2274 annuntiare
1760 2219 1961 2291 papulo
2016 2220 2116 2275 Dei

523 2313 725 2367 scelera
763 2328 976 2380 eorum,
1019 2321 1073 2368 et
1129 2312 1250 2368 ﬁliis
1318 2313 1569 2369 Ecclesiae
1626 2322 1842 2384 peccata
1889 2320 2109 2381 eorum;

524 2406 771 2462 membra
824 2406 1021 2461 diaboli
1052 2415 1337 2478 coeperunt
1375 2416 1562 2463 contra
1608 2423 1697 2462 me
1728 2407 2028 2478 insurgere,
2062 2415 2117 2464 et

522 2516 700 2572 usque
724 2499 794 2555 ad
842 2501 1163 2572 sanguinem
1196 2509 1663 2573 praesumpserunt
1692 2501 1747 2556 in
1798 2516 1889 2558 me
1920 2516 2117 2557 manus

523 2610 650 2651 suas
695 2594 931 2666 injicere.
971 2596 1279 2651 Astiterunt
1307 2597 1485 2667 Reges
1528 2604 1712 2664 terrae,
1755 2604 1811 2651 et
1834 2595 2113 2667 Principes

524 2696 922 2756 convenerunt;
978 2689 1269 2744 saeculares
1320 2697 1376 2744 et
1427 2688 1792 2755 ecclesiastici,
1847 2689 2005 2745 aulici
2063 2697 2118 2745 et

522 2783 769 2855 vulgares
797 2792 1162 2838 convenerunt
1192 2782 1245 2837 in
1270 2799 1461 2849 unum,
1493 2782 1750 2839 adversus
1788 2784 2115 2854 Dominum,

524 2885 580 2932 et
604 2876 861 2932 adversus
896 2892 993 2931 vos
1022 2876 1266 2932 Christos
1311 2876 1450 2948 ejus,
1486 2877 1727 2933 dicentes
1771 2895 1784 2929 :
1831 2877 2118 2949 Dirumpa-

523 2986 648 3025 mus
685 2970 893 3025 vincula
940 2985 1165 3039 eorum;
1199 2979 1254 3026 et
1280 2970 1628 3042 projiciamus
1670 2986 1700 3025 a
1737 2970 1900 3025 nobis
1922 2971 2117 3042 jugum

522 3065 799 3135 ipsorum;
833 3072 907 3130 et,
958 3074 1017 3118 ut
1048 3080 1137 3118 me
1163 3064 1391 3118 omnino
1422 3072 1602 3118 morte
1648 3063 1729 3117 vel
1764 3064 1951 3118 exsilio
1991 3080 2120 3119 con-

2216 1938 2486 2013 justitiam
2516 1936 2775 2004 facerem,
2817 1945 3171 2009 rogaverunt;
3204 1934 3353 2007 quod
3391 1943 3444 1990 et
3488 1935 3663 1989 nuntii
3697 1937 3812 1990 Ru-

2222 2031 2405 2102 dolphi
2438 2030 2551 2086 ﬁeri
2576 2030 2951 2086 laudaverunt.
2984 2029 3229 2086 Tandem
3255 2029 3525 2100 aspirante
3548 2032 3685 2091 Deo,
3714 2028 3815 2083 sic-

2222 2134 2281 2181 ut
2328 2124 2512 2192 credo,
2558 2124 2722 2180 statui
2756 2125 2812 2179 in
2852 2124 3041 2180 eadem
3089 2122 3335 2196 Synodo,
3362 2124 3418 2178 in
3445 2122 3687 2195 partibus
3718 2122 3814 2179 Ul-

2222 2219 2588 2274 tramentanis
2640 2217 2757 2273 ﬁeri
2803 2218 3161 2290 colloquium,
3204 2226 3266 2272 ut
3306 2217 3411 2272 illis
3439 2226 3532 2272 aut
3560 2232 3659 2288 pax
3702 2225 3809 2271 sta-

2222 2322 2482 2383 tueretur,
2516 2321 2614 2368 aut
2639 2312 2729 2368 cui
2772 2312 2893 2383 plus
2928 2312 3142 2383 justitia
3190 2310 3412 2379 faveret,
3454 2325 3817 2383 cognoscere-

2221 2415 2331 2463 tur.
2369 2410 2482 2480 Ego
2509 2406 2676 2473 enim,
2704 2406 2847 2461 sicut
2870 2422 2965 2461 vos
2993 2405 3128 2461 mihi
3158 2414 3322 2461 testes
3348 2405 3497 2473 estis,
3538 2407 3730 2460 Patres
3760 2412 3818 2460 et

2222 2501 2445 2558 Domini
2484 2501 2614 2568 mei,
2661 2516 2832 2573 usque
2874 2500 3032 2555 hodie
3074 2501 3277 2555 nullam
3320 2509 3529 2571 partem
3572 2498 3813 2572 diSposui

2221 2594 2496 2667 adjuvare,
2527 2594 2632 2650 nisi
2657 2610 2797 2661 eam,
2829 2594 2912 2650 cui
2944 2595 3067 2665 plus
3084 2594 3296 2665 justitia
3322 2592 3546 2649 faveret.
3580 2596 3649 2649 Et
3690 2593 3816 2663 quia

2222 2689 2481 2760 putabam
2510 2690 2633 2761 quia
2660 2687 2919 2760 injustior
2954 2703 3078 2760 pars
3106 2688 3439 2760 colloquium
3483 2687 3648 2742 nollet
3673 2686 3811 2756 ﬁeri,

2221 2783 2313 2839 ubi
2338 2784 2548 2855 justitia
2590 2798 2750 2839 suum
2784 2783 2966 2838 locum
3006 2791 3276 2849 servaret,
3323 2781 3809 2847 excommunicavi,

2225 2885 2281 2933 et
2313 2877 2639 2933 anathemati
2689 2876 2900 2947 alligavi
2946 2892 3141 2933 omnes
3172 2891 3451 2948 personas,
3491 2874 3599 2931 sive
3649 2874 3815 2945 Regis

2225 2972 2340 3027 sive
2376 2972 2539 3027 Ducis
2581 2978 2676 3026 aut
2725 2971 2972 3043 Episcopi
3024 2978 3118 3025 aut
3148 2970 3373 3042 alicujus
3425 2964 3684 3033 hominis,
3725 2967 3813 3039 qui

2228 3065 2561 3136 colloquium
2592 3063 2770 3135 aliquo
2799 3064 3014 3136 ingenio
3044 3064 3335 3134 impediret
3359 3071 3419 3118 ut
3438 3078 3548 3117 non
3573 3062 3740 3118 ﬁeret.

521 3157 834 3223 funderent,
868 3157 1057 3212 multis
1106 3156 1287 3212 modis
1338 3156 1515 3212 conati
1562 3164 1693 3211 sunt
1728 3155 1783 3211 in
1830 3172 1918 3212 me
1939 3157 2115 3213 insur-
2153 3182 2198 3244 ρ
2297 3165 2386 3214 98.
2418 3182 2443 3207 α
2475 3148 2776 3214 Praedictus
2811 3167 2996 3213 autem
3028 3158 3302 3214 Henricus
3336 3173 3464 3211 cum
3492 3156 3607 3212 suis
3637 3155 3813 3211 fauto-

522 3267 668 3321 gere.

593 3350 681 3399 97.
720 3348 921 3400 «Inter
967 3361 1106 3416 quos
1144 3345 1443 3417 specialiter
1492 3346 1785 3411 Henricus,
1836 3361 2003 3417 quem
2041 3344 2121 3401 di-

522 3447 655 3496 cunt
704 3442 930 3511 Regem,
967 3439 1192 3495 Henrici
1230 3438 1582 3511 Imperatoris
1610 3440 1779 3505 ﬁlius,‘
1810 3448 1999 3495 contra
2024 3456 2115 3495 ve-

522 3542 692 3589 stram
768 3535 1083 3589 calcaneum
1159 3536 1332 3590 erexit
1399 3535 1717 3602 Ecclesiam,
1786 3533 1923 3590 facta
1986 3550 2116 3590 cum

522 3629 706 3683 multis
756 3629 1194 3683 Ultramontanis
1221 3636 1275 3682 et
1320 3628 1518 3683 Italicis
1561 3629 1982 3700 conspiratione,
2026 3645 2118 3685 an-

522 3722 719 3786 nitens,
769 3737 859 3775 me
906 3720 1228 3792 dejiciendo,
1290 3736 1410 3775 eam
1454 3721 1559 3776 sibi
1591 3722 1897 3794 subjugare.
1952 3723 2118 3795 Cujus

524 3812 787 3883 superbire
839 3823 1014 3867 vestra
1072 3813 1269 3868 resistit
1308 3814 1616 3881 auctoritas,
1670 3831 1896 3887 eamque
1939 3825 2114 3873 vestra

524 3905 792 3961 destruxit
823 3914 1061 3977 potestas
1094 3926 1107 3961 :
1139 3908 1229 3979 qui
1269 3906 1531 3963 confusus
1565 3916 1619 3963 et
1652 3908 1988 3978 humiliatus,
2045 3910 2115 3966 ad

526 4016 616 4055 me
662 4000 715 4055 in
766 4000 1212 4072 Longobardiam
1280 4002 1526 4069 veniens,
1584 4002 1981 4058 absolutionem
2047 4003 2115 4060 ab

525 4094 1091 4149 cxcommunicatione
1124 4094 1389 4166 quaesivit.
1425 4096 1601 4163 Quem
1633 4112 1733 4167 ego
1775 4096 1965 4152 videns
2012 4097 2112 4153 hu-

524 4188 814 4254 miliatum,
866 4188 1055 4242 multis
1095 4190 1161 4243 ab
1204 4203 1269 4243 eo
1299 4189 1744 4259 promissionibus
1782 4192 2018 4262 acceptis
2046 4191 2115 4247 de

522 4283 643 4338 vitae
672 4297 783 4337 suae
808 4282 1208 4345 emendatione,
1237 4282 1407 4337 solam
1448 4283 1494 4338 ei
1518 4285 1963 4340 communionem
1989 4285 2113 4341 red-

523 4375 660 4446 didi;
705 4392 811 4431 non
843 4385 1026 4431 tamen
1060 4375 1111 4429 in
1162 4379 1377 4447 Regno,
1417 4393 1445 4431 a
1475 4394 1583 4450 quo
1610 4395 1735 4433 eum
1766 4379 1823 4433 in
1872 4382 2115 4434 Romana

523 4470 745 4541 Synodo
784 4470 1164 4542 deposueram,
1196 4471 1515 4535 instauravi;
1545 4488 1643 4527 nec
1674 4472 1984 4528 ﬁdelitatem
2014 4472 2114 4528 ho-

2223 3252 2398 3318 ribus,
2425 3268 2537 3307 non
2558 3252 2761 3307 timens
2788 3252 3088 3323 periculum
3123 3251 3516 3317 inobedientise,
3549 3249 3697 3322 quod
3736 3258 3819 3305 est

2225 3346 2403 3403 scelus
2454 3346 3153 3417 idololatriae,colloquinm
3204 3343 3549 3417 impediendo
3602 3360 3818 3399 excom-

2226 3439 2652 3497 municationem
2687 3440 2932 3509 incurrit,
2956 3448 3010 3495 et
3036 3440 3276 3511 seipsum
3308 3438 3665 3494 anathematis
3694 3438 3812 3492 vin-

2226 3535 2350 3591 culo
2393 3535 2650 3608 alligavit,
2694 3549 3059 3606 magnamque
3099 3532 3502 3588 multitudinem
3555 3531 3815 3588 Christia-

2225 3645 2424 3685 norum
2463 3630 2630 3684 morti
2662 3627 2902 3695 tradidit,
2953 3636 3008 3682 et
3026 3627 3277 3682 ecclesias
3312 3625 3440 3682 fecit
3468 3626 3734 3697 dissipari,
3760 3634 3819 3681 et

2226 3732 2407 3779 totum
2439 3739 2576 3793 pene
2611 3723 3039 3777 Teutonicorum
3078 3725 3330 3792 Regnum
3366 3719 3685 3775 desolationi
3724 3719 3817 3774 de.

2226 3816 2322 3873 dit.
2349 3818 2694 3887 Quapropter
2726 3814 3005 3871 conﬁdens
3031 3813 3099 3869 de
3122 3813 3328 3886 judicio
3366 3822 3419 3869 et
3446 3812 3817 3869 misericordia

2228 3910 2344 3977 Dei,
2376 3911 2599 3981 ejusque
2646 3910 2905 3982 piissimae
2953 3909 3144 3964 Matris
3194 3924 3411 3980 semper
3441 3907 3672 3979 Virginis
3701 3910 3817 3961 Ma-

2225 4005 2337 4069 riae,
2365 4003 2537 4059 fultus
2567 4014 2743 4059 vestra
2769 4004 3113 4070 auctoritate,
3143 4003 3460 4073 praadictum
3489 4001 3816 4069 Henricum,

2226 4114 2391 4170 quem
2418 4098 2604 4153 dicunt
2624 4101 2856 4169 Regem,
2881 4113 3183 4168 omnesque
3208 4095 3443 4151 fautores
3460 4098 3581 4167 ejus
3600 4111 3817 4151 excom-

2225 4192 2575 4247 municationi
2616 4192 2848 4262 subjicio
2879 4200 2935 4245 et
2962 4191 3322 4246 anathematis
3357 4190 3574 4245 vinculo
3624 4189 3818 4260 alligo,

2224 4295 2278 4340 et
2301 4286 2495 4341 iterum
2531 4288 2777 4357 Regnum
2807 4284 3239 4340 Teutonicorum
3268 4292 3321 4339 et
3346 4284 3534 4347 Italiae,
3572 4300 3634 4338 ex
3666 4291 3816 4353 parte

2224 4379 2612 4450 omnipotentis
2668 4377 2765 4432 Dei
2813 4386 2866 4432 et
2895 4386 3091 4447 vestra,
3126 4378 3454 4433 iuterdicens
3487 4378 3554 4444 ei,
3592 4392 3819 4432 omnem

2224 4472 2544 4544 dignitatem
2597 4482 2650 4527 et
2692 4479 3015 4541 potestatem
3053 4472 3261 4543 regiam
3314 4472 3388 4526 illi
3438 4470 3605 4539 tollo;
3652 4479 3705 4525 et
3761 4478 3819 4525 ut

523 4564 756 4630 minum,
788 4565 877 4636 qui
904 4565 1004 4620 sibi
1030 4565 1344 4636 juraverant
1366 4567 1444 4619 vel
1477 4575 1630 4620 erant
1650 4567 1908 4639 juraturi,
1938 4583 1967 4621 a
2010 4583 2114 4638 qua
2144 4562 2193 4623 D
2222 4566 2399 4620 nullus
2430 4565 2478 4620 ei
2516 4565 2849 4621 Christianus
2889 4565 3031 4620 sicut
3075 4565 3210 4637 Regi
3242 4564 3479 4629 obediat,
3523 4563 3813 4631 interdico,

524 4673 685 4712 omne
714 4658 910 4713 absolvi
962 4659 1016 4714 in
1058 4658 1246 4714 eadem
1280 4657 1522 4731 Synodo,
1555 4669 1617 4714 ut
1631 4660 1747 4725 ,sibi
1787 4669 2111 4723 servaretur,

525 4752 770 4823 prmcepi.
804 4755 874 4807 Et
912 4752 1028 4808 hinc
1056 4753 1175 4808 ideo
1220 4752 1445 4818 detinui,
1474 4762 1533 4808 ut
1560 4753 1701 4809 inter
1729 4770 1852 4809 eum
1896 4763 1951 4809 et
1993 4754 2114 4825 Epi-

523 4861 717 4917 sc0pos
776 4846 856 4900 vel
918 4846 1191 4917 Principes
1246 4847 1698 4913 ultramontanos,
1743 4849 1831 4919 qui
1876 4848 1922 4903 ei
1952 4864 2114 4904 causa

545 4940 777 4995 ussionis
809 4948 999 4995 vestra:
1025 4940 1283 4995 Ecclesiae
1304 4942 1636 5010 restiterant,
1663 4942 1932 5015 justitiam
1969 4941 2112 4997 face-

524 5016 663 5102 rem,
707 5034 787 5088 vel
828 5049 1016 5105 pacem
1046 5049 1454 5104 componerem,
1496 5036 1633 5090 sicut
1683 5037 1793 5107 ipse
1846 5036 2115 5092 Henricus

516 5128 831 5201 juramento
862 5142 956 5198 per
985 5127 1123 5182 duos
1175 5127 1465 5198 Episcopos
1503 5128 1636 5183 mihi
1668 5129 1936 5199 promisit.
1974 5131 2115 5184 Prie-

524 5221 653 5277 dicti
684 5229 861 5276 autem
897 5221 1143 5292 EpiscOpi
1172 5229 1223 5275 et
1253 5221 1530 5292 Principes
1559 5222 1988 5291 Ultramontani,
2020 5239 2115 5278 au-

523 5314 730 5370 dientes
773 5315 925 5371 illum
969 5331 1078 5370 non
1135 5331 1349 5371 servare
1396 5315 1541 5387 quod
1592 5317 1719 5371 mihi
1770 5317 2111 5389 promiserat,

524 5410 674 5479 quasi
704 5410 969 5481 desperati
1000 5411 1068 5464 ab
1094 5425 1178 5477 eo,
1211 5410 1327 5465 sine
1358 5426 1480 5465 meo
1504 5410 1752 5476 consilio,
1784 5411 1937 5467 vobis
1970 5413 2113 5467 testi-

523 5502 647 5572 bus,
678 5505 956 5577 elegerunt
998 5504 1098 5559 sibi
1138 5503 1489 5576 Rudolphum
1532 5509 1742 5561 Ducem
1767 5505 1820 5560 in
1850 5508 2058 5579 Regem
2093 5527 2105 5564 :

596 5672 704 5733 (94)
720 5669 843 5741 _Iste
860 5675 942 5721 est
985 5670 1270 5736 Gregorius
1286 5669 1377 5723 VI.
1421 5667 1585 5741 Cujus
1615 5668 1717 5724 iter
1743 5668 1911 5724 refert
1939 5672 2112 5725 Baro-

522 5738 644 5793 nius
669 5738 734 5793 ad
755 5754 842 5791 an.
873 5745 1025 5792 1047.

526 5816 704 5935 ad(9.5)
739 5811 1088 5937 ἷεξίέἰονὶωιε
1132 5810 1485 5867 Virdunensis
1516 5810 1735 5883 praefuit
1758 5811 1827 5867 ab
1852 5828 1941 5867 an.
1975 5817 2110 5869 1047

625 5897 715 5936 an.
896 5925 908 5937 .

2225 4674 2523 4731 omnesque
2559 4659 2647 4731 qui
2692 4659 3085 4730 eijuraverunt
3132 4660 3213 4715 vel
3238 4658 3504 4729 jurabunt
3545 4657 3611 4712 de
3640 4658 3815 4728 Regni

2228 4752 2621 4819 dominatione,
2653 4770 2683 4807 a
2704 4754 3000 4825 juramenti
3028 4753 3385 4826 promissione
3416 4751 3637 4807 absolvo
3668 4770 3679 4806 :
3708 4752 3819 4822 ipse

2227 4857 2409 4903 autem
2450 4848 2717 4902 Henricus
2766 4863 2894 4902 cum
2924 4848 3040 4902 suis
3087 4845 3385 4901 fautoribus
3420 4846 3475 4901 in
3499 4845 3650 4901 omni
3681 4860 3819 4899 con-

2228 4942 2500 5013 gressione
2539 4940 2661 4996 belli
2721 4940 2896 4995 nullas
2938 4941 3079 4995 vires
3126 4940 3443 5011 nullamque
3486 4940 3538 4994 in
3577 4940 3681 4993 vita
3722 4953 3821 4993 sua

2228 5034 2512 5090 victoriam
2557 5034 2815 5090 obtineat.
2849 5036 2929 5091 Ut
2957 5042 3141 5089 autem
3190 5033 3516 5104 Rudolphus
3564 5035 3821 5104 Regnum

2226 5129 2650 5185 Teutonicorum
2696 5136 2849 5200 regat
2901 5136 2956 5183 et
3009 5126 3279 5196 defendat,
3331 5143 3494 5198 quem
3539 5125 3821 5182 Teutonici

2226 5223 2503 5297 elegerunt
2529 5222 2629 5277 sibi
2663 5222 2718 5276 in
2759 5226 2987 5293 Regem,
3030 5220 3097 5276 ad
3130 5231 3365 5277 vestram
3405 5220 3720 5276 ﬁdelitatem
3753 5235 3823 5275 ex

2226 5326 2406 5372 vestra
2440 5325 2589 5388 parte
2619 5316 2783 5380 dono,
2836 5315 3035 5386 largior
3062 5324 3117 5371 et
3163 5314 3424 5382 concedo,
3456 5315 3823 5387 omnibusque

2225 5411 2327 5467 sibi
2381 5410 2609 5467 ﬁdeliter
2662 5410 3065 5467 adliaarentibus
3111 5410 3510 5466 absolutionem
3560 5409 3810 5465 omnium

2225 5515 2598 5577 peccatorum,
2629 5521 2811 5562 veram
2855 5504 3283 5562 benedictionem
3313 5503 3369 5559 in
3399 5502 3501 5559 hac
3529 5504 3637 5559 vita
3684 5513 3738 5560 et
3767 5502 3821 5558 in

2294 5674 2402 5736 (96)
2448 5669 2753 5726 Bernardus
2810 5669 3233 5737 Osnabrugensis
3290 5667 3538 5723 Ecclesia:
3591 5665 3811 5738 prmfuit

2220 5742 2288 5866 ῗι)
2318 5756 2410 5868 ﬁni
2444 5748 2578 5797 1068
2625 5741 2694 5797 ad
2739 5757 2828 5796 an.
2866 5746 3023 5797 1086.
3072 5755 3103 5793 a
3147 5740 3456 5811 Cratepolio
3506 5739 3806 5810 plurimum

2247 5828 2313 5868 au
2355 5828 2384 5867 a
2413 5828 2497 5869 us.
