4138 6190
338 250 410 303 93
1340 245 1862 305 PROLEGOMENA.
1906 275 1977 290 —
2014 248 2191 307 ACTA
2232 248 2287 302 S.
2329 244 2672 302 GREGORII.
3574 252 3655 307 94

342 373 565 440 futura,
622 378 803 430 vestra
848 370 1023 427 fretus
1069 370 1299 438 ﬁducia,
1352 371 1566 444 largior.
1615 373 1762 429 Sicut
1808 374 1953 429 enim
1982 381 2034 446 Α
2065 374 2374 446 plorarent;
2426 370 2640 428 elevatis
2676 369 2793 443 pius
2831 370 2992 425 Pater
3035 369 3091 425 in
3139 371 3341 429 coelum
3382 375 3571 442 oculis,
3603 386 3657 433 et

345 468 641 533 Henricus,
673 483 772 538 pro
802 482 898 522 sua
943 466 1191 538 superbia
1240 476 1296 523 et
1334 466 1699 523 inobedientia
1729 476 1782 523 et
1810 467 1953 523 falsi-

346 570 475 629 tate,
500 577 532 616 a
556 560 732 632 Regni
760 560 1018 631 dignitate
1041 560 1187 633 juste
1228 560 1512 632 abjicitur;
1556 561 1626 617 ita
1653 560 1951 633 Rudolpho

346 672 447 727 pro
480 671 577 711 sua
611 654 938 723 humilitate,
977 654 1300 721 obedientia,
1341 655 1584 722 veritate,
1626 664 1869 729 potestas
1898 664 1954 714 et

348 750 581 821 dignitas
606 748 785 819 Regni
810 748 1150 805 conceditur.

426 851 518 900 99.
542 866 563 891 ι
582 844 740 915 Agite
760 858 927 909 nunc,
942 858 1147 915 quaso,
1170 845 1350 900 Patres
1364 851 1419 899 et
1436 843 1711 915 Principes
1721 847 1950 902 sanctis—

352 938 496 1005 simi,
530 946 585 993 ut
614 938 793 993 omnis
809 937 1047 993 mundus
1064 937 1324 1009 intelligat
1346 946 1401 993 et
1428 948 1721 1010 cognoscat
1740 940 1886 1010 quia,
1908 940 1951 996 si

349 1032 577 1105 potestis
597 1032 651 1086 in
673 1032 813 1087 calo
841 1030 1005 1103 ligare
1029 1039 1083 1087 et
1107 1031 1335 1100 solvere,
1363 1033 1585 1104 potestis
1607 1033 1661 1087 in
1682 1041 1824 1089 terra
1852 1035 1954 1089 im-

347 1126 519 1197 peria,
550 1141 737 1198 regna,
767 1124 1017 1193 ducatus,
1040 1125 1392 1196 principatus,
1417 1126 1705 1195 marchias,
1729 1128 1951 1183 comita.

347 1227 461 1287 tus,
495 1227 552 1275 et
591 1220 844 1275 omnium
872 1219 1159 1275 hominum
1211 1220 1578 1291 possessiones
1621 1238 1719 1292 pro
1746 1222 1951 1277 meritis

345 1314 541 1369 tollere
566 1313 855 1385 unicuique
880 1323 935 1369 et
963 1313 1284 1369 concedere.
1312 1316 1425 1371 Vos
1447 1314 1591 1369 enim
1623 1315 1951 1371 Patriarcha-

346 1416 460 1475 tus,
511 1407 809 1475 Primatus,
858 1407 1396 1479 Archiepiscopatus,
1443 1409 1794 1480 Episcopatus
1837 1409 1945 1465 fre-

345 1509 577 1571 quenter
598 1501 796 1557 tulistis
842 1501 1021 1573 pravis
1063 1510 1117 1556 et
1144 1501 1399 1572 indignis,
1444 1511 1499 1557 et
1536 1503 1796 1574 religiosis
1823 1503 1949 1558 viris

345 1594 590 1651 dedistis.
635 1595 689 1650 Si
711 1595 855 1650 enim
884 1595 1177 1666 spiritualia
1201 1595 1477 1667 judicatis,
1512 1596 1639 1667 quid
1678 1596 1745 1652 de
1773 1612 1944 1652 sacu-

347 1689 555 1745 larihus
600 1704 699 1744 vos
736 1704 892 1761 posse
934 1688 1268 1745 credendum
1298 1692 1424 1744 est?
1459 1690 1760 1746 Addiscant
1803 1708 1950 1748 nunc

2062 468 2258 524 eodem
2306 467 2567 538 porrectis
2622 466 2790 521 instar
2838 466 3165 521 ascensionis
3207 468 3450 539 palmis:
3499 470 3650 537 Illuc,

2058 562 2254 634 inquit,
2288 560 2596 624 ascendam,
2628 567 2682 615 et
2718 558 2930 618 obnixis
2970 560 3243 632 precibus,
3276 565 3394 618 Deo
3422 562 3652 637 propitio

2059 672 2156 712 vos
2190 656 2555 712 committam.

2133 756 2257 806 101.
2298 752 2565 805 Praeterea
2598 757 2824 820 rogatus
2866 758 2927 805 ut
2964 750 3018 805 in
3067 759 3212 807 tanta
3245 752 3486 809 ﬁdelium
3536 769 3655 824 per.

2058 845 2387 912 turbatione,
2452 843 2551 899 sibi
2619 859 2987 899 successorem
3038 853 3092 900 et
3147 846 3401 902 Ecclesia
3464 857 3651 903 contra

2058 938 2517 1012 pranominatum
2539 938 2842 993 adulterum
2874 938 3176 1009 designaret
3202 940 3453 1009 ultorem,
3485 942 3648 996 trium

2059 1034 2207 1090 dedit
2242 1033 2521 1105 optionem
2564 1052 2578 1089 :
2629 1032 2879 1087 videlicet
2928 1031 3213 1097 Desiderii,
3254 1018 3551 1091 Cardinalis
3598 1044 3652 1091 et

2059 1128 2288 1184 Abbatis
2350 1126 2585 1183 canobii
2623 1126 2987 1194 Cassinensis;
3039 1135 3200 1199 atque
3267 1126 3649 1184 reverendissi-

2057 1238 2277 1278 morum
2305 1222 2717 1293 Episcoporum,
2747 1222 2965 1278 Ottonis
2991 1221 3268 1290 Ostiensis,
3307 1230 3361 1277 et
3407 1223 3652 1295 Hugonis

2057 1316 2451 1388 Lugdunensis.
2481 1317 2683 1371 Verum
2706 1315 2829 1388 quia
2859 1318 2987 1371 Otto
3012 1315 3259 1370 nondum
3293 1332 3321 1371 a
3344 1318 3652 1373 Germania

2057 1419 2110 1466 et
2138 1410 2324 1465 Gallia
2351 1410 2590 1481 partibus
2619 1408 2872 1475 redierat,
2916 1410 3005 1464 ubi
3034 1410 3345 1480 Apostolica
3382 1410 3651 1482 legatione

2057 1503 2309 1570 functus,
2367 1504 2729 1558 venerabilem
2787 1503 3168 1559 Gebehardum
3232 1506 3338 1575 (98)
3387 1506 3651 1560 Constan-

2057 1598 2316 1653 tiensibus
2348 1598 2602 1653 Ecclesia
2634 1598 2930 1653 Prasulem
2964 1614 3021 1653 se
3050 1607 3317 1668 prasente
3360 1607 3414 1653 et
3440 1596 3651 1654 favente

2058 1701 2487 1758 consecraverat,
2549 1700 2602 1747 et
2647 1692 2747 1746 alia
2797 1692 3055 1745 nonnulla
3107 1691 3174 1747 ad
3227 1692 3651 1748 stabilimentum

346 1786 531 1856 Reges
580 1792 636 1839 et
676 1798 869 1839 omnes
918 1784 1104 1839 saculi
1133 1783 1411 1854 Principes
1449 1785 1635 1855 quanti
1678 1801 1774 1840 vos
1799 1785 1947 1853 estis,
1980 1755 2029 1817 B
2061 1786 2313 1842 Ecclesia
2338 1755 2651 1857 pertinentia
2678 1785 2971 1856 prudenter
2987 1785 3650 1854 (99)ordinaverat(100);

346 1878 480 1950 quid
530 1877 772 1949 potestis,
827 1884 883 1934 et
927 1877 1156 1933 timeant
1216 1876 1601 1949 parvipendere
1643 1879 1950 1951 jussionem

348 1971 603 2029 Ecclesia
651 1980 876 2038 vestra;
908 1979 961 2027 et
1010 1971 1066 2025 in
1112 1971 1373 2043 pradicto
1419 1973 1656 2028 Henrico
1690 1981 1803 2028 tam
1841 1974 1950 2030 cito

340 2066 614 2139 judicium
665 2074 910 2122 vestrum
954 2074 1218 2131 exercete,
1272 2074 1333 2121 ut
1380 2081 1571 2122 omnes
1613 2068 1783 2123 sciant
1824 2066 1949 2138 quia

345 2177 463 2217 non
506 2159 757 2228 fortuito,
791 2159 887 2216 sed
923 2168 1105 2216 vestra
1150 2167 1416 2232 potestate
1450 2160 1605 2216 cadet
1635 2169 1689 2216 et
1718 2160 1948 2217 confun-

346 2255 534 2323 detur,
563 2254 775 2309 utinam
803 2253 871 2310 ad
903 2254 1294 2326 pmnitentiam,
1332 2262 1396 2309 ut
1432 2254 1651 2326 spiritus
1678 2255 1747 2311 sit
1770 2255 1951 2311 salvus

347 2350 405 2407 in
431 2348 523 2405 die
549 2348 793 2407 Domini.
825 2350 961 2405 Acta
991 2350 1208 2419 Romae,
1239 2345 1413 2407 Nonis
1448 2348 1653 2417 Martii,
1690 2348 1945 2406 Indictio-

348 2459 420 2500 ne
453 2449 565 2500 3.:

426 2544 552 2596 100.
589 2537 759 2611 Igitur
786 2538 1003 2595 Satana
1036 2538 1266 2595 traditus
1291 2538 1475 2595 infelix
1514 2537 1782 2595 Henricus
1807 2538 1948 2594 rabi-

346 2633 534 2706 doque
578 2632 896 2691 damonum
936 2631 1128 2702 furori,
1176 2633 1348 2705 magis
1393 2648 1456 2688 ac
1482 2633 1656 2705 magis
1681 2632 1752 2688 ad
1793 2648 1945 2688 sum-

349 2743 510 2783 mum
564 2726 858 2799 iniquitatis
909 2726 1258 2795 conscendit;
1306 2736 1362 2783 et
1401 2726 1699 2799 legitimum
1745 2711 1948 2798 Papam

350 2820 649 2877 destituere
688 2820 935 2893 cupiens,
968 2836 1188 2877 auream
1239 2828 1477 2877 statuam
1529 2818 1848 2875 Simoniacis
1894 2828 1949 2876 et

350 2914 631 2972 Nicolaitis
688 2914 739 2970 in
786 2917 1038 2970 Romana
1102 2914 1339 2983 civitate,
1390 2930 1557 2986 quam
1612 2913 1948 2985 Babylonem

356 3011 549 3065 Petrus
585 3018 642 3065 et
686 3011 925 3065 Joannes
966 3009 1258 3081 appellant,
1305 3024 1481 3065 novus
1510 3007 1950 3064 Nabuchodono-

350 3120 463 3169 sor,
519 3103 691 3159 erexit
733 3106 882 3175 (97);
936 3103 1263 3159 Guibertum
1309 3102 1513 3159 scilicet
1577 3106 1950 3159 Ravennatem
1985 3144 2030 3207 Ο

351 3198 707 3270 Episcopum,
722 3198 834 3269 jam
867 3197 1077 3269 pridem
1101 3213 1131 3252 a
1179 3196 1445 3269 Gregorio
1484 3205 1697 3264 nostro,
1727 3204 1947 3268 propter

350 3291 620 3347 incestum
666 3300 721 3347 et
779 3291 878 3347 alia
933 3291 1136 3364 ﬂagitia
1191 3307 1310 3358 sua,
1366 3291 1622 3364 Synodali
1685 3290 1948 3345 sententia

351 3384 698 3441 damnatum.
749 3384 983 3441 Proinde
1012 3385 1325 3457 gravissima
1362 3385 1732 3457 persecutione
1760 3392 1949 3439 contra

351 3480 532 3535 virum
586 3480 683 3535 Dei
735 3489 1033 3551 commota,
1091 3480 1374 3535 Salernum
1430 3478 1653 3535 recessit
1698 3497 1712 3533 :
1770 3478 1950 3548 ibique

352 3589 609 3645 superna
666 3573 1040 3629 medicationis
1111 3573 1407 3646 absynthio
1488 3588 1585 3645 per
1640 3573 1949 3643 corporales

356 3667 707 3740 agritudines
741 3667 1116 3723 efﬁcacissime
1153 3676 1437 3741 purgatus,
1469 3667 1665 3723 divina
1702 3656 1952 3721 consola-

356 3762 521 3816 tionis
576 3762 717 3817 dulci
762 3777 1027 3834 responso
1079 3762 1277 3817 meruit
1348 3760 1652 3825 exhilarari,
1707 3759 1953 3815 videlicet

359 3855 709 3928 purgationes
745 3856 875 3912 istas
905 3856 952 3911 ei
990 3856 1045 3911 in
1075 3863 1394 3928 perpetuum
1425 3855 1683 3927 proﬁcere
1712 3861 1767 3909 et
1805 3853 1953 3909 sufﬁ-

358 3965 521 4016 cere;
546 3965 644 4005 nec
676 3950 845 4005 ullam
869 3950 1279 4021 castigationem
1314 3957 1565 4020 oportere
1594 3956 1714 4019 post
1743 3948 1951 4003 obitum

356 4043 555 4098 timere
586 4063 599 4096 :
656 4041 908 4116 denique,
951 4044 1007 4097 in
1032 4043 1249 4116 signum
1281 4042 1624 4114 sempiterna
1661 4041 1950 4112 sospitatis,

357 4137 719 4208 temporalem
770 4137 1197 4192 incolumitatem
1246 4136 1467 4207 recepit,
1511 4144 1584 4202 et,
1630 4135 1776 4206 quod
1804 4134 1954 4190 valde

358 4230 663 4303 gloriosum
714 4230 881 4287 videri
934 4239 1132 4302 potest,
1187 4232 1326 4286 circa
1376 4227 1654 4285 Kalendas
1712 4227 1955 4284 Januarii

359 4339 638 4395 pranosse
688 4325 857 4395 capit
907 4324 1323 4380 dissolutionem
1376 4323 1618 4395 corporis
1668 4322 1751 4379 sui
1807 4321 1953 4377 futu-

361 4433 485 4473 ram
538 4418 679 4473 circa
734 4418 1011 4475 Kalendas
1051 4419 1218 4474 Junii.
1254 4418 1461 4491 Quibus
1503 4434 1630 4474 cum
1667 4417 1957 4490 appropin-

2061 1883 2226 1952 Hugo
2268 1895 2485 1952 quoque
2525 1895 2623 1934 sua
2652 1879 2885 1934 lustrans
2912 1879 3276 1951 gubernacula
3324 1879 3510 1951 procul
3551 1880 3647 1934 ab-

2060 1983 2214 2043 erat;
2258 1973 2474 2029 interim
2505 1974 2677 2029 suasit
2714 1972 2831 2044 eligi
2863 1972 3098 2027 vicinum
3134 1973 3500 2040 Desiderium,
3530 1973 3651 2029 licet

2058 2068 2374 2124 brevissime
2398 2068 2691 2135 victurum,
2722 2083 2831 2122 non
2876 2075 3059 2122 tamen
3090 2066 3293 2138 absque
3330 2075 3461 2138 typo
3487 2067 3653 2122 victo-

2058 2179 2176 2219 rem
2227 2178 2343 2218 esse
2398 2160 2796 2233 appellandum.
2836 2164 2977 2216 Nam
3036 2161 3088 2215 in
3136 2160 3327 2215 diebus
3377 2161 3508 2231 ejus,
3562 2161 3652 2231 qui

2060 2265 2297 2330 quatuor
2338 2255 2502 2327 aptati
2532 2263 2662 2311 sunt
2706 2254 3009 2320 mensibus,
3050 2253 3316 2309 famosam
3370 2254 3653 2309 victoriam

2058 2350 2208 2406 dedit
2251 2351 2522 2406 Dominus
2568 2348 2899 2421 Apostolica
2956 2348 3106 2405 Sedis
3159 2348 3653 2420 propugnatoribus

2060 2445 2127 2501 de
2165 2444 2482 2502 adversariis
2524 2444 2725 2516 ipsius;
2773 2459 2870 2515 per
2907 2458 3071 2514 quam
3117 2442 3283 2497 etiam
3325 2441 3653 2497 Cathedram

2060 2555 2215 2594 suam
2238 2539 2333 2595 diu
2369 2539 2435 2594 ab
2480 2537 2819 2592 invasoribus
2866 2537 3145 2592 detentam
3197 2536 3398 2607 recepit
3434 2536 3651 2591 Wirze-

2058 2633 2340 2705 burgensis
2391 2633 2693 2703 Episcopus
2733 2631 2956 2686 nomine
3006 2630 3307 2698 Adalbero,
3348 2629 3427 2684 vir
3454 2638 3658 2700 specta—

2059 2726 2179 2782 bilis
2226 2734 2379 2792 natu,
2431 2724 2765 2780 honorabilis
2817 2725 2991 2793 vultu,
3040 2731 3095 2778 et
3126 2730 3280 2790 actu,
3311 2723 3538 2777 reduces
3574 2723 3662 2778 ha-

2062 2818 2194 2875 bens
2234 2817 2569 2874 venerandos
2612 2817 2964 2888 Capiscopos
3011 2816 3333 2887 pradictum
3375 2815 3657 2872 Gebehar-

2058 2913 2193 2969 dum
2240 2911 2741 2977 Constantiensem,
2790 2918 2844 2964 et
2886 2911 3272 2963 Hermannum
3326 2910 3657 2976 Metensem,

2059 3005 2149 3078 qui
2175 3015 2229 3063 et
2272 3005 2376 3077 ipsi
2408 3020 2507 3076 pro
2534 3002 2799 3058 ﬁdelitate
2841 3001 3093 3073 Gregorii
3123 3001 3294 3057 nostri
3325 3000 3490 3055 Sedes
3535 3015 3660 3057 suas

2060 3100 2377 3156 amiserant.
2433 3097 2767 3153 Pradixerat
2806 3096 2985 3152 eidem
3019 3094 3305 3150 Desiderio
3332 3096 3493 3149 Pater
3521 3109 3648 3149 san-

2058 3204 2178 3250 ctus
2206 3193 2353 3265 quod
2392 3208 2506 3248 non
2546 3190 2915 3246 interfuturus
2937 3197 3083 3246 esset
3106 3188 3421 3261 migrationi
3455 3188 3660 3260 ipsius,
3704 3250 3705 3255 η

2060 3286 2311 3361 quamvis
2346 3286 2419 3341 ob
2454 3286 2559 3341 hoc
2600 3284 2984 3340 inﬁrmitatem
3015 3283 3309 3350 invisisset,
3341 3291 3548 3338 etcum
3590 3297 3658 3337 eo

2059 3398 2233 3453 usque
2272 3381 2331 3434 in
2385 3378 2551 3434 ﬁnem
2604 3385 3000 3449 perseveraret,
3046 3385 3102 3430 et
3144 3383 3362 3431 sanctas
3402 3362 3658 3445 exequias

2059 3490 2185 3531 cum
2229 3473 2422 3528 ceteris
2469 3470 2720 3526 ﬁdelibus
2764 3470 3087 3535 celebraret,
3138 3469 3481 3538 multumque
3530 3483 3656 3522 eum

2059 3567 2353 3623 attonitum
2374 3565 2697 3636 tristemque
2720 3562 3049 3618 reddiderat.
3074 3562 3325 3633 Cumque
3347 3560 3581 3615 hareret
3602 3560 3656 3614 in

2060 3661 2443 3726 admiratione,
2492 3657 2757 3731 quidnam
2791 3656 3165 3727 impedimenti
3209 3654 3456 3711 futurum
3493 3662 3655 3721 esset,

2060 3756 2242 3811 subito
2263 3754 2548 3809 nuntiatur
2575 3752 2622 3806 ei
2648 3766 2680 3805 a
2706 3749 3038 3806 Normannis
3066 3748 3204 3805 facta
3227 3747 3659 3803 circumvallatio

2062 3847 2349 3921 cujusdam
2376 3846 2578 3902 castelli
2610 3860 2711 3901 suo
2747 3843 3083 3899 monasterio
3109 3842 3337 3914 subjecti
3366 3861 3378 3896 :
3419 3850 3475 3896 et
3504 3856 3655 3895 com-

2060 3943 2250 4015 pulsus
2280 3940 2605 3996 necessitate
2651 3935 3008 3994 succurrendi
3052 3936 3184 4003 suis,
3218 3934 3450 3990 abeundi
3496 3934 3657 3988 licen-

2062 4037 2195 4092 tiam
2239 4036 2450 4106 accepit
2486 4054 2500 4090 :
2541 4034 2747 4103 sicque,
2778 4031 2903 4086 licet
2947 4029 3168 4096 invitus,
3201 4028 3480 4101 explenda
3517 4031 3657 4084 Pro-

2062 4130 2263 4204 phetia
2298 4130 2479 4185 locum
2503 4128 2671 4183 dedit.

2144 4231 2264 4280 102.
2289 4228 2500 4279 Interea
2539 4220 2786 4278 Pontifex
2816 4221 3006 4275 beatus
3045 4219 3340 4290 Gregorius
3363 4232 3526 4288 super
3553 4215 3658 4283 his,

2063 4335 2203 4391 quos
2240 4316 2761 4383 excommunicarat,
2797 4314 3110 4385 requisitus,
3154 4313 3198 4369 si
3240 4327 3405 4383 quam
3431 4310 3657 4381 dispen-

2063 4412 2330 4468 sationem
2368 4410 2548 4466 facere
2592 4409 2773 4475 vellet,
2804 4408 3117 4479 respondit:
3158 4409 3277 4461 Pra
3293 4415 3434 4459 terea
3465 4401 3659 4458 Henri-

362 4522 604 4582 quasset,
634 4520 689 4567 et
726 4512 899 4569 ultimi
931 4512 1140 4569 doloris
1178 4513 1379 4568 luctam
1407 4512 1729 4578 inchoasset,
1771 4519 1952 4566 astan-
1983 4528 2034 4590 D
2063 4523 2191 4562 cum
2220 4509 2429 4578 Regem
2451 4503 2686 4570 dictum,
2714 4512 2769 4558 et
2796 4502 3124 4558 Guibertum
3155 4497 3485 4570 Apostolica
3508 4496 3661 4553 Sedis

359 4606 506 4661 tibus
529 4606 579 4660 ei
611 4605 889 4678 Episcopis
937 4616 993 4664 et
1026 4606 1421 4672 Cardinalibus,
1454 4621 1705 4676 eumque
1731 4621 1828 4677 pro
1863 4605 1953 4673 ila-

366 4698 594 4755 boribus
640 4709 843 4756 sancta
879 4700 1304 4756 conversationis
1347 4708 1401 4755 et
1451 4699 1715 4755 doctrina
1748 4699 1954 4755 beatiﬁ-

361 4793 632 4862 cantibus,
665 4794 942 4865 respondit
972 4815 984 4850 ε
1013 4797 1153 4867 Ego,
1202 4797 1417 4850 Fratres
1456 4794 1562 4848 mei
1600 4792 1953 4861 dilectissimi,

360 4887 549 4946 nullos
576 4886 788 4944 labores
822 4903 975 4944 meos
997 4888 1223 4961 alicujus
1258 4887 1524 4943 momenti
1560 4886 1739 4956 facio;
1766 4887 1820 4942 in
1852 4887 1957 4943 hoc

363 4998 477 5036 uno
520 4981 869 5038 solummodo
910 4982 1210 5050 conﬁdens,
1244 4980 1393 5054 quod
1428 4997 1644 5053 semper
1670 4980 1830 5037 dilexi
1874 4980 1957 5052 ju-

362 5075 591 5143 stitiam,
622 5085 678 5132 et
705 5076 831 5132 odio
857 5075 1016 5133 habui
1046 5076 1406 5148 iniquitatem.
1435 5079 1596 5145 Item,
1626 5065 1751 5131 cum
1776 5075 1956 5131 anxie-

367 5177 532 5225 tatem
559 5186 715 5226 suam
746 5170 815 5227 de
866 5178 1007 5226 statu
1053 5186 1152 5226 suo
1195 5178 1317 5242 post
1348 5169 1646 5226 discessum
1699 5169 1814 5241 ejus
1841 5169 1955 5240 _de-

444 5333 551 5394 (.17)
601 5330 910 5393 Guibertus,
944 5328 1011 5382 ab
1059 5327 1295 5384 Henrico
1324 5330 1474 5399 Rege
1520 5335 1737 5383 creatus
1769 5327 1956 5383 Archi-

367 5399 649 5471 episcopus
701 5416 843 5455 anno
910 5405 1046 5455 1072
1098 5399 1200 5455 fuit
1263 5399 1761 5471 excommunicatus
1815 5414 1957 5455 anno

371 5469 531 5538 1078,
551 5469 619 5525 ἷι]
649 5472 889 5529 Concilio
933 5474 1192 5527 Romano
1222 5485 1307 5533 vr,
1342 5480 1562 5525 centum
1602 5469 1710 5525 fere
1733 5471 1955 5540 Episco-

364 5558 565 5614 porum
600 5551 655 5597 et
705 5544 836 5613 aliis,
888 5552 940 5598 et
990 5542 1191 5597 iterum
1242 5556 1385 5596 anno
1436 5547 1592 5607 1080,
1622 5541 1675 5595 in
1716 5542 1957 5598 Concilio

362 5616 621 5670 Romano
647 5629 750 5669 v11.

435 5692 543 5749 (98)
589 5686 786 5741 Fuerat
826 5688 1157 5751 Constantia
1208 5699 1421 5739 summa
1469 5685 1803 5755 perturbatio
1862 5701 1961 5756 per

356 5772 537 5813 annos
563 5771 679 5823 sex,
712 5757 858 5828 quod
893 5756 1156 5813 Henricus
1209 5758 1318 5828 Rex
1345 5771 1472 5811 suos
1502 5757 1954 5828 SacellanospRu-

361 5837 603 5903 pertum,
625 5826 749 5885 dein
782 5828 1135 5885 Bertholdum
1167 5826 1238 5883 ad
1275 5827 1697 5900 gubernandum
1734 5826 1958 5900 Episco-

2066 4601 2398 4667 invasorem,
2430 4608 2484 4653 et
2522 4613 2718 4653 omnes
2749 4596 2866 4652 illas
2896 4595 3218 4666 principales
3245 4607 3505 4665 personas
3534 4606 3660 4662 qua

2064 4703 2160 4750 aut
2188 4690 2417 4749 consilio
2440 4700 2537 4747 aut
2561 4690 2758 4745 auxilio
2788 4688 2969 4745 favent
2999 4688 3254 4760 nequitia
3285 4687 3367 4745 vel
3396 4687 3661 4757 impietati

2065 4788 2306 4855 illorum,
2328 4801 2517 4842 omnes
2556 4785 2777 4841 absolvo
2807 4792 2864 4839 et
2894 4782 3180 4850 benedico,
3212 4782 3542 4853 quicumque
3570 4795 3662 4835 me

2066 4882 2207 4938 hanc
2233 4880 2434 4936 habere
2462 4879 2754 4951 specialem
2784 4885 3110 4955 potestatem
3133 4876 3187 4930 in
3217 4876 3335 4930 vice
3366 4874 3661 4947 Apostolo-

2067 4992 2192 5032 rum
2246 4974 2391 5031 Petri
2434 4981 2489 5030 et
2540 4973 2694 5029 Pauli
2759 4972 2990 5027 credunt
3023 4970 3417 5026 indubitanter:
3465 4977 3665 5041 prater

2069 5074 2186 5127 hac
2212 5068 2516 5125 admonens
2543 5082 2639 5123 eos
2666 5065 2735 5121 de
2766 5066 2968 5131 multis,
3000 5071 3055 5119 et
3083 5064 3185 5119 hoc
3216 5063 3366 5119 dedit
3390 5063 3492 5118 illis
3521 5078 3665 5134 pra-

2069 5174 2288 5238 ceptum
2322 5184 2335 5221 :
2368 5165 2450 5219 Ex
2480 5170 2629 5235 parte
2660 5160 2761 5217 Dei
2788 5159 3201 5232 omnipotentis,
3237 5166 3399 5230 atque
3429 5156 3663 5213 auctori-

2069 5331 2258 5395 patum
2284 5322 2509 5378 miserat
2541 5340 2553 5375 :
2583 5319 2680 5395 sed
2708 5319 2788 5395 iis
2828 5333 2859 5373 a
2888 5317 3046 5373 Clero
3091 5331 3202 5372 non
3222 5314 3474 5388 acceptis,
3506 5316 3667 5373 Gebe-

2068 5391 2272 5450 ltardus
2299 5402 2616 5463 assumptus
2646 5391 2767 5446 fuit.

2142 5472 2247 5531 (99)
2280 5468 2399 5522 Otto
2447 5473 2629 5536 postea
2664 5471 2879 5519 creatus
2923 5470 3004 5517 est
3040 5464 3184 5534 Papa
3226 5476 3372 5515 anno
3398 5466 3575 5526 1088,
3610 5466 3666 5514 et

2076 5540 2321 5594 Urbanus
2341 5539 2394 5592 ΙΙ
2419 5538 2733 5608 appellatus.

2141 5615 2287 5676 (100)
2329 5602 2556 5663 Hic'ést
2606 5622 2769 5678 supra
2824 5612 3165 5663 memoratus
3214 5607 3379 5678 MHugo
3431 5602 3666 5678 celebris

2067 5673 2368 5752 Episcopus
2391 5682 2617 5746 Diensis,
2654 5673 2707 5732 e't
2734 5680 2965 5752 Legatus
2994 5676 3246 5752 Gregorii
3272 5678 3365 5728 Vll
3410 5692 3510 5752 per
3545 5673 3671 5729 Gal-

2069 5746 2199 5808 lias:
2232 5746 2325 5825 qui
2374 5760 2437 5805 ut
2463 5754 2733 5825 majorem
2779 5746 3000 5825 haberet
3041 5746 3445 5825 auctoritatem,
3489 5746 3672 5805 factus

2070 5832 2172 5894 est,
2204 5816 2348 5879 anno
2378 5828 2533 5892 1080,
2552 5816 3035 5892 'ArchiepiscOpus
3064 5816 3468 5889 Lugdunensis.
