4122 6180
479 240 544 295 95
1632 236 1635 245 ‘
1705 226 1759 284 S.
1804 222 2183 286 GREGORIUS
2217 225 2311 284 VII
2345 226 2541 285 PAPA.
3707 232 3773 286 96

472 366 585 418 tate
610 360 904 418 Beatorum
933 359 1077 416 Petri
1098 365 1150 414 et
1178 355 1327 411 Pauli
1355 351 1773 426 Apostolorum,
1803 352 2068 425 praecipio
2096 362 2143 428 Α
2176 353 2451 419 cruribus,
2482 352 2561 410 sic
2586 361 2649 409 ut
2691 353 2775 409 vix
2804 320 3238 428 \quomodolibet
3276 362 3419 413 stare
3441 364 3647 427 posset,
3683 357 3773 414 vix

478 454 650 524 vobis,
680 463 744 511 ut
783 455 1062 511 neminem
1105 449 1347 506 habeatis
1382 449 1700 504 Romanum
1726 447 2068 517 Pontiﬁcem,

478 549 581 605 nisi
606 549 864 605 canonice
892 548 1149 612 electum,
1180 551 1234 599 et
1263 551 1586 601 sanctorum
1622 544 1848 599 Patrum
1879 550 2071 598 aucto-

475 644 634 699 ritate
686 643 921 697 electum
959 648 1015 695 et
1054 637 1391 695 ordinatum.
1438 636 1549 692 Ubi
1580 651 1708 692 vero
1744 636 1803 692 in
1828 644 2071 693 extremo

479 736 683 808 positus
718 742 857 801 erat,
884 732 1081 789 ultima
1110 733 1276 789 verba
1306 732 1425 804 ejus
1449 731 1569 788 haec
1591 729 1814 787 fuerunt
1843 750 1856 787 :
1896 731 2073 788 Dilexi

469 828 761 901 justitiam,
790 833 845 882 et
873 826 1023 883 odivi
1059 826 1420 898 iniquitatem,
1451 833 1737 898 propterea
1768 824 1976 881 morior
2015 825 2073 881 in

478 920 684 977 exsilio.
718 922 837 990 Quo
884 929 1078 977 contra
1123 920 1349 993 quidam
1405 919 1724 975 venerabilis
1774 919 2074 991 Episcopus

479 1015 825 1086 respondisse
862 1023 1115 1071 narratur
1146 1033 1160 1069 :
1190 1018 1312 1071 Non
1339 1022 1509 1086 potes,
1535 1014 1795 1083 Domine,
1833 1013 1975 1068 mori
2019 1013 2073 1068 in

479 1109 687 1178 exsilio,
718 1110 808 1181 qui
847 1109 904 1165 in
942 1109 1057 1166 vice
1081 1109 1279 1166 Christi
1308 1117 1364 1164 et
1406 1108 1797 1180 Apostolorum
1842 1107 1959 1179 ejus
1987 1106 2071 1162 di-

478 1204 681 1260 vinitus
726 1204 979 1276 accepisti
1022 1212 1212 1274 gentes
1254 1203 1656 1270 haereditatem,
1684 1210 1738 1257 et
1780 1201 2075 1274 possessio-

479 1313 605 1353 nem
633 1296 896 1353 terminos
921 1305 1100 1353 terraa.
1140 1301 1327 1369 Itaque
1351 1296 1658 1368 septiformi
1680 1296 1853 1369 gratia
1883 1295 2072 1368 plenus

480 1391 696 1462 septimi
736 1390 989 1463 Gregorii
1017 1391 1260 1463 spiritus,
1291 1392 1383 1464 qui
1416 1389 1686 1446 mundum
1720 1400 1775 1445 et
1802 1390 2073 1461 principes

479 1485 596 1556 ejus
623 1494 878 1556 arguerat
904 1485 972 1540 de
1010 1494 1232 1556 peccato
1262 1496 1316 1541 et
1348 1485 1414 1541 de
1431 1485 1637 1557 jnstitia
1671 1492 1725 1539 et
1742 1483 1810 1539 de
1835 1482 2067 1554 iudicio,

481 1577 535 1632 in
583 1577 907 1635 fortitudine
950 1578 1187 1635 caelestis
1220 1579 1331 1635 cibi
1355 1596 1529 1650 nuper
1561 1578 1763 1650 accepti
1793 1577 2070 1633 caelestem

480 1672 621 1726 viam
669 1672 958 1743 arripiens,
1000 1673 1307 1745 meritoque
1355 1672 1520 1728 divini
1565 1673 1687 1740 zeli,
1733 1674 1880 1729 velut
1910 1673 2071 1743 igneo

2179 448 2346 504 etiam
2372 446 2553 520 jacere
2591 448 2672 504 vel
2719 448 2908 506 sedere
2945 469 2957 505 :
3005 450 3098 521 qui
3141 458 3197 506 et
3231 450 3404 507 multa
3442 449 3496 505 in
3525 448 3775 508 medicos

2180 550 2514 615 erogaverat,
2581 541 2824 614 nihilque
2885 542 3220 616 profecerat;
3274 544 3520 617 apposita
3583 544 3774 601 eadem

2180 637 2340 694 mitra
2377 636 2468 693 ubi
2514 637 2690 708 major
2727 636 3001 709 ingruerat
3043 635 3221 706 dolor,
3264 637 3507 710 pristinae
3533 637 3776 695 redditus

2180 738 2262 788 est
2297 730 2533 787 sanitati.
2570 731 2736 787 Liber
2768 730 3013 803 ejusdem
3041 732 3287 788 Anselmi
3315 731 3383 788 de
3428 732 3773 789 Psalmorum

2178 825 2500 882 tractatibus
2565 840 2763 897 paucas
2823 825 3117 883 sententias
3170 826 3455 898 excipere;
3507 835 3564 882 et
3608 842 3775 899 quam

2179 920 2332 992 pium
2360 918 2621 975 affectum
2648 935 2776 993 erga
2800 923 3140 976 sanctitatem
3166 920 3409 993 magistri
3438 920 3520 977 sui
3559 921 3774 992 Grego-

2178 1014 2240 1069 rii
2267 1013 2537 1082 habuerit,
2571 1013 2871 1069 evidentius
2909 1013 3217 1070 ostendere.
3249 1014 3338 1070 Sic
3373 1030 3503 1087 ergo
3533 1014 3775 1086 loquitur

2179 1108 2235 1168 in
2255 1116 2486 1164 tractatu
2513 1104 2734 1163 Secundi
2758 1107 2959 1163 Psalmi
2983 1125 2998 1163 :
3028 1131 3052 1156 «
3072 1108 3378 1165 Astiterunt
3398 1110 3573 1181 Reges
3594 1116 3774 1177 terrae,

2180 1210 2234 1257 et
2272 1202 2545 1273 Principes
2579 1210 2958 1258 convenerunt
2981 1202 3036 1258 in
3070 1219 3269 1271 unum,
3295 1201 3552 1259 adversus
3582 1202 3775 1258 Domi-

2179 1312 2337 1363 num,
2369 1305 2423 1352 et
2469 1296 2731 1353 adversus
2781 1296 3065 1353 Christum
3108 1298 3247 1369 ejus.
3297 1320 3323 1347 ι
3361 1299 3539 1368 Reges
3589 1304 3769 1365 terrae,

2177 1390 2428 1446 membra
2458 1389 2700 1447 videlicet
2727 1388 2841 1460 ejus
2869 1389 2960 1461 qui
2991 1406 3157 1463 regna
3198 1406 3361 1463 super
3402 1406 3595 1446 omnes
3632 1389 3776 1446 ﬁlios

2179 1484 2472 1556 superbiae,
2510 1500 2624 1539 non
2653 1484 2833 1541 solum
2858 1494 3149 1553 venerunt,
3191 1484 3287 1540 sed
3314 1493 3369 1540 et
3394 1484 3695 1547 astiterunt,
3721 1492 3776 1541 et

2180 1578 2417 1634 exercitu
2462 1595 2562 1634 suo
2610 1582 2922 1635 Romanam
2964 1578 3266 1635 Ecclesiam
3304 1577 3675 1646 obsederunt;
3721 1586 3775 1633 et

2181 1672 2449 1745 principes
2516 1672 2870 1729 Sacerdotum
2938 1673 3344 1745 conspirantem
3405 1679 3777 1728 convenerunt

479 1776 663 1834 curru,
695 1733 862 1821 instar
893 1766 1023 1823 Elite
1052 1733 1361 1834 subvectus,
1410 1772 1555 1833 (101)
1606 1766 1815 1824 Urbani
1840 1733 2074 1838 {prae-de-
2105 1733 2153 1795 Β
2180 1733 2234 1822 in
2260 1733 2453 1833 unum,
2488 1774 2679 1822 contra
2717 1774 2966 1822 sanctum
3021 1733 3263 1833 Petrum,
3312 1774 3367 1822 et
3403 1772 3590 1821 contra
3620 1765 3776 1820 Vica-

478 1859 710 1916 cessoris
737 1860 840 1928 sui,
866 1860 1020 1933 cuius
1048 1877 1112 1917 ea
1134 1860 1221 1917 die
1248 1859 1514 1918 festivitas
1539 1861 1766 1928 exstitit,
1799 1860 2071 1916 omnium-

483 1969 591 2025 que
613 1954 907 2011 beatorum
943 1955 1191 2011 Iaetitiam
1234 1956 1289 2010 in
1312 1954 1525 2011 caelesti
1554 1955 1725 2026 gloria
1753 1970 1881 2010 cum
1915 1954 2070 2010 Chri-

479 2054 566 2102 sto
591 2047 945 2117 gaudentium
971 2036 1300 2105 excellenter
1320 2048 1636 2121 ampliavit;
1668 2048 1726 2104 in
1756 2048 1915 2103 terris
1944 2064 2071 2104 vero

478 2140 911 2212 peregrinantem
966 2141 1263 2199 Ecclesiam
1314 2143 1554 2198 discessu
1595 2158 1696 2198 suo
1744 2158 1858 2197 non
1904 2156 2070 2213 parvo

479 2248 721 2292 mmrore
759 2238 1145 2294 consternavit.
1177 2239 1389 2308 Corpus
1415 2236 1529 2307 ejus
1574 2238 1869 2309 sepulturae
1908 2235 2075 2292 tradi-

480 2336 601 2384 tum
637 2337 720 2385 est
756 2330 903 2401 apud
937 2329 1161 2386 beatum
1200 2330 1526 2386 Matthaanm
1552 2330 1973 2400 Evangelistam,
2005 2330 2072 2385 de

478 2421 634 2493 cujus
679 2438 822 2479 nova
868 2422 1175 2481 inventione
1222 2423 1564 2481 laetabundus
1610 2425 1900 2496 scripserat
1948 2433 2071 2481 ante

480 2530 683 2589 paucos
714 2532 890 2575 annos
918 2518 1222 2590 Epistolam
1258 2518 1431 2591 (102).

1053 2631 1298 2687 CAPUT
1334 2633 1495 2687 XIII.

476 2734 744 2802 Exempla
772 2748 951 2788 eorum
979 2736 1079 2803 qui
1102 2736 1354 2804 Gregorii
1389 2736 1611 2789 decretis
1659 2734 1956 2789 obedientes
1992 2735 2075 2789 vel

549 2806 910 2930 inqbedientes
959 2808 1134 2875 fuere,
1173 2808 1439 2863 divinitus
1463 2808 1696 2877 probata
1738 2807 1820 2861 vel
1868 2809 2074 2875 impro-

587 2892 621 2929 a
646 2892 699 2931 a.

476 3007 485 3050 l
555 2993 677 3046 103.
747 2990 1155 3063 Consequenter
1220 2990 1310 3046 hic
1364 2989 1800 3046 introducendus
1861 2988 2073 3045 videtur

2178 1861 2325 1915 rium
2359 1861 2476 1932 ejus
2507 1860 2854 1932 Gregorium,
2893 1859 3007 1915 imo
3037 1860 3219 1931 ipsum
3249 1859 3341 1932 qui
3368 1858 3502 1915 dixit
3544 1879 3556 1915 :
3604 1880 3629 1907 α
3663 1859 3770 1928 Qui

2184 1970 2279 2009 vos
2320 1953 2492 2027 tangit
2529 1969 2617 2010 me
2648 1954 2855 2025 tangit;
2902 1953 2992 2025 qui
3036 1969 3133 2009 vos
3170 1953 3400 2024 spernit,
3430 1968 3523 2009 me
3554 1952 3771 2024 'spernit

2184 2048 2329 2113 (Luc.
2362 2054 2456 2117 x);
2489 2047 2815 2120 cruciﬁgunt
2860 2048 3059 2103 iterum
3095 2048 3291 2105 Filium
3318 2047 3440 2104 Dei.
3472 2069 3499 2095 ιι
3549 2048 3774 2103 Constat

2182 2142 2412 2209 etenim,
2462 2142 2585 2214 quia
2630 2150 2792 2212 caput
2827 2149 3077 2197 nostrum
3100 2141 3157 2197 in
3194 2140 3458 2197 membris
3492 2141 3603 2197 suis
3632 2141 3771 2213 pati-

2181 2244 2295 2303 tur,
2322 2237 2378 2291 in
2406 2236 2673 2293 membris
2704 2234 3046 2303 infirmatur;
3073 2235 3217 2291 sicut
3245 2234 3360 2307 ipse
3396 2237 3563 2291 Beato
3610 2237 3772 2290 Petro

2180 2328 2318 2386 dixit
2354 2348 2366 2385 :
2405 2352 2429 2379 ι
2458 2328 2611 2385 Vado
2633 2329 2825 2385 iterum
2846 2331 3086 2386 Romam
3116 2328 3372 2401 cruciﬁgi.
3402 2351 3429 2377 ν
3459 2332 3653 2385 Nonne
3680 2327 3770 2384 tibi

2185 2423 2433 2479 videntur
2471 2423 2748 2496 Principes
2794 2422 3151 2479 Sacerdotum
3181 2422 3235 2478 in
3263 2423 3430 2479 domo
3472 2422 3625 2478 Pilati
3670 2422 3773 2477 col-

2180 2516 2351 2587 ligere
2401 2517 2692 2574 concilium
2731 2526 2793 2572 ut
2830 2516 3110 2573 Christum
3146 2524 3310 2573 mortl
3358 2517 3593 2580 tradant,
3645 2530 3771 2571 cum

2178 2619 2265 2669 tot
2291 2610 2458 2668 falsos
2486 2619 2651 2668 testes
2678 2618 2870 2667 contra
2908 2626 3191 2667 summum
3224 2611 3545 2667 Pontiﬁcem
3573 2609 3769 2665 Henri-

2180 2721 2278 2762 cus
2301 2705 2606 2774 adornavit,
2634 2721 2764 2761 cum
2792 2720 2983 2761 omnes
3011 2705 3246 2761 clamant
3275 2724 3292 2760 :
3338 2708 3481 2761 Reus
3508 2711 3591 2759 est
3624 2718 3771 2758 mor-

2180 2799 2287 2857 tis?
2313 2802 2508 2856 Nonne
2535 2799 2738 2856 iterum
2770 2798 3038 2856 Barrabas
3061 2798 3302 2871 eligitur,
3328 2807 3383 2854 et
3405 2797 3648 2857 Christus
3668 2796 3770 2853 sub

2183 2893 2353 2952 Pilato
2398 2892 2559 2948 morti
2614 2891 2905 2961 addicitur,
2956 2907 3086 2948 cum
3140 2896 3424 2948 Ravennae
3476 2891 3772 2949 Guibertus

2180 2986 2394 3059 eligitur
2431 2994 2486 3041 et
2518 2989 2660 3057 Papa
2705 2985 3003 3058 Gregorius
3045 2986 3409 3058 reprobatur?
3464 2986 3552 3042 Sic
3599 2985 3775 3041 vivere

482 3081 784 3154 praecipuus
841 3083 1113 3139 virtutum
1171 3083 1288 3153 ejus
1331 3091 1566 3138 sectator
1617 3092 1673 3138 et
1718 3082 1893 3151 heres,
1948 3081 2075 3136 bea-
2107 3104 2152 3166 ρ
2182 3081 2452 3136 latronem
2518 3086 2731 3152 petunt,
2761 3079 2869 3160 .qui
2919 3079 3035 3151 lege
3082 3079 3402 3147 damnatur,
3464 3087 3521 3134 et
3560 3079 3772 3151 justum

478 3182 568 3230 tus
598 3177 740 3244 (I08)
770 3176 1084 3241 Anselmus,
1120 3176 1373 3231 Ecclesiae
1394 3176 1660 3231 Lucensis
1686 3175 1951 3240 Antistes,
1976 3176 2069 3247 qui

477 3275 601 3323 ante
649 3267 837 3324 omnia
875 3266 929 3323 id
956 3268 1121 3324 studii
1161 3282 1381 3341 semper
1413 3268 1622 3339 habuit,
1664 3276 1726 3325 ut
1763 3268 2072 3325 imitaretur

480 3376 606 3418 eum
649 3361 704 3417 in
754 3361 1030 3429 omnibus,
1080 3361 1236 3430 adeo,
1268 3370 1330 3419 ut
1356 3362 1660 3435 discrepare
1686 3362 1755 3418 ab
1794 3363 1883 3418 illo
1926 3379 2074 3435 pror-

478 3470 573 3513 su
600 3456 769 3513 nollet
792 3457 852 3513 in
880 3457 1096 3530 aliquo:
1139 3456 1355 3525 deinde,
1384 3457 1517 3529 quid
1549 3456 1605 3513 in
1632 3458 1749 3529 ipso
1777 3455 1898 3525 fuit,
1933 3458 2073 3514 illius

479 3564 699 3622 semper
729 3551 942 3607 meritis
979 3549 1239 3607 attribuit.
1275 3551 1577 3623 Gregorius
1617 3566 1874 3622 namque,
1906 3551 2070 3607 veluti

480 3642 606 3699 fons
649 3653 799 3709 erat;
856 3644 1143 3699 Anselmus
1186 3644 1336 3715 quasi
1383 3644 1533 3698 rivus
1571 3642 1795 3711 ﬂuebat,
1841 3652 1896 3699 et
1925 3643 2074 3701 arida

480 3736 735 3807 irrigabat
763 3754 776 3791 :
811 3736 919 3803 ille,
949 3737 1101 3808 quasi
1125 3738 1303 3808 fcaput
1345 3744 1527 3792 totum
1572 3752 1771 3807 corpus
1797 3738 2069 3808 guberna-

481 3830 574 3885 bat
607 3848 618 3883 :
652 3828 775 3892 iste,
808 3844 906 3884 ceu
936 3845 1128 3884 manus
1153 3829 1420 3897 studiosa,
1451 3828 1599 3901 quod
1622 3829 1925 3901 injunctum
1947 3847 2074 3903 ope-

478 3922 732 3978 rabatur:
765 3922 870 3989 ille,
897 3922 1037 3978 sicut
1060 3923 1141 3978 sol
1166 3924 1495 3979 illuminavit
1523 3923 1746 3989 omnia;
1777 3925 1900 3993 iste,
1923 3925 2072 3981 velut

477 4016 757 4087 Splendor,
787 4016 1077 4072 declaravit
1105 4016 1334 4087 singula.
1367 4018 1518 4073 Olim
1547 4018 1713 4084 Elias,
1763 4033 1829 4074 ex
1859 4028 2069 4075 morta-

480 4112 615 4166 lium
646 4109 1049 4166 cohaliitatione
1088 4109 1436 4179 transiturus,
1464 4110 1675 4167 dimisit
1722 4112 1915 4168 Elisa‘o
1956 4113 2069 4184 pal-

480 4204 617 4261 lium
657 4220 839 4270 snum,
874 4204 1177 4276 Prophetici
1215 4205 1457 4260 muneris
1486 4205 1913 4262 instrumentum
1958 4224 1972 4261 :
2003 4206 2073 4262 si-

478 4297 680 4353 militer
705 4306 761 4354 et
784 4299 1095 4371 Gregorius,
1124 4314 1189 4356 ex
1210 4298 1310 4354 hac
1343 4299 1557 4355 mortali
1585 4299 1692 4355 vita
1717 4300 2068 4373 migraturus,

479 4391 782 4449 transmisit
831 4393 1094 4449 Anselmo
1144 4393 1469 4449 Pontiﬁcalis
1518 4393 1727 4465 insigne
1770 4395 2069 4465 potestatis,

2181 3174 2462 3240 damnant,
2507 3188 2603 3245 per
2644 3188 2807 3245 quem
2856 3188 3051 3229 omnes
3090 3174 3386 3229 salvantur.
3436 3175 3629 3230 Nonne
3671 3173 3772 3229 tibi

2181 3266 2397 3323 videtur
2422 3266 2621 3323 iterum
2656 3266 2859 3323 Pilatus
2889 3282 3084 3323 manus
3115 3282 3244 3323 suas
3281 3268 3494 3334 lavisse,
3524 3276 3580 3324 et
3608 3266 3773 3324 dixis-

2181 3376 2240 3417 se
2270 3379 2283 3417 :
2313 3360 2552 3416 Mundus
2574 3376 2675 3433 ego
2704 3376 2829 3417 sum
2856 3376 2886 3417 a
2908 3362 3170 3433 sanguine
3185 3360 3368 3433 hujus,
3397 3362 3604 3417 nullam
3624 3362 3680 3418 in
3705 3376 3770 3418 eo

2180 3469 2401 3511 causam
2450 3454 2701 3523 invenio;
2745 3454 2961 3526 quando
2997 3454 3254 3511 simulata
3283 3454 3596 3526 pmnitentia
3626 3458 3772 3511 Hen-

2180 3547 2323 3604 ricus
2367 3547 2614 3604 adoravit
2659 3564 2941 3605 summum
2991 3548 3335 3616 Pontiﬁcem,
3380 3547 3574 3605 deinde
3627 3548 3771 3605 falsis

2182 3641 2466 3713 Episcopis
2498 3642 2610 3697 suis
2637 3641 2805 3698 dixit:
2839 3642 3147 3699 Secundum
3171 3643 3347 3715 legem
3376 3651 3613 3698 vestram
3633 3642 3771 3713 judi-

2180 3745 2298 3792 cate
2347 3739 2525 3793 eum?
2583 3736 2833 3807 Amplius
2887 3756 2900 3791 :
2964 3736 3362 3808 Dirumpamus
3413 3736 3627 3792 vincula
3678 3752 3772 3793 eo-

2180 3845 2327 3898 rum,
2371 3837 2478 3885 etc.
2534 3829 2941 3901 Opprimamus,
2995 3830 3263 3900 inquiunt,
3318 3830 3498 3886 virum
3531 3830 3765 3903 justum,

2180 3922 2439 3996 quoniam
2495 3923 2799 3980 contrarius
2841 3932 2922 3979 est
2964 3923 3221 3995 operibus
3255 3924 3471 3980 nostris.
3522 3924 3577 3981 Si
3624 3924 3768 3981 enim

2180 4017 2554 4075 dimiserimus
2602 4032 2727 4074 eum
2774 4017 2873 4081 sic,
2907 4017 3122 4073 venient
3168 4018 3424 4086 Romani,
3471 4026 3527 4074 et
3582 4019 3769 4074 tollent

2176 4119 2434 4168 nostrum
2457 4111 2639 4168 locum
2660 4119 2717 4168 et
2736 4119 2973 4183 gentem.
3006 4113 3143 4167 Item
3175 4129 3190 4165 :
3222 4112 3274 4167 Si
3304 4128 3445 4184 papa
3472 4112 3767 4184 Gregorius

2179 4206 2392 4274 vixerit,
2421 4206 2601 4261 mittet
2623 4213 2811 4261 contra
2836 4219 2937 4259 nos
2975 4204 3354 4275 praedicatores
3388 4207 3646 4273 veritatis,
3676 4206 3767 4277 qui

2179 4299 2527 4357 discutientes
2570 4298 2735 4353 vitam
2780 4306 2833 4354 et
2879 4306 3031 4353 actus
3073 4306 3311 4365 nostros,
3367 4299 3593 4368 eripient
3642 4315 3768 4356 oves

2179 4392 2379 4451 Christi
2409 4393 2477 4450 de
2503 4392 2754 4449 manibus
2778 4392 3018 4462 nostris;
3069 4401 3123 4448 et
3142 4393 3277 4464 justi
3308 4392 3563 4464 diripient
3599 4394 3765 4465 spolia

479 4485 725 4543 videlicet
752 4486 970 4543 mitram
1006 4487 1197 4559 capitis
1238 4487 1325 4542 sui
1354 4507 1368 4554 ;
1399 4487 1503 4543 hoc
1528 4488 1800 4543 nimirum
1830 4490 1945 4543 Deo
1970 4503 2064 4543 co-
2099 4477 2147 4538 D
2175 4495 2362 4543 nostra
2382 4528 2395 4551 ,
2428 4494 2483 4542 et
2522 4486 2800 4541 dimittent
2832 4485 3134 4543 Ecclesiam
3180 4485 3499 4542 facientibus
3529 4486 3769 4543 fructum

478 4588 760 4651 operante,
793 4589 872 4647 ut,
903 4582 1044 4637 sicut
1064 4581 1154 4637 ille
1186 4581 1493 4653 Prophetize
1518 4597 1616 4654 per
1638 4581 1864 4653 pallium
1895 4581 2069 4638 haere-

477 4673 671 4730 ditavit
705 4676 1141 4746 prerogativam,
1190 4676 1262 4732 ita
1302 4684 1358 4731 et
1402 4676 1500 4732 iste
1543 4675 1944 4731 Sacerdotalem
1974 4692 2072 4748 per

480 4767 704 4824 mitram
752 4768 1021 4824 obtineret
1067 4769 1434 4825 eminentiam.
1491 4772 1698 4842 Nempe
1745 4786 1832 4838 eo,
1898 4786 2070 4843 usque

480 4862 743 4934 processit
782 4861 1105 4929 similitudo,
1145 4870 1229 4927 ut,
1275 4863 1415 4918 sicut
1454 4864 1679 4920 Elisaeus
1714 4880 1810 4935 per
1846 4864 2070 4935 pallium

483 4956 616 5013 Elia:
639 4971 735 5027 per
762 4955 1026 5011 virtutum
1061 4956 1208 5028 signa
1248 4936 1737 5025 demonstraverat,
1767 4958 1839 5014 ita
1866 4965 1922 5013 et
1962 4960 2072 5012 An-

478 5050 686 5105 selmus
740 5064 835 5121 per
895 5048 1114 5104 mitram
1171 5049 1415 5120 Gregorii
1478 5049 1733 5121 quaedam
1799 5050 2069 5123 magnalia

480 5143 804 5199 exhibuerit.
838 5144 1003 5208 Nam,
1036 5150 1097 5198 ut
1113 5158 1182 5198 ne
1217 5143 1461 5214 pluribus
1486 5159 1656 5200 unum
1696 5144 1870 5217 magis
1896 5144 2070 5199 divulo

480 5245 670 5310 gatum
717 5235 1077 5315 proferamus,
1118 5235 1443 5292 reverendus
1500 5240 1813 5294 Mantuanae
1862 5238 2070 5295 Praesul

480 5332 733 5388 Ecclesia:
750 5330 1002 5388 Ubaldus
1031 5335 1197 5395 (104),
1230 5330 1417 5387 multis
1436 5330 1553 5403 jam
1583 5331 1738 5387 annis
1762 5332 2073 5403 gravissime

480 5425 829 5499 spleneticats,
860 5432 912 5481 et
940 5432 1058 5481 toto
1103 5440 1330 5496 corpore
1373 5426 1645 5483 ulceratus
1675 5426 1977 5498 praesertim
2015 5426 2073 5482 in

488 5656 501 5670 ο
557 5586 797 5670 “opus.
834 5587 1044 5655 Urbani
1077 5590 1122 5650 Ι,
1160 5589 1324 5657 Papa:
1352 5570 1411 5644 eti
1427 5589 1711 5659 Martyris,
1755 5588 1913 5661 cujus
1938 5590 2074 5645 Acta

480 5657 598 5730 jam
632 5657 904 5714 dedimus.
1581 5657 1588 5659 ‘
1821 5657 1837 5661 ’

492 5801 530 5806 _
556 5734 704 5806 (102)
727 5731 826 5784 Est
854 5728 972 5806 [ιαξο
1008 5731 1247 5806 Epistola
1283 5737 1319 5786 8
1344 5728 1463 5787 libri
1492 5746 1639 5803 vm,
1667 5732 1735 5788 ad
1770 5732 2073 5806 Alphanum

492 5801 823 5874 Episcopum
849 5801 1271 5862 Salernitanum.

2181 4581 2239 4637 in
2264 4597 2346 4637 ea.
2380 4579 2610 4649 Quando
2655 4595 2780 4636 vero
2816 4580 3119 4637 sanctitatis
3142 4588 3401 4636 tractator
3434 4580 3533 4637 iste
3575 4578 3765 4645 fuerit,

2180 4674 2375 4747 partim
2402 4690 2468 4730 ex
2498 4673 2727 4729 lectione
2764 4683 3081 4730 sanctorum
3129 4683 3407 4746 gestorum
3445 4675 3560 4747 ejus
3605 4674 3771 4729 anim-

2180 4767 2534 4836 advertimus,
2579 4768 2774 4840 partim
2818 4783 2883 4824 ex
2932 4768 3189 4824 relatione
3227 4767 3604 4837 religiosorum
3636 4768 3767 4823 Fra-

2179 4868 2349 4929 trum,
2373 4861 2550 4933 quise
2578 4861 2645 4916 de
2683 4861 2977 4933 longinquo
3010 4861 3079 4917 ad
3127 4860 3472 4932 sepulchrum
3519 4862 3636 4933 ejus
3678 4876 3771 4931 per

2179 4955 2567 5011 revelationem
2605 4954 2856 5011 invitatos
2886 4955 3116 5024 venisse,
3159 4963 3213 5010 et
3240 4970 3268 5009 a
3310 4955 3561 5027 gravibus
3603 4963 3767 5026 atque

2180 5048 2399 5106 diutinis
2438 5048 2795 5121 languoribus
2833 5048 3038 5121 absque
3089 5063 3249 5105 mora
3308 5049 3561 5106 liberatos
3608 5048 3772 5106 fuisse

2180 5143 2361 5200 testati
2391 5151 2537 5207 sunt,
2567 5142 2970 5215 perpendimus.

2257 5242 2379 5293 104.
2434 5238 2589 5292 Nunc
2661 5251 2840 5308 Operm
2905 5237 3137 5307 pretium
3206 5238 3535 5294 arbitramur
3593 5239 3775 5310 paucis

2182 5332 2555 5389 demonstrare
2585 5330 2814 5402 qualiter
2840 5330 2921 5385 vel
2947 5330 3116 5403 gratia
3155 5332 3234 5386 vel
3281 5331 3356 5385 ira
3396 5331 3514 5397 Dei,
3547 5333 3771 5397 nostris,

2183 5425 2289 5482 hoc
2317 5433 2399 5482 est
2427 5424 2481 5480 in
2532 5424 2871 5483 Germanicis
2915 5426 3154 5495 partibus
3197 5424 3662 5482 commendaverit
3687 5424 3777 5482 de-

2259 5593 2406 5670 (103_)
2439 5590 2495 5670 _S_.
2528 5588 2774 5670 Apselmi
2819 5586 3055 5659 episcopi
3106 5585 3367 5643 Lucensis
3414 5588 3597 5645 Vitam
3629 5587 3776 5645 dedi-

2187 5677 2313 5717 mus
2343 5668 2407 5716 18
2440 5663 2639 5716 Martii.

2242 5738 2402 5805 '(104)
2459 5732 2698 5805 Udaldus
2744 5738 2954 5805 creatus
2988 5742 3134 5785 anno
3171 5734 3306 5787 1082
3352 5732 3668 5805 Episcopus,
3706 5730 3775 5787 ab

2188 5804 2429 5860 Henrico
2450 5818 2580 5873 rege
2606 5803 2674 5858 de
2696 5802 2823 5858 sede
2844 5802 3044 5877 pulsus.
