4138 6190
315 276 385 327 97
1315 270 1840 331 PROLEGOMENA.
1883 303 1956 315 —
1989 270 2166 331 ACTA
2204 274 2259 331 S.
2299 277 2642 333 GREGOBH.
3136 300 3137 303 ‘
3555 287 3624 339 98

315 408 470 457 creta
510 400 767 473 Gregorii
805 401 985 458 nostri
1030 408 1219 459 contra
1245 402 1532 458 avaritiam
1572 411 1626 458 et
1653 402 1918 459 luxuriam
1946 404 2001 467 Α
2030 402 2252 457 ulterius
2278 418 2395 459 non
2416 402 2636 459 videre?
2665 402 2974 474 Respondit
3010 423 3029 459 ε
3063 404 3222 462 Volo.
3253 406 3402 473 Noli,
3426 405 3624 478 inquit,

319 494 575 550 Simonis
635 503 689 550 et
714 495 961 565 Nicolai;
993 504 1261 568 quatenus
1299 505 1353 552 et
1384 495 1517 569 justi
1559 496 1923 567 vigilantiores

320 588 475 655 ﬁant,
500 587 572 644 ad
600 588 906 645 cavendum
957 588 1258 647 interdicta
1303 588 1708 645 communionis
1745 589 1926 660 piacu-

321 672 439 737 lum
460 700 475 749 ;
496 693 555 736 et
582 682 1143 754 operarii_iniquitatis
1194 682 1662 740 formidolosiores
1691 681 1875 739 effecti
1903 724 1920 751 ,

325 776 561 831 summis
590 776 931 847 poenitentiae
958 777 1245 833 conatibus
1287 778 1559 833 enitantur
1606 777 1675 833 ad
1698 776 1922 833 evaden-

326 868 469 925 dum
489 885 602 926 suae
637 870 1095 941 praevaricationis
1115 871 1459 943 supplicium.
1483 872 1625 927 Nam
1646 870 1714 927 ad
1743 870 1924 942 sepul-

331 979 493 1018 crum
522 963 636 1034 ejus
651 964 870 1020 cazlitus
886 963 1045 1033 facta,
1075 964 1157 1020 vel
1187 980 1311 1035 quae
1333 965 1451 1021 ﬁeri
1480 964 1922 1037 dicunt,religio-

324 1056 501 1112 siores
526 1046 726 1129 quique
750 1058 1022 1127 Romani;
1052 1074 1155 1115 nos
1176 1058 1315 1128 illis,
1346 1058 1437 1130 qui
1470 1058 1751 1114 viciniores
1773 1067 1922 1125 sunt,

319 1151 689 1222 percensenda
708 1167 1083 1221 reservamus;
1132 1152 1333 1225 quibus
1359 1161 1412 1207 et
1445 1168 1692 1223 personae
1720 1151 1925 1209 facilius

320 1244 705 1314 innotescunt,
746 1246 801 1301 in
828 1246 1030 1318 quibus
1060 1246 1143 1302 vel
1178 1246 1319 1302 facta
1369 1247 1453 1302 vel
1485 1246 1642 1301 ﬁunt.
1696 1249 1767 1303 Ut
1795 1262 1923 1318 ergo

317 1348 510 1393 contra
538 1338 774 1410 primam
804 1339 860 1394 in
890 1340 1127 1396 Ecclesia
1154 1340 1392 1395 Simonis
1438 1349 1642 1411 pestem
1682 1340 1924 1412 primum

319 1448 596 1504 ponamus
634 1434 976 1505 exemplum,
1008 1433 1490 1490 reverendissimus
1518 1434 1925 1505 Hirsaugiensis

319 1526 558 1582 caenobii
600 1528 762 1582 Pater
817 1533 965 1594 (105)
1011 1527 1343 1595 Willelmus,
1391 1528 1547 1600 cujus
1607 1528 1922 1599 religionem

317 1620 523 1691 scripta
553 1636 770 1692 quoque
817 1622 1064 1693 Gregorii
1113 1621 1289 1677 nostri
1323 1621 1713 1677 venerabiliter
1762 1638 1919 1678 acce-

319 1723 509 1787 ptant,
542 1714 684 1770 inter
726 1716 957 1781 multos,
1009 1715 1102 1787 qui
1145 1715 1430 1786 specialem
1456 1716 1573 1787 ejus
1594 1716 1916 1772 medicinam

316 1778 667 1880 expetebant,
719 1808 924 1880 recepit
947 1778 1244 1880 quemdam
1291 1778 1700 1883 Presbyterum,
1732 1810 1913 1866 Simo-
1949 1778 1997 1840 B

314 1902 490 1958 niacze
530 1902 818 1975 pravitatis
846 1902 991 1973 lepra
1038 1903 1401 1973 maculosum,
1435 1902 1758 1960 humilitatis
1783 1907 1921 1960 anti-

312 1995 450 2052 doto
469 1996 797 2053 curandum.
816 1995 923 2054 Sed
943 1996 1110 2053 eheu!
1130 1997 1240 2052 vim
1260 1997 1491 2054 faciente
1516 1998 1917 2055 monachorum

312 2089 760 2161 importunitate,
779 2106 1016 2162 quorum
1034 2090 1272 2163 pessima
1296 2092 1633 2149 consuetudo
1658 2091 1816 2149 estde
1835 2109 1918 2149 sa-

313 2183 421 2240 cris
442 2184 756 2240 Canonibus
775 2193 869 2239 aut
896 2200 1086 2255 parum
1111 2193 1205 2240 aut
1231 2184 1367 2240 nihil
1396 2202 1607 2254 curare,
1634 2202 1744 2242 non
1767 2203 1918 2243 com-

312 2277 529 2348 pescuit
555 2294 680 2333 eum
705 2276 773 2333 ad
796 2278 981 2334 illicita
1001 2278 1339 2334 immaculati
1354 2279 1497 2352 Agni
1521 2279 1914 2336 immolatione.

313 2372 486 2427 Unde
523 2371 756 2443 contigit
807 2380 867 2427 ut
922 2372 1035 2442 ipse
1076 2372 1323 2428 Salvator
1350 2372 1621 2429 horrenda
1677 2389 1809 2430 eum
1839 2373 1916 2428 vi-

314 2464 472 2522 sione
506 2464 829 2534 deterreret,
868 2481 994 2521 cum
1022 2465 1162 2523 forte
1192 2474 1315 2538 post
1356 2466 1665 2523 inchoatam
1693 2468 1917 2524 Missam

314 2557 847 2615 catechumenorum
889 2558 944 2614 in
982 2560 1199 2633 proprio
1236 2560 1441 2629 (stallo)
1487 2560 1767 2617 resideret.
1806 2564 1916 2633 Op-

311 2668 507 2725 presso
553 2668 794 2726 namque
842 2668 1038 2725 sopore
1096 2656 1363 2726 apparuit,
1420 2655 1604 2711 scissis
1656 2655 1913 2724 vestibus,

312 2755 538 2820 aspectu
563 2748 717 2820 quasi
744 2747 1019 2820 leprosus;
1050 2747 1208 2821 eique
1244 2750 1481 2821 stupenti
1509 2757 1564 2805 et
1599 2744 1911 2819 admiranti,

314 2857 484 2912 quem
540 2842 838 2913 respiceret
872 2858 1038 2898 causa
1083 2841 1463 2916 hujuscemodi
1512 2842 1911 2915 apparitionis:

314 2935 538 3003 Taliter,
572 2935 769 3007 inquit,
797 2944 855 2992 tu
886 2938 1259 3006 mentractasti
1296 2956 1308 2992 :
1341 2936 1434 3009 qui
1472 2952 1621 3004 cum,
1652 2944 1706 2992 te
1729 2937 1914 2993 Simo-

316 3031 542 3085 niacum
599 3045 712 3085 non
752 3031 1013 3100 nescires,
1063 3029 1134 3087 ad
1183 3029 1521 3087 conﬁcienda
1568 3030 1915 3086 Sacramenta

2033 510 2162 568 ergo
2188 496 2387 552 amodo
2427 495 2687 551 Richardi
2727 496 3039 569 Presbyteri
3066 497 3263 556 Missas
3302 499 3506 566 audire,
3536 500 3629 572 qui

2030 589 2271 646 debitam
2300 598 2453 645 tanto
2475 588 2655 646 ofﬁcio
2673 590 3055 647 castimoniam
3076 609 3189 649 non
3206 594 3320 649 vult
3330 592 3626 649 custodire.

2032 683 2121 739 Sic
2152 683 2295 738 enim
2321 683 2613 739 vocabatur
2642 684 2957 757 Presbyter,
2983 687 3074 756 qui
3105 686 3178 741 illi
3206 686 3445 744 ecclesia:
3482 686 3624 745 indi-
3680 690 3705 696 "

2032 794 2173 849 gnus
2217 786 2464 849 praeerat,
2478 777 2638 850 juxta
2667 794 2835 849 quam
2861 779 3029 851 Virgo
3060 783 3181 858 Deo
3229 780 3409 837 dedita
3446 796 3625 836 mane-

2031 870 2143 927 bat.
2175 874 2263 939 ;Et
2305 887 2372 927 ex
2424 879 2555 926 tunc
2606 887 2732 927 eum
2763 871 2977 943 publica
3028 873 3331 929 visitatione
3377 873 3627 930 confuta-

2033 972 2174 1033 tum,
2206 974 2258 1022 et
2284 966 2534 1038 exemplo
2582 981 2683 1021 suo
2726 966 2958 1038 plebem,
3008 975 3070 1022 ut
3099 967 3246 1024 idem
3270 967 3491 1037 faceret,
3514 966 3628 1024 ani-

2032 1060 2216 1115 mavit.

2107 1159 2227 1209 106.
2261 1154 2358 1209 Illa
2386 1168 2602 1230 quoque
2642 1158 2789 1224 (107)
2820 1156 2950 1212 visio
2996 1171 3109 1212 non
3132 1157 3359 1229 indigna
3386 1173 3626 1214 comme‘

2031 1247 2337 1303 moratione
2365 1248 2607 1317 videtur;
2638 1265 2744 1320 qua
2772 1249 3004 1307 dilectus
3033 1254 3154 1306 Deo
3195 1259 3250 1306 et
3278 1249 3588 1308 hominibus
3607 1288 3624 1319 ,

2030 1340 2337 1397 benedicta:
2373 1343 2660 1399 memoriae
2711 1342 3045 1399 Adalbertus
3071 1343 3392 1411 monachus,
3433 1350 3487 1400 et
3512 1345 3627 1415 ipse

2030 1436 2381 1492 contumelias
2411 1446 2465 1491 et
2523 1445 2759 1492 terrores
2804 1437 2871 1493 ab
2896 1436 3219 1494 adversariis
3241 1437 3489 1510 Gregorii
3526 1454 3626 1493 no-

2029 1528 2127 1583 stri
2183 1538 2405 1601 propter
2461 1530 2820 1586 obedientiam
2854 1531 3199 1587 decretorum
3248 1531 3365 1604 ejus
3411 1547 3623 1604 passus,

2029 1621 2279 1678 eamdem
2304 1623 2602 1679 Herlucam
2641 1624 2838 1681 vidisse
2866 1624 3135 1681 referebat
3157 1624 3225 1682 de
3249 1625 3495 1697 quodam
3537 1624 3627 1681 Ni-

2027 1716 2244 1784 colaita,
2263 1717 2354 1788 qui
2382 1718 2691 1774 carnalibus
2718 1718 2995 1775 desideriis
3019 1718 3316 1775 inserviens
3346 1718 3625 1775 ecclesiam

2026 1810 2173 1865 illam
2192 1810 2809 1883 contaminaverat,qnm
2824 1820 2904 1867 est
2916 1811 2971 1866 in
2990 1811 3109 1867 loco
3126 1811 3218 1883 qui
3237 1811 3433 1867 dicitur
3452 1815 3619 1868 Rota.

2027 1907 2091 1959 In
2110 1904 2200 1958 illa
2215 1919 2451 1975 namque
2475 1906 2726 1974 conﬁnia,
2752 1905 2857 1961 hoc
2872 1914 2954 1961 est
2966 1905 3023 1961 in
3041 1904 3277 1961 conﬁnio
3288 1905 3619 1962 Noricorum

2026 2005 2081 2053 et
2104 1997 2543 2054 Alamannorum
2565 2015 2707 2071 quos
2733 2001 2917 2071 Lycus
2930 1999 3124 2055 ﬂuvius
3135 1999 3494 2069 disterminat,
3512 2015 3625 2055 non

2027 2092 2214 2162 procul
2244 2091 2548 2149 destinabat
2572 2094 2888 2149 mansiones
2907 2092 3150 2165 ejusdem
3167 2093 3457 2149 venerandi
3478 2092 3622 2150 senis

2026 2194 2080 2241 et
2110 2185 2282 2241 beatae
2302 2186 2560 2258 Virginis,
2594 2187 2941 2259 multumque
2981 2202 3039 2242 se
3068 2187 3297 2243 invicem
3322 2186 3377 2242 in
3403 2186 3621 2244 Christo

2025 2278 2338 2351 diligebant,
2358 2280 2482 2351 quia
2503 2281 2864 2337 excellentem
2892 2280 2991 2336 Dei
3016 2281 3247 2353 gratiam
3265 2280 3320 2336 in
3342 2296 3401 2337 se
3424 2288 3620 2337 mutuo

2024 2373 2509 2444 recognoscebant.
2536 2379 2618 2431 lta
2644 2390 2774 2448 ergo
2795 2375 3023 2431 dilectus
3049 2373 3120 2431 de
3131 2374 3333 2433 dilecta
3346 2375 3620 2431 narrabat.

2023 2474 2191 2529 Beata
2231 2468 2464 2524 Herluca
2513 2468 2655 2524 inter
2700 2469 2874 2525 socias
2914 2467 3151 2541 virgines
3190 2477 3246 2524 et
3273 2468 3463 2525 viduas
3498 2485 3625 2541 qua-

2025 2567 2154 2623 dam
2182 2566 2269 2623 die
2327 2580 2391 2621 ex
2440 2579 2598 2619 more
2629 2562 2883 2628 sedebat,
2920 2570 2976 2618 et
3004 2562 3154 2635 operi
3182 2578 3450 2619 manuum
3462 2562 3623 2635 juxta

2024 2659 2474 2718 consuetudinem
2520 2673 2678 2713 suam
2724 2657 3007 2730 diligenter
3055 2656 3445 2725 incumbebat;
3493 2671 3621 2713 cum

1979 2744 1983 2749 ’
2024 2770 2150 2811 ecce
2174 2753 2352 2810 subito
2384 2768 2481 2825 per
2510 2750 2804 2807 fenestram
2836 2750 3197 2822 prospiciens,
3234 2750 3623 2808 miserabiliter

2024 2847 2306 2904 lamentari
2348 2845 2523 2917 coepit
2550 2853 2605 2901 et
2645 2843 2946 2911 vociferari,
3003 2842 3193 2900 dicens
3247 2861 3263 2901 :
3320 2847 3441 2912 Vat,
3506 2846 3618 2900 νῶι

2023 2940 2220 2997 Melius
2248 2938 2459 2995 homini
2486 2938 2561 2993 illi
2595 2945 2732 3005 erat,
2781 2937 2826 2993 si
2881 2944 3037 2992 natus
3074 2952 3188 2992 non
3214 2935 3421 2992 fuisset.
3454 2938 3621 2993 Cum-

2024 3050 2133 3108 que
2157 3033 2325 3089 nimis
2353 3032 2592 3089 attonita
2617 3029 2871 3103 quaedam
2898 3028 3124 3086 illustris
3147 3027 3371 3099 femina,
3400 3029 3623 3087 nomine

314 3124 583 3195 Corporis
633 3132 689 3179 et
713 3124 1000 3196 Sanguinis
1054 3123 1162 3181 mei
1239 3124 1596 3181 nihilominus
1661 3124 1916 3183 accedere
1948 3149 1993 3212 ρ
2028 3128 2353 3200 Hadewiga,
2374 3127 2757 3198 interrogasset
2773 3140 2893 3180 eam
2914 3122 3176 3196 quidnam
3204 3121 3448 3192 vidisset,
3477 3122 3622 3179 unde

312 3218 736 3289 praesumpsisti.
768 3221 916 3273 Inter
942 3217 1077 3286 haec,
1124 3227 1349 3290 urgente
1378 3216 1511 3274 hora
1551 3218 1810 3291 surgendi
1847 3217 1916 3274 ad

314 3311 611 3368 lectionem
657 3311 952 3385 Evangelii,
1006 3310 1166 3367 multi
1220 3313 1474 3368 Fratrum
1502 3312 1809 3373 innuerunt,
1858 3320 1917 3368 ut

314 3405 673 3473 excitaretur;
718 3405 811 3462 sed
843 3404 1136 3478 praedictus
1162 3404 1350 3462 Abbas
1388 3404 1567 3462 altiori
1599 3406 1913 3462 considera-

312 3500 469 3556 tione
496 3499 698 3566 renuit,
746 3516 817 3555 ne
861 3500 1137 3567 revelatio,
1183 3500 1228 3556 si
1281 3516 1388 3572 qua
1421 3509 1584 3570 esset,
1623 3499 1915 3571 impedire-

312 3601 405 3649 tur
438 3614 449 3649 :
482 3592 872 3649 animadvertit
897 3593 1041 3649 enim
1070 3610 1182 3650 non
1212 3595 1454 3650 otiosum
1485 3610 1603 3650 esse
1632 3602 1746 3649 tam
1784 3609 1912 3666 pro-

318 3681 559 3743 fundum
584 3685 731 3743 illius
760 3687 1023 3760 temporis
1056 3697 1109 3743 et
1132 3687 1238 3743 loci
1265 3700 1540 3760 soporem.
1569 3690 1758 3759 Itaque
1786 3704 1913 3743 ven-

318 3789 441 3836 tum
465 3789 549 3837 est
568 3781 635 3837 ad
679 3782 904 3837 Missam
940 3784 1423 3839 Sacramentorum
1444 3823 1458 3849 ,
1488 3789 1542 3837 et
1573 3790 1704 3837 tunc
1730 3797 1915 3837 neces-

320 3874 467 3930 sario
495 3874 921 3947 expergefactus,
970 3875 1278 3932 celebrandi
1306 3891 1467 3932 causa
1492 3875 1765 3949 mysterii,
1795 3890 1915 3930 mae

316 3967 594 4024 nifestavit
620 3969 965 4042 gravedinem
996 3977 1045 4026 et
1073 3970 1567 4042 impossibilitatem
1598 3985 1779 4038 suam,
1823 3985 1915 4025 ac-

316 4070 589 4134 ceptoque
622 4064 872 4136 protinus
926 4063 1172 4137 ejusdem
1224 4064 1406 4120 Missae
1435 4063 1657 4132 vicario,
1698 4079 1764 4119 ex
1790 4069 1918 4119 tunc

310 4160 367 4213 in
398 4157 674 4229 reliquum
701 4158 912 4229 penitus
937 4160 1166 4215 cessavit
1192 4174 1222 4214 a
1254 4156 1585 4213 Sacerdotali
1625 4156 1828 4213 ofﬁcio.

392 4257 520 4308 105.
556 4251 771 4308 Abhinc
809 4251 1135 4325 proferenda
1163 4260 1292 4308 sunt
1320 4252 1569 4322 exempla
1598 4259 1789 4307 contra
1829 4251 1920 4307 Ni-

309 4346 563 4413 colaitas,
595 4355 651 4402 et
670 4362 868 4403 eorum
906 4347 1409 4403 communicatores
1452 4345 1702 4401 valentia.
1731 4346 1920 4401 Felicis

315 4455 563 4512 namque
615 4440 917 4496 memoria:
964 4440 1131 4512 Virgo
1165 4440 1421 4508 Herluca,
1482 4438 1568 4494 cui
1623 4436 1921 4494 familiares

2025 3232 2241 3281 tantum
2271 3228 2547 3278 commota
2599 3217 2820 3276 fuisset?
2848 3219 3104 3274 Mortuus
3153 3225 3253 3284 est,
3313 3216 3510 3289 inquit,
3539 3216 3620 3273 in-

2023 3316 2149 3373 felix
2182 3314 2469 3387 Presbyter
2500 3312 2631 3369 illud
2660 3311 2731 3367 de
2756 3315 2923 3382 Rota,
2954 3320 3010 3368 et
3036 3310 3218 3367 anima
3269 3310 3385 3384 ejus
3417 3310 3485 3367 ab
3527 3326 3620 3367 an-

2022 3410 2153 3484 gelis
2171 3408 2430 3465 Satbanze
2455 3406 2666 3463 sublata
2689 3414 2937 3477 portatur
2955 3404 3025 3461 ad
3050 3404 3263 3461 inferna
3294 3422 3308 3459 :
3336 3404 3444 3461 vidi
3466 3405 3619 3461 enim

2023 3520 2118 3561 eos
2155 3508 2550 3574 praetereuntes
2587 3515 2716 3555 cum
2754 3498 3125 3567 insultatione,
3175 3505 3230 3553 et
3247 3497 3488 3553 animam
3529 3514 3625 3554 co-

2023 3598 2310 3654 mitantem
2342 3610 2467 3663 cum
2501 3592 2806 3666 ejulatione.
2857 3592 2959 3649 Illa
3009 3600 3230 3665 optante
3279 3591 3383 3647 hoc
3428 3607 3621 3647 verum

2021 3707 2138 3747 non
2177 3706 2317 3759 esse,
2371 3688 2641 3757 Mittatur,
2671 3687 2867 3760 inquit,
2912 3686 3003 3759 qui
3037 3686 3316 3742 veritatem
3360 3684 3616 3756 inquirat.

2024 3786 2225 3841 Missus
2248 3783 2474 3839 nuntius
2502 3780 2765 3838 familiam
2786 3782 3061 3853 lugentem
3092 3780 3329 3850 invenit;
3359 3786 3415 3835 et
3429 3777 3621 3835 eadem

2026 3877 2161 3934 hora
2198 3876 2465 3950 comperit
2499 3885 2804 3948 mortuum,
2843 3891 2951 3948 qua
2983 3874 3141 3931 beata
3170 3874 3338 3947 Virgo
3367 3871 3635 3945 spiritum

2027 3973 2142 4045 ejus
2166 3972 2373 4029 viderat
2393 3987 2425 4027 a
2446 3969 2700 4042 malignis
2729 3969 3003 4041 Spiritibus
3021 3976 3385 4041 asportatum.

2102 4072 2221 4122 107.
2252 4068 2462 4120 Interea
2491 4079 2657 4136 super
2692 4063 2834 4135 ipsas
2858 4078 3079 4136 quoque
3128 4077 3326 4118 uxores
3364 4078 3460 4118 seu
3488 4077 3620 4117 con-

2027 4159 2253 4216 cubinas
2312 4158 2703 4214 Nicolaitarum
2774 4156 3091 4212 terribiliter
3144 4155 3387 4212 desaeviit
3442 4154 3619 4211 divina

2027 4251 2181 4308 ultio.
2241 4254 2382 4309 Nam
2425 4250 2684 4323 quaedam
2728 4248 2967 4317 illarum,
2994 4249 3049 4303 in
3080 4240 3374 4321 reprobum
3399 4263 3622 4304 sensum

2028 4342 2263 4413 tradita},
2318 4344 2637 4416 semetipsas
2677 4343 2929 4399 incendio
2986 4343 3328 4400 tradiderunt
3368 4360 3382 4399 :
3428 4342 3623 4415 aliqua:

2028 4438 2165 4495 dum
2193 4454 2343 4495 sanae
2362 4436 2614 4493 cubitum
2659 4437 2847 4505 issent,
2881 4444 3118 4492 mortuae
3146 4444 3375 4507 reperta:
3403 4444 3533 4491 sunt
3560 4436 3620 4491 in

318 4542 478 4590 erant
496 4533 728 4590 visiones
752 4544 806 4591 et
828 4533 1189 4591 revelationes
1222 4532 1449 4589 Domini
1480 4548 1606 4588 eum
1633 4531 1920 4588 inﬁrmita-
1947 4526 1998 4589 D
2028 4532 2322 4601 matutino,
2375 4531 2579 4604 abSque
2640 4530 2753 4586 ullo
2810 4529 3104 4601 prweuntis
3148 4527 3485 4583 inﬁrmitatis
3544 4526 3623 4583 in-

314 4626 471 4683 tibus
494 4627 778 4699 Apostoli,
812 4626 955 4683 ﬁdeli
994 4626 1173 4682 relatu
1204 4626 1365 4682 nobis
1432 4625 1725 4681 insinuavit
1770 4624 1919 4697 quod

312 4719 436 4792 ipsa
464 4721 585 4776 vice
637 4720 895 4792 quadam,
946 4720 1079 4793 dum
1133 4719 1375 4777 solitaria
1418 4719 1702 4775 resedisset
1730 4719 1916 4774 incel-

313 4814 428 4871 lula
465 4829 586 4883 sua,
619 4815 799 4870 subito
830 4813 1036 4870 viderat
1074 4813 1380 4870 Dominum
1416 4814 1607 4869 Jesum
1648 4812 1716 4869 ad
1744 4828 1801 4868 se
1828 4812 1913 4867 in-

315 4907 514 4975 troire,
546 4907 841 4964 comitante
874 4908 1031 4964 beato
1059 4906 1345 4979 Wicterpo
1372 4908 1518 4979 (106)
1560 4906 1917 4979 Augustensis

316 5000 583 5057 Ecclesiae
625 5000 906 5073 quondam
974 5001 1252 5068 Praesule;
1309 4999 1606 5071 habitoque
1648 5000 1918 5072 paulisper

316 5096 537 5153 silentio
575 5094 892 5164 subsistere,
952 5104 1007 5153 et
1046 5095 1268 5152 vulnera
1310 5103 1521 5150 tantum
1570 5110 1667 5151 sua
1721 5109 1916 5150 cruore

321 5190 595 5246 manantia
636 5189 939 5247 offendere.
986 5191 1231 5264 Cumque
1258 5188 1635 5262 horripilasset
1658 5204 1689 5243 a
1718 5188 1916 5244 timore

322 5283 543 5341 visionis
579 5284 841 5355 insolitae,
862 5282 1065 5341 affatus
1091 5292 1174 5340 est
1223 5299 1347 5340 eam
1398 5283 1704 5355 Episc0pus
1730 5282 1803 5337 ita
1833 5281 1916 5339 di-

321 5392 491 5434 oens:
525 5378 898 5449 Abhorresne,
942 5379 1129 5445 Soror,
1168 5393 1200 5433 a
1249 5385 1476 5434 cruenta
1510 5376 1688 5449 specie
1731 5376 1916 5433 Salva-

323 5472 496 5529 tOris?
521 5473 615 5530 Ait
642 5489 657 5529 :
689 5475 895 5544 Etiam,
914 5471 1173 5529 Domine.
1204 5472 1301 5529 Vis
1340 5487 1489 5543 eum,
1520 5471 1716 5544 inquit,
1743 5470 1920 5528 taliter

398 5635 557 5707 (106)
587 5633 901 5695 Wilhelmus
943 5652 1086 5693 anno
1120 5640 1279 5704 1091,
1309 5632 1395 5693 die
1430 5634 1462 5691 5
1486 5628 1609 5691 Julii
1646 5641 1919 5707 mortuus,

361 5706 633 5775 lurimum
683 5708 932 5775 laudatur
965 5724 997 5765 a
1036 5708 1295 5765 Bertoldo
1334 5706 1748 5774 Constantiensi,
1798 5714 1853 5762 et
1889 5722 1921 5762 a

372 5780 637 5836 rithemio
665 5782 717 5836 in
749 5779 1018 5837 Chronico
1049 5779 1448 5850 Hirsaugiensi.

396 5856 549 5922 (106)
588 5852 745 5911 Vitas
799 5854 858 5909 S.
896 5855 1156 5926 Μετεηοὶ
1201 5847 1434 5924 episcopi
1482 5853 1629 5908 etB.
1678 5847 1921 5909 Herium

2028 4626 2169 4683 dicio
2199 4644 2211 4681 :
2247 4626 2555 4697 aliquarum
2584 4624 2748 4680 etiam
2792 4639 3041 4695 corpora,
3079 4631 3204 4695 post
3250 4624 3462 4678 evulsas
3488 4617 3622 4681 ianio

2030 4736 2168 4788 mas,
2211 4718 2433 4791 maligni
2482 4718 2705 4789 spiritus
2731 4716 3022 4788 rapientes,
3079 4724 3135 4771 et
3161 4716 3218 4771 in
3262 4732 3358 4772 sua
3400 4714 3624 4772 latibula

2028 4821 2375 4885 reponentes,
2417 4811 2661 4866 humana
2710 4809 2989 4881 sepultura
3030 4810 3387 4882 privarentur.
3446 4811 3622 4865 Porro

2028 4906 2348 4962 incestuosis
2387 4904 2686 4961 Missarum
2727 4902 3152 4960 celebratoribus
3190 4902 3262 4958 ita
3304 4917 3362 4959 se
3391 4901 3620 4958 manife-

2029 5000 2189 5058 stavit
2222 4998 2506 5071 aliquoties
2556 4998 2634 5053 ira
2682 4997 3002 5069 Dei;quod,
3056 4996 3188 5053 dum
3234 4995 3352 5069 jam
3402 4995 3626 5069 jamque

2029 5092 2434 5150 communicare
2475 5091 2695 5162 vellent,
2749 5090 2911 5147 turbo
2967 5089 3259 5146 vehemens
3303 5089 3481 5156 irruit,
3530 5104 3624 5145 ca-

2028 5188 2295 5260 licemque
2360 5185 2680 5243 subvertens
2758 5183 3093 5257 Sanguinem
3158 5181 3370 5251 effudit,
3420 5184 3626 5238 Panem

2030 5297 2158 5338 vero
2216 5288 2466 5337 sanctum
2509 5279 2765 5337 humanm
2819 5277 3141 5335 inventionis
3168 5276 3505 5333 mirabiliter,
3533 5276 3625 5331 ab-

2029 5375 2211 5447 ripuit.
2242 5374 2427 5446 Qualis
2482 5389 2610 5430 vero
2663 5371 2959 5445 Presbyter
3004 5372 3094 5428 ille
3142 5369 3326 5440 fuerit,
3360 5370 3455 5442 qui
3483 5384 3629 5442 sape

2030 5468 2159 5527 dicti
2210 5484 2529 5542 semperque
2583 5466 2795 5525 dicendi
2840 5465 3089 5541 Gregorii
3139 5463 3312 5523 nostri
3358 5463 3622 5532 casulam,

2029 5633 2264 5702 virginis
2292 5628 2544 5688 dedimus
2588 5636 2654 5687 18
2680 5626 2897 5702 Aprilis,
2929 5635 3001 5702 get
3029 5634 3366 5702 postremam
3403 5623 3627 5702 quidem

2033 5694 2256 5760 auctore
2274 5703 2469 5760 eodem
2490 5703 2659 5758 Paulo
2687 5694 3099 5758 Bernriedensi:
3130 5700 3221 5757 ubi
3252 5716 3309 5754 n.
3344 5694 3625 5754 22'memi-

2030 5775 2114 5833 nis
2153 5774 2315 5847 hujus
2354 5774 2626 5847 historiae,
2648 5789 2766 5847 a_se
2796 5775 2852 5829 in
2876 5770 3118 5847 hac_Vita
3139 5769 3441 5841 descriptae.

2104 5842 2245 5916 (107)
2268 5850 2407 5904 Haec
2435 5845 2566 5903 visio
2595 5844 2801 5903 ibidem
2830 5842 3089 5916 repetitur
3104 5858 3165 5900 n.
3200 5847 3290 5899 24.
3368 5908 3375 5909 ί
