4122 6180
529 165 558 190 Ι

409 295 418 301 .
515 279 584 332 99
1005 293 1012 302 ε
1744 272 1799 327 S.
1841 270 2223 328 GREGORIUS
2261 275 2351 329 VII
2390 275 2583 331 PAPA.
2657 328 2667 332 _

3711 227 3886 330 100‘

516 403 620 462 sibi
671 404 726 460 in
773 404 996 478 pignore
1045 401 1300 474 positam,
1346 405 1594 468 tempore
1638 400 1687 454 II
1732 402 1874 464 (108)
1915 396 2111 454 Gelasii
2142 400 2194 463 Α
2219 401 2336 457 tulo
2367 400 2679 472 praesidenti
2719 396 3030 467 assedisset,
3057 394 3367 456 sublevatus
3397 399 3589 472 piritu
3629 399 3812 457 videre

518 501 682 570 Papze
713 497 781 554 ad
835 499 1064 553 Missam
1109 493 1274 550 semel
1305 491 1534 546 induere
1572 491 1940 562 praesumpsit,
1998 507 2108 546 non

517 595 648 649 satis
701 591 1181 663 investigavimus:
1227 584 1320 641 sed
1351 585 1458 642 hoc
1492 601 1591 658 pro
1629 593 1800 653 certo,
1827 587 2110 641 Romano-

516 703 640 742 rum
687 685 878 752 relatu,
913 681 1218 748 didicimus,
1268 679 1416 752 quod
1458 679 1600 736 illico
1652 678 1928 735 scabiosus
1977 677 2106 734 effe-

518 789 658 846 ctus,
687 779 771 832 vix
801 793 895 848 per
921 775 1110 852 digups
1139 773 1468 846 paenitentiae
1493 773 1708 829 fructus
1737 773 1926 830 evasit.

590 877 710 928 108.
760 872 976 939 Quanta
1027 884 1153 924 vero
1198 869 1363 941 gratia
1425 867 1526 923 Dei
1555 867 1845 924 subsecuta
1874 866 1947 923 sit
1981 867 2107 922 obe-

515 965 726 1022 dientes
776 963 1130 1035 Gregorianaa
1183 962 1532 1028 institutioni,
1590 960 1836 1018 ostendit
1890 959 2105 1032 Religio

511 1058 796 1132 quadrata,
825 1073 919 1128 per
953 1056 1320 1128 Apostolicam
1346 1055 1604 1128 Gregorii
1623 1053 1793 1111 nostri
1813 1059 1960 1122 (109)
2007 1054 2108 1110 be-

512 1152 878 1208 nedictionem
912 1149 1285 1206 venerabiliter
1305 1149 1360 1204 iu
1393 1149 1479 1205 his
1504 1149 1816 1222 regionibus
1853 1147 2106 1204 inchoata

513 1255 567 1302 et
587 1245 817 1306 feliciter
845 1231 1221 1315 multiplicata,
1250 1242 1494 1300 videlicet
1513 1251 1859 1299 attonsorum
1909 1240 2107 1297 Christi

512 1354 821 1406 servorum,
843 1337 1028 1410 eisque
1054 1336 1287 1393 fideliter
1306 1335 1657 1394 servientium
1677 1339 1931 1393 Fratrum
1961 1335 2106 1406 (110)

514 1433 894 1499 barbatorum;
949 1431 1235 1502 Virginum
1285 1429 1547 1503 singulari
1611 1429 1908 1486 devotione
1954 1426 2109 1500 jugi-

513 1536 596 1582 ter
623 1526 979 1593 inclusarum,
1027 1526 1270 1596 itemque
1326 1524 1609 1596 Virginum
1656 1523 1887 1596 regulari
1917 1520 2105 1577 mode-

518 1622 727 1676 ratione
754 1620 1014 1676 introitus
1037 1627 1088 1674 et
1117 1619 1289 1674 exitus
1322 1634 1452 1674 suos
1472 1615 1922 1674 custodientium.
1965 1617 2106 1672 Sane

515 1715 862 1788 quadraturae
904 1713 1065 1784 huius
1095 1713 1206 1768 sive
1247 1711 1525 1784 quadriga
1561 1721 1798 1784 quatuor
1849 1709 2106 1783 praecipui

2219 495 2377 567 capit
2396 494 2636 551 medium
2667 496 2879 562 Jesum,
2909 495 3077 552 modo
3114 510 3174 551 se
3204 493 3412 566 placide
3453 493 3811 550 acclinautem

2219 589 2399 645 eidem
2437 589 2659 658 Abbati,
2702 598 2849 646 recte
2892 587 3196 662 judicanti;
3255 587 3422 644 modo
3465 587 3813 661 indignanter

2217 692 2577 752 avertentem,
2597 700 2723 740 cum
2746 681 2888 740 forte
2911 684 3090 739 minus
3108 681 3418 755 invigilaret
3444 681 3762 738 rectitudini
3793 699 3808 737 :

2215 778 2327 850 qui,
2360 787 2654 850 postquam
2681 778 2836 834 ﬁnito
2875 777 3126 850 Capitulo
3178 761 3359 833 eidem
3410 775 3556 833 Patri
3598 785 3813 834 secreto

2217 871 2505 942 referebat,
2550 889 2664 930 non
2707 889 2901 945 parum
2931 871 3198 928 cautionis
3229 871 3285 927 in
3307 871 3585 944 reliquum
3610 887 3810 944 sugge-

2215 966 2386 1023 rebat.
2422 970 2583 1037 Item,
2614 983 2743 1023 cum
2765 966 2950 1024 divina
2991 965 3318 1022 revelatioue
3363 965 3719 1038 praemonitus
3747 981 3814 1022 ex

2216 1062 2516 1133 apostolica
2547 1061 2870 1117 auctoritate
2899 1060 3250 1133 praecepisset
3291 1069 3353 1116 ut
3377 1075 3569 1117 omnes
3593 1059 3684 1132 qui
3710 1059 3811 1116 ibi-

2216 1154 2346 1211 dem
2378 1155 2457 1211 vel
2493 1155 2827 1226 homicidiaa,
2862 1154 2942 1211 vel
2972 1155 3201 1211 adulteri
3261 1153 3340 1209 vel
3370 1153 3610 1225 quolibet
3645 1153 3812 1209 modo

2217 1248 2494 1305 criminosi
2539 1249 2895 1318 exstitissent,
2926 1248 2995 1304 ab
3041 1248 3224 1304 altaris
3272 1246 3456 1304 ofﬁcio
3503 1247 3809 1304 secundum

2215 1341 2349 1398 scita
2377 1357 2651 1399 canonum
2680 1358 2893 1399 cessare
2933 1341 3215 1410 deberent,
3260 1349 3316 1397 et
3356 1341 3521 1398 iidem
3565 1341 3810 1412 protinus

2218 1435 2408 1508 pavida
2436 1436 2779 1494 confessione
2806 1436 3066 1493 declarati
3091 1435 3340 1504 fuissent,
3391 1434 3652 1490 narrabat
3672 1450 3812 1505 prae-

2216 1529 2404 1586 dictus
2433 1530 2618 1600 abbas,
2654 1547 2712 1588 se
2740 1531 2796 1587 in
2823 1530 3036 1588 somnis
3059 1530 3282 1587 eosdem
3333 1530 3480 1586 velut
3519 1529 3586 1585 ab
3619 1529 3809 1601 angelo

2216 1623 2510 1681 decollatos
2540 1626 2753 1683 vidisse.

2295 1725 2417 1774 110.
2447 1721 2510 1775 In
2547 1720 2693 1776 calce
2723 1718 2845 1776 libri
2894 1734 3340 1776 commemorare
3368 1717 3600 1775 delectat
3626 1716 3804 1791 plenae

515 1819 758 1865 rectores
804 1808 992 1874 fuere;
1029 1806 1272 1862 videlicet
1310 1805 1598 1861 Canonica:
1651 1807 1777 1861 vitae
1809 1813 2104 1860 reuovator
2133 1778 2181 1841 Β
2218 1811 2520 1870 dilectionis
2558 1814 2761 1886 bigam,
2806 1814 3050 1886 martyrii
3086 1829 3282 1869 cruore
3311 1811 3588 1885 perfusam
3672 1814 3810 1868 Βυτ-

511 1903 741 1959 eximius
769 1902 1097 1959 Altmaunus
1136 1901 1431 1972 Episcopus
1470 1898 1538 1956 de
1581 1899 1821 1967 Patavia,
1847 1907 1904 1954 et
1932 1898 2107 1954 beata:

512 1995 902 2053 recordationis
948 2000 1092 2063 (111)
1155 1993 1442 2050 Odalricus
1491 1994 1647 2050 Prior
1707 1993 1776 2049 de
1823 1993 2105 2058 Cluniaco,

512 2091 799 2148 venerandi
846 2093 1034 2146 Patres
1075 2088 1400 2144 Wilhelmus
1438 2086 1508 2143 de
1534 2087 1842 2158 Hirsaugia,
1869 2095 1922 2142 et
1950 2086 2106 2158 Sige-

483 2228 485 2231 -
509 2185 691 2244 fridus
715 2185 780 2240 de
805 2184 982 2241 Sancti
1013 2183 1312 2240 Salvatoris
1339 2182 1485 2239 Cella
1508 2187 1674 2248 (112).

587 2285 706 2336 109.
742 2282 946 2336 Verum
981 2279 1103 2349 quia
1133 2276 1372 2333 Cluniaci
1427 2274 1758 2331 mentionem
1811 2272 1979 2330 modo
2017 2289 2105 2329 re-

508 2375 815 2449 petivimus,
870 2371 1456 2429 ad'commonitiouem
1501 2369 1761 2427 coenobiis
1802 2367 2106 2423 Praesiden-

509 2469 670 2531 tium,
713 2468 844 2524 libet
885 2467 953 2524 ad
1003 2466 1325 2522 memoriam
1375 2479 1632 2520 revocare
1661 2463 1794 2519 duas
1851 2461 2102 2529 visiones,

511 2563 639 2620 inibi
670 2563 934 2635 Gregorio
963 2570 1152 2617 nostro
1200 2558 1407 2627 factas;
1433 2567 1496 2615 ut
1533 2557 1628 2630 qui
1656 2558 1822 2613 verbo
1853 2565 1907 2612 et
1935 2571 2108 2612 exem-

512 2661 602 2731 plo
643 2659 760 2731 ejus
806 2657 1065 2713 hactenus
1103 2654 1474 2728 profecerunt,
1507 2651 1709 2708 amodo
1747 2650 2110 2706 nihilominus

509 2761 562 2808 et
607 2752 802 2808 barum
833 2751 1104 2808 visionum
1151 2747 1610 2820 contemplatione
1647 2745 1954 2818 proﬁciant.
1998 2744 2107 2816 Igi-

505 2857 598 2904 tur
625 2863 751 2903 cum
782 2846 960 2903 adhuc
1014 2848 1252 2917 Legatus
1311 2842 1648 2915 apostolicus
1703 2839 1943 2912 quadarn
1992 2839 2108 2895 vice

509 2941 825 2999 Cluniacum
871 2941 1124 3010 venisset,
1170 2949 1225 2995 et
1266 2941 1415 3008 (113)
1450 2935 1649 2992 Abbati
1679 2937 1938 2991 Fratrum
1959 2932 2108 3006 Capi-

578 3143 723 3211 (108)
756 3137 999 3203 Gelasius
1029 3135 1103 3212 ῘΙ,
1136 3148 1350 3197 creatus
1365 3150 1509 3194 anno
1541 3137 1704 3204 1118,
1747 3127 1966 3207 praefuit
1992 3144 2098 3192 uno

509 3219 689 3272 solum
720 3232 886 3270 anno.

579 3288 722 3358 (109)
767 3285 1138 3358 Conﬁrmatur
1168 3283 1281 3358 hoc
1318 3296 1382 3338 ex
1413 3278 1816 3358 _e_pistola__ejus
1872 3282 1940 3358 2_4
1981 3277 2101 3334 libri

468 3381 483 3396 ·
509 3353 616 3427 vri,
650 3359 721 3414 ad
749 3357 956 3414 dictum
984 3357 1327 3412 Wilhelmum
1367 3354 1608 3408 abbatem
1638 3353 2098 3427 Hirsaugiensem,

507 3421 693 3512 inqua
724 3429 987 3512 approbat
1040 3427 1188 3512 quod
1223 3442 1419 3512 curam
1475 3421 2101 3512 niqnas_terii‘_S’:"Salva-

507 3492 644 3558 toris
671 3492 969 3572 sus-ceperit
1001 3516 1014 3555 :
1047 3492 1102 3554 et
1143 3498 1481 3572 Tritbemius
1524 3493 1593 3548 de
1621 3493 1766 3572 dicto
1798 3492 2098 3572 Wilhelmo

508 3573 584 3629 ait
614 3596 626 3630 :
658 3575 776 3645 Ipse
810 3566 1040 3643 namque
1069 3576 1166 3637 est,
1189 3573 1286 3640 qui
1308 3569 1562 3645 Ordinem
1587 3570 1831 3645 npstrum
1845 3566 1908 3645 in
1930 3566 2098 3645 omni-

510 3646 602 3700 bus
612 3637 745 3715 pene
763 3637 1073 3700 Teuthanici
1086 3637 1850 3715 1"egniProuinciisre[07:mare
1863 3637 2096 3690 studuit.

506 3706 746 3772 Voc‘atur
773 3725 954 3770 autem
1006 3706 1216 3780 Religio
1244 3712 1539 3781 quadrata,
1588 3706 1740 3762 Ordo
1769 3722 1829 3761 ex
1864 3717 2101 3781 quatuor

504 3787 808 3855 generibus,
836 3786 891 3840 id
915 3793 996 3840 est
1024 3777 1222 3855 duplici
1251 3777 1540 3855 utriusque
1563 3795 1752 3855 sexus:
1753 3777 1947 3855 gradu,
1964 3794 2101 3855 con-

506 3848 746 3913 stitutus.
777 3848 939 3912 Plura
978 3848 1271 3923 vide‘npud
1300 3853 1418 3925 jam
1446 3848 1670 3906 citatum
1707 3848 2097 3925 Trithemium.

576 3933 724 3995 (110)
770 3928 830 3984 Id
877 3936 959 3983 est
1014 3920 1413 3987 Conversorum,
1450 3936 1687 3995 quorum
1733 3936 1895 3975 usum
1951 3920 2099 3976 idem

507 3992 838 4055 Wilhelmus
886 3999 968 4054 vel
1007 3997 1324 4063 instituisse,
1366 3992 1760 4063 vel—abolitum
1811 4007 2098 4063 renovasse

505 4071 701 4128 dicitur
723 4087 753 4125 a
778 4069 1083 4126 Trithemio
1106 4088 1118 4121 :
1138 4085 1266 4123 nam
1301 4061 1510 4122 clericis
1534 4061 1735 4118 barbas
1760 4061 2094 4130 radentibus,

509 4143 609 4215 ipsi
663 4142 777 4198 illas
831 4143 1052 4215 alebant
1099 4155 1286 4215 _causa
1337 4133 1721 4215 distinctionis.
1786 4135 1904 4215 Ides
1935 4150 2098 4215 pqrro

511 4205 819 4271 Germanus
848 4213 1072 4284 quidam
1098 4213 1383 4284 Poetastcr
1409 4209 1462 4262 in
1493 4206 1764 4284 Chronico
1790 4205 2100 4284 Laurisbei-

509 4287 679 4341 mensi
710 4276 920 4340 tomo'I
955 4284 1027 4338 ill.
1060 4281 1533 4354 scriptor.iGerm.
1566 4278 1620 4333 in
1645 4277 1834 4348 Satyra
1859 4276 2098 4349 quadam

507 4357 577 4412 ad
598 4357 893 4412 Heuricum
922 4358 992 4421 V,
1023 4354 1099 4410 sic
1133 4353 1405 4425 eXplodit:

628 4440 764 4488 Nunc
789 4449 991 4500 quoque
1022 4435 1239 4500 Barbati,
1263 4435 1348 4500 qui
1381 4436 1515 4494 sunt,
1538 4428 1773 4480 attentius
1800 4428 1933 4479 audi.

631 4505 754 4552 Sunt
776 4498 892 4563 ergo
911 4498 1045 4548 Laici
1075 4498 1381 4548 Milieusibus

505 4581 600 4649 (ita
656 4581 952 4636 monachos
991 4579 1404 4651 Hirsaugienses
1433 4571 1776 4651 scurrieiste
1828 4572 2096 4651 appellare

505 4645 717 4708 videtur
763 4661 1047 4724 propterea
1097 4645 1245 4722 quod
1272 4667 1410 4723 pane
1448 4665 1514 4704 ex
1543 4645 1692 4702 milio
1722 4645 2099 4700 communiter

505 4727 889 4792 vescerentur).

624 4809 766 4870 Sunt,
788 4803 964 4872 inquit,
983 4802 1434 4872 Laicibliliensibus
1461 4802 1707 4872 associati.
1788 4856 1800 4872 .

627 4866 763 4926 Quos
793 4866 924 4918 risus
952 4866 1276 4932 ipopuliidcdit
1299 4868 1392 4932 hoc
1423 4870 1645 4928 agomiue
1669 4866 1804 4932 fungi

625 4935 749 4982 Sunt
769 4933 879 4994 quia
913 4930 1110 4994 prolixis
1130 4931 1295 4978 barbis
1314 4930 1376 4978 ad
1410 4936 1610 4994 pectora
1635 4931 1771 4991 pexis

627 4984 886 5044 Deforines
911 4984 942 5042 ἶ.
981 4992 1100 5042 facie
1121 4997 1319 5042 austera
1338 4995 1389 5041 et
1411 4984 1548 5041 tonsi
1567 4984 1722 5049 caput
1751 4984 1864 5041 alte.

627 5057 826 5109 Cautius
858 5055 1037 5104 ancisis
1058 5060 1301 5118 certoque
1324 5060 1492 5103 tenore
1524 5053 1714 5116 capillis
1757 5074 1768 5104 :

503 5138 560 5196 id
596 5149 681 5196 est
703 5155 814 5194 non
847 5134 1246 5209 prolixis,haud
1271 5144 1453 5189 tamen
1465 5134 1535 5209 ad
1555 5143 1738 5209 cutem
1764 5133 1959 5200 tonsis,
1985 5129 2085 5188 sic-

501 5219 565 5268 ut
593 5211 697 5266 illis
720 5207 862 5282 quos
895 5222 959 5262 ex
1007 5222 1066 5262 re
1123 5207 1545 5282 noster_Paul.us
1588 5207 1863 5271 Attonsos,
1905 5212 2081 5282 vocat,

501 5276 752 5355 quosque
780 5281 944 5355 idem
976 5282 1243 5355 Pfetaster
1293 5277 1372 5355 sic
1408 5276 1729 5355 subsanuat,
1775 5276 1928 5355 tenui
1955 5276 2088 5331 dun-

500 5348 998 5424 taxat'capillorum
1025 5349 1276 5406 brevium
1302 5348 1441 5404 linea
1463 5355 1627 5420 caput
1649 5348 1704 5402 in
1732 5348 1960 5404 modum
1999 5362 2086 5402 co-

500 5440 653 5482 ronae
681 5425 902 5480 cinctos.

623 5505 715 5553 Hic
733 5519 820 5568 per
855 5508 1086 5568 tonsuras
1119 5501 1342 5566 grandes.
1380 5500 1690 5568 grandesque
1713 5501 1952 5568 cucullos,

621 5569 715 5616 Per
735 5564 894 5630 'capvt
920 5565 1099 5624 abrasi,
1125 5564 1264 5615 terra
1297 5564 1439 5613 lenus
1460 5567 1512 5614 et
1537 5564 1789 5613 manicati.

497 5653 768 5707 Caeterum
797 5647 1061 5720 insignem
1085 5656 1438 5720 utrorumque
1472 5644 1909 5720 iuntgnasteriis
1945 5659 2083 5720 pra:-

499 5721 730 5780 laudatis
785 5715 1062 5787 virtutem,
1117 5715 1562 5787 dignior’audiri
1622 5715 1969 5781 Bertholdus,
2025 5716 2080 5769 in

496 5793 766 5850 Chronico
794 5790 861 5846 ad
889 5806 1094 5847 annum
1115 5793 1273 5856 1083,
1295 5787 1373 5844 sic
1391 5787 1678 5844 describit:
1708 5788 1907 5842 Eodem
1948 5790 2082 5841 tem-

487 5879 620 5938 pore
649 5868 708 5924 in
725 5879 888 5944 regno
905 5865 1320 5923 Teutonicorum
1347 5862 1460 5918 tria
1478 5862 1805 5917 monasteria
1822 5875 1940 5917 cum
1972 5859 2084 5916 suis

2135 3243 2182 3309 C

2216 1907 2485 1964 chardum
2535 1908 2783 1964 videlicet
2825 1907 3344 1974 Halberstateusem,
3383 1915 3438 1963 et
3466 1905 3810 1963 Theodoma—

2215 2018 2341 2059 rum
2377 2004 2738 2058 Juvaveusem
2790 2002 3099 2074 episcOpos,
3146 2001 3470 2074 Gregoriaui
3528 2000 3808 2071 dogmatis

2215 2104 2511 2153 assertores
2534 2095 2964 2152 efficacissimos.
3007 2097 3221 2152 Horum
3245 2111 3485 2166 namque
3535 2094 3807 2150 Burchar-

2217 2190 2340 2258 dus,
2381 2190 2602 2246 Aunoni
2629 2189 2941 2246 Coloniensi
2979 2198 3035 2246 et
3061 2189 3436 2246 Werenhario
3485 2188 3802 2261 Magdebur-

2214 2285 2362 2356 gensi
2392 2282 2857 2341 reverendissimis
2875 2282 3300 2355 archiepiscopis
3341 2282 3604 2355 sanguine
3651 2292 3706 2338 et
3725 2299 3808 2339 re-

2214 2377 2410 2450 ligione
2427 2377 2728 2450 proximus,
2748 2386 3037 2450 postquam
3057 2377 3439 2449 gravissimum
3464 2376 3807 2433 Henricianae

2215 2471 2608 2544 persecutionis
2653 2471 2868 2544 pondus
2889 2471 3141 2528 laudabili
3161 2471 3468 2527 constantia
3486 2469 3578 2525 diu
3597 2479 3806 2526 susten-

2211 2573 2442 2634 taverat,
2473 2566 2697 2622 tandem
2724 2564 3194 2638 appropinquante
3223 2580 3477 2637 snperuae
3505 2564 3808 2621 retributio-

2214 2659 2297 2716 nis
2325 2659 2429 2730 die,
2461 2660 2604 2716 videt
2657 2659 2758 2716 sibi
2791 2660 2848 2714 in
2890 2659 3006 2715 visu
3053 2658 3234 2715 noctis
3285 2659 3506 2714 beatum
3553 2657 3800 2713 Blasiqu

2214 2764 2509 2828 martyrem
2533 2771 2598 2810 ac
2626 2753 2938 2826 pontificem
2963 2753 3237 2820 assistere,
3270 2761 3328 2808 et
3346 2753 3516 2808 beatae
3539 2751 3803 2824 passionis

2213 2849 2476 2905 socialem
2511 2848 2742 2922 gloriam
2762 2847 3159 2920 repromittere.
3193 2849 3383 2920 Itaque
3412 2845 3636 2902 furiosa:
3660 2843 3801 2900 schi-

2213 2943 2576 3000 smaticorum
2620 2943 2796 3015 plebis
2851 2947 2998 3010 (114)
3074 2941 3319 2998 horribili
3375 2939 3806 2998 circumdatione

2210 3133 2434 3206 eellulis,
2473 3136 2813 3211 regula-ribus
2833 3138 3136 3211 disciplinis
3161 3135 3441 3206 instituta,
3465 3135 3670 3207 egregie
3688 3132 3804 3208 pol-

2209 3215 2423 3268 lebant:
2470 3216 2663 3283 quippe
2691 3215 2983 3268 cwnobium
3022 3215 3078 3270 S.
3127 3213 3294 3267 Blasii
3325 3213 3384 3264 in
3429 3211 3800 3283 Nigra-silva;

2209 3290 2261 3340 et
2288 3289 2342 3342 ις.
2376 3282 2609 3346 Aurelii,
2642 3285 2784 3354 quod
2815 3287 3118 3352 Hirsaugia
3141 3284 3358 3345 dicitur,
3391 3286 3444 3336 et
3471 3283 3528 3338 S.
3562 3282 3803 3354 salvato-

2207 3359 2308 3419 ris,
2356 3357 2499 3426 quod
2518 3353 2856 3423 Schafhusen
2883 3356 3110 3421 dicitur,
3137 3355 3199 3408 id
3227 3359 3324 3417 est,
3349 3355 3570 3406 navium
3591 3353 3798 3406 domus.

2207 3427 2299 3483 Ad
2315 3443 2446 3552 (qua:
2459 3429 2797 3516 monasteria
2831 3427 3098 3481 mirabilis
3135 3425 3426 3508 multitudo
3460 3423 3722 3508 nobilium
3744 3428 3802 3505 et

2207 3515 2314 3552 nru
2353 3505 2558 3552 entiam
2578 3516 2823 3552 virorum
2840 3500 2941 3552 hac
2962 3503 3272 3552 temnestate
3288 3513 3345 3550 in
3367 3496 3514 3550 brevi
3529 3496 3794 3552 confugit.

2201 3496 2558 3569 prudentium
2578 3501 2823 3554 uirorum
2840 3500 2941 3553 hac
2962 3503 3272 3567 tempestate
3288 3499 3345 3550 in
3367 3496 3514 3550 brevi
3529 3496 3794 3569 confugit,

2207 3566 2258 3625 et
2285 3571 2541 3641 depositis
2569 3573 2756 3634 armis,
2788 3566 3148 3639 evangelicum
3165 3569 3546 3641 perfectionem
3572 3566 3671 3621 sub
3707 3581 3799 3620 re-

2205 3639 2391 3712 gulari
2407 3643 2697 3712 disciplina
2716 3644 2911 3711 exequi
2930 3643 3234 3711 proposuit;
3259 3643 3407 3694 tanto
3449 3639 3673 3712 inquam
3700 3653 3800 3690 nu-

2208 3710 2372 3775 mero,
2403 3719 2465 3767 ut
2489 3710 2610 3783 ipsa
2638 3710 3083 3767 monasteriorum
3113 3712 3344 3780 wdicﬁia
3366 3710 3660 3764 necessario
3687 3723 3801 3783 amf

2200 3784 2434 3854 pliarint
2459 3803 2476 3835 :
2508 3780 2565 3838 eo
2586 3785 2730 3854 quod
2754 3799 2858 3838 non
2881 3785 3042 3838 aliter
3054 3787 3115 3836 in
3133 3785 3208 3837 eis
3239 3783 3407 3836 locum
3426 3780 3795 3854 commanendi

2206 3855 2481 3910 haberent.
2537 3853 2608 3910 In
2639 3857 2722 3910 his
2751 3857 2933 3924 itaque
2973 3856 3312 3908 monasteriis
3363 3867 3455 3906 nec
3484 3853 3618 3924 ipsa
3649 3855 3798 3905 eate-

2207 3929 2354 3981 ricra
2382 3929 2563 3995 ofﬁcia
2587 3943 2687 3997 per
2713 3923 2994 3993 seculares,
3023 3926 3118 3980 sed
3155 3941 3257 3996 per
3274 3925 3552 3997 religiosos
3578 3923 3794 3997 Fratres

2207 3994 2706 4063 administrantur;
2736 4002 2787 4053 et
2805 4001 3005 4067 quanto
3025 3994 3310 4050 nobiliores
3340 3999 3495 4049 erant
3521 3996 3578 4047 in
3603 3994 3792 4067 seculo,

2207 4073 2358 4124 tanto
2385 4085 2438 4125 se
2486 4064 3054 4140 contemptibilioribus
3082 4069 3276 4136 ofﬁciis
3312 4067 3564 4140 occupari
3586 4064 3797 4140 deside-

2206 4146 2376 4210 rant;
2400 4146 2482 4204 ut,
2508 4144 2604 4211 qui
2615 4137 2886 4212 quondam
2908 4145 3062 4195 erant
3086 4141 3295 4194 comites
3314 4143 3364 4192 et
3388 4137 3719 4212 marchiones
3736 4137 3796 4188 in

2205 4208 2396 4279 seculo,
2418 4208 2557 4267 nunc
2575 4208 2880 4282 ilicoquina
2909 4217 2960 4266 et
2997 4212 3225 4280 pristino
3253 4208 3535 4265 Fratribus
3578 4208 3793 4282 servire,

2206 4289 2257 4338 et
2279 4299 2462 4353 porcos
2488 4300 2670 4338 eorum
2698 4280 2755 4337 in
2776 4298 2960 4352 campo
3000 4296 3231 4352 pascere,
3267 4296 3372 4351 pro
3400 4280 3624 4353 summis
3652 4293 3797 4332 com-

2200 4351 2392 4424 putent
2415 4356 2635 4409 deliciis.
2661 4359 2688 4410 I
2694 4356 2749 4409 bi
2769 4351 2954 4424 nempe
2973 4351 3022 4408 et
3045 4355 3308 4424 porcarii,
3339 4356 3389 4406 et
3412 4351 3642 4416 bubulci,
3660 4365 3796 4418 prce-

2205 4430 2291 4480 ter
2318 4426 2582 4488 habitum,
2613 4427 2777 4480 iidem
2805 4431 2932 4479 sunt
2968 4428 3066 4494 qui
3107 4425 3372 4479 monachi.
3413 4425 3578 4477 Tanto
3615 4425 3795 4475 autem

2205 4499 2450 4552 caritatis
2475 4497 2668 4551 ardore
2687 4513 2861 4551 omnes
2878 4499 3110 4563 fervent,
3140 4500 3202 4550 ut
3220 4495 3443 4564 quilibet
3461 4508 3660 4554 eorum,
3688 4508 3794 4546 non

2207 4572 2316 4622 tam
2339 4585 2513 4634 suum,
2550 4584 2710 4638 quam
2733 4569 2968 4622 alienum
2998 4568 3259 4622 desideret
3297 4567 3620 4638 profectum;
3665 4570 3715 4617 et
3735 4565 3794 4616 in

2206 4639 2501 4694 exhibenda
2531 4635 2896 4710 hospitalitate
2917 4639 3182 4693 insudant
3207 4635 3319 4692 tam
3345 4635 3694 4710 mirabiliter,
3710 4651 3792 4710 _ac_

2203 4714 2257 4766 si
2281 4727 2335 4766 se
2352 4707 2655 4782 perdidisse
2664 4715 2928 4766 wstiment
2946 4710 3216 4780 quidquid
3229 4707 3565 4780 pauperibus
3591 4707 3797 4762 Christi

2203 4787 2254 4838 et
2291 4783 2597 4854 hospitibus
2625 4800 2731 4838 non
2758 4784 3114 4851 erogaverint.

2270 4849 2502 4921 (111)1n
2534 4855 2652 4909 Vita
2679 4857 2739 4909 B.
2779 4849 3028 4909 Heirluca‘.
3059 4870 3109 4909 u.
3147 4857 3241 4920 42,
3281 4849 3585 4923 appellatur
3623 4849 3788 4906 Udal-

2200 4927 2362 4996 ricus,
2416 4927 2774 4984 Cluniacensis
2813 4927 3115 4980 attinentiae
3135 4924 3291 4995 apud
3340 4925 3537 4980 Suevos
3568 4937 3789 4993 prcepoa

2102 5072 2109 5080 .
2198 5002 2357 5080 situs.

2272 5071 2418 5142 (112)
2447 5073 2510 5127 In
2538 5070 2669 5126 villa
2696 5068 3001 5140 Scaphusen
3027 5074 3076 5126 et
3105 5067 3318 5125 dioecesi
3352 5063 3744 5142 Constantiensi
3771 5078 3787 5122 t

2197 5149 2258 5198 ut
2281 5142 2478 5199 dicitur
2501 5145 2553 5198 in
2579 5143 2738 5198 citata
2787 5142 3047 5214 Gregorii
3070 5142 3296 5214 epistola
3315 5147 3392 5214 A24
3419 5141 3536 5214 libri
3563 5154 3671 5196 v11.

2267 5219 2416 5281 (113)
2446 5217 2497 5269 Is
2522 5224 2605 5270 est
2628 5217 2683 5270 S.
2715 5216 2869 5282 Hugo
2915 5212 3117 5284 abbas,
3154 5213 3211 5267 iu
3241 5212 3395 5284 cuius
3421 5213 3786 5284 Vitaauctore

2197 5285 2482 5357 Raynaldo
2532 5285 2930 5357 abbatehidem
2975 5282 3231 5351 refertur,
3271 5282 3338 5340 29
3388 5283 3608 5354 Aprilis,
3664 5297 3785 5354 pag.

2195 5355 2323 5423 649,
2350 5372 2446 5412 nu.
2474 5361 2529 5425 4,
2559 5357 2691 5429 etin
2715 5355 2818 5429 alia
2848 5355 2968 5429 Vita
3005 5371 3125 5429 pag.
3160 5362 3286 5429 6_56,
3311 5371 3369 5408 u.
3400 5359 3452 5410 3.-

2265 5433 2407 5495 (114)
2443 5427 2729 5484 Bertoldus
2758 5427 2904 5484 Fista
2934 5425 3100 5483 habet
3141 5427 3208 5482 ad
3239 5441 3448 5488 annum
3490 5431 3633 5481 1088
3670 5444 3682 5480 :
3722 5426 3787 5480 In

2193 5501 2429 5558 Saxonia
2466 5502 2574 5569 pice
2629 5500 2903 5553 memoria:
2957 5497 3304 5555 Burchardus
3339 5497 3788 5569 Hal-verstatensis

2194 5567 2487 5642 episcopus,
2531 5575 2590 5625 in
2628 5586 2789 5626 causa
2825 5570 2882 5625 S.
2934 5573 3081 5642 Petri
3113 5570 3474 5638 ﬁrmissimus,
3504 5567 3787 5642 heulrocci-

2193 5639 2461 5698 ditur:
2495 5645 2754 5712 Migravit
2784 5645 2963 5695 autem
2985 5641 3058 5712 ad
3079 5642 3362 5712 Dominum
3391 5645 3424 5694 8
3455 5641 3582 5696 Idus
3615 5639 3784 5712 Apri-

2194 5716 2292 5794 lis;
2327 5714 2404 5770 uti
2429 5723 2563 5794 tunc
2577 5709 2728 5768 inter
2751 5711 3150 5794 prsetermissos
3181 5710 3522 5794 diximushet
3546 5713 3616 5766 ad
3641 5709 3788 5794 hunc

2192 5780 2340 5859 diem
2394 5785 2701 5859 rejecimus,
2731 5780 2776 5840 si
2799 5780 3040 5859 fortede
3082 5781 3198 5859 ejus
3228 5785 3572 5840 veneratione
3612 5780 3786 5838 eccle-

2191 5857 2407 5917 siastica
2436 5851 2719 5934 possemus
2761 5853 2964 5932 aliquid
2990 5851 3317 5931 intelligere.
