4122 6180
262 280 357 333 101

1252 273 1777 331 PROLEGOMENA.
1820 300 1888 309 —-
1922 271 2102 327 ACTA
2139 274 2195 328 S.
2235 273 2579 330 GREGORII.

3465 281 3568 334 £02

262 402 407 475 apud
450 400 763 459 Goslariam
803 408 1143 469 coarctatus,
1171 408 1226 456 et
1252 400 1484 456 letaliter
1510 402 1856 467 vulneratus,
1885 398 1939 460 A
1969 400 2166 456 nonice
2194 401 2346 471 signa
2386 418 2514 456 cum
2561 401 2678 472 ipso
2717 398 2970 456 faciente.
3006 401 3211 457 Verum
3238 411 3361 473 post
3389 419 3569 459 exces-

258 497 522 568 quamdiu
567 495 864 567 supervixit
900 511 1029 551 cum
1071 493 1376 550 admirabili
1417 495 1690 551 alacritate
1721 510 1869 566 prie-

259 601 441 649 sentes
470 589 764 646 admonuit
799 598 863 645 ut
884 589 983 645 sibi
1013 596 1067 644 et
1093 589 1163 644 ab
1190 588 1582 644 haereticorum
1611 588 1866 659 contagio

259 693 543 750 caverent,
578 692 630 741 et
656 684 711 739 in
732 683 1039 740 obedientia
1066 682 1333 739 Catholici
1358 682 1630 753 pontiﬁcis
1648 697 1869 754 perma—

264 788 481 836 nerent.
533 779 791 850 Denique
827 777 967 833 inter
1010 777 1175 833 verba
1223 784 1427 833 sanctae
1470 776 1869 832 exhortationis

266 884 321 929 et
350 873 615 929 orationis
642 872 892 945 spiritum
909 871 1182 934 emittens,
1206 871 1450 943 sepultus
1475 879 1559 927 est
1586 871 1639 925 in
1662 873 1869 925 Memo-

268 968 353 1023 ria
382 966 759 1039 apostolorum
790 965 933 1023 Petri
964 974 1021 1020 et
1051 965 1230 1033 Pauli,
1272 980 1441 1038 quam
1472 964 1585 1036 ipse
1614 980 1645 1019 a
1675 963 1868 1019 funda-

268 1068 463 1116 mento
494 1066 873 1116 construxerat
898 1066 951 1113 et
972 1058 1333 1115 dedicaverat.

346 1160 468 1210 111.
504 1157 680 1210 Porro
706 1158 855 1219 (115)
884 1151 1300 1209 Theodomarus
1318 1196 1334 1221 ,
1362 1160 1573 1209 natura:
1604 1159 1873 1224 prastan-

264 1252 335 1305 tia
362 1257 420 1305 et
458 1249 625 1304 totius
650 1247 976 1303 humilitatis
998 1255 1053 1302 et
1077 1246 1377 1302 honestatis
1402 1246 1632 1302 artiﬁcio
1656 1245 1874 1317 praecla-

265 1360 375 1406 rus.
402 1344 601 1398 crebra
627 1340 872 1412 fugiendi
894 1340 1213 1396 necessitate
1240 1356 1269 1395 a
1292 1340 1630 1397 Guibertinis
1650 1349 1705 1396 et
1728 1342 1872 1395 Hen-

266 1437 493 1492 ricianis
534 1437 856 1503 tribulatus,
887 1444 943 1490 et
972 1435 1134 1506 longa
1163 1433 1386 1489 demum
1413 1434 1659 1505 captione
1684 1450 1867 1489 mace-

265 1540 456 1597 ratus;
492 1540 788 1602 postquam
816 1545 875 1585 se
912 1528 1048 1583 vidit
1074 1528 1128 1583 in
1154 1528 1265 1583 suis
1295 1527 1543 1582 terminis
1570 1544 1681 1583 non
1714 1542 1873 1599 posse

267 1624 625 1687 fructiﬁcare,
648 1624 839 1679 statuit
860 1622 1295 1693 Hierosolymam
1312 1630 1681 1688 transmeare;
1710 1630 1872 1692 atque

256 1719 398 1773 inter
438 1717 691 1772 eundum
733 1733 762 1772 a
796 1716 1017 1789 paganis
1043 1716 1400 1785 interceptus,
1427 1724 1483 1771 et
1512 1732 1610 1786 pro
1640 1716 1867 1787 inexpu—

260 1812 464 1884 gnabili
517 1811 861 1867 confessione
892 1810 1128 1865 nominis
1155 1809 1355 1865 Christi
1386 1809 1736 1865 membratim
1782 1808 1863 1863 iu-

258 1907 527 1968 tercisus,
556 1921 856 1976 supernam
884 1903 1230 1960 Hierusalem
1269 1903 1441 1959 vietor
1478 1902 1752 1975 gloriosus
1781 1903 1865 1958 in-

256 2000 437 2056 travit.
474 1998 585 2055 Hic
624 1998 969 2054 ordinaverat
995 2006 1198 2053 nostrae
1227 1997 1559 2052 humilitatis
1588 1996 1865 2052 ordinato-

254 2110 396 2161 rem,
420 2092 945 2149 reverendissimum
971 2092 1175 2148 scilicet
1194 2090 1519 2148 Udalricum
1546 2091 1868 2146 Lauriacen—

257 2204 374 2243 sem
396 2187 516 2243 sive
541 2187 914 2243 Pataviensem
940 2186 1254 2257 episcopum
1284 2187 1448 2256 (I16),
1473 2193 1636 2255 atque
1654 2192 1869 2257 aposto-

258 2284 375 2338 lica:
406 2281 561 2337 sedis
588 2282 827 2354 legatum
849 2323 864 2349 ,
896 2280 988 2353 qui
1020 2289 1144 2335 ante
1181 2279 1285 2335 hoc
1318 2280 1460 2351 (117)
1494 2278 1864 2351 septennium,

260 2385 383 2450 post
428 2376 643 2431 multos
679 2390 879 2448 agones
902 2414 917 2442 ,
960 2391 1061 2447 pro
1090 2373 1387 2429 assertione
1416 2372 1736 2445 Gregoriani
1765 2371 1869 2428 do-

260 2471 497 2543 gmatis,
543 2469 703 2541 cujus
750 2467 820 2523 ad
852 2484 1104 2524 normam
1152 2478 1207 2524 et
1243 2469 1448 2523 electus
1497 2476 1551 2523 et
1582 2475 1874 2538 promotus

260 2564 464 2631 fuerat,
496 2563 741 2636 legitime
786 2562 1120 2630 decertatos,
1151 2562 1489 2617 obdormivit
1515 2561 1569 2615 in
1602 2561 1869 2629 Domino,

264 2675 404 2715 anno
436 2660 624 2714 aetatis
652 2674 767 2713 suae
805 2655 1102 2712 centesimo
1130 2656 1353 2728 quinto,
1388 2655 1695 2725 neminem,
1737 2653 1872 2726 proh

264 2752 455 2808 dolori
491 2751 578 2807 sui
616 2750 855 2807 similem
888 2751 1197 2822 relinquens
1242 2751 1387 2805 inter
1416 2765 1608 2805 omnes
1638 2750 1870 2805 Germa-

263 2848 478 2901 niarum
512 2846 795 2918 praesules.
835 2844 1060 2900 Nullum
1090 2843 1292 2899 etenim
1341 2843 1587 2899 videmus
1613 2843 1686 2898 ita
1716 2858 1873 2898 com-

267 2941 511 3012 positum
566 2939 847 3003 moribus,
902 2936 1282 2993 honorabilem
1332 2938 1519 3004 vultu,
1563 2934 1876 2992 modestum

268 3034 482 3101 habitu,
515 3033 839 3088 auctoritate
859 3030 1238 3099 reverendum,
1266 3047 1481 3103 semper
1503 3030 1797 3086 habentem
1818 3030 1877 3087 in

1981 511 2104 552 sum
2129 495 2295 550 divini
2331 496 2602 563 Prmsulis,
2635 511 2785 562 cum,
2819 496 3047 566 peccatis
3081 496 3438 568 exigentibus,
3470 514 3569 569 po-

1982 589 2179 645 suisset
2206 592 2355 645 Deus
2386 589 2636 644 tenebras
2665 589 3001 660 insipientiae,
3035 599 3087 645 et
3111 590 3252 647 facta
3286 600 3427 646 esset
3463 608 3569 647 nox

1981 683 2309 751 insolentiae,
2334 682 2387 737 in
2410 683 2523 755 ipsa
2546 683 2963 754 pertransieruut
2985 700 3174 740 omnes
3194 685 3377 741 bestiae
3402 686 3569 753 silvae,

1983 786 2038 833 et
2061 777 2220 832 catuli
2253 777 2473 833 leonum
2506 776 2775 848 rugientes
2815 785 2875 833 ut
2898 787 3147 848 raperent
3176 788 3229 834 et
3269 788 3575 849 quaererent

1982 889 2010 928 a
2044 875 2160 927 Deo
2186 887 2364 927 escam
2392 870 2513 937 sibi,
2536 869 2785 925 videlicet
2806 871 3024 942 spiritus
3048 872 3263 943 maligni
3290 893 3301 927 :
3327 882 3399 938 et,
3425 872 3571 943 quod

1982 965 2285 1021 miserabile
2316 964 2463 1021 dictu
2507 972 2621 1035 est,
2647 964 2984 1019 sacerdotem
3014 965 3204 1032 istum,
3244 974 3465 1022 eatenus
3488 968 3571 1021 in-

1979 1068 2216 1132 tegrum,
2244 1075 2431 1114 morsu
2462 1058 2689 1114 luxuriae
2720 1066 3081 1129 corruperunt
3109 1079 3121 1113 :
3152 1059 3300 1130 quod
3335 1060 3573 1131 praefatae

1980 1154 2185 1225 Virgini
2228 1152 2304 1208 sic
2351 1151 2685 1225 assignatum
2734 1160 2835 1208 est.
2884 1151 3049 1208 Visus
3088 1161 3168 1207 est
3195 1152 3242 1207 ei
3279 1152 3457 1209 denuo
3491 1170 3573 1209 sa-

1979 1248 2084 1303 cris
2128 1246 2393 1320 mysteriis
2424 1248 2697 1314 insistere,
2728 1247 2949 1302 dextera
2985 1246 3203 1317 quidem
3232 1246 3451 1301 Domini
3490 1247 3571 1302 ni-

1983 1341 2281 1397 hilominus
2342 1350 2664 1413 apparente;
2714 1341 2807 1397 sed
2853 1340 3013 1395 veluti
3072 1340 3319 1413 languida
3375 1341 3573 1412 depen-

1983 1435 2171 1498 dente.
2211 1451 2273 1490 ac
2302 1435 2429 1490 nihil
2470 1436 2681 1506 penitus
2710 1434 3045 1489 conﬁciente.
3092 1438 3160 1490 Et
3204 1433 3325 1490 hazc
3354 1434 3576 1505 quidem

1984 1529 2243 1586 divinitus
2273 1538 2487 1585 ostensa
2515 1536 2641 1585 sunt
2668 1529 2894 1601 Virgini.

2058 1629 2176 1679 113.
2237 1626 2507 1680 Cazterum
2567 1623 2879 1694 aliquoties,
2940 1639 3065 1678 cum
3126 1623 3575 1679 incontinentium

1979 1718 2324 1774 sacerdotum
2374 1715 2574 1785 ofﬁcia,
2607 1717 2765 1789 juxta
2815 1718 3205 1790 Gregorianam
3254 1716 3573 1789 prohibitio-

1978 1829 2136 1879 nem,
2175 1813 2532 1883 corporaliter
2576 1812 2899 1877 declinaret;
2932 1828 2995 1867 ac
3032 1829 3122 1883 per
3152 1811 3317 1866 ﬁdem
3363 1820 3417 1866 et
3450 1827 3573 1866 ora-

1977 1907 2179 1963 tionem
2220 1906 2320 1960 illis
2358 1905 2691 1970 intenderet,
2726 1906 2924 1978 quibus
2961 1906 3302 1977 corporalem
3345 1921 3579 1976 prazsen-

1976 2000 2113 2057 tiam
2149 1999 2401 2056 exhibere
2442 2016 2553 2055 non
2590 2000 2800 2071 potuit;
2832 2000 2967 2055 mira
3006 1999 3297 2055 Salvatoris
3336 2000 3576 2072 largitate

1978 2094 2223 2167 ejusdem
2277 2094 2559 2150 suavitatis
2619 2102 2838 2165 gustum
2887 2094 3087 2150 sentire
3140 2095 3307 2165 coepit
3348 2094 3403 2149 in
3459 2110 3574 2161 ore,

1978 2205 2142 2261 quem
2175 2188 2480 2256 interdum,
2524 2188 2740 2243 realiter
2777 2188 3236 2243 communicando
3267 2186 3575 2255 Catholicis,

1979 2300 2035 2340 se
2082 2284 2458 2356 gratulabatur
2500 2283 2729 2338 sensisse
2773 2300 2838 2338 ex
2888 2282 3171 2338 manifesta
3207 2278 3576 2338 sacramento-

1978 2395 2101 2435 rum
2154 2377 2516 2450 perceptione.
2571 2376 2841 2449 Diligebat
2884 2385 3069 2432 autem
3118 2377 3255 2432 hanc
3300 2375 3576 2443 Virginem

1982 2489 2093 2545 prae
2138 2474 2345 2529 caeteris
2391 2471 2691 2543 virginibus
2720 2471 2893 2527 beata:
2927 2470 3313 2527 recordationis
3356 2470 3577 2526 antistes

1981 2566 2288 2632 Odalricus,
2314 2582 2424 2622 non
2452 2566 2622 2637 magis
2653 2574 2875 2638 prapter
2894 2582 3050 2622 suam
3082 2565 3317 2621 indolem
3352 2566 3573 2634 bonam,

1982 2676 2145 2732 quam
2189 2670 2411 2733 propter
2455 2659 2834 2715 honorabilem
2877 2669 3078 2716 sanctae
3118 2661 3307 2715 matris
3350 2659 3576 2716 viduita-

1984 2763 2118 2823 tem,
2141 2764 2195 2810 et
2214 2762 2627 2809 materterarum
2651 2754 2767 2826 ejus
2792 2760 2934 2826 (quae
2954 2770 3145 2810 omnes
3166 2754 3315 2809 illam
3339 2753 3575 2808 maxime

1987 2847 2327 2913 erudiebant)
2357 2846 2686 2903 laudabilem
2717 2848 3093 2919 virginitatem.
3126 2850 3209 2903 De
3252 2856 3452 2915 matre,
3491 2847 3577 2904 cui

1983 2958 2184 2998 nomen
2212 2941 2467 3009 Heliseca,
2500 2946 2645 3008 (119)
2673 2941 2905 2996 breviter
2927 2941 3309 3012 adjiciendum,
3340 2940 3486 3010 quod
3522 2941 3577 2996 in

1982 3036 2221 3093 fervente
2258 3034 2558 3093 obedientia
2601 3034 2847 3106 Gregorii
2876 3034 3049 3090 nostri
3077 3034 3262 3090 multis
3291 3033 3579 3090 virtutibus

264 3128 431 3201 gratia
460 3126 581 3183 sale
610 3125 895 3181 conditum
919 3140 1251 3191 Sermonem.
1276 3133 1332 3182 et
1358 3124 1678 3196 opportunis
1711 3123 1867 3180 undi-
1908 3125 1953 3188 C
1982 3141 2037 3188 et
2065 3129 2364 3203 prophetiae
2391 3128 2578 3201 spiritu
2607 3127 2948 3200 praepollens,
2982 3144 3108 3184 cum
3134 3126 3201 3184 ad
3232 3137 3577 3184 momentum

271 3238 371 3293 que
400 3220 685 3292 responsis
708 3219 1053 3292 expeditum,
1084 3228 1141 3276 et
1179 3219 1307 3274 alias
1335 3217 1702 3291 possidentem
1733 3234 1873 3290 pree-

272 3316 580 3387 rogativas,
621 3330 758 3386 quas
799 3314 1094 3371 maluimus
1121 3312 1463 3370 dissimulare
1497 3328 1662 3385 quam
1694 3311 1874 3368 conci-

274 3418 384 3465 tare
410 3410 639 3464 inanem
660 3407 917 3463 invidiam
938 3408 1089 3463 illum
1115 3423 1399 3480 exaequare
1421 3423 1532 3463 non
1551 3405 1871 3462 valentium.

273 3505 394 3559 Hoc
415 3512 613 3558 tamen
635 3517 762 3557 cum
785 3518 912 3574 pace
940 3510 1264 3557 cunctorum
1291 3509 1545 3573 putamus
1564 3498 1874 3569 dicendum,

276 3598 423 3669 quod
451 3596 589 3651 nihil
633 3595 776 3652 illius
806 3596 1088 3651 severitate
1118 3594 1453 3668 jucundius,
1480 3593 1611 3649 nihil
1655 3602 1770 3650 erat
1788 3593 1876 3666 ju-

274 3691 557 3747 cunditate
593 3688 855 3757 severius;
889 3698 945 3744 et
980 3689 1126 3759 quod
1158 3689 1312 3745 mirae
1360 3688 1703 3745 abstinentiae
1750 3702 1875 3744 cum

279 3794 429 3841 tanta
478 3784 752 3839 alacritate
797 3783 1187 3839 moderabatur
1233 3784 1514 3851 virtutem,
1565 3792 1623 3840 ut
1668 3782 1877 3839 nullam

281 3879 501 3951 penitus
525 3877 795 3934 redoleret
824 3876 1263 3934 ostentationem.

360 3979 488 4028 112.
523 3973 685 4043 Cujus
730 3970 972 4044 specialis
1000 3971 1250 4039 alumna,
1283 3971 1429 4044 (118)
1463 3970 1609 4047 virgo
1637 3976 1755 4029 Deo
1784 3968 1879 4029 de-

284 4074 447 4135 vota,
492 4066 623 4121 vidit
662 4066 912 4122 cmlestes
939 4065 1169 4122 visiones
1188 4107 1202 4135 ,
1228 4074 1283 4121 et
1308 4067 1510 4138 accepit
1542 4067 1878 4135 donationes,

282 4161 353 4217 ad
405 4160 944 4217 commendationem
995 4160 1348 4232 Gregorianae
1405 4160 1727 4217 obedientia:
1774 4177 1883 4217 non

284 4256 526 4327 ineptas,
557 4255 785 4326 ideoque
812 4254 1025 4310 silentio
1067 4255 1290 4311 minime
1322 4255 1747 4327 praetereundas.
1780 4257 1878 4311 Di-

282 4348 488 4405 lexerat
519 4349 666 4403 enim
694 4349 1423 4425 quemdampresbyterum,
1453 4367 1518 4407 eo
1548 4350 1696 4422 quod
1739 4359 1883 4406 caste

284 4444 533 4509 vixisset,
566 4451 619 4497 et
648 4458 679 4497 a
718 4448 827 4497 tam
862 4442 1104 4515 legitimo
1134 4444 1410 4517 pontiﬁce,
1445 4443 1690 4500 videlicet
1718 4445 1885 4500 Odal-

284 4538 431 4599 rico,
474 4553 663 4593 sacros
699 4537 929 4593 Ordines
967 4540 1296 4610 accepisset;
1328 4539 1551 4610 ejusque
1595 4537 1651 4592 in
1692 4538 1885 4594 divinis
1912 4520 1960 4581 D

282 4630 496 4686 Ofﬁciis
517 4672 532 4698 ,
568 4632 728 4686 etiam
772 4631 887 4702 ipso
925 4639 1114 4687 tenore
1145 4631 1289 4687 vocis
1310 4674 1324 4697 ,
1369 4631 1743 4688 delectabilem
1773 4649 1885 4690 suae

281 4725 526 4780 caritatis
564 4724 973 4781 similitudinem
1022 4724 1303 4796 attigisset.
1354 4725 1516 4782 Unde
1557 4726 1783 4799 contigit
1828 4737 1887 4783 ut

282 4819 526 4890 quadam
572 4819 684 4873 vice
723 4818 994 4874 videretur
1034 4819 1080 4875 ei
1124 4836 1275 4875 sacra
1303 4820 1558 4893 mysteria
1589 4820 1882 4890 celebrare,

280 4911 505 4969 dextera
539 4911 738 4967 divina
780 4900 1072 4985 majestatis
1110 4912 1342 4986 desuper
1367 4924 1678 4987 apparente,
1715 4923 1769 4971 et
1795 4931 1883 4971 ca-

356 5068 509 5141 (115)
541 5064 599 5127 S.
654 5065 1042 5125 Theodomarus
1086 5066 1198 5125 sive
1226 5068 1566 5126 Diethmarus
1583 5104 1600 5139 ,
1632 5078 1686 5127 et
1714 5066 1887 5141 potius

293 5142 540 5204 Thierno,
588 5141 1022 5213 archiepiscopus
1054 5148 1122 5197 29
1160 5142 1610 5213 Salisburgensis,
1660 5159 1754 5198 seu
1795 5146 1889 5198 Ju-

292 5214 563 5278 vavensis,
614 5212 793 5267 factus
845 5215 984 5267 circa
1044 5217 1206 5280 1088,
1255 5223 1307 5269 et
1368 5212 1491 5269 eam
1550 5216 1887 5271 Bavarorum

296 5283 435 5357 duce
450 5283 707 5357 Well'one
736 5283 1015 5357 profectus,
1034 5284 1085 5338 in
1114 5285 1412 5341 subsidium
1436 5285 1884 5357 Christianorum,

299 5354 357 5407 in
386 5355 645 5431 Palestina
673 5354 1203 5431 remCh‘ristianam,
1235 5365 1449 5429 recepta
1479 5354 1889 5431 Hierosolyma,

294 5427 753 5493 restaurantium,
799 5426 991 5483 incidit
1037 5428 1091 5481 in
1139 5444 1331 5485 manus
1363 5426 1813 5497 Saracenorum;
1861 5426 1889 5486 a

299 5498 493 5567 quibus
530 5499 791 5570 martyrio
830 5498 1057 5554 affectus
1088 5507 1167 5553 est
1192 5515 1334 5555 anno
1388 5506 1511 5554 1101
1536 5543 1551 5567 ,
1583 5501 1665 5556 die.
1702 5509 1773 5557 28
1799 5505 1890 5558 Se-

296 5570 593 5640 ptembris,
623 5571 841 5640 quando
882 5572 997 5641 ejus
1027 5574 1160 5625 Acta
1202 5581 1363 5645 erunt
1400 5572 1741 5639 illustranda,
1772 5590 1894 5645 qua:

294 5650 482 5713 want
528 5650 681 5697 tomo
713 5644 799 5713 1V,
829 5646 1196 5712 Antiquarum
1246 5642 1535 5697 lectionum
1573 5642 1802 5713 Canisii,
1842 5655 1895 5701 et

297 5711 348 5766 in
376 5710 675 5782 inetrOpoli
715 5710 1113 5786 Salisburgensi
1158 5714 1360 5771 Hundii
1386 5731 1417 5769 a
1455 5715 1724 5772 Gewoldo
1753 5710 1896 5773 edita

296 5799 420 5857 eae.
453 5790 549 5853 58.
579 5794 632 5851 et
657 5801 775 5857 seq-

365 5846 546 5929 (116)
578 5846 899 5920 Udalficus,
949 5870 1227 5915 successor
1286 5858 1344 5914 Si
1403 5858 1691 5916 Altmanni
1754 5875 1933 5917 anno-

1986 3225 2240 3281 transitus
2286 3222 2367 3279 sui
2395 3222 2461 3279 de
2496 3222 2601 3277 hoc
2645 3222 2878 3289 mundo,
2920 3221 3168 3294 benignis
3203 3221 3476 3293 spiritibus
3520 3238 3579 3278 se

1983 3318 2361 3385 invisentibus,
2403 3325 2766 3388 opportunam
2798 3315 3165 3385 solitudinem,
3200 3325 3573 3387 procurasset,

1984 3421 2039 3470 et
2064 3412 2118 3468 in
2147 3427 2340 3468 eorum
2377 3408 2613 3483 glorioso
2642 3406 2894 3481 praesidio
2938 3409 3006 3464 ad
3042 3408 3315 3465 Christum
3349 3410 3579 3482 migras-

1984 3514 2101 3575 set;
2135 3522 2164 3561 e
2190 3504 2412 3577 vestigio
2438 3510 2791 3570 revertentes,
2815 3517 2938 3573 qua:
2960 3502 3313 3557 discesserant
3333 3518 3571 3571 sorores,

1984 3601 2305 3657 invenerunt
2329 3613 2481 3667 eam,
2527 3596 2597 3653 ad
2634 3594 3039 3652 similitudinem
3080 3596 3228 3651 Pauli
3272 3596 3428 3668 primi
3457 3614 3575 3653 ere-

1986 3695 2165 3762 mitte,
2211 3691 2465 3749 manibus
2505 3690 2575 3747 ad
2618 3691 2917 3746 Dominum
2961 3690 3230 3762 expansis,
3265 3690 3432 3747 instar
3457 3709 3579 3765 sup«

1988 3786 2265 3863 plicantis;
2310 3802 2419 3859 quo
2468 3784 2727 3840 nimirum
2770 3781 2889 3856 pius
2922 3784 3188 3840 Conditor
3231 3784 3286 3841 in
3328 3783 3580 3842 defuncta

1989 3880 2327 3951 ostenderet,
2370 3894 2537 3953 quam
2572 3878 2765 3936 devote
2815 3878 2915 3935 sibi
2960 3876 3092 3937 dum
3132 3878 3333 3936 viveret
3376 3881 3579 3956 suppli-

1988 3983 2178 4035 casset.

2068 4076 2185 4129 114.
2229 4074 2362 4127 Haec
2404 4069 2563 4126 nobis
2605 4065 2963 4128 scribentibus
3012 4068 3153 4128 forte
3185 4068 3453 4144 superlata
3499 4078 3583 4129 est

1988 4165 2226 4223 narratio
2264 4165 2498 4221 duorum
2540 4164 2929 4221 miraculorum
2973 4165 3176 4221 Salerni
3226 4167 3446 4222 caelitus
3491 4183 3583 4238 pa-

1990 4270 2281 4329 tratorum,
2309 4274 2482 4315 unum
2510 4275 2639 4315 mox
2672 4266 2732 4314 ut
2758 4258 2952 4315 eodem
2974 4259 3163 4315 beatus
3189 4261 3484 4333 Gregorius
3504 4277 3582 4317 re-

1991 4354 2269 4411 censisset.
2300 4356 2444 4409 Nam
2474 4369 2599 4408 cum
2629 4352 2879 4424 primitus
2921 4352 3027 4407 illic
3067 4354 3359 4423 praedicare
3393 4355 3584 4426 cmpis-

1992 4458 2092 4517 set,
2125 4458 2308 4504 astans
2353 4446 2571 4519 quidam
2614 4447 2849 4504 rusticus
2891 4446 3124 4519 maligna
3168 4453 3392 4515 (mente)
3422 4449 3584 4519 coepit

1992 4542 2133 4599 intra
2170 4560 2228 4600 se
2255 4542 2433 4598 taliter
2460 4541 2638 4598 dicere
2666 4560 2679 4596 :
2709 4544 2824 4609 En,
2857 4550 3047 4596 auctor
3074 4541 3385 4612 praeliorum
3416 4551 3470 4597 et
3502 4559 3584 4598 se-

1993 4637 2293 4704 ditionum,
2320 4644 2608 4709 postquam
2644 4643 2823 4691 totum
2855 4634 3159 4691 commovit
3187 4635 3408 4705 orbem,
3446 4636 3585 4692 hanc

1996 4731 2293 4802 inquietare
2334 4730 2476 4785 venit
2508 4729 2721 4785 urbem.
2750 4729 2849 4783 His
2874 4727 2944 4783 ita
2972 4728 3241 4800 cogitatis,
3267 4747 3393 4785 cum
3420 4732 3585 4786 etiam

1993 4823 2241 4895 proloqui
2304 4822 2503 4891 voluit,
2562 4830 2778 4877 mutum
2827 4838 2885 4877 se
2940 4821 3144 4878 factum
3196 4822 3391 4882 doluit.
3447 4828 3588 4881 Cum

1993 4932 2121 4973 vero
2170 4916 2492 4973 necessitate
2548 4916 2863 4989 compulsus
2908 4917 3130 4973 accessit
3181 4917 3250 4973 ad
3302 4917 3587 4973 hominem

2000 5075 2166 5140 1091,
2201 5068 2255 5126 in
2286 5068 2429 5126 dicta
2458 5068 2750 5142 Metropoli
2792 5068 2987 5127 dicitur
3022 5068 3203 5126 obisse
3240 5086 3381 5126 anno
3433 5076 3583 5126 1124.

2067 5144 2214 5215 (117)
2269 5147 2409 5215 Ergo
2453 5143 2592 5198 circa
2635 5159 2839 5198 annum
2875 5149 3033 5211 1131,
3080 5143 3196 5198 haec
3239 5142 3451 5215 scripsit
3495 5159 3590 5198 au-

1997 5223 2133 5271 ctor.

2071 5292 2216 5353 (118)
2263 5288 2549 5343 Gretserus
2596 5284 2851 5359 opinatur
2902 5286 3123 5359 intelligi
3164 5286 3586 5359 13.Hci'lztcam.-

1999 5359 2093 5414 sed
2125 5358 2312 5413 malim
2344 5359 2652 5430 intelligere
2674 5358 2833 5430 aliam
2863 5357 3117 5429 aliquam,
3146 5357 3277 5412 dum
3315 5358 3433 5413 haec
3463 5359 3592 5413 scri-

2002 5431 2258 5485 berentur
2291 5429 2471 5485 adhuc
2509 5428 2791 5491 viventem,
2818 5428 3043 5500 ideoque
3066 5446 3175 5485 non
3204 5434 3542 5484 nominatam
3573 5449 3586 5484 :

2002 5501 2203 5572 alioqui
2252 5518 2363 5555 non
2419 5501 2849 5571 praetermisisset
2898 5510 3078 5571 postea
3123 5509 3315 5555 auctor
3362 5500 3418 5567 in
3475 5501 3595 5558 Vita

2004 5575 2256 5628 Herlucaa
2284 5574 2590 5627 meminisse
2619 5572 2809 5627 matris
2836 5582 2889 5627 et
2914 5582 3352 5638 materterarum,
3378 5572 3445 5628 de
3470 5572 3593 5644 qui-

2002 5647 2104 5702 bus
2133 5644 2289 5711 infra,
2320 5654 2465 5699 tanta
2496 5644 2779 5699 sanctitate
2806 5644 3200 5715 Spectabilium.

2076 5717 2223 5786 (119)
2270 5717 2417 5771 ldem
2472 5718 2789 5783 Gretserus,
2835 5712 2946 5770 non
2994 5718 3136 5771 illius
3190 5713 3443 5784 virginis,
3499 5712 3596 5768 sed

2006 5788 2172 5860 ipsius
2197 5787 2431 5860 episcopi
2468 5798 2700 5860 matrem
2728 5787 2867 5844 hanc
2894 5787 3054 5843 fuisse
3092 5785 3319 5843 credidit
3350 5803 3363 5839 :
3394 5786 3463 5859 inf
3487 5800 3595 5856 quo

2004 5858 2261 5943 [Magnis
2284 5858 2707 5939 hallucinatum.‘
