4122 6180
541 261 641 329 103

1773 256 1830 310 s.
1868 226 2249 313 censemus
2284 258 2373 314 vn
2413 260 2609 314 PAPA.

3734 264 3833 318 104

538 382 662 454 Dei,
687 382 1113 456 provolutusque
1147 379 1371 453 pedibus
1394 378 1582 451 ipsius,
1610 378 1810 451 quibus
1836 380 2005 453 signis
2028 398 2126 454 po-
2155 385 2211 449 Α
2241 382 2489 440 induvias
2518 384 2870 456 pontiﬁcales.
2904 387 3111 441 Verum
3138 394 3310 443 tantm
3334 385 3687 443 vehementia:
3715 402 3836 443 ven-

537 477 666 546 tuit,
714 493 966 549 peccasse
1006 492 1066 532 se
1095 472 1358 545 pcenitere
1388 472 1655 542 innotuit;
1690 472 1807 545 ipso
1850 474 2137 532 miserente

538 580 595 628 et
634 570 985 627 benedicente
1034 568 1238 638 recepit
1276 566 1574 638 loquelam,
1615 566 1979 639 omnipotenti
2018 572 2135 625 Deo

535 663 853 735 famuloque
902 662 1018 734 ejus
1071 660 1274 732 gratias
1324 660 1612 716 relaturus.
1664 662 1967 733 Postquam
2006 679 2135 718 vero

536 755 825 814 defunctus
855 763 911 810 et
947 754 1190 825 sepultus
1229 762 1338 823 est,
1382 762 1651 810 nocturno
1696 754 1907 811 silentio
1948 756 2137 813 subin-

535 851 800 906 troierunt
838 847 1013 917 fures,
1051 846 1259 919 aperire
1300 848 1612 920 sepulcrum
1644 847 1889 905 volentes
1916 859 2137 923 propter

2242 485 2330 533 tus
2360 478 2556 534 obvius
2579 479 2656 534 eis
2684 477 2811 546 fuit,
2839 487 2900 536 ut
2922 488 3132 536 cunctae
3158 480 3465 553 lampades,
3492 496 3616 551 qua:
3642 480 3698 536 in
3721 497 3838 551 cry-

2242 579 2333 643 pta
2372 574 2435 628 B.
2482 571 2730 629 Matthazi
2769 572 3063 640 ardebant,
3107 575 3603 648 exstinguerentur;
3647 583 3703 629 et
3731 574 3836 645 ipsi

2242 664 2495 720 cadentes
2536 665 2593 721 in
2632 667 2927 723 amentiam
2955 676 3072 723 tam
3107 668 3197 724 diu
3232 668 3513 740 jacerent,
3554 682 3837 739 quousque

2242 756 2371 814 cleri
2397 758 2691 831 populique
2719 761 3094 833 spectaculum
3126 762 3335 818 ﬁerent.

1369 1185 1770 1317 ACTA
1862 1186 2987 1317 PONTIFICALIA.
3074 1379 3078 1384 .

2131 1457 2230 1570 Ι.

823 1704 988 1793 sx
1062 1701 1677 1795 CHRONICO
1755 1700 2377 1793 BERTOLDI
2454 1703 3530 1818 CONSTANTIENSIS.

1976 1902 2387 1920 Ψ

1027 2039 1267 2097 CAPUT
1306 2040 1630 2097 PRIMUM.

658 2132 798 2189 Acta
822 2135 999 2188 sancti
1026 2135 1272 2203 Gregorii
1294 2151 1465 2205 usque
1497 2134 1571 2189 ad
1599 2148 1797 2189 annum
1832 2138 1987 2189 1083.

596 2226 761 2282 Anno
788 2230 949 2283 1056.
978 2226 1166 2283 Victor
1190 2243 1354 2299 papa,
1382 2229 1556 2285 misso
1594 2226 1964 2284 Hildebrando
1992 2234 2123 2282 tunc

524 2318 936 2390 archidiacono,
966 2318 1064 2377 sed
1098 2329 1282 2392 postea
1312 2321 1640 2394 apostolico,
1671 2327 1813 2389 (I20)
1848 2320 2121 2393 synodum

524 2412 758 2468 Turonis
798 2414 1106 2485 generalem
1151 2414 1369 2487 collegit
1420 2432 1434 2471 :
1482 2414 1537 2470 in
1580 2430 1686 2488 qua
1730 2414 2117 2485 Berengarius,

523 2505 930 2579 Andegavensis
974 2508 1217 2564 ecclesiae
1257 2508 1580 2576 canonicus,
1632 2524 1663 2563 a
1711 2524 1821 2581 quo
1868 2508 2117 2580 Beringa-

522 2598 677 2656 riana
709 2598 933 2658 haeresis
978 2600 1387 2671 denominatur,
1430 2601 1763 2675 synodaliter
1800 2609 1855 2657 et
1889 2618 2122 2674 praesen-

523 2692 729 2749 tialiter
758 2709 858 2766 pro
886 2693 1076 2752 eadem
1113 2694 1313 2752 haeresi
1358 2695 1714 2752 examinatur.
1756 2696 1863 2768 Qui
1906 2712 2033 2752 cum
2061 2712 2119 2752 se

521 2786 815 2845 defendere
867 2803 980 2845 non
1024 2797 1242 2862 posset,
1281 2788 1511 2847 haeresin
1552 2806 1709 2846 suam
1757 2805 1945 2846 coram
1992 2806 2117 2846 om-

518 2880 681 2938 nibus
715 2881 1194 2939 anathematizavit
1233 2891 1288 2939 et
1326 2883 1624 2956 abjuravit,
1674 2883 1974 2940 secundum
2012 2882 2119 2941 for-

519 2989 692 3044 mam,
723 2989 890 3048 quam
929 2984 1110 3033 sancta
1138 2984 1191 3033 et
1216 2976 1539 3034 universalis
1578 2977 1820 3050 synodus
1849 2976 2119 3050 Ephesina

518 3069 865 3141 prmeripsit.

588 3170 641 3218 2.
673 3169 837 3219 Anno
874 3162 1349 3221 1061.‘Anselmus
1373 3161 1663 3235 episcOpus
1684 3162 1948 3220 Lucensis
1977 3178 2116 3237 papa

517 3255 826 3325 ordinatus,
856 3264 912 3312 et
945 3256 1250 3314 Alexander
1275 3264 1526 3327 vocatus,
1555 3262 1700 3325 (I21)
1740 3258 1873 3313 satis
1897 3266 2116 3315 strenue

2161 2042 2209 2103 Β
2305 2046 2359 2096 4.
2409 2044 2571 2098 Anno
2616 2047 2775 2098 1074.
2816 2038 3000 2115 Legati
3040 2039 3193 2099 Sedis
3233 2039 3562 2113 Apostolicae
3602 2037 3656 2094 in
3700 2037 3825 2095 Ale-

2232 2134 2512 2189 manniam
2545 2135 2615 2192 ad
2643 2137 2852 2207 Regem
2883 2151 3098 2204 venere,
3127 2151 3224 2207 pro
3257 2134 3423 2207 ipsius
3462 2133 3625 2206 Regis
3654 2133 3822 2188 mori-

2232 2226 2335 2284 bus
2380 2228 2720 2300 corrigendis
2771 2246 2785 2285 :
2835 2230 2890 2285 in
2940 2245 3176 2300 quorum
3228 2245 3423 2284 manus
3466 2245 3524 2283 se
3564 2231 3680 2282 Rex
3714 2226 3827 2298 ipse

2230 2322 2577 2378 correctionis
2605 2323 2899 2395 sponsione
2927 2322 3221 2391 commisit,
3261 2337 3528 2393 suumque
3570 2320 3824 2376 auxilium

2232 2416 2474 2472 Domino
2542 2415 2855 2489 Apostolico
2929 2416 2998 2472 ad
3062 2415 3415 2487 deponendos
3490 2414 3826 2471 Simoniacos

2229 2507 2548 2566 ﬁrmissime
2605 2510 2875 2581 promisit.
2925 2509 3033 2581 lpsi
3085 2509 3251 2565 etiam
3301 2510 3467 2581 Regis
3520 2507 3823 2564 Consiliarii

2230 2619 2424 2660 omnes
2462 2620 2548 2660 res
2585 2604 2957 2660 Ecclesiarum
3001 2602 3197 2675 injuste
3232 2602 3519 2675 acquisitas
3551 2618 3609 2657 se
3642 2600 3823 2657 reddi-

2228 2704 2411 2763 turos,
2445 2714 2633 2754 coram
2672 2696 2917 2770 ejusdem
2943 2698 3161 2769 Legatis
3190 2696 3290 2752 sub
3322 2704 3659 2751 sacramento
3698 2708 3838 2765 pro«r

2229 2792 2449 2861 misere,
2477 2790 2679 2865 quippe
2704 2790 2794 2863 qui
2823 2790 3040 2847 easdem
3069 2806 3156 2846 res
3176 2806 3205 2845 a
3227 2790 3540 2846 Simoniacis
3564 2789 3817 2856 emerint,

2229 2885 2455 2943 concilio
2496 2902 2596 2941 suo
2638 2884 2842 2941 eisdem
2881 2884 3133 2956 indignos
3159 2884 3228 2939 ad
3266 2882 3703 2940 Ecclesiasticum
3730 2882 3819 2937 ho-

2227 2995 2421 3036 norem
2463 2978 2789 3051 adjuvando.
2834 2978 2935 3034 His
2980 2978 3051 3033 ita
3093 2976 3395 3051 dispositis,
3436 2976 3623 3049 Legati
3666 2975 3821 3033 Sedis

2226 3071 2557 3144 Apostolica:
2584 3072 2880 3128 redierunt.

2297 3170 2349 3223 5.
2397 3170 2560 3222 Anno
2608 3172 2763 3222 1075.
2815 3167 3172 3223 Hermannus
3198 3163 3665 3236 Babenbergensis
3704 3165 3819 3237 Epi-

2227 3275 2446 3332 scopus,
2477 3276 2508 3315 a
2550 3259 2770 3315 Clericis
2797 3260 2910 3316 suis
2958 3277 3055 3333 pro
3092 3259 3401 3317 Simoniaca
3449 3258 3639 3315 haeresi
3667 3275 3819 3314 accu-

518 3347 889 3406 Simoniacam
931 3348 1179 3407 haeresim
1211 3349 1507 3420 destruxit,
1553 3359 1609 3407 et
1645 3350 1905 3408 ministris
1935 3352 2116 3408 altaris
2175 3424 2191 3427 _
2222 3361 2398 3423 satus,
2425 3370 2456 3410 a
2477 3357 2618 3427 Papa
2635 3352 2927 3426 deponitur
2959 3374 2971 3410 :
3000 3355 3083 3410 cui
3109 3353 3427 3411 Rudbertus
3445 3352 3813 3409 substituitur.

481 3438 483 3441 ’
516 3457 644 3499 cum
685 3442 1012 3517 conjugibus
1055 3444 1198 3501 coire
1239 3444 1396 3519 juxta
1431 3460 1704 3501 canonum
1747 3452 1948 3501 statuta
1988 3462 2114 3502 cum
2148 3424 2193 3487 (ἶ
2224 3447 2524 3520 Gregorius
2548 3424 2779 3519 Rapa—in
2817 3446 2993 3520 prima
3019 3446 3360 3505 hebdomade
3382 3446 3818 3519 Quadragesima:

513 3537 1075 3596 excommunicatione
1105 3538 1399 3608 interdixit,
1426 3539 1678 3613 ipsosque
1700 3539 1864 3595 laicos
1886 3539 2107 3596 clerico-

512 3645 639 3687 rum
675 3632 1130 3689 incontinentium
1166 3632 1344 3689 ofﬁcia
1372 3632 1559 3689 audire
1595 3649 1689 3705 per
1714 3633 1956 3689 bannum
1988 3649 2111 3706 pro-

512 3722 683 3780 hibuit
719 3740 733 3779 :
770 3726 955 3797 sicque
985 3725 1311 3781 clericorum
1342 3725 1789 3781 incontinentiam
1821 3727 1951 3783 satis
1985 3742 2111 3799 pru-

512 3813 702 3875 denter
746 3816 1054 3873 refrenavit.
1108 3818 1290 3891 Hujus
1325 3826 1511 3875 autem
1548 3818 1952 3877 constitutionis
2000 3837 2111 3877 ma-

512 3910 660 3967 xime
702 3908 807 3967 fuit
828 3919 1020 3968 auctor
1046 3912 1473 3981 Hildebrandus,
1498 3919 1626 3969 tunc
1654 3915 1921 3970 Romanae.
1945 3914 2110 3971 eccle-

510 4003 605 4062 sia;
629 4004 1046 4063 archidiaconus
1064 4048 1079 4076 ,
1108 4005 1373 4063 haereticis
1400 4005 1639 4063 maxime
1665 4006 1913 4063 infestus.

584 4104 639 4156 3.
684 4102 845 4155 Anno
893 4104 1051 4155 1073.
1083 4103 1283 4157 Romae
1326 4099 1633 4156 Alexander
1658 4101 1801 4173 Papa
1828 4100 2061 4157 decessit
2093 4120 2105 4157 :

514 4208 610 4264 pro
631 4208 738 4265 quo
764 4192 1083 4249 venerabilis
1103 4192 1529 4263 Hildebrandus,
1557 4196 1831 4251 Romanae
1849 4193 2109 4252 Ecclesiae

511 4285 974 4357 Arcliidiaconus,
1024 4286 1305 4343 communi
1360 4287 1610 4343 omnium
1663 4288 1886 4345 consilio
1943 4302 2110 4361 expe-

510 4379 644 4437 titur
689 4382 832 4453 Papa
878 4381 1309 4438 constituendus.
1362 4382 1486 4451 Quo
1532 4381 1720 4439 audito
1766 4381 1879 4455 ipse
1919 4381 2109 4438 Archi-

511 4472 810 4541 diaconus,
858 4489 915 4531 se
954 4474 1156 4532 viribus
1199 4482 1315 4531 esSe
1365 4478 1629 4548 imparem
1678 4484 1831 4532 tanto
1877 4476 2106 4545 honori,

511 4566 625 4623 imo
665 4567 847 4638 oneri,
889 4577 1179 4641 reputans,
1215 4568 1466 4625 inducias
1511 4569 1875 4642 respondendi
1908 4570 2061 4641 petiit
2091 4589 2103 4625 :

448 4670 451 4671 '
510 4668 569 4715 et
590 4659 667 4716 sic
695 4660 821 4733 fuga
867 4661 1113 4734 elapsus,
1140 4662 1348 4735 aliquot
1372 4662 1489 4719 dies
1533 4662 1601 4719 ad
1631 4663 1855 4719 Vincula
1880 4667 1937 4721 S.
1969 4662 2110 4719 Petri

511 4753 813 4809 occultatus
858 4753 1031 4811 latuit.
1080 4755 1187 4813 Sed
1229 4757 1451 4814 tandem
1497 4757 1580 4812 vix
1628 4757 1905 4826 inventus,
1951 4765 2005 4813 et
2040 4756 2110 4813 ad

506 4846 882 4918 Apostolicam
913 4847 1113 4905 Sedem
1153 4848 1202 4903 vi
1234 4850 1558 4922 perductus,
1593 4854 1737 4923 Papa
1782 4850 2108 4907 centesimus

509 4939 992 5013 quinquagesimus
1062 4956 1241 4998 nonus
1320 4945 1556 5015 septimo
1624 4943 1900 5000 Kalendas
1974 4944 2102 5000 Maii

508 5031 813 5101 ordinatur,
843 5043 899 5090 et
940 5035 1239 5107 Gregorius
1266 5038 1370 5093 Vll
1414 5037 1716 5109 appellatur
1747 5058 1761 5094 :
1793 5038 1947 5109 cujus
1981 5054 2106 5111 pru-

508 5125 689 5184 dentia
729 5142 843 5183 non
870 5128 1051 5184 solum
1079 5129 1136 5183 in
1162 5128 1343 5197 Italia,
1376 5130 1473 5187 sed
1503 5131 1668 5186 etiam
1697 5130 1756 5187 in
1793 5133 2108 5188 Teutonicis

510 5220 756 5292 partibus
775 5262 790 5290 ,
820 5219 1113 5279 refraenata
1142 5232 1224 5279 est
1259 5223 1615 5281 Sacerdotum
1655 5223 2056 5281 incontinentia
2087 5242 2101 5280 :

503 5312 714 5372 scilicet
770 5315 919 5387 quod
982 5314 1351 5388 praedecessor
1416 5316 1532 5389 ejus
1594 5318 1653 5373 in
1711 5316 1862 5373 Italia
1912 5317 2105 5390 prohi-

504 5409 642 5481 buit,
681 5410 786 5469 hoc
828 5412 941 5485 ipse
982 5412 1039 5471 in
1082 5422 1197 5473 tota
1235 5414 1476 5475 Ecclesia
1517 5414 1795 5475 Catholica
1821 5415 2109 5490 prohibere

503 5504 732 5562 studuit.

578 5666 722 5739 (I20)
766 5665 1192 5745 Hujus_Synodi
1240 5668 1610 5732 meminerunt
1654 5672 1720 5731 Β.
1760 5667 2105 5745 Lanl'ra'ncus

500 5735 640 5818 libro
703 5735 894 5818 contra
951 5735 1339 5818 Berengarium
1396 5763 1445 5803 c.
1496 5752 1551 5804 4.
1620 5756 1675 5803 et
1729 5742 2106 5806 Guitmundus

500 5809 594 5868 lib.
627 5826 730 5883 ιιι,
768 5811 861 5886 qui
900 5813 1067 5872 etiam
1090 5809 1429 5899 Gregorium,
1457 5825 1589 5877 tunc
1636 5819 2104 5923 Archidiacgnum

2226 3541 2511 3614 Synodum
2548 3544 2745 3599 Roma
2781 3541 2997 3615 collegit
3028 3559 3042 3597 :
3073 3541 3128 3597 in
3168 3558 3274 3614 qua
3313 3557 3531 3597 causam
3560 3540 3814 3612 Episcopi

2229 3636 2520 3707 Spirensis,
2563 3636 2655 3693 sed
2700 3636 3015 3705 Simoniaci,
3049 3636 3377 3692 examinavit
3408 3655 3423 3692 :
3452 3635 3543 3706 qui
3581 3634 3694 3706 ipsa
3729 3633 3815 3689 die

2227 3745 2356 3785 cum
2381 3731 2785 3786 examinaretur
2812 3746 2977 3785 causa
3006 3732 3225 3797 Roma,
3252 3728 3305 3784 id
3343 3737 3445 3795 est,
3477 3734 3509 3783 6
3539 3726 3815 3783 Kalendas

2220 3822 2424 3891 Martii,
2456 3824 2764 3879 infirmatus
2790 3833 2873 3879 est
2895 3824 3097 3896 Spirae;
3133 3823 3235 3878 sed
3262 3821 3457 3879 deinde
3481 3828 3512 3877 4
3536 3821 3814 3878 Kalendas

2219 3916 2428 3982 Martii,
2470 3910 2861 3974 miserabiliter
2879 3918 3158 3991 expiravit,
3205 3916 3421 3989 quando
3464 3925 3519 3972 et
3557 3932 3588 3971 a
3615 3916 3811 3988 Grego-

2216 4008 2299 4065 rio
2345 4011 2489 4082 Papa
2519 4010 2801 4067 deﬁnitam
2842 4028 2958 4068 sua:
2993 4010 3359 4067 damnationis
3400 4009 3721 4066 sententiam
3757 4009 3809 4063 in

2219 4107 2477 4161 Romana
2524 4105 2742 4179 Synodo
2786 4105 3012 4177 excepit.
3057 4107 3119 4159 In
3162 4104 3351 4161 eadem
3378 4103 3597 4176 Synodo
3625 4102 3812 4158 decre-

2218 4206 2335 4255 tum
2396 4209 2480 4256 est
2532 4216 2563 4255 a
2618 4200 2882 4270 Gregorio
2935 4201 3114 4270 Papa,
3171 4206 3230 4253 ut
3295 4197 3523 4265 Clerici,
3578 4197 3808 4268 aliquem

2217 4309 2497 4350 sacrorum
2562 4292 2836 4349 Ordinum
2906 4291 3139 4364 gradum
3207 4300 3261 4348 et
3323 4290 3568 4347 ofﬁcium
3637 4291 3809 4362 pretio

2217 4385 2436 4459 adepti,
2485 4386 2741 4452 deinceps
2782 4387 2837 4441 in
2877 4386 3113 4442 Ecclesia
3166 4402 3279 4441 non
3322 4384 3664 4451 ministrent,
3712 4399 3812 4439 nec

2219 4480 2515 4537 Ecclesiam
2565 4480 2739 4552 pretio
2790 4480 3111 4552 acquisitam
3164 4479 3353 4551 aliquis
3403 4478 3661 4546 retineat,
3709 4492 3812 4533 nec

2217 4574 2471 4646 deinceps
2518 4573 2677 4629 alicui
2712 4573 3008 4630 Ecclesiam
3056 4573 3291 4629 vendere
3332 4580 3385 4628 et
3416 4588 3597 4628 emere
3632 4570 3805 4626 liceat.

2224 4667 2424 4725 Deinde
2466 4675 2527 4725 ut
2556 4685 2587 4724 a
2619 4667 2863 4724 Clericali
2908 4666 3087 4723 ofﬁcio
3119 4674 3358 4735 cessent,
3386 4665 3712 4737 quicumque
3753 4679 3811 4719 se

2219 4778 2314 4833 per
2361 4762 2811 4819 incontinentiam
2854 4760 3303 4834 reprehensibiles
3343 4759 3616 4815 exhibent.
3671 4762 3810 4813 ltem

2220 4862 2280 4912 ut
2322 4857 2556 4929 populus
2603 4857 2945 4913 Clericorum
2993 4854 3173 4912 ofﬁcia
3216 4854 3521 4911 nullatenus
3562 4851 3810 4923 recipiat,

2213 4965 2353 5022 quos
2381 4950 2670 5022 praedictas
2698 4950 3037 5023 Apostolicas
3065 4949 3429 5005 institutiones
3459 4954 3812 5003 contemnere

2214 5044 2488 5117 percipiat.

2283 5146 2335 5195 6.
2386 5142 2550 5196 Anno
2597 5140 3076 5197 1076..HenriCus
3112 5143 3266 5209 Rex,
3297 5153 3395 5213 per
3438 5137 3811 5196 Simoniacam

2215 5231 2492 5302 haeresim,
2529 5242 2775 5290 sanctam
2806 5234 3105 5291 Ecclesiam
3144 5234 3349 5292 fmdare
3384 5250 3497 5290 non
3538 5234 3808 5290 cessavit:

2212 5324 2419 5383 scilicet
2463 5344 2569 5419 pro
2618 5328 2791 5400 pretio
2846 5328 3235 5402 Episcopatus,
3286 5327 3550 5383 Abbatias
3601 5334 3655 5382 et
3708 5326 3812 5381 alia

2214 5417 2528 5491 hujusmodi
2569 5421 2931 5492 investiendo,
2965 5431 3018 5479 et
3063 5423 3206 5478 inter
3241 5421 3344 5477 alia
3386 5421 3613 5476 crimina
3649 5422 3810 5475 etiam

2213 5513 2704 5572 excommunicatis
2756 5515 3233 5574 communicando.
3290 5513 3508 5571 Cincius
3553 5513 3808 5587 quidam,

2212 5668 2544 5823 bifidum
2573 5747 2825 5810 Conciliis
2866 5750 3065 5811 Romae
3110 5746 3308 5806 habitis
3358 5764 3503 5807 anno
3558 5754 3695 5805 1063
3752 5755 3811 5804 et

2180 5900 2185 5905 ι
2216 5827 2377 5880 1065.
