4138 6190
251 282 353 338 105

1240 270 1782 337 ΡΒΟΕΕΟΟΜΕΝΑ(
1807 306 1879 323 --
1914 279 2093 338 ACTA
2130 281 2189 340 S.
2232 281 2583 339 GREGORII.

3460 294 3561 348 106

247 409 543 463 Romanus
569 402 730 471 civis,
783 402 1119 475 Gregorium
1142 405 1369 477 Papam,
1409 405 1495 463 die
1540 406 1858 466 Nativitatis
1887 414 1940 477 Α
1967 410 2230 467 Anselmo
2266 410 2520 467 Lucensi.
2574 408 2743 467 Unde
2799 417 2854 467 et
2890 413 3054 484 Papa,
3102 411 3284 469 missis
3312 415 3558 487 ,Legatis,

250 499 480 557 Domini
526 499 826 555 missarum
874 498 1116 555 solennia
1163 498 1552 569 celebrantem,
1602 518 1860 576 compre-

252 595 478 663 hendit;
524 609 692 666 quem
734 593 811 648 ita
840 593 1305 665 comprehensum
1339 595 1566 667 quidam
1614 613 1680 652 ex
1708 598 1857 653 mili-

251 690 399 746 tibus
424 688 680 762 ejusdem
709 686 884 745 Cincii
938 687 1189 744 occidere
1217 688 1512 746 destinavit
1543 709 1556 746 :
1582 690 1679 746 sed
1731 708 1859 749 cum

257 783 504 855 gladium
551 797 714 855 supra
743 790 908 853 caput
971 782 1089 854 ejus
1120 783 1380 851 vibraret,
1428 783 1601 840 nimio
1645 793 1855 842 terrore

259 886 548 949 correptus
588 876 825 945 corruit,
859 892 961 932 nec
1002 876 1277 949 inceptum
1314 877 1489 933 ictum
1525 879 1741 951 explere
1768 895 1861 951 po-

261 973 397 1028 tuit.
428 971 638 1028 Cincius
677 978 864 1027 autem
894 972 1098 1043 Papam
1136 971 1192 1025 in
1227 972 1422 1028 turrim
1453 988 1610 1028 suam
1640 982 1861 1045 captum

262 1065 497 1122 deduxit
537 1087 551 1121 :
605 1080 735 1137 quae
783 1073 967 1137 postea
1018 1064 1204 1121 statim
1248 1082 1279 1120 a
1327 1066 1595 1122 Romanis
1645 1067 1861 1139 penitus

262 1158 613 1232 dilapidatur,
646 1167 705 1215 et
732 1161 880 1231 Papa
910 1159 1208 1230 prudenter
1252 1159 1500 1231 eripitur,
1530 1159 1620 1232 qui
1659 1169 1713 1217 et
1760 1177 1859 1217 suo

260 1254 475 1326 captori
504 1254 592 1308 vix
617 1269 647 1309 a
675 1253 944 1309 Romanis
964 1254 1137 1309 vitam
1167 1253 1498 1326 impetravit.
1519 1256 1658 1311 Cum
1678 1264 1861 1311 autem

258 1350 403 1415 Rex,
432 1346 771 1420 jamdudum
801 1363 945 1419 saepe
973 1364 1002 1402 a
1033 1350 1177 1419 Papa
1196 1349 1581 1419 pramonitus,
1613 1364 1671 1405 se
1697 1349 1865 1405 corri-

262 1458 390 1516 gere
418 1442 617 1509 nollet,
648 1450 701 1497 et
734 1445 879 1515 Papa
907 1443 961 1498 in
992 1441 1345 1498 admonendo
1368 1442 1505 1497 nihil
1536 1442 1860 1514 proﬁceret,

262 1537 332 1593 ad
361 1536 627 1593 ultimum
656 1536 932 1592 mandavit
968 1536 1014 1592 ei
1066 1536 1217 1608 quod
1261 1536 1315 1591 in
1345 1538 1600 1592 Romana
1641 1537 1861 1610 Synodo

261 1632 519 1705 proxima
563 1646 693 1688 eum
722 1631 1292 1687 excommunicaturus
1321 1640 1484 1699 esset,
1521 1630 1624 1686 nisi
1668 1632 1862 1702 resipi-

262 1734 443 1783 sceret
467 1742 481 1780 :
511 1741 636 1798 quae
665 1726 857 1798 legatio
884 1726 938 1780 in
963 1726 1165 1781 Octava
1191 1725 1507 1781 Nativitatis
1534 1725 1763 1780 Domini
1793 1724 1860 1780 ad

262 1824 481 1893 Regem
526 1789 793 1891 pervenit.
826 1818 992 1877 Unde
1023 1823 1159 1885 Rex,
1190 1819 1245 1873 in
1276 1820 1689 1891 Septuagesima
1718 1819 1861 1891 apud
1896 1789 1944 1851 Β

263 1915 639 1972 Wormatiam
682 1914 959 1986 colloquio
1000 1912 1165 1977 facto,
1206 1913 1385 1968 etalio
1444 1913 1499 1967 in
1536 1912 1866 1971 Lombardia

262 2009 410 2082 apud
458 2008 815 2076 Placentiam,
861 2023 1055 2063 omnes
1085 2023 1222 2080 quos
1268 2006 1448 2079 potuit
1494 2006 1864 2063 obedientiam

261 2103 533 2177 praedicto
560 2105 724 2176 Papae
762 2101 1123 2158 exhibendam
1162 2101 1409 2173 abjurare
1430 2099 1559 2157 fecit
1584 2119 1598 2157 :
1629 2110 1683 2157 et
1706 2102 1867 2158 missa

263 2200 543 2272 legatione
590 2198 657 2254 ad
686 2201 998 2253 Romanam
1042 2195 1347 2269 Synodum,
1376 2212 1500 2268 quae
1539 2195 1591 2251 in
1619 2197 1867 2268 proxima

265 2292 700 2365 Quadragesima
729 2291 1000 2348 celebrata
1030 2296 1133 2357 est,
1178 2291 1362 2363 ipsum
1387 2290 1767 2362 Apostolicum
1798 2291 1865 2346 ab

266 2386 588 2461 Apostolica
608 2385 749 2443 Sede
780 2385 1177 2449 contumaciter
1195 2384 1355 2457 jussit
1378 2383 1726 2441 descendere.
1759 2384 1867 2442 Sed

265 2482 422 2539 missi
476 2482 597 2554 ejus
646 2480 959 2553 turpissime
1009 2479 1067 2535 in
1112 2478 1331 2551 Synodo
1386 2479 1626 2547 tractati,
1704 2480 1789 2534 vix
1838 2495 1868 2534 a

267 2576 536 2633 Romanis
579 2574 871 2647 adjuvante
914 2576 1059 2645 Papa
1099 2581 1406 2629 evaserunt.
1447 2576 1639 2644 Ipsum
1682 2581 1868 2629 autem

264 2674 503 2743 Regem,
536 2669 762 2742 Synodo
779 2668 1081 2741 judicante,
1105 2666 1363 2723 ﬁdelitate
1397 2666 1706 2735 hominum,
1754 2671 1869 2723 Rc-

268 2781 377 2839 gno
398 2773 455 2821 et
482 2763 882 2820 communione
908 2762 1162 2834 privavit,
1186 2772 1241 2817 et
1262 2776 1456 2817 omnes
1480 2762 1526 2815 ei
1556 2760 1625 2816 ad
1640 2768 1868 2833 regnum

261 2861 479 2932 juratos
497 2860 819 2931 juramento
871 2856 1120 2912 absolvit.
1151 2858 1362 2911 Omnes
1414 2854 1733 2926 Episcopos,
1775 2854 1866 2925 qui

273 2953 413 3026 Regi
443 2961 641 3025 sponte
660 2959 851 3007 contra
884 2953 1087 3022 Papam
1111 2948 1385 3017 faverant,
1415 2946 1599 3003 ofﬁcio
1638 2956 1693 3003 et
1721 2964 1870 3003 com-

273 3049 540 3103 munione
564 3046 834 3119 privavit:
870 3043 1089 3116 reliquis
1135 3053 1342 3110 autem,
1394 3042 1483 3113 qui
1519 3042 1667 3096 inviti
1691 3042 1868 3097 eidem

1967 504 2311 577 Principibus
2352 504 2531 577 Regni
2562 502 2857 562 declaravit
2896 521 2953 562 se
3006 522 3198 577 parum
3272 507 3562 579 profecisse

1968 599 2023 655 in
2064 609 2138 669 eo;
2167 598 2316 671 quod
2350 599 2506 655 illum
2532 598 2588 654 in
2630 599 3075 656 communionem
3106 602 3391 674 receperit,
3435 620 3565 660 cum

1969 692 2269 749 Simoniaci
2300 702 2353 748 et
2397 693 2853 749 excommunicati
2901 711 3013 749 non
3044 693 3232 751 minus
3261 704 3391 752 tunc
3416 696 3564 753 fove-

1970 795 2161 844 rentur
2183 787 2250 841 ab
2286 802 2350 844 eo
2378 801 2542 857 quam
2571 787 2833 858 primum.
2864 789 2956 843 llis
2996 805 3125 861 ergo
3155 789 3373 860 auditis,
3404 791 3563 847 Prin-

1970 880 2115 953 cipes
2144 882 2343 954 Regni,
2375 879 2608 951 generali
2637 880 2922 951 Colloquio
2951 882 3095 953 apud
3120 883 3411 939 Forcheim
3454 894 3566 940 ter-

1971 976 2045 1031 tio
2076 974 2205 1031 Idus
2220 975 2406 1031 Martii
2434 973 2642 1039 habito,
2665 974 2941 1047 egregium
2970 976 3324 1048 Rudolphum
3350 981 3565 1035 Ducem
3642 966 3647 967 ί

1971 1068 2070 1134 sibi
2095 1070 2148 1124 in
2168 1071 2381 1141 Regem
2406 1068 2775 1124 sublimarunt
2799 1086 2810 1122 :
2835 1085 2997 1140 quem
3019 1070 3251 1140 septimo
3286 1072 3566 1128 Kalendas

1972 1162 2191 1235 Aprilis,
2240 1162 2334 1218 ubi
2366 1178 2430 1218 eo
2466 1179 2609 1219 anno
2641 1162 2883 1219 medium
2899 1163 3342 1237 Quadragesimzn
3368 1182 3565 1223 occur-

1969 1257 2059 1325 rit,
2098 1266 2455 1313 coronarunt.
2507 1256 2749 1313 Maxima
2775 1266 2963 1313 autem
3011 1258 3123 1326 nix,
3174 1274 3297 1331 qua
3330 1275 3394 1315 eo
3421 1276 3562 1316 anno

1968 1350 2180 1409 tamdiu
2207 1352 2607 1423 totamﬁterram
2630 1351 2859 1420 obtexit,
2891 1351 2944 1406 in
2968 1351 3231 1408 electione
3252 1351 3374 1408 novi
3400 1354 3567 1425 Regis

1971 1447 2165 1501 resolvi
2203 1445 2424 1501 tandem
2475 1446 2657 1519 cmpit.
2715 1448 2778 1500 In
2818 1445 2905 1501 die
2930 1456 3115 1502 autem
3143 1446 3567 1504 consecrationis

1973 1540 2111 1612 ejus,
2142 1555 2239 1612 per
2268 1540 2677 1613 suggestionem
2725 1539 3165 1597 Simoniacorum
3210 1541 3566 1611 Clericorum,

1972 1636 2216 1691 maxima
2268 1634 2467 1691 seditio
2517 1635 2824 1708 Moguntina
2864 1643 2982 1691 orta
3039 1644 3121 1690 est
3151 1656 3161 1689 :
3192 1635 3264 1690 ita
3302 1643 3362 1690 ut
3399 1636 3567 1691 etiam

1971 1729 2234 1800 palatium
2261 1729 2561 1801 irrumpere
2603 1730 2822 1796 vellent,
2867 1738 2920 1783 et
2964 1728 3394 1799 religiosissimos
3454 1730 3572 1786 Cle-

1973 1824 2117 1878 ricos
2147 1831 2203 1879 et
2228 1823 2525 1879 Monachos
2549 1822 2815 1879 occidere.
2850 1821 2957 1877 Sed
2988 1821 3178 1877 dextra
3227 1823 3324 1877 Dei
3369 1822 3568 1879 Milites

1975 1917 2100 1972 novi
2158 1916 2443 1988 Principis,
2499 1917 2622 1973 licet
2660 1917 2921 1984 inermes,
2965 1916 3037 1971 ita
3094 1915 3349 1986 protexit,
3390 1924 3450 1971 ut
3501 1932 3568 1972 ne

1977 2026 2151 2067 unum
2175 2010 2396 2083 quidem
2409 2027 2472 2067 ex
2483 2012 2597 2067 suis
2620 2010 2905 2083 perderent
2928 2025 3021 2077 ;ex
3034 2008 3363 2065 adversariis
3387 2018 3572 2066 autem

1978 2105 2097 2176 plus
2150 2121 2316 2177 quam
2355 2114 2601 2172 centum,
2667 2105 2869 2177 partim
2921 2103 3094 2171 ferro,
3168 2104 3365 2175 partim
3428 2119 3570 2175 aqua

1977 2208 2324 2256 necarentur.
2371 2200 2581 2270 Quibus
2609 2200 2771 2256 etiam
2800 2215 2899 2271 pro
2929 2197 3233 2254 homicidiis
3260 2198 3576 2269 hujusmodi

1978 2311 2009 2349 a
2034 2295 2254 2367 Legatis
2298 2295 2633 2367 Apostolicae
2687 2293 2841 2351 Sedis
2868 2291 2991 2348 talis
3020 2292 3340 2365 poenitentia
3389 2292 3569 2364 impo-

1979 2390 2084 2445 sita
2114 2396 2227 2458 est;
2264 2398 2323 2445 ut
2351 2389 2547 2462 singuli
2591 2397 2682 2445 aut
2710 2386 3063 2461 quadraginta
3088 2387 3203 2442 dies
3235 2386 3573 2458 jejunarent,

1979 2490 2074 2539 aut
2120 2481 2475 2557 quadraginta
2528 2498 2796 2557 pauperes
2850 2480 3019 2538 semel
3096 2489 3404 2552 pascerent,
3473 2495 3578 2536 nec

1978 2585 2163 2633 tamen
2178 2578 2614 2634 Ecclesiasticam
2628 2576 3080 2634 communionem
3100 2575 3255 2647 quasi
3274 2573 3575 2631 homicida:

1980 2670 2233 2728 vitarent.

2049 2771 2103 2819 8.
2137 2764 2463 2837 Rudolphus
2504 2768 2646 2830 Rex,
2697 2771 2823 2836 post
2853 2766 3330 2820 consecrationem
3357 2765 3410 2819 in
3440 2766 3576 2820 Sue-

1983 2858 2127 2914 viam
2164 2858 2449 2928 secedens,
2513 2860 2771 2930 Regnum
2813 2856 2911 2913 sibi
2947 2857 3301 2931 .subjugavit.
3345 2858 3576 2913 Interim

1977 2952 2245 3008 Henricus
2274 2950 2672 3023 Longobardiae
2698 2936 3019 3006 morabatur
3047 2949 3116 3005 ad
3149 2965 3315 3020 quem
3337 2950 3577 3018 Cincius,

1979 3046 2106 3102 civis
2134 3050 2443 3113 Romanus,
2496 3060 2681 3101 secum
2712 3043 2919 3100 ducens
2953 3051 3174 3115 captum
3202 3041 3577 3098 venerabilem

276 3140 671 3215 conspirationi
722 3139 1043 3207 intererant,
1085 3153 1257 3210 usque
1301 3136 1370 3192 ad
1407 3135 1757 3192 festivitatem
1812 3138 1867 3191 S.
1909 3142 1952 3206 C
1984 3142 2281 3197 Cumarum
2311 3138 2666 3212 Episcopum,
2688 3137 2914 3195 nomine
2936 3137 3325 3209 Reginaldum,
3357 3137 3580 3210 Papiam

276 3238 422 3293 Petri
476 3232 723 3291 inducias
780 3232 1020 3289 dedit....
1106 3230 1441 3287 Wilhelmus
1512 3229 1877 3302 Trajectensis

276 3331 604 3403 Episcopus,
642 3327 815 3383 multa
844 3327 898 3381 in
949 3326 1326 3397 Apostolicum
1355 3324 1713 3392 conviciatus,
1742 3322 1874 3379 sub-

278 3426 463 3480 itanea
491 3429 677 3479 morte
704 3422 909 3492 absque
927 3420 1298 3475 Ecclesiastica
1319 3417 1730 3485 communione,
1751 3425 1876 3489 post

276 3518 487 3574 Pascha
509 3515 822 3572 mulctatur.
843 3516 969 3570 Iam
992 3529 1182 3570 omnes
1223 3528 1365 3586 pene
1397 3512 1680 3584 Principes
1696 3511 1875 3583 Regni

280 3629 310 3668 a
361 3610 759 3668 communione
809 3608 1031 3665 Henrici
1086 3623 1145 3664 se
1199 3614 1625 3680 sequestrarant.
1686 3608 1877 3662 Mense

282 3706 451 3779 igitur
475 3703 703 3761 Octobri
729 3702 1063 3775 colloquium
1114 3700 1261 3775 apud
1285 3701 1625 3774 Oppenheim
1655 3716 1685 3756 a
1712 3700 1879 3755 Prin-

286 3800 498 3871 cipibus
554 3798 729 3870 Regni
760 3797 1049 3869 colligitur,
1080 3796 1169 3852 cui
1199 3796 1425 3869 Legatio
1453 3795 1608 3852 Sedis
1642 3797 1881 3868 Aposto-

286 3894 405 3949 licaz
460 3891 728 3948 interfuit.
774 3892 853 3947 Ibi
904 3891 1195 3958 Henricus,
1249 3891 1301 3946 in
1360 3890 1749 3946 Puriﬁcatione
1820 3892 1877 3945 S.

288 3989 481 4044 Mariae
508 3995 637 4043 tunc
652 3986 917 4059 ,proxima
940 4001 1000 4042 se
1009 3985 1451 4058 praesentandum
1466 3984 1704 4040 Domino
1718 3986 1880 4054 Papae

288 4081 439 4155 apud
483 4083 789 4154 Augustam
816 4079 1127 4136 ﬁrmissime
1160 4079 1409 4152 promisit
1440 4095 1456 4135 :
1487 4094 1619 4133 nam
1654 4086 1710 4133 et
1750 4078 1881 4133 illuc

284 4176 593 4233 Dominum
620 4174 1004 4247 Apostolicum
1031 4175 1144 4247 ipse
1175 4189 1303 4230 cum
1344 4171 1679 4245 Principibus
1706 4172 1882 4243 Regni

285 4271 559 4327 invitavit.

356 4374 413 4421 7.
445 4370 611 4421 Anno
652 4370 808 4431 1077,
841 4362 1111 4420 Henricus
1133 4365 1277 4431 Rex,
1304 4360 1539 4435 propriae
1577 4375 1754 4417 causa:
1781 4359 1885 4416 dif-

292 4461 491 4529 ﬁdens,
545 4467 599 4515 et
625 4458 830 4514 idcirco
880 4456 1189 4530 generalem
1236 4456 1619 4512 auctoritatem
1668 4456 1882 4512 subter-

1986 3235 2176 3291 venit:
2226 3233 2427 3307 quippe
2471 3233 2812 3291 remunerari
2864 3233 3053 3288 volens
3110 3231 3180 3286 ab
3214 3231 3478 3298 Henrico,
3511 3246 3578 3286 eo
3620 3238 3629 3247 ‘

1985 3330 2135 3403 quod
2187 3328 2241 3384 in
2288 3328 2570 3385 servitium
2602 3327 2715 3398 ejus
2743 3325 2915 3383 modo
2965 3326 3115 3382 hunc
3148 3326 3500 3397 Episcopum,
3528 3333 3584 3381 et

1984 3423 2038 3479 in
2066 3422 2342 3495 praeterito
2366 3437 2508 3478 anno
2530 3421 2836 3477 Dominum
2862 3419 3263 3491 Apostolicum,
3282 3419 3581 3489 captivave-

1980 3525 2082 3573 rat.
2128 3515 2233 3572 Sed
2276 3515 2346 3572 ibi
2404 3515 2688 3572 subitanea
2736 3521 2919 3570 morte
2969 3520 3302 3584 praeventus,
3336 3511 3579 3567 debitam

1981 3611 2486 3668 remunerationem
2538 3607 2764 3680 accepit,
2796 3623 2962 3678 quam
3005 3615 3090 3661 tot
3119 3605 3415 3677 sacrilegiis
3459 3622 3583 3677 pro-

1984 3706 2180 3761 mereri
2224 3720 2335 3761 non
2381 3703 2587 3760 timuit.
2642 3701 2931 3771 Henricus,
2994 3699 3180 3758 audita
3234 3700 3584 3772 promotione

1982 3798 2285 3871 Rudolphi,
2341 3798 2603 3857 auxilium
2632 3799 2793 3869 Papae
2831 3802 3019 3852 contra
3062 3793 3211 3849 illum
3252 3793 3582 3864 imploravit,

1982 3893 2106 3949 licet
2133 3891 2509 3964 supradictum
2539 3893 2851 3947 Ostiensem
2880 3890 3213 3961 Episcopum
3257 3888 3313 3942 in
3336 3887 3585 3959 captione

1986 3986 2169 4043 adhuc
2200 3985 2370 4043 teneri
2398 3984 2723 4058 permiserit.
2752 3982 2914 4039 Unde
2945 3990 2997 4038 et
3020 3985 3161 4053 Papa
3183 3982 3258 4037 illi
3284 3982 3584 4053 respondit,

1987 4096 2044 4137 se
2066 4096 2178 4137 non
2206 4096 2363 4153 posse
2410 4080 2525 4152 ejus
2572 4076 2987 4151 interpellationi
3016 4075 3349 4146 satisfacere,
3387 4091 3586 4146 quam-

1989 4174 2082 4231 diu
2150 4173 2295 4247 apud
2324 4174 2476 4230 illum
2522 4174 2576 4229 S.
2632 4176 2830 4229 Petrus
2878 4172 2932 4226 in
2989 4173 3196 4243 Legato
3249 4185 3348 4225 suo
3389 4169 3584 4242 ligatus

1988 4277 2283 4326 teneretur.
2310 4270 2588 4325 Frustrata
2618 4283 2746 4339 ergo
2776 4265 3173 4338 supplicatione
3191 4280 3309 4333 sua,
3340 4264 3589 4320 animum

1990 4364 2047 4419 in
2072 4362 2419 4436 tyrannidem
2452 4362 2719 4418 convertit
2760 4380 2772 4416 :
2804 4376 2906 4415 nec
2924 4360 3037 4431 jam
3064 4361 3323 4430 Regnum
3354 4374 3451 4429 per
3468 4358 3586 4430 jus-

1994 4456 2191 4525 titiam,
2249 4455 2345 4512 sed
2373 4470 2469 4528 per
2516 4455 2827 4511 violentiam
2874 4453 3121 4509 obtinere
3160 4452 3587 4523 cogitavit.Rex

290 4526 509 4627 fugiens
539 4552 739 4609 furtive
782 4526 1002 4608 Italiam
1046 4559 1239 4607 contra
1274 4553 1434 4619 Papa:
1468 4558 1802 4622 praeceptum
1834 4557 1889 4604 et
1914 4526 1966 4588 D
1995 4560 2181 4607 autem
2222 4526 2553 4621 Rudolphus
2584 4548 2727 4621 apud
2786 4551 3091 4620 Augustam
3135 4545 3589 4618 gloriosissimum

288 4648 522 4705 consilia
552 4646 870 4718 Principum
898 4644 1123 4700 intravit
1148 4662 1162 4699 :
1192 4652 1247 4701 et
1282 4645 1622 4716 Apostolico,
1664 4643 1732 4699 ad
1762 4659 1886 4699 con-

286 4742 501 4800 dictum
528 4740 672 4797 diem
684 4747 990 4814 Augustam
1002 4737 1273 4806 tendenti,
1304 4746 1428 4794 ante
1444 4738 1887 4794 Puriﬁcationem

293 4840 349 4894 S.
376 4836 578 4893 Mariae
606 4834 823 4891 Canusii
841 4833 1077 4891 obviavit
1104 4851 1117 4889 :
1148 4833 1243 4889 ubi
1266 4842 1320 4889 et
1344 4832 1412 4888 ab
1434 4848 1497 4889 eo
1516 4848 1611 4904 per
1628 4831 1889 4888 inauditae

296 4929 691 4987 humiliationis
740 4928 1167 4996 simulationem,
1199 4937 1501 4999 utcumque
1546 4927 1745 4999 potuit,
1777 4942 1891 4982 non

296 5026 494 5099 Regni,
524 5024 620 5081 sed
650 5022 1057 5079 communionis
1084 5031 1301 5080 tantum
1349 5020 1758 5077 concessionem
1802 5020 1890 5075 vix

301 5119 522 5176 demum
556 5118 791 5176 extorsit
818 5136 830 5171 :
867 5116 994 5173 dato
1026 5125 1213 5173 tamen
1252 5115 1402 5188 prius
1430 5122 1800 5183 sacramento,
1832 5122 1894 5170 ut

304 5212 371 5269 de
393 5214 623 5285 objectis
637 5212 960 5269 criminibus
978 5210 1322 5285 adjudicium
1343 5213 1505 5281 Papae
1525 5208 1892 5278 satisfaceret;

308 5322 408 5362 nec
458 5311 619 5381 Papa:
655 5316 753 5363 aut
803 5305 964 5362 alicui
1003 5306 1119 5378 ejus
1174 5304 1321 5361 ﬁdeli
1378 5319 1617 5377 usquam
1647 5302 1796 5359 eunti
1844 5310 1898 5358 et

306 5399 547 5457 redeunti
575 5402 818 5474 aliquam
844 5397 1049 5457 inferre
1068 5399 1378 5456 molestiam
1397 5396 1748 5455 consentiret.
1776 5398 1896 5453 Hoc

308 5504 489 5551 autem
510 5496 891 5569 juramentum
918 5509 1020 5550 nec
1069 5493 1376 5566 quindecim
1410 5491 1524 5549 dies
1566 5490 1893 5561 observavit,

306 5592 473 5663 captis
522 5589 924 5647 venerabilibus
960 5587 1247 5661 Episcopis
1276 5586 1518 5644 Geraldo
1572 5585 1806 5642 Ostiensi
1845 5593 1901 5641 et

376 5736 527 5799 (122)
572 5730 913 5803 Gregorius,
951 5743 1097 5786 anno
1144 5732 1286 5803 1046
1324 5725 1499 5783 factus
1537 5723 1903 5803 _Verce_l_lensis

312 5797 623 5885 gpisgppus,
666 5797 862 5885 modo"
888 5816 1074 5885 sanus,
1093 5800 1508 5885 modo-vecors,
1537 5799 1666 5885 ipsis
1696 5797 1905 5885 Kalen—

309 5870 391 5934 dis
588 5874 766 5948 periit.
820 5873 1055 5930 Consule
1093 5870 1420 5945 Ughellum,
1449 5877 1505 5926 et
1539 5871 1735 5927 Franc.
1794 5872 1907 5924 Au-

591 5965 821 6023 PATROL.
866 5961 1125 6021 CXLVIII.

1998 4645 2201 4702 Pascha
2241 4644 2532 4701 celebravit
2551 4660 2677 4699 cum
2692 4643 2910 4714 Legatis
2934 4640 3269 4713 Apostolicae
3303 4638 3451 4696 Sedis
3480 4657 3494 4695 :
3525 4655 3591 4696 ex

1997 4739 2192 4810 quibus
2250 4755 2407 4804 unus,
2469 4736 2914 4809 religiosissimus
2974 4734 3162 4791 Abbas
3218 4733 3589 4802 Bernhardus;

1998 4837 2239 4890 Romam
2280 4831 2529 4904 dirigitur
2573 4848 2587 4887 :
2624 4830 2721 4887 sed
2775 4829 2841 4886 ab
2904 4828 3168 4886 Udalrico
3230 4829 3445 4885 Comite
3523 4828 3594 4885 de

1998 4926 2333 4999 Lentzburg,
2385 4923 2615 4981 Henrici
2647 4923 2931 4996 complice,
2973 4932 3163 4996 captus
3201 4931 3255 4979 et
3292 4922 3591 4996 praedatus,

2000 5036 2207 5077 annum
2244 5035 2381 5093 pene
2406 5018 2697 5076 dimidium
2724 5019 2780 5074 in
2806 5017 3117 5090 captivitate
3145 5018 3344 5073 mansit
3386 5034 3401 5075 :
3428 5032 3594 5090 quem

1999 5114 2372 5173 Cluniacensis
2392 5114 2582 5171 Abbas
2610 5114 2679 5171 de
2708 5113 2960 5169 manibus
3002 5112 3228 5169 Henrici
3250 5112 3339 5168 vix
3366 5110 3597 5169 demum

2004 5210 2207 5282 eripuit
2256 5254 2271 5269 .
2313 5250 2330 5267 .
2373 5249 2388 5266 .
2433 5208 2828 5266 .Vercellensis
2849 5206 3149 5279 Episcopus
3175 5210 3342 5275 (122),
3362 5204 3594 5278 depositi

1999 5304 2166 5376 Regis
2210 5302 2598 5371 Cancellarius,
2646 5318 2772 5359 cum
2811 5301 3065 5357 omnibus
3103 5301 3221 5357 suis
3277 5300 3599 5373 sequacibus

2007 5398 2341 5470 colloquium
2370 5396 2616 5469 generale
2639 5396 2782 5452 circa
2834 5394 3111 5451 Kalendas
3159 5393 3288 5451 Maii
3341 5394 3400 5449 in
3440 5397 3601 5450 Run-

2008 5492 2217 5548 calibus
2232 5491 2494 5559 condixit,
2512 5498 2593 5559 ut,
2608 5488 2651 5544 si
2677 5489 2857 5561 aliquo
2876 5488 3042 5545 modo
3055 5497 3259 5560 posset,
3272 5487 3604 5558 Gregorium

2010 5588 2216 5658 Papam
2237 5584 2533 5658 deponeret
2562 5599 2574 5635 2
2610 5581 2709 5640 sed
2740 5584 2855 5655 ipse
2883 5582 2951 5639 ad
2980 5581 3245 5640 eumdem
3278 5580 3603 5647 terminum,

2013 5725 2294 5807 gustinum
2332 5724 2399 5782 ab
2426 5721 2663 5781 Ecclesia
2728 5722 2782 5779 in
2806 5719 3094 5795 Episcopis
3152 5720 3607 5780 Pedemontanze.

2012 5812 2273 5870 regionis.

3224 5950 3257 6008 4
