4122 6180
556 261 671 317 107

1696 262 1699 263 ⁷
1795 244 1854 302 S.
1894 240 2276 300 GREGORIUS
2311 241 2403 298 VII
2440 241 2638 300 ΡΛΡΑ.

3744 238 3862 293 ⁹108

573 378 785 460 absque
831 382 1207 442 Ecclesiastica
1253 375 1664 443 communione,
1708 372 1874 428 vitam
1918 372 2083 429 simul
2112 378 2165 426 et
2192 376 2245 438 Α
2271 371 2446 428 voluit
2475 370 2606 427 ﬁeri.
2643 368 2918 425 Henricus
2958 374 3171 436 autem,
3195 373 3502 436 utcumque
3531 359 3732 435 potuit,
3760 361 3871 417 im-

576 482 988 553 Episcopatum.
1037 477 1171 531 heu!
1218 469 1596 527 miserabiliter
1623 467 1896 535 deposuit,
1928 482 2036 539 quo
2074 466 2162 521 ille

578 578 785 649 Papam
811 572 1013 629 nefaria
1060 566 1485 641 praesumptione
1507 562 1693 619 statuit
1720 561 2013 634 deponere.
2042 563 2160 615 Non

571 672 744 726 multo
773 675 895 740 post
925 664 1203 719 interitum
1232 660 1397 727 (122‘)
1431 656 1725 715 Praefectus
1764 660 2028 713 Romana:
2062 658 2165 712 Ur-

573 763 678 831 bis,
712 759 1017 816 indefessus
1050 756 1207 811 miles
1247 757 1303 811 S.
1341 753 1484 810 Petri
1515 761 1707 809 contra
1759 749 2160 816 schismaticos,

574 854 865 927 aquodam
913 851 1125 908 fautore
1157 848 1374 905 Henrici
1417 848 1709 904 crudeliter
1748 845 2008 901 occiditur
2050 861 2063 896 :
2095 843 2165 899 ad

575 950 731 1020 cujus
782 962 979 1019 corpus
1029 946 1083 1000 in
1138 960 1301 1016 parvo
1345 952 1595 1015 tempore
1651 941 1937 1013 plusquam
1981 937 2162 1008 viginti

571 1042 833 1099 miracula
863 1041 1230 1113 contigerunt,
1260 1048 1319 1093 ut
1360 1038 1600 1092 ﬁdelium
1634 1035 1872 1089 virorum
1902 1033 2164 1088 relatione

576 1137 884 1194 didicimus.
932 1134 1167 1190 Imbrico
1217 1133 1360 1204 (123)
1420 1132 1782 1203 Augustcnsis
1840 1128 2162 1197 Episc0pus,

574 1232 663 1303 qui
714 1231 765 1285 iu
793 1230 1071 1301 praeterito
1096 1227 1300 1282 Pascha
1338 1225 1635 1296 Rudolplto
1680 1224 1818 1293 Regi
1852 1222 2165 1277 fidelitatem

567 1324 792 1397 juravit,
837 1324 909 1379 nil
943 1324 1009 1380 de
1039 1322 1272 1395 perjurio
1301 1336 1523 1387 curans,
1577 1318 1811 1374 Henrico
1860 1313 2167 1372 advenienti

570 1417 801 1475 adhaesit
829 1436 842 1473 :
870 1427 925 1473 et
949 1418 1096 1488 apud
1126 1417 1273 1472 illam
1305 1418 1543 1488 quadam
1573 1414 1660 1469 die
1688 1413 1911 1469 Missam
1947 1410 2164 1475 faciens,

571 1514 711 1568 hanc
736 1512 835 1568 sibi
865 1512 1231 1568 conditionem
1255 1510 1422 1565 miser
1444 1508 1726 1580 imposuit,
1750 1518 1985 1561 utsacraa
2009 1504 2166 1560 Obla-

554 1608 739 1679 tionis
764 1608 1043 1685 perceptio
1075 1607 1133 1660 in
1154 1604 1421 1678 judicium
1458 1604 1505 1660 ei
1539 1601 1872 1674 proveniret,
1905 1601 1947 1656 si
1974 1598 2163 1654 Domi-

569 1719 674 1759 nus
723 1703 843 1774 ejus
883 1701 1151 1759 Henricus
1180 1704 1439 1772 Regnum
1471 1698 1570 1753 sibi
1611 1696 1808 1768 injuste
1857 1704 2159 1763 usurpant.

2272 465 2454 539 pedire
2481 482 2593 522 non
2624 464 2869 521 cessavit.
2903 466 3046 519 Nam
3082 469 3276 517 contra
3307 457 3680 531 Apostolicum
3719 470 3867 528 prat-

2271 570 2513 634 ceptum,
2534 560 2774 615 maxima
2800 557 3152 614 multitudine
3181 554 3579 628 ﬁagitiosorum
3605 551 3866 618 adunata,

2272 657 2613 729 procinctum
2665 656 2721 709 in
2759 653 3054 709 Saxoniam
3086 651 3333 722 paravit:
3366 649 3454 704 cui
3492 652 3606 704 Rex
3652 646 3869 702 Rudol-

2274 750 2411 822 phus
2458 749 2601 821 apud
2633 750 2885 804 Struvam
2952 762 3079 802 cum
3110 744 3349 800 exercitu
3402 742 3658 809 obviavit,
3688 750 3742 796 et
3770 740 3868 795 illo

2274 844 2457 913 fugato
2497 845 2611 915 ipse
2640 858 2893 915 campum
2930 840 3171 896 victoriae
3211 838 3445 895 obtinuit
3487 844 3538 891 7.
3580 836 3711 891 Idus
3749 840 3867 889 Au-

2274 940 2437 1013 gusti.
2464 938 2736 995 Occubuit
2784 946 2970 992 tamen
3024 936 3093 989 ibi
3145 951 3206 989 ex
3234 942 3382 1005 parte
3412 931 3689 1002 Rudolphi
3721 935 3869 996 (124)

2275 1036 2461 1088 Wecel
2518 1032 2830 1087 venerabilis
2892 1029 3377 1102 Magdehurgensis
3443 1026 3761 1098 Episcopus,
3815 1032 3875 1078 et

2276 1127 2698 1183 lVormatiensis
2757 1126 3051 1197 Episcopus
3081 1125 3252 1193 (124’)
3290 1131 3475 1192 captus
3516 1128 3617 1175 est.
3650 1118 3871 1174 Inﬁnita

2275 1232 2456 1278 autem
2504 1221 2798 1277 multitudo
2842 1222 3116 1289 utrimque
3157 1215 3429 1283 occubuit,
3470 1216 3653 1286 plures
3673 1222 3869 1269 tamen

2278 1325 2330 1371 et
2359 1317 2771 1372 excellentiores
2796 1331 2857 1370 ex
2891 1326 3039 1384 parte
3084 1312 3317 1367 Henrici.
3354 1311 3517 1365 Facto
3540 1317 3718 1364 autem
3758 1308 3873 1364 alio

2277 1412 2518 1466 Concilio
2548 1413 2743 1466 Romae
2790 1416 2850 1465 10
2879 1408 3154 1463 Kalendas
3186 1404 3529 1469 Decembris,
3584 1402 3873 1473 utriusque

2278 1507 2444 1575 Regis
2487 1506 2695 1576 Legati,
2729 1505 2853 1560 licet
2890 1520 3001 1558 non
3054 1503 3246 1558 eadem
3291 1500 3537 1570 veritate,
3567 1499 3625 1553 in
3650 1496 3874 1569 Synodo

2270 1601 2523 1672 juravere
2604 1599 2753 1670 quod
2832 1598 3055 1652 Domini
3108 1612 3304 1651 eorum
3366 1611 3479 1650 non
3546 1590 3880 1663 impedirent

2277 1694 2613 1766 colloquium
2646 1709 2744 1764 pro
2786 1708 2948 1747 causa
2984 1691 3159 1763 Regni
3207 1688 3583 1745 statuendum.
3618 1685 3781 1755 Unde
3817 1694 3879 1741 et

571 1754 671 1759 η-
730 1754 837 1774 -ρ-
884 1754 999 1759 ψνκ
1201 1754 1300 1772 πυ
1664 1754 1683 1768 .
1992 1754 2007 1763 .
2436 1754 2455 1766 ,
2648 1754 2660 1764 ,
3073 1754 3101 1763 ν
3634 1754 3637 1755 ν

571 1800 705 1871 Post
745 1796 887 1852 hanc
926 1796 1273 1851 temerariam
1330 1793 1759 1866 perceptionem,
1799 1805 1963 1861 parvo
2022 1786 2166 1860 quod
2203 1754 2249 1815 Β
2279 1794 2420 1860 Papa
2452 1789 2659 1844 eavice
2684 1787 2824 1842 inter
2850 1803 2942 1842 eos
2984 1785 3231 1856 judicare
3254 1800 3369 1839 non
3394 1782 3591 1855 potuit,
3625 1782 3876 1852 quamvis

570 1890 869 1963 supravixit
898 1899 1146 1961 tempore
1184 1905 1359 1961 usque
1406 1888 1472 1942 ad
1504 1897 1766 1949 mortem,
1794 1898 2079 1955 nunquam
2113 1897 2169 1936 se

570 2002 770 2043 sanum
801 1985 873 2041 de
902 1985 1043 2040 lecto
1071 1983 1278 2039 levavit.
1325 1986 1466 2037 Nam
1519 1981 1660 2036 circa
1706 1978 1990 2033 Kalendas
2018 1975 2169 2041 Julii,

571 2080 774 2151 absque
825 2077 1205 2134 Ecclesiastica
1271 2076 1663 2132 communione
1709 2073 1998 2127 defunctus
2068 2079 2165 2126 est.

576 2176 714 2230 Item
759 2170 1088 2245 Sigehardus
1116 2170 1313 2243 (123*),
1364 2167 1725 2241 Aquileiensis
1757 2165 2093 2233 Patriarcha,
2119 2165 2171 2218 in

552 2324 555 2325 ν
579 2268 844 2324 auxilium
870 2267 1109 2322 Henrico
1134 2273 1321 2321 contra
1358 2265 1605 2320 bannum
1634 2260 1934 2333 Apostolici
1965 2266 2172 2313 armata

578 2379 747 2419 manu
778 2361 994 2418 veniens
1024 2362 1082 2416 in
1111 2360 1411 2417 amentiam
1459 2359 1690 2413 vertitur
1728 2355 1872 2427 apud
1906 2353 2172 2425 Ratispo-

578 2473 731 2521 nam,
756 2464 812 2513 et
839 2472 904 2512 ex
935 2456 1052 2527 ipso
1080 2456 1270 2511 itinere
1294 2454 1576 2525 repentina
1596 2459 1774 2507 morte
1800 2448 2170 2520 intercipitur:

574 2552 758 2623 sicque
785 2550 1037 2618 domum,
1091 2566 1205 2605 non
1241 2548 1447 2620 absque
1504 2546 1773 2619 aliquibus
1819 2560 2046 2600 suorum
2100 2541 2175 2596 fu-

574 2646 822 2714 neribus,
870 2644 929 2701 in
970 2659 1198 2718 corpore
1257 2651 1312 2699 et
1384 2642 1571 2700 anima
1655 2647 1934 2709 mortuus,
2000 2653 2175 2708 repor-

572 2740 810 2797 tabatur.

645 2840 700 2890 9.
734 2836 875 2905 Papa
907 2833 1123 2906 utrique
1150 2833 1286 2904 Regi
1318 2846 1381 2887 ex
1414 2839 1569 2902 parte
1597 2832 1652 2886 S.
1704 2829 1849 2883 Petri
1887 2827 2168 2899 praecepit,

575 2937 638 2986 ut
662 2936 878 3001 treugas
909 2928 975 2984 ad
1012 2927 1243 2983 invicem
1293 2924 1557 2992 facerent,
1598 2922 1667 2979 ad
1716 2923 2013 2979 adventum
2061 2921 2175 2993 ejus

577 3022 646 3081 ad
680 3022 1005 3079 Teutonicas
1047 3030 1225 3093 partes
1242 3036 1340 3091 pro
1368 3015 1677 3073 dirimenda
1706 3016 1797 3071 lite
1837 3032 1951 3071 non
1999 3016 2176 3085 impe-

578 3117 777 3191 dirent,
823 3116 916 3173 sed
947 3115 1195 3170 debitum
1248 3112 1539 3169 consilium
1570 3120 1625 3165 et
1648 3109 1921 3165 auxilium
1970 3108 2039 3163 ad
2070 3108 2175 3163 hoc
2211 3127 2254 3190 ρ
2287 3111 2575 3183 deposuit.
2625 3152 2640 3167 .

492 3234 503 3255 ι
579 3212 685 3266 iter
709 3211 759 3265 ei
786 3209 1113 3280 praeberent.
1139 3206 1359 3277 Legatis
1380 3213 1565 3259 autem
1596 3203 1731 3271 suis,
1776 3202 1866 3274 qui
1907 3200 2087 3256 adhuc
2121 3202 2174 3256 in

580 3303 897 3359 Teutonicis
944 3300 1189 3373 partibus
1251 3299 1637 3367 morabantur,
1693 3296 1975 3368 praecepit,
2027 3304 2087 3351 ut
2111 3312 2174 3351 ex

578 3396 793 3454 duobus
831 3396 1074 3468 Regibus
1121 3396 1276 3452 illum
1316 3392 1883 3460 excommunicarent,
1916 3391 2005 3463 qui
2043 3406 2175 3463 prm-

578 3492 741 3549 dictae
768 3491 1023 3564 legationi
1071 3507 1182 3547 non
1228 3490 1499 3559 obediret;
1548 3487 1892 3545 obedientem
1946 3503 2070 3542 vero
2113 3502 2176 3540 ex

581 3596 733 3659 parte
775 3588 834 3642 S.
879 3586 1024 3642 Petri
1051 3586 1105 3640 in
1126 3590 1313 3657 Regno
1343 3584 1733 3639 conﬁrmarent
1780 3601 1792 3637 :
1822 3581 1970 3652 quod
1995 3589 2048 3637 et
2069 3597 2178 3635 non

577 3681 757 3737 multo
788 3688 910 3750 post
939 3680 1145 3736 factum
1185 3688 1288 3745 est,
1321 3678 1529 3733 scilicet
1559 3677 1615 3732 in
1655 3677 1743 3731 die
1783 3675 2029 3747 sequenti
2058 3683 2181 3747 post

580 3773 933 3829 festivitatem
961 3774 1019 3828 S.
1056 3771 1279 3827 Martini
1305 3770 1554 3839 Goslare,
1588 3770 1827 3826 Henrico
1862 3786 1958 3841 pro
1992 3769 2177 3824 inobe-

581 3866 787 3924 dientia
818 3866 1018 3922 iterum
1053 3866 1557 3931 excommunicato,
1602 3863 1895 3935 Rudolpho
1923 3880 2018 3933 pro
2044 3864 2175 3919 obe-

581 3960 783 4017 dientia
826 3960 880 4016 in
916 3964 1176 4032 Regnum
1207 3960 1521 4016 sublimato.
1566 3961 1705 4014 Nam
1736 3959 2009 4014 Henricus
2050 3971 2180 4028 prae-

581 4055 792 4113 dictam
829 4054 1157 4126 legationem
1185 4057 1345 4124 Papae
1366 4070 1468 4109 nec
1492 4053 1760 4124 suscipere
1785 4052 2039 4124 dignatus
2073 4061 2175 4121 est,

579 4165 680 4206 nec
700 4149 947 4206 animum
971 4148 1040 4205 ad
1064 4158 1271 4220 treugae
1290 4147 1773 4219 compositionem,
1792 4146 1889 4203 sed
1914 4146 1983 4203 ad
1998 4156 2178 4219 tyran-

579 4243 728 4299 nidis
764 4241 1147 4299 crudelitatem
1181 4242 1434 4299 intendit.

653 4344 741 4393 10.
773 4339 931 4393 Anno
959 4341 1118 4393 1078.
1154 4336 1422 4393 Henricus
1454 4335 1655 4394 iterum
1690 4334 2021 4409 Apostolicze
2052 4336 2177 4392 Sedi

578 4432 650 4491 de
696 4448 818 4500 sua,
868 4432 1021 4505 quasi
1090 4432 1313 4504 injuste,
1364 4431 1716 4487 damnatione
1763 4432 2120 4503 conqueritur
2159 4452 2170 4486 :

2281 1885 2419 1939 bene
2472 1885 2635 1939 sciret
2683 1881 2767 1937 cui
2834 1881 2968 1951 parti
3026 1879 3195 1951 magis
3243 1878 3455 1950 justitia
3529 1876 3747 1931 faveret.
3808 1877 3878 1929 In

2280 1978 2503 2050 Synodo
2542 1978 2645 2032 ista
2695 1976 3050 2048 Bercngarius
3093 1970 3493 2044 Andegavensis
3543 1969 3877 2035 Canonicus,

2283 2082 2343 2129 ut
2383 2072 2451 2127 ab
2486 2070 2676 2126 haeresi
2728 2086 2825 2126 sua
2855 2069 3212 2140 resipisceret,
3244 2065 3593 2139 synodaliter,
3622 2063 3881 2119 conveni-

2282 2176 2390 2235 tur,
2415 2167 2570 2239 eique
2599 2164 2838 2221 induciae
2860 2179 3033 2235 usque
3059 2162 3128 2218 ad
3154 2161 3400 2234 proxime
3428 2160 3670 2215 futuram
3699 2161 3879 2230 Syno-

2281 2261 2414 2317 dum
2434 2261 2650 2317 dantur.

2358 2362 2442 2410 11.
2474 2361 2631 2410 Anno
2666 2360 2822 2410 1070.
2866 2352 3165 2423 Gregorius
3194 2353 3337 2423 Papa
3368 2348 3651 2422 Synodum
3676 2351 3882 2403 Roma:

2282 2466 2470 2505 mense
2499 2448 2797 2517 Februario
2827 2447 3037 2519 collegit
3072 2466 3085 2503 :
3118 2446 3171 2500 in
3209 2461 3312 2517 qua
3346 2443 3724 2516 Berengarius,
3753 2444 3880 2514 jam

2284 2546 2443 2600 tertio
2484 2546 2784 2611 convictus,
2842 2542 3094 2598 haeresim
3134 2555 3289 2597 suam
3319 2539 3589 2611 abjuravit
3642 2546 3696 2593 et
3740 2554 3877 2593 ana-

2282 2638 2678 2695 thematizavit.
2712 2641 2775 2692 In
2803 2638 2990 2692 eadem
3030 2636 3249 2708 Synodo
3277 2634 3544 2691 Henricus
3568 2632 3885 2704 Aquileien-

2284 2735 2358 2791 sis
2392 2733 2699 2789 Patriarcha
2729 2735 2890 2803 Papae
2916 2731 3119 2803 juravit
3161 2730 3298 2785 nulli
3328 2744 3385 2785 se
3431 2727 3688 2797 deinceps
3714 2742 3878 2782 com-

2284 2829 2692 2885 municaturum
2735 2843 2904 2900 quem
2950 2826 3115 2882 sciret
3158 2842 3190 2881 a
3245 2827 3386 2895 Papa
3433 2822 3873 2878 excommunica—

2286 2934 2426 2981 tum.
2482 2928 2543 2979 In
2577 2922 2679 2978 hac
2708 2921 2929 2994 Synodo
2960 2924 3101 2993 Papa
3126 2918 3497 2991 Presbyteros,
3533 2916 3784 2987 deinceps
3816 2915 3876 2971 in

2286 3018 2702 3074 fornicationem
2754 3016 2955 3086 lapsos,
3028 3014 3230 3085 absque
3298 3028 3392 3084 spe
3452 3009 3879 3082 recuperationis

2693 3152 2705 3164 .
2750 3153 2762 3167 .
2789 3110 2979 3181 Legati
3004 3109 3170 3181 Regis
3214 3104 3876 3177 RudolphisuperHenri-

2286 3223 2413 3263 cum
2450 3205 2943 3277 proclamaverunt,
2984 3219 3047 3259 eo
3077 3202 3225 3275 quod
3260 3210 3434 3259 totum
3460 3204 3711 3272 Regnum
3734 3215 3870 3256 con-

2288 3299 2535 3367 fundere,
2578 3308 2631 3355 et
2657 3308 2901 3355 sanctam
2930 3298 3234 3354 Ecclesiam
3263 3297 3589 3361 conculcare
3613 3310 3723 3350 non
3765 3309 3873 3349 ces-

2286 3403 2451 3450 saret.
2506 3397 2714 3449 lterum
2743 3409 2872 3466 ergo
2923 3396 3067 3465 Papa
3094 3396 3332 3463 Legatos
3370 3407 3521 3459 suos,
3580 3404 3679 3459 pro
3713 3403 3878 3445 causa

2288 3490 2463 3561 Regni
2513 3487 2948 3553 determinanda,
2988 3472 3057 3543 ad
3084 3486 3412 3544 Teutonicas
3440 3494 3625 3557 partes
3647 3483 3879 3540 destina-

2286 3584 2381 3651 vit,
2411 3583 2656 3640 videlicet
2696 3582 3055 3638 venerabilem
3088 3585 3307 3637 Petrum
3339 3581 3703 3636 Albanensem
3746 3578 3877 3648 Epi-
3908 3629 3915 3635 .

2286 3696 2514 3750 scopum
2560 3719 2575 3735 .
2619 3720 2634 3735 .
2679 3723 2691 3735 .
2741 3722 2753 3734 .
2792 3694 2919 3733 cum
2950 3692 3059 3749 quo
3092 3676 3379 3732 Udalricus
3410 3675 3702 3731 Paduanus
3733 3673 3881 3745 Epis-

2287 3789 2455 3844 copus
2475 3772 2528 3828 in
2560 3772 2883 3845 legationem
2912 3770 3233 3827 destinatur.
3261 3772 3495 3843 Legatus
3514 3777 3698 3825 autem
3727 3770 3875 3823 Hen-

2288 3869 2386 3924 rici
2434 3871 2666 3939 Legatos
2714 3869 2894 3938 Papae,
2927 3866 3248 3937 priusquam
3293 3863 3528 3928 abirent,
3589 3864 3643 3918 in
3686 3862 3877 3919 eadem

2287 3962 2509 4035 Synodo
2569 3960 2924 4033 jurejurando
2990 3976 3213 4016 securos
3280 3959 3408 4015 fecit
3456 3958 3527 4014 de
3602 3958 3875 4013 conductu

2288 4065 2346 4113 et
2390 4056 2699 4115 obedientia
2737 4055 2964 4112 Domini
3003 4055 3108 4111 sui.
3143 4056 3285 4109 Item
3329 4056 3567 4125 Legatus
3606 4050 3881 4122 Rudolphi

2288 4151 2357 4208 de
2403 4150 2713 4208 obedientia
2762 4149 2985 4206 Domini
3039 4149 3122 4206 sui
3170 4147 3372 4220 juravit
3399 4147 3455 4202 in
3499 4144 3739 4218 Synodo.
3772 4147 3879 4201 Le-

2288 4246 2398 4318 gati
2432 4262 2561 4316 ergo
2610 4243 2761 4300 Sedis
2802 4243 3137 4316 Apostolicae
3186 4242 3240 4297 in
3270 4242 3627 4297 Teutonicam
3670 4248 3879 4297 terram

2289 4340 2665 4411 pervenientes
2690 4380 2705 4407 ,
2776 4336 3144 4395 obedientiam
3218 4336 3494 4407 Rudolphi
3568 4343 3621 4391 et
3693 4334 3882 4391 inobeo

2284 4433 2548 4490 dientiam
2578 4432 2806 4489 Henrici
2847 4432 3226 4489 indubitanter
3265 4431 3631 4504 probaverunt
3670 4447 3685 4487 :
3718 4428 3883 4500 ‘quod

577 4528 725 4586 unde
761 4526 1060 4599 Gregorius
1088 4529 1258 4598 Papa,
1288 4525 1435 4582 facto
1468 4527 1714 4584 Concilio
1744 4542 1931 4583 mense
1977 4527 2178 4582 Martio
2208 4518 2256 4579 D
2287 4539 2341 4584 et
2372 4536 2582 4600 postea,
2613 4543 2741 4584 cum
2783 4527 3043 4591 redirent,
3083 4529 3242 4598 Papae
3280 4526 3396 4582 viva
3424 4540 3556 4581 voce
3597 4522 3880 4597 protestati

581 4622 657 4695 (in
685 4638 795 4693 quo
823 4621 1065 4678 Concilio
1096 4620 1241 4677 facta
1268 4628 1350 4677 est
1374 4620 1616 4691 exceptio
1662 4620 2028 4692 quarumdam
2058 4637 2177 4691 per-

576 4730 839 4772 sonarum
868 4715 935 4770 de
970 4715 1295 4771 Henriciana
1344 4715 1937 4782 excommunicatione,
1968 4724 2023 4771 et
2074 4716 2177 4771 hoc

577 4809 765 4882 utique
790 4808 860 4865 ad
902 4818 1156 4879 tempus;
1197 4809 1253 4866 id
1289 4818 1392 4877 est,
1426 4826 1681 4879 uxorum,
1707 4811 1965 4879 ﬁliorum,
1989 4825 2174 4866 servo-

577 4912 793 4971 rum,et
813 4903 1171 4975 reliquorum,
1195 4904 1284 4975 qui
1329 4921 1436 4960 non
1457 4908 1710 4973 scienter,
1729 4907 1921 4961 saltem
1966 4922 2076 4960 non
2108 4905 2173 4959 li-

578 4997 776 5061 benter
804 4997 1300 5054 excommunicatis
1329 4999 1653 5069 sociantur),
1676 4999 1901 5055 idoneos
1944 5002 2176 5069 Legatos

577 5092 779 5148 iterum
799 5091 1112 5162 destinavit,
1133 5093 1243 5164 qui,
1270 5092 1412 5149 facto
1440 5092 1674 5165 generali
1704 5094 2009 5164 Colloquio,
2040 5108 2165 5148 cau-

577 5200 696 5242 sam
734 5186 914 5258 Regni
938 5186 1086 5259 juste
1121 5187 1541 5243 determinarent
1579 5204 1593 5241 :
1625 5194 1677 5242 et
1706 5202 1896 5248 omnes
1926 5186 2171 5257 synodali

576 5282 848 5337 sententia
911 5280 1211 5350 damnavit,
1289 5281 1625 5353 quicumque
1706 5280 2035 5352 impedirent
2103 5296 2173 5337 ne

577 5374 930 5447 Colloquium
977 5374 1151 5432 ﬁeret.
1216 5375 1376 5446 Quod
1438 5373 1765 5446 Rudolphus
1816 5375 2174 5431 libentissime

577 5558 821 5689 0(1)???
845 5560 1017 5619 Paulo
1046 5574 1265 5617 numer.
1312 5566 1384 5615 40
1411 5562 1649 5626 Cincius;
1686 5561 1851 5615 Petro
1888 5560 2168 5629 Damiani,

616 5649 673 5687 ιη
742 5649 845 5689 ius.

535 5635 1074 5771 ,Οῑῗῖἒὲἷεῖπώνὶοο
1134 5708 1397 5775 Augusta
1479 5701 1886 5760 Vindelicorum
1955 5712 2171 5760 creatus

570 5776 876 5850 Episcopus
928 5776 996 5833 ab
1045 5777 1286 5833 Henrico
1317 5778 1427 5850 IV,
1459 5792 1603 5850 anno
1631 5781 1798 5850 _1064,
1821 5784 2098 5850 _mortuus
2138 5782 2169 5831 3

572 5846 810 5937 Augusti
843 5864 987 5907 anno
1032 5854 1163 5907 1077
1186 5865 1216 5907 a
1240 5847 1509 5907 Bruschio
1539 5847 1673 5906 satis
1714 5846 1984 5905 laudatus.

2289 4631 2431 4679 sunt.

2362 4723 2448 4772 12.
2475 4720 2638 4773 Anno
2670 4722 2826 4785 1080,
2861 4716 3161 4790 Gregorius
3189 4718 3332 4787 Papa
3363 4712 3643 4786 Synodum
3682 4714 3881 4768 Romae

2288 4828 2475 4869 mense
2509 4813 2706 4868 Martio
2735 4812 2973 4884 collegit,
3001 4810 3071 4867 ad
3100 4826 3264 4882 quam
3293 4809 3610 4866 Teutonicis
3632 4806 3884 4878 partibus

2287 4907 2566 4978 prmdictae
2616 4906 2769 4963 Sedis
2819 4906 3150 4978 Apostolicw
3200 4904 3390 4976 Legati
3467 4901 3768 4967 redierunt,
3823 4908 3885 4955 et

2286 4999 2669 5056 omnimodam
2732 5000 3005 5070 Rudolphi
3044 4999 3409 5054 obedientiam
3446 5005 3501 5053 et
3548 4994 3773 5053 Henrici
3811 4995 3887 5049 in-

2286 5095 2658 5151 obedientiam
2723 5094 2963 5149 Domino
3026 5093 3336 5163 Apostolico
3383 5090 3879 5147 renuntiaverunt:

2287 5188 2428 5245 unde
2461 5189 2577 5260 ipse
2602 5188 2657 5242 in
2682 5188 2793 5242 ﬁne
2816 5185 3021 5259 Synodi
3049 5187 3353 5243 Henricum
3375 5184 3644 5257 deposuit,
3673 5184 3881 5255 ipsum-

2284 5299 2392 5353 que
2418 5298 2548 5338 cum
2589 5281 2848 5337 omnibus
2890 5281 3004 5337 suis
3042 5280 3354 5338 fautoribus
3378 5276 3877 5343 anathematizavit,

2285 5383 2341 5431 et
2409 5376 2770 5447 Rudolpbum
2826 5375 3141 5447 Apostolica
3221 5374 3549 5431 auctoritate
3607 5372 3662 5429 in
3731 5370 3883 5442 regia

2356 5561 2529 5626 (123*)
2560 5562 2908 5629 Sigheardus,
2930 5560 3161 5632 Ughello
3181 5557 3470 5628 Sigt‘ardus
3486 5573 3582 5632 seu
3608 5557 3880 5626 Singifre-

2284 5632 2406 5699 dus,
2437 5634 2753 5695 Germanus,
2798 5629 3018 5705 praefuit
3043 5631 3108 5687 ab
3129 5647 3269 5705 anno
3303 5636 3441 5705 1068
3466 5629 3533 5705 ad
3568 5636 3665 5705 107
3675 5636 3724 5683 7.

2346 5697 2497 5771 (124)
2558 5707 2762 5772 Wecel,
2800 5697 2871 5760 'iu
2916 5704 3095 5776 priore
3118 5703 3238 5759 Vita
3288 5703 3662 5759 Wermharius
3712 5697 3869 5769 capit

2284 5782 2523 5917 ubi?)
2548 5781 2901 5937 addocet-tus,
2915 5846 2984 5905 de
3008 5861 3116 5919 quo
3145 5846 3351 5907 ibidem
3377 5855 3589 5905 actum.
