4122 6180
246 263 347 317 109

1240 266 1765 327 PROLEGOMENA.
1806 298 1878 313 -
1912 269 2105 353 ACTA.
2128 269 2182 329 s.
2225 268 2569 327 GREGORII.

3447 279 3550 333 ΗΟ

244 386 908 460 dignitateeonﬁrmavit.
935 390 1098 448 Unde
1124 394 1356 452 aemulus
1382 395 1518 468 ejus,
1558 412 1853 471 congrega—
1878 402 1933 467 Α
1960 398 2144 470 sicque
2174 398 2507 456 Guibertum
2550 401 2948 468 Ravennatem,
2979 397 3284 472 perjurum,
3327 382 3549 472 deposi-

241 490 293 537 ta
334 482 693 539 multitudine
745 484 1219 543 schismaticorum
1264 490 1375 546 sive
1405 494 1843 549 excommunica-

240 584 451 645 torum,
506 578 654 649 apud
708 578 979 635 Brixinam
1032 581 1333 654 legitimum
1383 586 1587 657 Papam
1636 586 1843 659 abjura-

239 670 350 739 vit;
386 680 444 726 et
485 671 817 729 Guibertum
867 677 1242 732 Ravennatem
1294 680 1571 749 quondam
1622 681 1840 753 Episco-

236 780 392 837 pum,
423 764 522 821 sed
561 767 683 837 jam
726 767 956 825 triennio
998 784 1027 825 a
1078 773 1222 842 Papa
1261 772 1525 844 Gregorio
1574 774 1841 848 irrecupe-

236 858 483 915 rabiliter
513 858 827 931 depositum
878 871 931 919 et
987 864 1522 935 anathematizatum,
1578 868 1678 923 sibi
1726 885 1840 925 non

238 953 297 1008 in
329 954 666 1025 Papam,sed
700 956 755 1010 in
786 956 1195 1013 hmresiarcham
1240 959 1418 1031 elegit.
1456 961 1667 1018 Deinde
1694 963 1839 1034 apud

234 1048 585 1119 Moguntiam
634 1050 919 1106 Conventu
961 1049 1128 1121 facto,
1185 1053 1437 1110 eamdem
1487 1056 1662 1127 ipsam
1704 1058 1840 1114 elec-

233 1143 442 1198 tionem
502 1159 532 1197 a
594 1142 1028 1216 quibuscumque
1088 1148 1268 1218 potuit
1326 1148 1635 1205 conﬁrmari
1688 1150 1833 1207 fecit.

226 1238 349 1291 Jam
378 1244 573 1292 autem
598 1238 869 1294 mediante
888 1239 1126 1307 Octobri,
1152 1241 1423 1298 Henricus
1444 1244 1837 1317 expeditionem

227 1331 279 1386 in
322 1331 631 1387 Saxoniam
671 1332 870 1389 iterum
914 1350 1133 1406 parans,
1176 1352 1207 1392 a
1254 1337 1518 1395 militibus
1560 1339 1835 1412 Rudolphi
1882 1324 1883 1327 η

227 1425 417 1482 itinere
450 1426 619 1482 unius
661 1427 765 1484 diei
814 1426 1053 1500 fugatur,
1085 1430 1336 1502 quamvis
1381 1432 1433 1486 in
1472 1432 1661 1489 eadem
1707 1452 1835 1490 con-

227 1520 513 1591 gressione
554 1520 890 1593 Rudolphus
936 1526 1055 1578 Rex
1082 1524 1184 1597 piae
1203 1526 1482 1583 memoriae
1499 1527 1832 1584 occubuerit.

226 1616 322 1669 His
349 1615 707 1687 temporibus
746 1616 1016 1673 Henricus
1061 1626 1175 1675 tam
1204 1619 1415 1675 Italiam
1446 1620 1582 1677 adeo
1611 1632 1836 1679 contur-

226 1709 388 1778 bavit,
409 1717 475 1765 ut
500 1709 689 1765 nullus
717 1726 903 1766 secure
930 1711 997 1768 ad
1012 1712 1225 1769 Limina
1242 1715 1633 1786 Apostolorum
1657 1725 1839 1789 posset

227 1804 317 1869 ire,
362 1802 461 1874 qui
507 1820 625 1859 non
654 1806 800 1876 prius
820 1805 1097 1879 abjuraret
1120 1807 1267 1879 quod
1303 1808 1371 1865 ad
1395 1813 1597 1882 Papam
1626 1812 1833 1885 Grego-

226 1897 365 1953 rium
393 1897 719 1956 diversurus
746 1916 858 1956 non
884 1910 1044 1958 esset.

292 1998 377 2048 13.
416 1999 589 2049 Anno
620 2000 777 2049 1081.
813 1996 1102 2064 Henricus,
1127 2005 1251 2069 post
1278 1996 1489 2054 obitum
1518 1999 1683 2072 Regis
1715 2002 1831 2056 Ru-

226 2085 431 2158 dolphi,
468 2089 747 2143 Veronam
774 2090 830 2144 in
873 2090 1080 2147 Pascha
1110 2092 1255 2148 venit
1284 2109 1296 2145 :
1331 2100 1387 2148 et
1418 2092 1543 2149 inde
1586 2093 1654 2150 ad
1683 2093 1831 2152 inva-

224 2180 461 2237 dendam
528 2185 795 2252 Romam,
865 2201 993 2240 cum
1043 2202 1143 2242 suo
1200 2202 1313 2242 non
1359 2188 1675 2259 Apostolico
1737 2189 1832 2245 sed

224 2285 471 2348 apostata
516 2277 801 2346 Guiberto,
826 2287 1016 2351 utpote
1040 2280 1263 2336 Domini
1292 2282 1592 2353 Apostolici
1623 2300 1733 2339 non
1754 2300 1833 2339 se-

223 2371 323 2426 mel
355 2371 591 2444 perjuro
641 2381 695 2428 et
725 2373 1207 2443 anathematizato,
1242 2374 1535 2447 profectus,
1572 2377 1669 2433 sed
1702 2394 1831 2434 mox

225 2481 513 2537 regressus
538 2474 645 2523 est.
675 2466 885 2524 Eodem
904 2477 1154 2540 tempore
1179 2470 1457 2541 Principes
1480 2472 1657 2545 Regni
1695 2474 1830 2529 Teu-

226 2561 566 2629 tonieorum,
600 2560 806 2617 scilicet
845 2562 1280 2635 Archiepiscopi,
1311 2565 1586 2637 Episcopi,
1619 2569 1825 2636 Duces,

224 2654 579 2710 Marchiones
603 2663 658 2711 et
712 2656 973 2723 Comites,
1021 2658 1302 2714 Conventu
1336 2655 1514 2727 facto,
1563 2662 1832 2715 Herman-

224 2764 348 2806 num
377 2750 637 2805 nobilem
670 2750 845 2807 virum
872 2751 970 2807 sibi
996 2751 1049 2806 in
1079 2755 1290 2825 Regem
1319 2753 1614 2826 elegerunt.

294 2850 377 2899 14.
409 2848 583 2899 Anno
635 2850 793 2900 1082.
846 2845 1119 2902 Henricus
1176 2846 1229 2902 in
1259 2847 1501 2915 Italiam,
1549 2855 1829 2919 assumpto

220 2946 465 3010 apostata
528 2953 637 2994 suo
686 2938 974 3009 Guiberto,
1027 2940 1225 2996 iterum
1274 2945 1512 2997 Romam
1549 2941 1830 2998 invasurus

224 3033 623 3104 proﬁciscitur,
656 3032 915 3089 advocata
937 3034 1283 3091 multitudine
1304 3035 1774 3091 schismaticorum
1810 3055 1823 3091 :

1954 501 2074 547 tum
2116 500 2171 548 et
2211 493 2757 561 anathematizatum,
2790 492 2935 566 apud
2972 495 3025 549 S.
3057 495 3285 550 Petrum
3332 494 3547 553 inthro-

1954 585 2175 654 nizavit;
2230 602 2341 643 non
2404 603 2500 658 per
2550 586 2879 656 Ostiensem,
2934 598 2986 643 et
3039 588 3429 658 Albanensem,
3480 593 3551 647 ‘et

1952 681 2308 736 Portuensem
2356 681 2522 747 (125*)
2567 680 2885 753 Episcopos,
2917 681 3011 754 qui
3044 680 3151 737 hoc
3195 683 3542 756 privilegium

1948 773 2150 830 habent
2179 782 2239 829 ut
2262 781 2317 830 et
2342 776 2545 846 Papam
2566 784 2903 844 consecrent,
2925 774 3021 831 sed
3054 791 3149 848 per
3176 777 3548 834 Mutinensem

1951 876 2005 924 et
2031 868 2442 924 Ariminensem
2488 867 2783 940 Episcopos
2826 872 2997 938 (126),
3028 878 3217 941 utpote
3245 870 3367 944 jam
3396 872 3546 928 mul-

1950 961 2019 1017 tis
2049 962 2203 1018 annis
2231 962 2512 1035 depositos
2542 971 2597 1018 et
2638 962 3141 1020 anathematizatos.
3186 964 3383 1021 Statim
3413 981 3541 1038 ergo

1940 1055 2099 1129 juxta
2119 1059 2173 1113 S.
2206 1059 2431 1113 Petrum
2450 1055 2745 1129 quemdam
2776 1058 3160 1127 monticulum,
3191 1059 3417 1115 nomine
3444 1062 3543 1117 Pa-

1948 1148 2218 1219 latiolum,
2250 1151 2305 1205 in
2348 1152 2628 1207 castellum
2676 1150 2926 1224 (erexit);
2963 1151 3122 1223 eique
3163 1151 3365 1208 milites
3400 1154 3541 1209 mul-

1948 1252 2053 1311 tos,
2086 1252 2146 1298 ut
2176 1244 2559 1317 impugnarent
2600 1248 2911 1313 Romanos,
2954 1245 3238 1316 imposuit,
3281 1245 3375 1317 qui
3414 1262 3540 1302 eum

1944 1338 2377 1395 Transtiberinas
2427 1339 2577 1396 urbis
2625 1340 2872 1412 regiones
2930 1338 3079 1395 nullo
3126 1348 3286 1411 pacto
3339 1339 3542 1397 intrare

1947 1432 2353 1504 permittebant.
2398 1434 2559 1489 Multi
2604 1443 2789 1489 tamen
2838 1450 2905 1489 ex
2947 1435 3213 1490 Romanis
3255 1449 3541 1491 consense-

1945 1535 2089 1593 rant,
2127 1528 2325 1598 partim
2364 1528 2537 1599 pretio
2578 1527 2805 1598 inducti,
2844 1527 3042 1600 partim
3071 1528 3257 1584 multis
3312 1529 3543 1600 promis-

1944 1619 2191 1676 sionibus
2261 1621 2490 1690 seducti,
2559 1638 2755 1678 omnes
2827 1630 3013 1678 autem
3082 1621 3363 1693 aequaliter
3422 1622 3541 1695 jam

1945 1714 2157 1770 triennii
2203 1706 2876 1789 impugnatione'nimium
2916 1714 3138 1788 fatigati.
3167 1716 3311 1788 Quid
3343 1717 3537 1789 plura?

1943 1810 2149 1865 Omnes
2190 1824 2327 1879 pene
2378 1810 2643 1879 Romani,
2687 1818 2882 1883 praeter
2907 1810 3221 1881 Principem
3253 1810 3541 1865 Salernita-

1940 1919 2096 1971 num,
2127 1902 2231 1959 hoc
2260 1902 2634 1974 laudaverunt,
2669 1914 2729 1960 ut
2752 1909 2899 1977 Papa
2928 1904 3224 1976 Gregorius
3249 1904 3536 1976 Synodum

1939 1997 1994 2052 iu
2021 1997 2197 2054 medio
2228 1999 2527 2055 Novembri
2575 1998 2854 2071 colligeret
2880 2001 3098 2068 Romae,
3128 1999 3283 2071 cujus
3331 1998 3542 2072 Synodi

1941 2101 2143 2148 statuta
2164 2092 2233 2149 de
2262 2109 2425 2150 causa
2454 2093 2650 2166 Regni,
2694 2109 2796 2149 nec
2841 2092 3079 2150 Henrico
3108 2109 3210 2149 nec
3247 2093 3535 2159 Romanis,

1945 2187 2058 2243 imo
2110 2187 2245 2244 nulli
2311 2188 2529 2261 penitus
2592 2188 2779 2243 liceret
2844 2188 3209 2261 praevaricari.
3268 2188 3537 2245 Henricus

1939 2298 2157 2355 quoque
2183 2282 2339 2338 ituris
2379 2282 2447 2338 ad
2485 2281 2632 2337 illam
2665 2281 2947 2354 Synodum
2978 2289 3034 2338 et
3058 2280 3313 2338 redituris
3336 2281 3536 2338 securi-

1940 2385 2110 2432 tatem
2142 2375 2500 2449 jurejurando
2533 2374 2699 2432 fecit:
2748 2375 2892 2433 unde
2928 2384 2980 2432 et
3008 2377 3153 2448 Papa
3196 2392 3386 2432 omnes
3417 2376 3537 2432 reli-

1938 2471 2123 2543 giosos
2163 2470 2467 2543 Episcopos
2524 2478 2578 2526 et
2620 2469 2856 2526 Abbates
2906 2469 2975 2526 ad
3018 2469 3298 2543 Synodum
3345 2470 3539 2527 litteris

1938 2565 2048 2620 suis
2076 2564 2302 2621 vocavit.
2334 2568 2579 2621 Reverso
2618 2581 2747 2638 ergo
2788 2564 3028 2620 Henrico
3067 2564 3534 2636 Longobardiam,

1937 2658 2141 2715 milites
2178 2660 2316 2731 ejus,
2367 2674 2505 2731 quos
2537 2657 2593 2713 in
2639 2657 2857 2714 castello
2889 2674 3056 2731 prepe
3087 2659 3141 2714 S.
3178 2660 3403 2714 Petrum
3452 2658 3534 2715 di-

1938 2752 2107 2819 misit,
2138 2751 2417 2825 repentina
2446 2768 2595 2807 mors
2623 2750 2733 2807 fere
2765 2767 2958 2808 omnes
2982 2751 3197 2807 invasit.
3226 2753 3374 2807 Inter
3394 2767 3533 2824 quos

1938 2854 1995 2901 et
2021 2844 2317 2901 Udalrieus
2342 2844 2707 2901 Goscezehim
2742 2844 2945 2915 absque
2974 2844 3347 2901 Eeclesiastica
3375 2861 3534 2901 com—

1938 2939 2219 3008 munione,
2250 2938 2357 2995 heu
2404 2938 2602 2994 miser!
2656 2937 2880 3006 interiit,
2921 2947 3114 2993 auctor
3151 2937 3313 3009 hujus
3357 2938 3535 2994 schis-

1941 3034 2104 3090 matis
2132 3043 2186 3089 et
2220 3034 2478 3088 incensor
2520 3031 2961 3105 conspirationis.
3004 3034 3081 3086 Ex
3123 3030 3535 3104 quadringentis

221 3126 401 3199 ibique
429 3143 496 3183 ea
529 3135 724 3183 aestate
757 3134 1023 3197 moratus,
1052 3144 1189 3200 pene
1221 3130 1498 3186 incassum
1536 3129 1823 3200 laboravit,
1862 3137 1905 3201 C
1934 3138 2121 3185 autem
2149 3127 2426 3197 militibus,
2462 3127 2551 3199 qui
2585 3128 2636 3182 in
2668 3126 2758 3182 illo
2795 3126 3013 3182 castello
3043 3141 3141 3197 pro
3170 3126 3417 3182 custodia
3445 3124 3531 3181 di-

222 3221 338 3293 quia
370 3237 513 3278 eum
542 3237 645 3278 nec
672 3221 773 3277 hac
796 3222 910 3277 vice
945 3224 1182 3279 Romani
1214 3224 1415 3280 intrare
1440 3225 1825 3295 permiserunt.

219 3316 408 3388 Ignem
443 3332 672 3389 quoque
694 3318 751 3371 in
776 3315 1008 3372 domum
1023 3318 1248 3373 S.Petri
1280 3334 1377 3391 per
1404 3318 1698 3391 quemdam
1722 3329 1829 3376 tra-

222 3409 456 3466 ditorem
484 3410 785 3466 immittere
816 3410 1004 3480 voluit,
1039 3410 1133 3468 sed
1174 3411 1274 3468 Dei
1312 3413 1679 3470 misericordia
1707 3430 1830 3486 pro-

222 3512 435 3577 tegente
465 3519 585 3559 non
624 3505 802 3576 potuit
829 3525 842 3559 :
868 3506 1125 3578 cogitavit
1152 3506 1297 3562 enim
1344 3516 1409 3564 ut
1434 3507 1501 3563 de
1534 3507 1829 3580 improviso

221 3606 406 3670 portas
432 3599 792 3670 irrumperet,
823 3599 868 3654 si
900 3588 1163 3666 Romani,
1203 3599 1479 3657 derelictis
1523 3618 1832 3675 propugna-

220 3694 377 3759 culis,
409 3692 481 3748 ad
536 3692 850 3749 incendium
898 3693 1347 3767 restinguendum
1392 3704 1827 3752 concurrerent:

216 3786 316 3843 sed
336 3786 619 3843 Dominus
634 3788 989 3858 Apostolicus
1000 3787 1127 3844 huic
1147 3790 1397 3847 versutia:
1410 3789 1661 3846 obviavit.
1685 3793 1828 3845 Nam

217 3881 475 3953 primum
504 3880 615 3937 viso
644 3881 891 3938 incendio
936 3898 1129 3938 omnes
1185 3883 1391 3942 milites
1435 3888 1717 3940 Romanos
1761 3884 1828 3941 ad

218 3974 596 4047 gubernacula
646 3974 991 4032 defendenda
1034 3976 1351 4047 transmisit,
1408 3979 1630 4051 ipseque
1658 3978 1825 4045 solus,

222 4067 431 4124 ﬁducia
482 4069 540 4125 S.
595 4070 738 4125 Petri
792 4070 985 4141 fretus,
1027 4069 1178 4128 facto
1214 4072 1369 4143 signo
1415 4072 1603 4127 Crucis
1639 4080 1827 4129 contra

226 4161 568 4232 incendium,
626 4163 812 4236 ignem
847 4165 1069 4222 ulterius
1118 4166 1371 4238 progredi
1402 4182 1514 4222 non
1564 4165 1826 4239 permisit.

222 4257 403 4329 Igitur
432 4258 723 4328 Henricus,
755 4267 917 4332 capto
954 4260 1244 4316 venerabili
1274 4261 1540 4333 Episcopo
1567 4261 1716 4333 (125)
1760 4260 1828 4317 de

224 4350 407 4407 Sutria
444 4352 676 4426 aliisque
719 4354 1019 4422 nonnullis,
1052 4370 1259 4427 suoque
1290 4363 1536 4428 apostata
1562 4355 1827 4411 Guiberto

216 4445 279 4501 in
313 4445 601 4503 Tiburtina
632 4447 765 4504 urbe
784 4448 857 4505 ad
881 4448 1221 4506 infestandos
1246 4452 1527 4507 Romanos
1548 4449 1826 4519 derelicto,

215 4539 337 4613 ipse
353 4541 811 4615 Longobardiam
836 4543 1145 4600 revertitur.
1690 4550 1693 4553 λ

849 4640 1089 4695 CAPUT
1125 4639 1196 4693 Il.

214 4732 316 4788 Res
347 4734 522 4802 gestae
566 4733 772 4787 ultimis
808 4732 1013 4788 duobus
1059 4734 1232 4788 annis.
1269 4732 1473 4795 Obitus,
1519 4733 1817 4803 sepultura.

296 4831 384 4881 I5.
422 4830 597 4881 Anno
644 4832 800 4883 1083.
852 4830 1057 4883 Iterum
1090 4826 1378 4894 Henricus,
1417 4842 1545 4882 cum
1575 4826 1825 4886 multitu-

221 4918 347 4976 dine
368 4918 857 4977 schismaticorum
886 4922 1001 4978 sive
1033 4920 1654 4991 excommunicatorum,
1704 4929 1828 4976 ante

223 5016 594 5072 Pentecosten
662 5017 922 5086 Romam,
988 5016 1409 5089 impugnaturus
1474 5015 1824 5087 aggreditur;

296 5151 446 5209 (125)
490 5149 807 5221 Bong'zonem
847 5147 1010 5221 alibi”
1033 5148 1266 5221 appellat
1311 5147 1424 5219 ipse
1476 5144 1825 5221 Bertholdus,

225 5216 307 5272 ait
355 5225 542 5290 autem
585 5218 652 5274 de
697 5235 766 5275 eo
814 5216 1286 5290 Ughellus'tomo
1330 5216 1389 5273 II
1434 5218 1604 5273 Italia:
1640 5231 1827 5283 sacrae,

224 5288 385 5361 quod
413 5291 587 5361 ﬂoruit
611 5307 753 5347 anno
790 5288 947 5354 107'8,
981 5300 1035 5346 et
1049 5297 1170 5361 post
1194 5294 1351 5345 varia
1375 5291 1618 5359 duraque
1642 5289 1829 5353 exilia,

228 5375 265 5411 α
316 5360 599 5415 Catholicis
644 5364 961 5418 Insubribus
998 5365 1319 5417 Placentiam
1349 5364 1584 5416 civitatis
1629 5362 1834 5415 Prcesul

232 5430 475 5503 adlectus
499 5439 605 5499 est;
630 5435 947 5503 demumque
983 5434 1050 5487 ab
1081 5436 1337 5488 haereticis
1368 5437 1578 5503 captus,
1610 5438 1833 5501 utroque

228 5502 458 5559 orbatus
486 5506 655 5568 oculo,
688 5522 749 5561 ac
783 5502 967 5561 ceteris
996 5506 1242 5560 membris
1276 5522 1374 5576 per
1408 5502 1686 5574 exquisita
1725 5512 1835 5559 tor-

232 5580 414 5629 menta
450 5581 753 5646 truncatus,
780 5579 1013 5634 nobilem
1042 5580 1298 5647 martyrii
1322 5579 1569 5647 palmam
1604 5576 1833 5646 adeptus

231 5650 307 5701 est
334 5664 483 5702 anno
514 5653 668 5704 1089.

301 5724 481 5787 (125*)
524 5720 598 5775 Hi
636 5727 793 5777 erant
835 5721 956 5777 Otto
1003 5720 1126 5777 dein
1163 5720 1423 5778 Urbanus
1450 5722 1503 5777 II
1548 5723 1715 5793 Papa,
1757 5723 1817 5776 B.

228 5793 425 5848 Petrus
471 5794 662 5861 Igneus
708 5799 765 5849 et
823 5795 1046 5850 Joannes
1097 5808 1242 5849 anno
1288 5798 1423 5847 1066
1472 5793 1642 5848 factus
1692 5796 1823 5848 Por—

230 5868 431 5923 tuensis
458 5864 790 5941 Episcopus,
811 5879 1031 5938 semper
1056 5864 1406 5924 ﬁdelissimus
1432 5864 1661 5923 summis
1683 5866 1826 5921 Pon-

1941 3222 2092 3278 missi
2122 3229 2271 3292 sunt,
2302 3222 2389 3277 vix
2410 3220 2629 3293 triginta
2658 3220 2900 3293 gladium
2938 3222 2993 3276 S.
3037 3220 3209 3287 Petri,
3254 3228 3314 3276 ut
3357 3220 3530 3289 aiunt,

1940 3332 2200 3372 concessa
2233 3316 2341 3371 vita
2382 3322 2667 3370 evaserunt
2700 3332 2712 3369 :
2755 3314 2932 3385 ipsum
2961 3322 3147 3369 autem
3179 3313 3465 3369 castellum
3503 3330 3534 3370 a

1938 3410 2207 3467 Romanis
2233 3408 2445 3481 penitus
2472 3408 2589 3463 solo
2614 3406 2963 3479 adazquatum
2984 3415 3085 3462 est.
3109 3407 3377 3463 Henricus
3405 3422 3533 3481 ergo

1940 3508 2276 3571 (Ravennate
2320 3517 2418 3558 suo
2459 3501 2678 3557 interim
2720 3502 3039 3556 Ravennam
3085 3500 3427 3566 transmisso)
3462 3500 3533 3556 ad

1938 3597 2257 3670 praedictam
2300 3594 2583 3668 Synodum
2632 3592 2907 3667 prolectus
2958 3601 3060 3663 est,
3110 3609 3221 3666 quo
3247 3598 3319 3650 ~et
3343 3593 3533 3665 Legati

1938 3690 2367 3749 Teutonicorum
2385 3689 2707 3763 Principum
2729 3688 2804 3744 ire
2823 3687 3152 3757 debuerant;
3172 3686 3269 3744 sed
3289 3687 3359 3743 ab
3377 3689 3529 3744 Hen-

1937 3787 2048 3842 rico
2079 3786 2133 3841 in
2162 3786 2244 3841 via
2278 3783 2423 3856 apud
2452 3784 2660 3839 Forum
2690 3782 2862 3838 Cassii
2888 3785 3038 3852 (127)
3069 3782 3211 3854 capti
3238 3789 3368 3838 sunt
3388 3781 3531 3837 circa

1940 3878 2138 3935 festum
2169 3880 2226 3934 S.
2283 3877 2529 3947 Martini,
2586 3877 2713 3932 licet
2750 3875 3007 3932 omnibus
3059 3870 3345 3948 SynOdum
3383 3875 3531 3931 illam

1937 3973 2244 4046 petentibus
2268 3972 2621 4028 securitatem
2643 3970 2957 4042 juramento
2996 3968 3309 4043 promiserit
3341 3990 3353 4026 :
3385 3968 3532 4026 unde

1938 4076 1993 4124 et
2022 4066 2262 4122 Romani
2294 4067 2463 4122 multa
2490 4073 2680 4121 contra
2708 4064 3012 4121 Henrieum
3039 4078 3383 4120 murmurare
3418 4078 3530 4120 co:-

1937 4170 2151 4235 perunt.
2183 4163 2353 4217 Erant
2379 4167 2561 4215 autem
2596 4158 2988 4233 religiosissimi
3030 4156 3289 4214 Monachi
3310 4164 3378 4225 _et
3407 4157 3529 4213 Cle-

1937 4256 2055 4327 rici,
2082 4271 2222 4329 quos
2249 4254 2305 4310 in
2331 4253 2635 4326 captivitate
2678 4252 2808 4309 fecit
2843 4252 3068 4310 cruciari
3110 4272 3121 4308 :
3168 4268 3295 4309 cum
3334 4250 3533 4324 quibus

1938 4360 1992 4408 et
2020 4352 2288 4407 Ottonem
2322 4347 2696 4404 venerandum
2718 4346 3019 4403 Ostiensem
3048 4346 3380 4419 Episcopum
3402 4361 3531 4418 cap-

1938 4446 2191 4514 tivatum,
2240 4440 2495 4499 videlicet
2556 4442 2623 4498 ad
2678 4441 2858 4513 ipsum
2912 4441 2979 4497 ab
3025 4439 3339 4511 Apostolica
3394 4438 3534 4496 Sede

1852 4548 1904 4611 1)
1933 4540 2314 4596 transmissum
2353 4552 2365 4587 2
2394 4534 2552 4592 multi
2581 4544 2765 4591 tamen
2794 4550 2859 4590 ex
2894 4532 3237 4605 Francigenis
3279 4532 3350 4589 ad
3378 4532 3533 4588 illam

1939 4633 2225 4708 Synodum
2254 4640 2369 4688 tam
2394 4622 2646 4703 Episcopi
2677 4645 2845 4702 quam
2870 4627 3109 4683 Abbates
3146 4634 3531 4698 pervenerunt.

1937 4729 2199 4785 Meliores
2228 4734 2410 4782 autem
2451 4724 2704 4796 Episcopi
2736 4732 2791 4779 et
2816 4722 3055 4779 Domino
3081 4721 3397 4793 Apostolico
3418 4736 3531 4777 ma-

1938 4825 2019 4895 gis
2072 4820 2381 4888 necessarii,
2434 4818 2489 4875 id
2540 4826 2623 4873 est
2672 4818 2835 4888 Hugo
2886 4813 3293 4888 Lugdunensis,
3342 4814 3530 4871 Ansel-

1941 4933 2065 4974 mus
2081 4914 2369 4983 Lucensis,
2386 4911 2722 4986 Reginaldus
2742 4912 3022 4967 Cumanus
3043 4914 3206 4978 (128),
3228 4910 3537 4982 specialiter

1942 5013 2010 5069 ab
2050 5009 2288 5067 Henrico
2335 5007 2405 5064 ad
2449 5006 2730 5081 Synodum
2781 5005 3059 5078 pervenire
3098 5004 3352 5078 prohibiti
3380 5011 3531 5061 sunt.

1942 5141 2196 5209 tiﬁcibus,
2236 5148 2292 5195 et
2339 5138 2431 5211 qui
2464 5137 2810 5211 potissimum
2847 5133 3135 5211 Urbanum
3168 5136 3228 5211 lI_
3247 5134 3534 5211 promovit,

1946 5213 2023 5269 uti
2059 5206 2291 5268 testatur
2318 5206 2434 5268 Leo
2466 5206 2732 5267 Ostiensis
2757 5208 2854 5264 lib.
2884 5221 2951 5262 Iv
2979 5207 3232 5265 Chronici
3277 5206 3536 5264 Casinen-

1942 5300 2162 5426 51εᾶἓὲ
2200 5290 2506 5426 2Istierant
2563 5352 2879 5408 Herebertus
2921 5348 3265 5426 Mutinensis,
3320 5357 3540 5426 creatus

1944 5444 2087 5485 anno
2122 5423 2278 5492 1054,
2308 5425 2419 5480 fato
2448 5424 2669 5481 functus
2695 5440 2837 5479 anno
2870 5427 3030 5491 1094,
3068 5431 3124 5479 et
3151 5423 3399 5486 Obizzus,
3433 5423 3541 5478 ele-

1946 5509 2067 5557 ctus
2092 5514 2233 5553 anno
2271 5502 2424 5552 1071.
2686 5504 2691 5507 ‘

2019 5574 2169 5637 (127)
2200 5574 2399 5624 Forum
2440 5570 2629 5626 Cassii.
2660 5566 2811 5625 Urbs
2845 5566 2975 5622 olim
3013 5565 3369 5638 Episcopalis,
3393 5580 3539 5622 nunc

1947 5636 2093 5699 vicus
2136 5642 2189 5696 in
2242 5640 2575 5696 Patrimonio
2612 5641 2667 5697 S.
2698 5639 2867 5707 Petri,
2898 5645 2928 5693 7
2968 5636 3285 5696 milliaribus
3313 5638 3538 5695 Viterbo

1934 5715 1995 5771 in
2024 5722 2289 5771 Austrum
2309 5712 2493 5768 distat.

2004 5793 2146 5854 (I28)
2176 5789 2258 5840 De
2281 5784 2365 5841 his
2393 5793 2575 5841 autem
2600 5783 2656 5839 in
2679 5782 3014 5855 prioriVita_
3040 5796 3193 5837 num.
3241 5783 3367 5846 101,
3413 5782 3538 5848 108,

1936 5851 2060 5929 122,
2082 5851 2174 5915 ubi
2198 5866 2389 5919 nostra
2418 5851 2699 5913 Annotata
2723 5851 3072 5926 inspicienda.
