4138 6190
600 314 695 376 111

1826 309 1883 364 8.
1924 304 2306 364 onscoams
2343 307 2433 363 vn
2470 302 2671 379 ΡΑΡΑ.

3794 304 3903 357 112

600 444 879 503 Dominus
902 420 1085 499 tamen
1108 442 1251 511 Papa
1282 435 1566 510 Synodum
1596 435 1770 493 tribus
1799 435 1987 493 diebus
2017 435 2197 491 solen-
2224 440 2276 501 Α
2306 433 2446 490 bello
2471 437 2817 505 appeteret...
2844 426 2949 485 Sed
2976 428 3253 485 Henricus
3276 433 3559 499 acceptam
3581 426 3902 499 pecuniam,

600 540 743 597 tiner
774 538 1100 605 celebravit;
1127 544 1200 603 et,
1231 550 1299 589 ne
1342 532 1639 588 Henricum
1668 531 1865 587 iterum
1895 530 2197 602 Specialiter

603 632 1109 697 anathematizaret,
1148 628 1238 685 vix
1267 645 1296 684 a
1318 626 1537 701 Synodo
1577 632 1660 682 est
1679 633 1931 683 exoratus
1959 643 1971 679 :
2005 640 2198 681 omnes

602 738 787 785 tamen
831 724 1345 791 excommunicavit,
1395 722 1730 795 quicumque
1781 719 2018 792 aliquem
2048 718 2119 774 ad
2141 721 2196 776 S.

599 822 820 878 Petrum
842 829 900 876 et
914 823 1118 891 Papam
1130 817 1432 873 venientem
1450 814 1771 888 impedirent
1787 815 2195 886 quoquomodo.

674 916 759 969 16.
793 911 898 968 Sed
921 910 1037 984 jam
1081 908 1296 966 advenit
1341 908 1604 963 terminus
1642 904 1711 962 ad
1741 922 1902 978 quem
1940 905 2198 974 Romani,

600 1008 871 1064 nesciente
912 1008 1077 1077 Papa,
1110 1004 1217 1059 hoc
1262 1001 1498 1058 Henrico
1553 1018 1610 1058 se
1663 1000 1958 1057 effecturos
1987 1000 2202 1072 jurave-

600 1111 746 1168 rant,
773 1110 834 1157 ut
862 1115 990 1156 eum
1019 1097 1316 1169 Gregorius
1346 1098 1487 1168 Papa
1536 1095 1899 1163 incoronaret,
1947 1104 2040 1150 aut
2066 1094 2201 1150 alius

603 1212 767 1269 quem
800 1194 899 1265 ipsi
936 1192 1026 1249 illo
1057 1192 1283 1264 expulso
1310 1191 1591 1263 eligerent.
1620 1189 1777 1259 Quod
1797 1190 2198 1262 juramentum,

604 1288 729 1345 licet
758 1290 813 1343 in
844 1285 1117 1359 praeterita
1144 1294 1331 1342 testate
1358 1284 1557 1340 factum
1587 1283 1771 1353 fuerit,
1799 1299 1991 1339 omnes
2018 1291 2201 1338 tamen

606 1383 835 1438 intimos
866 1396 1019 1453 papa
1049 1397 1221 1452 usque
1244 1379 1313 1436 ad
1342 1379 1634 1435 terminum
1662 1394 1797 1450 pene
1818 1377 1989 1434 latuit.
2023 1377 2201 1433 Adve-

607 1477 788 1532 niente
834 1492 963 1547 ergo
1002 1476 1263 1543 termino,
1316 1474 1553 1529 Romani
1608 1475 1764 1545 Papa:
1790 1470 1859 1527 de
1889 1472 2203 1545 juramento

608 1568 1107 1637 manifestaverunt,
1161 1567 1402 1623 dicentes
1449 1583 1507 1622 se
1550 1567 1653 1622 hoc
1699 1566 1928 1639 jurasse,
1985 1581 2094 1621 non
2146 1573 2205 1621 ut

606 1662 751 1735 Papa
782 1662 1081 1719 solenniter
1104 1662 1267 1735 regali
1294 1662 1547 1717 unctione
1569 1661 1934 1728 incoronaret,
1965 1659 2061 1715 sed
2086 1668 2204 1715 tan-

606 1763 727 1813 tum
759 1757 1077 1828 simpliciter
1123 1764 1184 1812 ut
1226 1756 1273 1811 ei
1306 1758 1577 1811 Coronam
1614 1755 1788 1811 daret.
1828 1755 2036 1810 Annuit
2074 1770 2203 1826 ergo

608 1852 754 1923 Papa
805 1867 996 1906 eorum
1032 1850 1193 1918 votis,
1236 1857 1295 1905 ut
1340 1864 1434 1906 eos
1473 1866 1501 1905 a
1538 1848 1851 1921 juramento
1877 1848 2200 1915 absolveret,

608 1944 857 2002 videlicet
883 1945 1141 2010 Henrico,
1175 1944 1220 1998 si
1261 1943 1419 1998 vellet
1452 1959 1581 1999 cum
1627 1943 1859 2015 justitia,
1898 1944 1979 1998 sin
2020 1950 2203 1998 autem

610 2056 736 2095 cum
780 2038 1183 2104 maledictione,
1228 2040 1504 2093 Coronam
1548 2038 1719 2093 daret.
1762 2036 1925 2093 Unde
1966 2039 2203 2092 Romam

612 2132 1011 2189 mandaverunt
1047 2141 1108 2187 ut
1154 2130 1357 2188 veniret
1398 2131 1465 2187 ad
1509 2130 1878 2202 accipiendam
1931 2134 2205 2187 Coronam

608 2244 737 2284 cum
763 2228 973 2299 justitia
999 2226 1045 2282 si
1081 2226 1269 2293 vellet;
1298 2227 1377 2281 sin
1409 2234 1614 2292 autem,
1646 2225 1713 2280 de
1742 2224 1963 2280 castello
1992 2228 2045 2282 S.
2092 2229 2204 2281 An-

610 2322 712 2395 geli
745 2338 840 2393 per
864 2323 1070 2393 virgam
1096 2320 1199 2376 sibi
1237 2319 1532 2375 demissam
1561 2336 1587 2373 a
1618 2323 1759 2389 Papa
1789 2318 2069 2391 reciperet.
2101 2319 2206 2375 Sed

610 2415 850 2471 Henrico
891 2424 1187 2487 utrumque
1242 2423 1548 2481 recusante,
1600 2413 1765 2468 alium
1814 2415 2082 2484 Legatum
2134 2414 2205 2469 illi

610 2506 876 2578 direxere,
907 2509 1055 2580 quod
1075 2508 1394 2581 juraverint,
1426 2525 1529 2563 nec
1552 2524 1608 2563 se
1629 2508 2032 2580 eojuramento
2063 2507 2205 2563 deti-

612 2601 725 2659 neri
756 2603 1019 2660 obnoxios
1052 2624 1067 2657 :
1100 2603 1264 2675 igitur
1293 2604 1547 2658 Domino
1569 2606 1729 2673 Papae
1758 2601 1933 2657 multo
1965 2601 2203 2670 ﬁrmius,

610 2713 776 2770 quam
816 2697 1045 2769 pridem,
1096 2696 1320 2753 consilio
1375 2706 1430 2752 et
1472 2695 1665 2751 auxilio
1712 2696 2007 2752 adhaesere.
2063 2699 2207 2751 Hen-

608 2792 756 2847 ricus
782 2798 970 2848 autem
999 2792 1173 2847 multo
1212 2790 1517 2858 instantius,
1553 2805 1648 2861 pro
1686 2789 1765 2845 eis
1801 2806 1917 2846 suae
1947 2790 2087 2861 parti
2117 2805 2206 2861 ap-

608 2884 893 2957 plicandis,
930 2902 1079 2941 nunc
1103 2884 1386 2951 minando,
1416 2900 1560 2940 nunc
1584 2883 1958 2956 promittendo
1987 2884 2200 2940 labora-

608 2979 716 3048 vit;
788 2980 1136 3051 multumque
1200 2989 1416 3050 tempus
1447 2979 1588 3033 circa
1640 2981 1878 3033 Romam
1935 2987 2199 3047 moratus,

612 3072 737 3129 huic
780 3073 998 3145 negotio
1046 3071 1355 3144 invigilavit.
1402 3072 1507 3127 Sed
1537 3071 1655 3142 jam
1698 3072 1983 3143 septennio
2023 3080 2202 3126 totum

2304 544 2421 585 non
2451 528 2504 582 in
2534 526 2879 599 procinctum
2909 532 3097 579 contra
3130 520 3536 589 Ruodbertum,
3568 522 3714 594 quod
3740 520 3906 594 jura-

2307 633 2499 679 mento
2556 620 2824 695 promisit,
2861 616 2956 675 sed
3013 618 3081 674 ad
3112 615 3515 673 conciliandum
3563 617 3666 672 sibi
3706 617 3905 689 vulgus

2307 722 2627 774 Romanum
2664 713 2917 787 expendit
2965 730 2978 768 :
3030 710 3188 784 cujus
3216 712 3490 784 adjutorio
3523 713 3905 768 Lateranense

2308 813 2566 885 palatium
2599 810 2725 867 feria
2768 810 2956 881 quinta
3015 816 3144 863 ante
3174 806 3408 875 Palmas,
3457 820 3583 862 cum
3636 822 3735 862 suo
3781 808 3903 863 Ra-

2310 915 2542 962 vennate
2573 905 2860 972 Guiberto,
2890 902 3133 959 intravit.
3172 900 3396 958 Nobiles
3436 908 3620 957 autem
3642 899 3901 967 Romani,

2308 1009 2504 1074 praeter
2518 999 2814 1083 admodum
2844 1012 3064 1069 paucos,
3086 1012 3212 1053 cum
3236 994 3475 1051 Domino
3508 998 3651 1067 Papa
3681 996 3904 1069 Grego-

2309 1096 2389 1152 rio
2420 1100 2714 1151 tenuerunt
2757 1093 2845 1163 qui
2877 1099 2933 1147 et
2970 1089 3327 1164 quadraginta
3381 1088 3600 1146 obsides
3647 1089 3697 1145 ei
3738 1088 3907 1145 dede-

2311 1200 2459 1259 runt,
2493 1192 2634 1259 Papa
2664 1195 2850 1244 autem
2870 1186 2925 1242 in
2957 1185 3242 1241 castellum
3272 1187 3327 1241 S.
3375 1183 3563 1255 Angeli
3589 1197 3644 1239 se
3670 1182 3904 1256 recepit,

2312 1300 2615 1356 omnesque
2634 1282 2924 1340 Tiberinos
2950 1289 3141 1352 pontes
3154 1288 3208 1335 et
3222 1278 3492 1334 ﬁrmiores
3517 1280 3908 1334 Romanorum

2311 1380 2646 1435 munitiones
2672 1378 2729 1433 in
2761 1391 2857 1433 sua
2884 1374 3120 1431 obtinuit
3146 1381 3431 1446 potestate.
3475 1374 3535 1426 In
3566 1371 3652 1427 die
3694 1374 3907 1428 Resur-

2311 1472 2568 1531 rectionis
2612 1472 2918 1527 Dominica‘,
2952 1469 3248 1536 Henricus,
3289 1468 3357 1523 ab
3386 1466 3745 1522 haeresiarcha
3798 1481 3906 1522 suo

2312 1572 2653 1633 Ravennate,
2698 1568 2969 1622 Coronam
3025 1579 3139 1619 non
3189 1563 3399 1635 gloriae,
3440 1560 3531 1615 sed
3565 1559 3909 1616 confusionis

2313 1662 2585 1735 accepit...
2617 1664 2751 1716 Erat
2774 1660 2916 1715 enim
2945 1660 3060 1730 ipse
3096 1662 3385 1713 Ravennas
3418 1653 3905 1728 Archiepiscopus,

2312 1768 2366 1814 et
2410 1756 2787 1813 omnimodam
2825 1753 3193 1810 obedientiam
3243 1755 3492 1807 Romano
3524 1749 3765 1805 Pontiﬁci
3808 1748 3907 1821 ju-

2312 1852 2470 1921 ravit,
2504 1867 2668 1925 quam
2699 1858 2753 1906 et
2779 1849 2930 1905 nullo
2961 1857 3207 1919 tempore
3239 1844 3469 1900 ﬁdeliter
3499 1852 3760 1900 executus
3787 1852 3905 1910 est;

2313 1948 2407 2003 sed
2436 1962 2547 2001 non
2571 1944 2743 1999 multo
2764 1950 2908 2014 post,
2935 1940 3467 2013 Spretojuramento,
3499 1937 3754 2009 singulari
3776 1952 3907 1992 con-

2313 2039 2539 2097 tumelia
2582 2046 2771 2094 contra
2807 2035 3177 2107 Apostolicam
3218 2034 3411 2089 Sedem
3456 2032 3727 2104 erigitur:
3762 2029 3912 2086 unde

2313 2136 2380 2190 ab
2412 2133 2723 2205 Apostolica
2756 2129 2896 2187 Sede
2940 2139 2993 2185 et
3022 2130 3089 2184 ab
3124 2128 3404 2199 Episcopis
3445 2125 3614 2181 totius
3647 2125 3909 2180 Ecclesia:

2316 2230 2366 2283 in
2397 2232 2648 2283 Romana
2681 2223 2923 2299 Synodo,
2964 2232 3085 2295 post
3126 2220 3414 2277 canonicas
3460 2219 3728 2288 inducias,
3768 2219 3912 2274 irre-

2314 2322 2694 2394 cuperahiliter
2718 2319 3008 2391 deponitur
3038 2326 3093 2373 et
3112 2314 3637 2372 anathematizatur:
3680 2328 3782 2368 nec
3808 2313 3917 2368 hoc

2314 2417 2502 2483 semel,
2535 2431 2632 2471 nec
2660 2415 2715 2470 in
2741 2430 2845 2469 una
2876 2410 3120 2483 Synodo,
3147 2410 3240 2466 sed
3283 2410 3335 2464 in
3368 2408 3627 2464 omnibus
3652 2406 3916 2480 Synodis,

2315 2519 2581 2583 quotquot
2607 2510 2659 2563 in
2691 2508 2948 2564 sexennio
2978 2510 3172 2561 Romae
3205 2504 3491 2560 celebratae
3528 2510 3655 2559 sunt
3683 2544 3720 2557 ..
3754 2502 3913 2573 Qua-

2315 2614 2543 2675 propter
2563 2612 2618 2659 et
2632 2602 2908 2657 Henricus
2927 2600 2996 2656 ab
3013 2600 3211 2656 eodem
3229 2599 3583 2654 incoronatus
3602 2595 3918 2652 damnatio-

2314 2714 2441 2753 nem
2473 2698 2591 2770 ejus
2618 2697 2953 2752 hereditasse
2973 2710 3086 2749 non
3107 2693 3415 2758 dubitatur,
3440 2691 3693 2747 similiter
3717 2698 3769 2745 et
3790 2704 3915 2744 om-

2317 2808 2439 2861 nes,
2469 2793 2803 2863 quicumque
2832 2789 3057 2861 aliquid,
3082 2786 3232 2860 quod
3251 2804 3280 2841 a
3306 2787 3542 2842 Domino
3575 2787 3715 2856 Papa
3738 2784 3917 2840 susci-

2316 2888 2578 2959 piendum
2621 2894 2797 2947 esset,
2828 2900 2857 2940 a
2906 2883 3171 2955 praedicto
3211 2879 3572 2937 haeresiareha
3606 2878 3758 2951 quasi
3786 2893 3913 2934 sus-

2314 2989 2535 3053 ceptum
2559 2985 2981 3051 usurpaverunt.
3006 2975 3327 3032 Morabatur
3346 2983 3531 3031 autem
3554 2972 3826 3028 Henricus
3851 2972 3916 3027 in

2312 3074 2676 3130 Laterauensi
2701 3072 2899 3145 palatio
2925 3087 3050 3127 cum
3077 3073 3403 3126 Ravennate
3435 3084 3555 3137 suo,
3585 3084 3685 3123 nec
3713 3083 3743 3122 a
3768 3064 3916 3122 ﬁde-

609 3164 933 3222 Romanum
975 3165 1264 3235 imperium
1314 3164 1451 3219 civili
1500 3163 1665 3229 bello,
1694 3165 1866 3220 nimio
1902 3164 2207 3221 schismatis
2244 3168 2287 3231 C
2319 3169 2460 3224 libus
2513 3172 2674 3239 Papae
2724 3182 2823 3239 per
2873 3166 3147 3221 civitatem
3189 3163 3258 3220 ad
3312 3166 3367 3220 S.
3419 3166 3645 3219 Petrum
3680 3161 3918 3217 transire

610 3256 836 3314 dissidio
866 3258 1149 3329 laboravit,
1190 3258 1304 3313 aliis
1331 3256 1554 3329 quidem
1582 3258 1816 3314 Domino
1861 3259 2203 3329 Apostolico,

607 3350 725 3408 aliis
763 3361 947 3409 autem
981 3352 1221 3408 Henrico
1246 3350 1576 3421 faventibus,
1610 3361 1665 3409 et
1694 3353 1765 3409 ob
1797 3352 1903 3409 hoc
1930 3354 2205 3426 utrimque

606 3455 786 3503 totum
815 3450 1072 3519 Regnum
1093 3445 1297 3519 praeda,
1321 3446 1463 3502 ferro
1485 3458 1539 3502 et
1570 3446 1692 3520 igne
1712 3447 2089 3505 miserabiliter
2111 3450 2203 3503 de-

608 3541 967 3599 vastantibus.
1002 3541 1319 3599 Paucissimi
1359 3541 1619 3597 Catholici
1662 3543 1917 3616 Episcopi
1951 3560 2015 3599 ex
2051 3551 2205 3615 parte

608 3634 907 3707 Apostolici
956 3644 1336 3691 remanserunt
1385 3654 1398 3690 :
1449 3636 1540 3707 qui
1593 3643 1645 3691 et
1693 3636 1923 3708 propriis
1975 3636 2207 3693 Sedibus

606 3728 835 3799 expulsi,
868 3730 980 3784 suis
1008 3729 1261 3800 gregibus
1280 3728 1563 3800 providere
1592 3746 1704 3785 non
1727 3730 2202 3802 permittebantur.

607 3822 953 3893 QuaprOpter
1008 3837 1203 3877 omnes
1240 3837 1379 3893 pene
1416 3822 1668 3894 religiosi,
1706 3824 1815 3880 sive
1852 3826 2046 3881 Clerici
2096 3826 2206 3881 sive

604 3912 749 3983 laici,
794 3915 850 3970 in
890 3914 1069 3987 aliqua
1110 3918 1568 3972 monasteriorum
1618 3918 1837 3973 latibula
1888 3918 2204 3990 hujusmodi

609 4008 751 4063 mala
813 4006 1225 4065 declinaverunt
1274 4030 1286 4065 :
1339 4025 1407 4066 ne
1459 4009 1706 4068 videlicet
1777 4012 2206 4070 devastationem

605 4109 809 4158 sanctae
852 4100 1107 4159 Ecclesiae
1146 4112 1456 4172 cernerent,
1502 4104 1589 4159 cui
1640 4106 1696 4160 in
1727 4105 1875 4161 nullo
1904 4106 2205 4164 adminicu-

606 4195 703 4253 lari
734 4206 961 4268 possent
992 4217 1006 4253 :
1056 4196 1226 4253 satius
1263 4196 1407 4253 enim
1458 4198 1560 4254 illis
1588 4198 1890 4269 videbatur,
1920 4207 1978 4256 ut
2014 4202 2207 4258 saltem

604 4289 813 4361 seipsos
859 4289 1233 4347 delitesceudo
1288 4292 1558 4348 salvarent
1600 4309 1769 4365 quam
1834 4310 1932 4367 pro
1961 4295 2082 4353 aliis
2136 4296 2209 4351 in-

603 4400 824 4443 cassum
855 4384 1171 4454 laborando,
1196 4402 1322 4441 cum
1346 4385 1549 4442 eisdem
1586 4389 1843 4459 perirent.

678 4486 765 4535 17.
792 4484 954 4536 Anno
989 4485 1145 4535 1084.
1178 4480 1447 4536 Henricus
1488 4482 1541 4535 in
1585 4485 1967 4539 Romanorum
2000 4483 2202 4539 ﬁnibus

2315 3262 2734 3336 permittebatur
2754 3278 2765 3316 :
2784 3260 2879 3316 sed
2893 3259 2945 3314 in
2963 3260 3077 3331 ipsa
3097 3257 3337 3313 Paschali
3354 3254 3698 3312 hebdomada
3720 3254 3918 3309 ﬁdeles

2316 3356 2652 3429 aggreditur,
2670 3354 2725 3409 in
2749 3370 2854 3426 qua
2879 3351 3264 3425 congressione
3290 3350 3647 3423 quadraginta
3673 3364 3809 3420 pene
3835 3351 3918 3403 in-

2316 3460 2401 3507 ter
2425 3460 2673 3506 mortuos
2699 3457 2755 3505 et
2782 3448 3096 3503 vulneratos
3117 3445 3349 3519 perdidit
3381 3446 3531 3516 (nam
3550 3444 3741 3515 reliqui
3766 3440 3921 3515 fuge-

2315 3550 2482 3611 runt),
2507 3561 2568 3600 ex
2591 3552 2743 3615 parte
2764 3551 2951 3598 autem
2976 3540 3203 3597 Domini
3225 3541 3386 3612 Papa:
3407 3554 3510 3594 nec
3530 3553 3672 3594 unus
3694 3535 3918 3592 cecidit.

2390 3646 2475 3695 18.
2500 3640 2775 3694 Robertus
2809 3636 3153 3701 Wiscardus,
3199 3636 3319 3689 Dux
3370 3635 3838 3699 Normannorum,
3859 3630 3917 3685 in

2314 3734 2605 3790 servitium
2641 3735 2696 3790 S.
2731 3733 2902 3800 Petri,
2933 3740 3056 3803 post
3090 3728 3371 3785 Kalendas
3404 3727 3533 3784 Maii
3562 3730 3797 3782 Romam
3826 3742 3914 3781 ar-

2314 3836 2459 3885 mata
2497 3842 2667 3883 manu
2718 3826 2933 3889 invasit,
2963 3826 3261 3897 fugatoque
3302 3823 3539 3877 Henrico
3586 3830 3766 3877 totam
3805 3822 3914 3876 Ur-

2313 3922 2444 3977 bem
2471 3920 2738 3994 Gregorio
2770 3924 2929 3992 Papze
2947 3918 3233 3985 rebellem,
3258 3916 3473 3988 penitus
3490 3914 3830 3988 exspoliavit,
3861 3923 3918 3970 et

2318 4016 2580 4089 majorem
2632 4016 2750 4087 ejus
2791 4023 3003 4087 partem
3050 4013 3163 4085 igni
3217 4010 3559 4082 consumpsit
3623 4007 3794 4080 (130),
3849 4023 3914 4064 eo

2315 4112 2463 4183 quod
2494 4110 2730 4166 Romani
2758 4109 3059 4181 quemdam
3076 4108 3195 4179 ejus
3210 4105 3439 4161 militem
3458 4104 3911 4159 vulneraverunt.

2314 4204 2528 4260 Deinde
2560 4204 2795 4275 acceptis
2821 4202 3102 4258 obsidibus
3122 4217 3151 4255 a
3182 4199 3471 4265 Romanis,
3514 4206 3568 4254 et
3594 4198 3648 4252 in
3675 4195 3910 4252 castello

2315 4300 2371 4354 S.
2418 4298 2637 4369 Angeli,
2660 4297 2807 4369 quod
2837 4296 3064 4352 domum
3085 4293 3407 4350 Theodorici
3430 4291 3640 4358 dicunt,
3672 4306 3917 4348 reserva-

2314 4392 2405 4460 tis,
2437 4392 2553 4463 ipse
2602 4390 2669 4446 ad
2708 4390 3136 4463 recuperandam
3160 4398 3361 4444 terram
3401 4388 3455 4442 S.
3499 4384 3641 4442 Petri
3670 4400 3919 4441 reversu-

2313 4502 2429 4553 rus,
2482 4486 2541 4540 in
2570 4485 2718 4541 brevi
2782 4485 3018 4557 plurima
3047 4483 3263 4539 castella
3290 4493 3342 4538 et
3371 4482 3615 4536 civitates
3662 4479 3914 4535 Domino

604 4570 888 4643 hiemavit,
920 4575 1105 4647 ibique
1135 4575 1463 4631 Guibertum
1495 4578 1869 4633 Ravennatem
1899 4594 2061 4634 suum
2092 4582 2202 4634 Ro-
2236 4545 2284 4608 Β
2316 4583 2474 4652 Papa
2504 4545 2863 4651 recuperavit.
2908 4579 3181 4635 Henricus
3206 4587 3391 4632 autem
3421 4574 3747 4631 Ruodberto
3778 4574 3916 4629 resi-

600 4682 753 4723 mam
800 4677 1090 4726 venturum
1130 4670 1463 4743 expectavit,
1509 4680 1569 4727 ut
1607 4670 1676 4726 ab
1722 4688 1788 4727 eo
1834 4672 1980 4745 apud
2015 4675 2071 4729 S.
2103 4675 2205 4729 Pe-

600 4762 748 4817 trum
799 4760 1231 4833 incoronaretur,
1288 4781 1352 4821 eo
1408 4765 1553 4836 quod
1606 4767 1933 4840 Gregorium
2000 4768 2202 4839 Papam

602 4853 671 4911 ad
714 4856 818 4911 hoc
874 4856 1089 4913 ﬂectere
1129 4871 1239 4913 non
1277 4868 1478 4930 posset,
1527 4869 1583 4917 et
1629 4877 1775 4929 eum,
1808 4860 1916 4917 nisi
1965 4861 2201 4935 legitime

599 4950 1046 5019 reconciliatum,
1097 4950 1419 5007 incoronare
1468 4954 1648 5009 vellet.
1704 4956 1803 5010 His
1860 4956 2199 5027 temporibus

600 5040 1241 5115 ConstantinOpolitanus
1291 5046 1591 5101 maximam
1636 5048 1917 5119 pecuniam
1960 5050 2197 5105 Henrico

597 5137 881 5208 quondam
933 5140 1072 5210 Regi
1124 5140 1446 5209 transmisit,
1502 5148 1560 5195 ut
1618 5142 2003 5197 Ruodbertum
2074 5145 2193 5199 \\i-

595 5229 851 5287 scardum
872 5231 1020 5303 (I29)
1053 5235 1261 5288 Ducem
1280 5232 1543 5291 Calabriae
1555 5243 1607 5290 et
1624 5240 1663 5290 Α
1676 5236 1832 5307 pulia:
1849 5237 2193 5309 conjuratum

594 5324 826 5381 militem
855 5326 1083 5383 Domini
1126 5328 1315 5399 Papae,
1340 5327 1395 5383 in
1424 5329 1691 5385 ultionem
1721 5329 1965 5403 ejusdem
2001 5332 2189 5405 Regis,

592 5532 1488 5662 tus(11.339!)m§{obertusGuiscardus
1514 5550 1659 5592 anno
1695 5541 1831 5593 1080
1882 5539 2192 5596 reconcilia-

662 5675 807 5748 (130)
838 5678 969 5751 ,Leo
998 5675 1271 5734 Ostiensis
1309 5675 1404 5733 lib.
1439 5694 1513 5734 ιιι
1542 5694 1662 5751 cap.
1690 5683 1759 5736 53
1778 5680 1917 5738 hanc
1945 5681 2186 5739 incendii

588 5747 811 5823 causam
840 5747 1010 5805 affert
1042 5768 1055 5803 :
1110 5752 1451 5823 Ecaconsilio,
1481 5747 1674 5823 inquit,
1714 5753 1890 5809 Cencii
1926 5758 2188 5811 Romano-

587 5835 713 5897 rum
743 5822 984 5879 Consulis
1008 5825 1184 5892 ignem
1212 5826 1271 5897 in
1308 5822 1494 5879 Urbem
1543 5822 1788 5880 immisit.
1818 5828 2047 5882 Romani
2078 5830 2181 5897 igi-

586 5895 679 5948 tur
695 5909 755 5950 re
765 5896 1045 5969 inopinata
1058 5896 1311 5966 perculsi,
1337 5912 1398 5952 ac
1419 5897 1479 5952 in
1500 5897 1630 5971 igne
1648 5899 2033 5968 exstinguenda
2054 5895 2184 5955 dum

2316 4683 2459 4731 stere
2489 4689 2607 4732 non
2636 4675 2839 4742 valens,
2872 4672 2941 4729 ad
2969 4681 3155 4745 partes
3182 4672 3620 4728 Teutonicorum
3662 4667 3793 4724 satis
3837 4666 3915 4723 l‘e-

2316 4770 2582 4826 stinanter
2606 4768 2964 4823 revertitur...
2987 4766 3257 4822 Dominus
3282 4774 3466 4821 autem
3488 4764 3655 4837 Papa,
3685 4761 3919 4817 collecta

2312 4864 2552 4936 Synodo,
2580 4863 2776 4918 iterum
2807 4861 3133 4918 sententiam
3156 4860 3525 4916 anathematis
3571 4858 3627 4912 in
3668 4855 3913 4912 Guiber-

2308 4966 2426 5014 tum
2491 4956 2914 5012 haeresiarcham
2956 4964 3011 5011 et
3066 4956 3366 5011 Henricum
3412 4962 3466 5009 et
3495 4965 3684 5008 omnes
3713 4965 3915 5005 eorum

2309 5051 2551 5134 fautores
2575 5050 2982 5123 promulgavit:
3018 5049 3162 5121 quod
3211 5057 3267 5105 et
3312 5050 3367 5104 in
3406 5046 3545 5102 festo
3586 5047 3639 5102 S.
3672 5044 3912 5099 Joannis

2305 5147 2562 5218 Baptistae
2592 5146 2872 5217 praeterito
2903 5142 3020 5216 jam
3068 5142 3284 5200 dudum
3342 5145 3537 5197 Romae
3591 5138 3739 5204 fecit,
3778 5154 3912 5193 cum

2303 5242 2573 5296 Henricus
2602 5239 2783 5295 adhuc
2815 5238 3233 5295 ibimoraretur.
3260 5239 3419 5293 Hanc
3438 5232 3771 5291 sententiam
3799 5233 3912 5287 Le-

2303 5336 2411 5406 gati
2449 5335 2605 5392 Sedis
2659 5332 3012 5408 Apostolicaa,
3059 5331 3311 5397 videlicet
3347 5334 3543 5387 Petrus
3572 5325 3911 5385 Albanensis

2300 5546 2472 5597 essent
2489 5542 2701 5604 intenti,
2748 5543 2871 5595 Dum
2899 5542 3174 5609 confestim
3203 5552 3319 5591 cum
3360 5539 3597 5593 exercitu
3729 5549 3908 5609 arcem

2297 5614 2354 5668 S.
2384 5615 2586 5681 Angeli
2612 5629 2928 5683 properans,
2977 5606 3391 5679 Pontiﬁcemqne
3420 5609 3542 5664 inde
3579 5606 3908 5683 abstrahens

2297 5676 2521 5740 Romam
2566 5676 2678 5738 sine
2706 5676 2861 5738 mora
2899 5676 3158 5752 egressus,
3198 5676 3404 5751 Papam
3465 5682 3783 5752 Gregorium
3830 5676 3910 5729 ad

2296 5757 2389 5812 hoc
2415 5758 2797 5811 monasterium
2834 5750 3001 5825 usque
3030 5754 3256 5808 deduxit
3345 5767 3498 5823 quem
3532 5750 3907 5825 Apostoiicum

2295 5843 2463 5899 usque
2489 5829 2561 5883 ad
2581 5830 2750 5899 ipsius
2789 5821 2994 5883 exitum
3029 5841 3149 5880 cum
3179 5821 3459 5899 Episcopis
3495 5828 3544 5879 et
3585 5821 3908 5880 Cardinali—

2298 5898 2414 5972 bus,
2435 5903 2533 5973 qui
2560 5898 2679 5956 eum
2698 5902 2867 5957 secuti
2881 5900 3135 5965 fuerunt,
3158 5898 3500 5955 sustentavit.
