4138 6190
268 273 364 330 113

1260 254 1783 340 PROLEGOMENA.
1824 312 1893 330 -
1929 282 2110 343 ACTA
2148 287 2204 343 s.
2246 286 2596 346 GREGORII.

3472 304 3576 360 1H

261 397 569 471 Episcopus
703 398 955 469 Francia,
1004 401 1136 459 Otto
1162 401 1426 461 Ostiensis
1476 406 1779 481 Episcopus
1811 411 1866 468 in
1894 418 1947 481 Α
1974 414 2129 470 sione
2174 415 2403 486 justitiae
2442 418 2611 490 usque
2643 416 2711 474 ad
2767 426 3005 477 mortem
3052 420 3422 495 ﬁrmissimus,
3480 428 3576 484 Sa-

259 502 404 550 terra
433 493 871 550 Teutonicorum
902 510 1299 569 usquequaque
1354 498 1721 573 divulgarnnt.
1761 507 1865 561 Os-

262 588 453 643 tiensis
479 603 705 661 quoque
725 604 855 643 cum
880 589 934 642 in
967 590 1289 648 Alemannia
1309 604 1635 665 moraretur,
1668 608 1868 656 sanctae

262 681 675 741 Constantiensi
711 682 963 740 Ecclesia:
986 683 1101 755 jam
1130 684 1336 742 dudum
1370 688 1601 745 viduatae
1627 692 1869 748 Catholi-

266 792 401 835 cum
431 780 708 833 Pastorem
746 776 1035 848 ordinavit,
1068 778 1269 835 scilicet
1297 782 1706 854 Gebehardum,
1734 790 1864 842 Ber-

263 869 450 926 tholdi
493 870 657 925 Ducis
686 868 931 927 ﬁlium...
982 872 1272 930 undecimo
1317 877 1595 933 Kalendas
1622 881 1864 937 Januarii

262 964 599 1035 Episcopum
627 964 983 1031 consecravit,
1015 983 1178 1038 quem
1222 968 1415 1039 pridie,
1449 970 1502 1026 id
1532 982 1615 1028 est
1644 974 1696 1027 in
1726 973 1863 1030 festo

263 1058 322 1115 S.
350 1059 595 1126 Thomas,
653 1074 781 1113 cum
826 1058 947 1114 aliis
992 1060 1212 1116 Clericis
1257 1064 1641 1137 Presbyterum
1686 1066 1809 1123 fecit
1847 1090 1860 1126 :

259 1152 411 1206 inter
455 1167 593 1224 quos
643 1160 700 1207 et
729 1151 928 1208 horum
972 1153 1375 1213 Chronicorum
1428 1160 1752 1231 scriptorem
1808 1162 1863 1219 in

259 1244 460 1300 eadem
501 1246 823 1300 solennitate
854 1247 906 1301 in
954 1248 1340 1321 Presbyterum
1389 1252 1677 1322 ordinavit,
1708 1256 1862 1327 eique

258 1348 590 1410 potestatem
642 1339 709 1394 ad
743 1341 1115 1412 suscipiendos
1160 1344 1485 1415 poenitentes
1514 1363 1581 1402 ex
1621 1352 1860 1421 Aposto-

256 1432 353 1488 lica
383 1433 712 1490 auctoritate
738 1435 1026 1490 concessit.

332 1534 417 1585 19.
447 1530 611 1583 Anno
657 1533 815 1585 1085.
842 1530 965 1584 Jam
1004 1534 1154 1586 Deus
1204 1532 1554 1605 omnipotens
1588 1535 1860 1594 famulum

252 1638 421 1677 suum
474 1622 804 1693 Gregorium
843 1625 1045 1695 Papam
1091 1624 1284 1681 nolens
1333 1626 1538 1685 diutius
1596 1629 1858 1702 laborare,

256 1715 371 1772 imo
421 1731 521 1786 pro
570 1715 855 1771 laboribus
895 1717 1007 1774 suis
1051 1718 1219 1790 digne
1270 1736 1621 1779 remunerare
1654 1725 1859 1795 volens,

252 1809 322 1865 de
354 1808 520 1882 hujus
547 1810 671 1866 vitae
692 1811 964 1882 ergastulo
993 1827 1122 1867 eum
1155 1814 1381 1869 vocavit.
1416 1817 1553 1871 Nam
1580 1818 1859 1890 aliquanto

252 1911 505 1975 tempore
540 1906 779 1977 graviter
820 1921 1051 1977 corpore
1088 1906 1415 1978 inﬁrmatus,
1466 1910 1560 1968 sed
1599 1912 1653 1968 in
1678 1912 1863 1969 defen-

1979 507 2111 563 lerni
2149 508 2295 564 diem
2321 510 2516 566 clausit
2542 520 2869 569 extremum.
2904 518 2987 571 De
3013 514 3167 587 cujus
3195 516 3345 575 obitu
3383 534 3576 576 omnes

1975 602 2213 674 religiosi
2255 604 2536 677 utriusque
2575 623 2753 673 sexus,
2797 616 2847 662 et
2881 609 3114 664 maxime
3157 628 3445 684 pauperes,
3471 613 3571 670 do-

1974 696 2241 753 luerunt:
2294 707 2410 753 erat
2464 699 2609 756 enim
2658 700 2949 758 Catholica:
2979 704 3252 776 religionis
3290 705 3573 765 ferventis-

1974 789 2149 846 simus
2179 791 2479 859 institutor,
2510 802 2565 849 ct
2594 794 2987 853 Ecclesiasticae
3014 798 3275 855 libertatis
3303 803 3570 858 strenuis-

1972 884 2147 939 simus
2186 883 2460 941 defensor.
2507 887 2693 943 Noluit
2722 905 2851 945 sane
2886 899 2947 947 ut
2979 893 3393 950 Ecclesiasticus
3432 895 3568 951 ordo

1973 978 2223 1034 manibus
2254 980 2513 1036 laicorum
2544 982 2865 1053 subjaceret,
2884 983 2977 1039 sed
3008 985 3213 1042 eisdem
3268 996 3321 1043 et
3349 968 3569 1045 merum

1973 1073 2276 1139 sanctitate,
2335 1083 2389 1129 et
2418 1074 2621 1131 ordinis
2662 1077 2920 1148 dignitate
2956 1080 3348 1149 praemineret.
3407 1083 3567 1153 Quod

1973 1165 2129 1221 illum
2153 1167 2317 1222 latere
2366 1184 2476 1223 non
2506 1171 2724 1241 poterit,
2767 1171 3095 1243 quicumque
3143 1174 3386 1244 ejusdem
3423 1180 3568 1249 Apo-

1973 1259 2147 1314 stolici
2205 1261 2521 1333 Registrum
2579 1263 2861 1337 diligenter
2906 1266 3212 1339 perlegerit.
3270 1271 3567 1343 Postquam

1971 1362 2154 1408 autem
2186 1354 2239 1409 in
2267 1357 2663 1427 gubernatione
2693 1358 2846 1414 Sedis
2881 1361 3234 1432 Apostolicaz,
3268 1362 3378 1418 imo
3402 1364 3570 1420 totius

1972 1447 2246 1513 Ecclesiae,
2298 1447 2591 1507 duodecim
2612 1468 2786 1509 annos
2823 1462 2876 1509 et
2906 1471 3077 1511 unum
3115 1472 3364 1513 mensem
3405 1457 3568 1531 legiti~

1972 1556 2061 1596 me
2094 1542 2413 1610 decertavit,
2461 1546 2685 1601 tandem
2731 1563 2794 1602 ex
2854 1548 2955 1603 hac
2987 1550 3103 1605 luce
3145 1566 3291 1606 anno
3322 1554 3569 1608 lncarua~

1970 1636 2134 1691 tionis
2186 1638 2485 1696 Dominicae
2532 1646 2690 1709 1085,
2748 1640 3045 1698 indictione
3099 1650 3152 1709 8,
3205 1651 3238 1700 8
3288 1646 3568 1704 Kalendas

1970 1730 2119 1788 Junii
2149 1730 2482 1801 subtractus,
2504 1749 2751 1805 supernae
2796 1737 3098 1792 vocationis
3130 1739 3362 1808 βραϐεῖον
3415 1756 3565 1796 acce-

1971 1823 2110 1894 pisse
2142 1841 2254 1880 non
2300 1824 2602 1895 dubitatur,
2635 1829 2877 1899 sepultus
2906 1831 3112 1887 Salerni
3154 1831 3211 1886 in
3255 1833 3476 1890 ecclesia
3506 1836 3562 1891 S.

1972 1916 2239 1988 Matthzei,
2270 1936 2432 1992 quam
2463 1921 2577 1994 ipse
2617 1922 2810 1979 eodem
2840 1939 2982 1981 anno
3012 1924 3313 1982 dedicavit.

247 2081 3547 2118 ἢ

247 2096 3549 2131 MN"
2867 2105 3271 2115 _..._
3278 2106 3351 2115 _

1833 2263 1985 2377 II.

522 2509 690 2597 EX
757 2509 1117 2599 LIBRO
1185 2508 1370 2599 MS.
1442 2509 2028 2600 CENSUALI
2098 2509 2495 2601 CENTII
2566 2512 3293 2627 CAMERARII,

1548 2706 1811 2765 POSTEA
1852 2703 2132 2763 HONORll
2172 2712 2271 2777 ιιι,

939 2868 1177 2931 σοιιαιο
1206 2889 1342 2931 cum
1377 2889 1485 2931 ms.
1521 2870 1766 2931 Nicolai
1802 2867 2148 2931 Cardinalis
2181 2874 2255 2932 de
2286 2874 2636 2953 Arragonia
2666 2873 2873 2952 (131).

752 3216 997 3273 CAPUT
1036 3216 1357 3273 PRIMUM.

238 3336 442 3394 Electio
473 3334 757 3404 Gregorii;
780 3335 1193 3389 CentiiRomani
1214 3338 1265 3387 et
1291 3334 1545 3391 Guiberti
1568 3336 1853 3389 Ravenna-

305 3410 382 3461 tis
412 3406 848 3460 machinationes
867 3407 1107 3475 punitas;
1132 3408 1347 3459 Henrici
1371 3406 1444 3458 ad
1473 3405 1855 3475 depositionem

310 3480 596 3545 Pontiﬁcis
620 3492 905 3548 progressa
935 3478 1219 3531 insolentia
1247 3482 1539 3545 castigata.

316 3602 369 3650 1.
395 3594 699 3665 Gregorius
720 3595 832 3660 VII,
857 3593 1078 3649 natione
1098 3595 1326 3659 Tuscus,
1345 3592 1518 3665 patria
1536 3591 1847 3660 Suanensis,

238 3688 453 3762 Oppido
484 3691 708 3745 Ronaco
748 3693 916 3756 (132),
958 3703 1022 3743 ex
1077 3696 1227 3759 patre
1276 3687 1494 3755 Bonito,
1529 3686 1671 3743 sedit
1693 3686 1847 3741 annis

242 3789 336 3849 12,
369 3798 558 3838 mense
578 3799 709 3847 uno,
737 3780 927 3836 diebus
956 3789 1208 3853 quatuor.
1235 3780 1511 3837 Defuncto
1538 3779 1848 3837 Alexandro

239 3880 418 3949 Papa,
445 3888 499 3932 et
525 3877 578 3931 in
596 3876 948 3932 Lateranensi
967 3876 1191 3931 ecclesia
1223 3875 1523 3932 honoriﬁce
1554 3876 1847 3943 tumulato,

236 3970 383 4029 dum
425 3970 834 4025 Hildehrandus
880 3970 1311 4027 Archidiaconus
1372 3969 1554 4025 adhuc
1606 3977 1748 4024 esset
1793 3967 1848 4023 in

239 4065 361 4137 ejus
397 4062 676 4137 obsequiis
719 4072 1039 4134 occupatus,
1065 4072 1287 4135 repente
1331 4062 1506 4119 factus
1536 4072 1617 4118 est
1648 4062 1701 4117 in
1737 4062 1849 4134 ipsa

238 4159 472 4215 ecclesia
507 4159 785 4214 maximus
819 4158 1007 4214 Clerici
1030 4168 1085 4214 et
1124 4158 1315 4230 Populi
1352 4156 1585 4213 Romani
1613 4172 1845 4211 concur-

237 4269 354 4322 sus,
379 4253 744 4308 clamantium
770 4261 827 4308 et
848 4252 1163 4317 dicentium,
1187 4250 1624 4307 Hildebrandum
1648 4250 1838 4306 Archi-

239 4347 540 4403 diaconum
588 4350 785 4402 Beatus
830 4348 1025 4402 Petrus
1070 4346 1251 4418 elegit.
1311 4348 1434 4415 Quo
1488 4346 1670 4401 audito
1702 4344 1852 4400 idem

243 4441 684 4498 Archidiaconus
739 4441 976 4513 expavit,
1024 4449 1080 4496 et
1136 4441 1289 4513 quasi
1366 4449 1519 4497 extra
1561 4456 1617 4496 se
1667 4448 1853 4511 raptus

239 4536 492 4591 cucurrit
521 4535 592 4591 ad
625 4536 918 4607 pulpitum,
952 4535 1172 4605 cupiens
1213 4536 1481 4607 populum
1528 4534 1708 4606 ipsum
1744 4533 1851 4589 fre-

1888 3219 1935 3281 B
1966 3215 2116 3272 scitis
2183 3223 2237 3270 et
2277 3213 2647 3270 indubitanter
2708 3212 3033 3287 cognoscitis
3067 3213 3215 3289 quod
3270 3230 3302 3271 a
3369 3214 3562 3273 diebus
3632 3269 3645 3291 ,

1964 3312 2028 3366 Β.
2066 3309 2264 3365 Leonis
2303 3311 2463 3381 Papae
2527 3308 2616 3363 hic
2664 3309 3114 3378 Archidiaconus,
3167 3318 3450 3383 tamquam
3478 3310 3559 3366 vir

1966 3403 2206 3475 prudens
2226 3413 2279 3458 et
2316 3403 2606 3476 probatus,
2641 3402 2779 3457 hanc
2814 3414 3223 3459 sacrosanctam
3247 3407 3559 3460 Romanam

1963 3498 2267 3554 Ecclesiam
2296 3497 2589 3567 plurimum
2624 3497 2899 3564 exaltavit,
2931 3506 2987 3553 et
3010 3498 3277 3553 civitatem
3300 3498 3463 3553 istam
3489 3499 3555 3554 ab

1962 3590 2374 3647 imminentibus
2401 3590 2649 3661 periculis
2674 3590 2919 3645 liberavit
2948 3610 2959 3645 :
2987 3590 3149 3655 unde,
3185 3591 3311 3662 quia
3345 3591 3555 3647 idonio-

1960 3702 2076 3742 rem
2107 3684 2174 3740 ad
2206 3684 2463 3740 Ecclesia:
2493 3684 2733 3756 regimen
2774 3693 2829 3739 et
2856 3685 3027 3742 Urbis
3063 3684 3435 3742 defensionem
3476 3684 3559 3740 in-

1961 3780 2145 3835 venire
2172 3779 2489 3851 nequimus,
2515 3781 2650 3845 Nos,
2682 3780 2930 3852 Episcopi
2951 3786 3005 3834 et
3024 3766 3358 3843 cardinales,
3385 3779 3439 3834 in
3466 3795 3557 3835 no-

1963 3874 2111 3929 mine
2138 3873 2385 3941 Domini,
2428 3873 2754 3929 unanimiter
2790 3875 2969 3946 ipsum
3021 3874 3178 3930 nobis
3217 3883 3270 3929 et
3320 3873 3473 3930 vobis
3502 3874 3555 3928 in

1959 3969 2243 4023 Pastorem
2274 3977 2328 4023 et
2358 3968 2696 4039 Episcopum
2728 3967 3036 4024 animarum
3068 3977 3376 4024 vestrarum
3401 3968 3559 4041 eligi-

1958 4077 2099 4117 mus.
2119 4064 2180 4116 Et
2207 4065 2471 4117 continuo
2502 4066 2647 4128 (134)
2695 4062 3045 4118 universitate
3085 4063 3279 4135 Populi
3318 4070 3371 4118 et
3419 4064 3560 4119 Cleri
3636 4068 3643 4073 '

1953 4157 2309 4225 acclamante,
2364 4157 2670 4213 Dominum
2726 4158 3056 4230 Gregorium
3091 4161 3294 4230 Papam
3340 4165 3562 4213 sanctus

1958 4252 2152 4307 Petrus
2179 4251 2362 4321 elegit,
2393 4250 2619 4307 indutus
2664 4252 2830 4307 rubea
2861 4252 3147 4325 chlamyde
3196 4251 3353 4319 (sicut
3390 4251 3560 4307 moris

1961 4350 2065 4411 est)
2102 4354 2157 4399 et
2186 4344 2360 4416 Papali
2393 4346 2550 4401 mitra
2593 4345 2880 4417 insignitus
2904 4352 3071 4414 (135),
3113 4347 3312 4402 invitus
3342 4354 3395 4402 et
3412 4361 3559 4406 ma:-

1961 4454 2086 4494 rcns
2117 4439 2170 4493 in
2209 4438 2362 4495 Beati
2389 4441 2534 4497 Petri
2558 4439 2813 4496 cathedra
2837 4440 2937 4497 fuit
2966 4440 3379 4497 inthronizatus.

2035 4539 2087 4589 2.
2144 4534 2331 4589 Altera
2371 4542 2557 4590 autem
2605 4534 2690 4590 die
2739 4534 2882 4607 apud
2938 4535 3293 4606 semetipsum
3346 4534 3555 4591 solicta

241 4637 492 4685 mentem
512 4635 663 4696 (133)
691 4628 878 4685 sedare
905 4637 959 4683 et
991 4644 1020 4683 a
1052 4644 1147 4684 sua
1200 4628 1500 4683 intentione
1550 4628 1848 4683 retrahere.
1881 4595 1926 4659 Ο
1961 4636 2139 4682 mente
2170 4637 2526 4700 pertractans,
2567 4629 2635 4685 ad
2672 4645 2835 4701 quam
2863 4645 3020 4701 grave
3051 4629 3349 4702 periculum
3396 4630 3561 4687 deve-

241 4723 349 4779 Sed
382 4724 550 4796 Hugo
606 4721 885 4779 Candidus
915 4721 1235 4789 Cardinalis,
1281 4721 1374 4778 ubi
1426 4722 1675 4777 omnium
1724 4730 1846 4778 vota

245 4818 300 4873 in
325 4817 594 4873 eumdem
637 4816 1099 4873 Archidiaconum
1137 4815 1451 4871 convenisse
1481 4815 1849 4872 indubitanter

245 4913 531 4984 cognovit,
564 4910 727 4966 citius
758 4911 1095 4982 percucurrit
1114 4910 1181 4965 ad
1223 4910 1515 4981 populum;
1548 4917 1603 4965 et
1629 4909 1681 4963 in
1705 4908 1849 4964 hunc

246 5006 477 5061 modum
501 5004 821 5077 alloquitur,
848 5004 1035 5061 dicens
1071 5024 1082 5059 :
1115 5006 1272 5072 Ecce,
1305 5003 1608 5059 charissimi
1631 5003 1845 5072 fratres,

320 5149 461 5209 {131)
491 5142 739 5201 Nicotaus
771 5141 1034 5207 Rosellus,
1060 5158 1125 5197 ex
1164 5141 1371 5198 Ordine
1402 5141 1843 5198 Pradicatorum

246 5224 583 5283 assumptus,
614 5215 681 5269 de
711 5217 999 5283 Aragonia
1051 5213 1249 5277 dictus,
1294 5213 1416 5284 quia
1455 5214 1628 5283 patria
1655 5216 1845 5268 Tarra-

248 5287 501 5340 conensis
530 5295 795 5357 perpetuo
828 5287 937 5340 fere
987 5286 1187 5339 mansit
1210 5286 1352 5356 apud
1389 5285 1701 5355 Arragonim
1730 5288 1844 5339 Re-

245 5370 379 5427 gem
412 5360 625 5412 Petrum
663 5378 674 5409 :
706 5359 749 5411 is
794 5359 938 5411 hunc
986 5358 1263 5426 praamittit
1309 5357 1532 5411 titulum
1567 5374 1579 5410 :
1614 5360 1687 5411 De
1715 5358 1841 5413 Gre-

245 5430 401 5495 gorio
426 5432 577 5500 Papa
610 5431 732 5491 VII,
762 5431 859 5498 qui
875 5432 1028 5498 cmpit
1050 5445 1138 5483 an.
1165 5431 1379 5483 Domini
1404 5430 1559 5493 1703,
1587 5433 1843 5497 regnante

246 5501 478 5555 Henrico
508 5505 843 5571 lmperatore
884 5501 1045 5569 hujus
1072 5502 1300 5555 nominis
1328 5502 1429 5555 ΙΙΙ.

321 5573 464 5697 (1322
499 5574 777 5636 Nicolaus,
816 5576 1056 5639 Bonam,-
1096 5574 1196 5626 Ms.
1248 5582 1518 5635 nostrum,
1555 5572 1838 5639 Raonaco;

321 5644 487 5697 10bie
538 5644 595 5697 id
621 5644 881 5697 onnidum
918 5644 1081 5697 fuisse
1108 5652 1324 5697 onortet
1375 5644 1429 5697 in
1461 5643 1677 5697 dimcesi
1704 5644 1838 5697 Sua-

246 5642 487 5714 ignobile
538 5644 595 5699 id
621 5644 881 5715 oppidum
918 5644 1081 5699 fuisse
1108 5652 1324 5715 oportet
1375 5644 1429 5699 in
1461 5643 1677 5715 dimcesi
1704 5644 1840 5715 Sua-

241 5716 427 5779 nensi,
476 5716 637 5787 cujus
662 5714 836 5770 ’hodie
864 5731 962 5771 nec
1006 5714 1210 5771 nomen
1266 5715 1487 5786 quidem
1509 5714 1586 5787 _in
1642 5714 1840 5787 tabulis

240 5784 652 5861 topographia:
673 5787 970 5861 reperitur:
992 5787 1150 5861 quod
1180 5784 1362 5861 ipsum
1386 5784 1532 5861 haud
1549 5786 1840 5861 modicum

242 5856 632 5931 prbjudiCium
686 5856 852 5917 affert
894 5856 1096 5931 generis
1130 5856 1421 5929 nobilitati,
1464 5874 1496 5916 a
1534 5858 1841 5919 Comitibus

1957 4722 2147 4789 nisset,
2179 4732 2408 4779 aestuare
2428 4724 2611 4794 coepit,
2631 4732 2685 4779 et
2699 4723 2859 4780 nimis
2885 4723 3103 4783 dolere:
3132 4723 3229 4780 sed
3256 4740 3383 4781 cum
3400 4725 3560 4781 aliam

1958 4816 2366 4872 excusationem
2393 4816 2463 4874 de
2491 4816 2853 4888 relinquendo
2882 4821 3087 4890 Papatu
3113 4835 3229 4874 non
3246 4819 3558 4887 invenisset,

1957 4909 2179 4965 nuntios
2218 4910 2285 4965 ad
2314 4926 2501 4983 regem
2529 4911 2833 4967 Henricum
2859 4912 3106 4968 celeriter
3127 4913 3434 4981 destinavit,
3466 4928 3561 4984 per

1958 5020 2095 5078 quos
2126 5011 2181 5059 et
2207 5004 2533 5061 electionem
2578 5006 2645 5063 de
2679 5022 2736 5063 se
2778 5004 2980 5064 factam
3031 5006 3079 5062 ei
3120 5008 3362 5079 aperuit,
3401 5014 3455 5063 et
3495 5023 3562 5063 ne

1956 5142 2408 5199 Petilianensibus
2453 5153 2509 5199 et
2556 5144 2925 5200 Suanensibus
2979 5144 3252 5201 accersitae
3293 5161 3453 5201 :non
3481 5154 3558 5200 ta-

1954 5231 2083 5269 men
2126 5231 2243 5270 eam
2287 5217 2650 5287 peremptorie
2708 5217 2948 5271 excludit
3009 5236 3021 5269 :
3061 5225 3113 5271 et
3165 5215 3299 5271 infra
3339 5232 3404 5271 ex
3444 5219 3551 5273 Ms.

1954 5296 2143 5360 nostro
2195 5287 2532 5343 adducemus
2582 5288 2803 5359 aliquid,
2854 5287 3001 5360 quod
3047 5304 3076 5344 e
3116 5303 3380 5345 converso
3428 5304 3554 5345 eam

1954 5356 2230 5413 afﬁrmare
2265 5360 2450 5427 possit.

2026 5434 2168 5497 (133)
2198 5430 2470 5495 Nicolaus,
2503 5433 2835 5501 frequenter.

2024 5505 2167 5575 (134)
2201 5504 2338 5575 doc.
2364 5500 2643 5565 Continuo,
2676 5501 3109 5575 restringendum
3129 5502 3229 5559 erit
3258 5500 3327 5575 ad
3363 5501 3544 5558 solam

1953 5571 2398 5628 acclamationem
2447 5574 2660 5643 p0puli;
2711 5574 2753 5630 si
2798 5571 2986 5630 verum
3036 5583 3119 5629 est
3165 5574 3310 5644 quod
3355 5575 3547 5630 diebus

1954 5646 2161 5714 aliquot
2189 5647 2483 5701 occultatus
2517 5648 2698 5712 latuit,
2746 5654 2808 5701 ut.
2836 5646 2996 5700 habet
3028 5645 3379 5701 Bertholdus.

2030 5717 2172 5789 (135)
2198 5716 2431 5789 Aliunde
2462 5718 2723 5784 sciebam,
2773 5719 2943 5773 electo
2973 5732 3103 5789 mox
3128 5720 3434 5789 Purpurarn
3463 5715 3543 5789 in-_

1947 5783 2045 5858 jici‘
2073 5786 2309 5843 solitam
2358 5808 2369 5842 :
2403 5787 2469 5843 de
2518 5790 2676 5845 Mitra
2706 5783 2943 5845 invenies
2988 5788 3043 5842 in
3080 5783 3257 5845 Actis'
3285 5789 3341 5843 S.
3398 5783 3544 5841 Petri

1954 5858 2252 5929 C(elestini,
2281 5860 2568 5932 descriptis
2594 5861 2810 5934 aCard.
2841 5863 2896 5919 S.
2920 5860 3138 5931 Georgii
3169 5861 3205 5915 l.
3236 5872 3312 5915 III
3341 5872 3403 5917 v.
3445 5862 3546 5917 165
