4122 6180
519 292 621 349 “5

1746 285 1802 342 S.
1843 283 2221 341 GREGORIUS
2258 284 2351 340 γη
2387 283 2584 340 ΡΑΡΑ.

3709 256 3816 337 116⁷

517 431 803 475 assensum
834 415 1099 489 praeberet
1136 413 1316 485 ipsum
1357 410 1613 468 attentius
1640 412 1881 469 exoravit
1933 412 2119 484 :quod
2147 416 2199 479 Α
2226 415 2386 485 Papae
2408 410 2660 484 Capitulo
2684 411 2991 469 continetur
3011 416 3176 480 (139),
3231 414 3523 467 Romanus
3565 407 3815 467 Pontifex

523 512 569 569 si
609 528 721 568 non
763 510 988 578 faceret,
1019 516 1227 565 certum
1265 506 1365 562 sibi
1404 516 1545 562 esset
1573 507 1719 577 quod
1760 507 2032 580 graviores
2057 516 2110 562 et

518 606 835 663 manifestos
859 605 1024 677 ipsius
1065 617 1315 657 excessus
1357 601 1654 673 impunitos
1679 602 1982 657 nullatenus
2029 610 2111 657 to-

520 701 732 758 leraret.
765 700 882 753 Rex
919 713 1080 765 vero,
1120 695 1214 752 ubi
1252 694 1530 753 electionis
1567 696 1852 752 veritatem
1902 712 2107 767 cogno-

520 795 613 861 vit,
664 791 907 849 electioni
965 790 1081 863 ejus
1142 805 1426 848 assensum
1496 790 1778 862 praebuit:
1826 799 1879 845 et
1923 790 2108 846 statim

519 885 845 958 Gregorium
870 884 1278 941 Vercellensem
1318 884 1667 957 Episcopum,
1719 882 1887 940 Italici
1930 884 2107 957 Regni

520 979 935 1048 Cancellarium,
967 978 1035 1036 ad
1085 978 1298 1035 Urbem
1340 978 1659 1047 transmisit,
1712 987 1979 1049 quatenus
2020 994 2111 1034 au-

517 1073 767 1130 ctoritate
803 1074 976 1147 Regia
1029 1073 1347 1128 electionem
1412 1072 1586 1145 ipsam
1635 1071 2010 1142 conﬁrmaret,
2059 1080 2112 1128 et

518 1168 915 1225 consecrationi
968 1167 1087 1239 ejus
1153 1167 1415 1223 interesse
1475 1166 1735 1223 studeret.
1795 1165 1957 1236 Quod
1996 1166 2112 1222 sine

517 1260 771 1318 dilatione
827 1260 1034 1317 factum
1073 1268 1155 1316 est
1183 1280 1195 1316 :
1222 1277 1355 1317 nam
1398 1269 1453 1316 et
1481 1260 1617 1315 infra
1655 1268 1872 1317 octavas
1910 1262 2112 1316 Pente-

518 1363 698 1413 costes
747 1355 802 1409 in
847 1354 1235 1427 Presbyterum
1286 1362 1369 1411 est
1415 1354 1717 1423 ordinatus,
1768 1362 1821 1410 et
1849 1355 1903 1409 in
1935 1354 2112 1409 Natali

514 1450 909 1521 Apostolorum
938 1449 994 1504 in
1036 1451 1357 1505 Romanum
1400 1448 1723 1505 Pontiﬁcem
1742 1456 2109 1505 consecratus.

516 1545 777 1616 Percepta
819 1542 984 1616 igitur
1030 1543 1356 1615 Apostolicae
1410 1542 1685 1616 dignitatis
1764 1541 2111 1615 plenitudine,

519 1637 774 1694 eumdem
804 1640 1014 1710 Regem
1054 1637 1283 1709 benigne
1328 1653 1391 1693 ac
1425 1645 1650 1709 paterne
1687 1637 2031 1693 commonuit
2055 1643 2117 1691 ut

512 1733 675 1789 Matri
711 1747 826 1789 suae
857 1740 1061 1789 sanctae
1100 1733 1367 1788 Romanae
1412 1731 1671 1788 Ecclesiae
1691 1747 1748 1787 se
1777 1730 2039 1788 devotum
2070 1744 2128 1793 et

517 1826 824 1897 subjectum
855 1826 1031 1881 ﬁlium
1072 1825 1367 1892 exhiberet,
1409 1833 1569 1897 atque
1597 1826 1663 1881 ab
1691 1825 2121 1898 Episcopatuum

514 1926 571 1975 et
616 1919 984 1976 Ecclesiarum
1029 1919 1340 1975 venditione
1380 1920 1606 1975 omnino
1653 1920 1957 1991 quiesceret
2004 1919 2116 1976 :ad

517 2012 667 2084 quod
704 2014 858 2085 pium
912 2029 1050 2085 opus
1088 2012 1381 2069 efﬁcaciter
1438 2014 1885 2085 prosequendum
1938 2023 2114 2071 trans-

518 2106 734 2162 mittere
783 2106 993 2163 studuit
1072 2115 1304 2162 matrem
1354 2107 1521 2179 ipsius
1560 2109 1827 2181 Agnetem
1874 2111 2115 2180 Impera-

516 2198 709 2255 tricem
749 2203 918 2269 (136),
972 2216 1079 2256 una
1119 2216 1245 2256 cum
1284 2200 1567 2258 Gherardo
1613 2202 1872 2271 Ostiensi,
1903 2203 2115 2259 Uberto

519 2294 876 2362 Praenestino,
924 2302 976 2350 et
1024 2298 1095 2350 R.
1141 2299 1286 2362 (137)
1343 2297 1591 2352 Cumano
1641 2297 1926 2369 Episcopis
1976 2298 2135 2369 :qui‘

518 2387 765 2460 ejusdem
805 2388 1077 2444 Pontiﬁcis
1107 2389 1373 2461 legatione
1420 2398 1673 2461 suscepta
1712 2407 1886 2462 usque
1927 2392 1980 2447 in
2009 2395 2113 2447 Ba-

521 2482 724 2537 variam
760 2488 1125 2550 transeuntes,
1181 2484 1251 2540 ad
1291 2484 1460 2557 Regis
1513 2479 1857 2555 prmsentiam
1911 2488 2114 2558 pariter

519 2585 880 2632 accesserunt.
910 2577 1162 2648 Receptis
1202 2578 1364 2650 igitur
1390 2576 1689 2636 affectuose
1714 2580 1929 2652 Legatis
1962 2581 2108 2652 ipsis,

518 2678 574 2726 et
595 2669 763 2743 digno
788 2685 917 2727 cum
943 2670 1153 2727 honore
1180 2671 1448 2742 tractatis,
1499 2689 1626 2729 cum
1664 2690 1760 2746 per
1786 2674 1901 2731 dies
1944 2675 2111 2747 pluri-

518 2779 642 2820 mos
669 2766 789 2820 Rex
817 2765 885 2821 de
910 2780 1007 2821 sua
1033 2765 1420 2824 emendatione
1440 2775 1640 2825 sanctae
1668 2769 2113 2825 commonitionis

517 2858 684 2914 verba
722 2867 1006 2915 mansuete
1042 2875 1106 2915 ac
1147 2860 1414 2931 patienter
1451 2860 1681 2927 audiret,
1722 2863 1964 2936 quinque
2008 2880 2109 2920 no-

516 2948 650 3007 biles
712 2951 859 3007 viros
920 2950 1211 3008 familiares
1276 2969 1425 3023 suos,
1481 2953 1551 3010 ab
1621 2954 1931 3012 Alexandro
1969 2958 2113 3029 Papa

516 3044 1039 3111 excommunicatos,
1086 3045 1175 3099 vix
1211 3061 1242 3100 a
1284 3046 1560 3103 consortio
1611 3056 1667 3102 et
1712 3049 1977 3105 societate
2017 3065 2112 3105 sua

2218 508 2289 563 ita
2341 508 2622 579 Episcopis
2669 507 2812 563 vices
2862 523 2986 564 suas
3030 506 3345 575 committit,
3393 513 3453 561 ut
3506 504 3561 559 in
3603 512 3818 576 partem

2217 601 2590 658 sollicitudinis
2620 601 2727 656 sint
2751 602 2946 669 vocati,
2972 618 3081 658 non
3119 601 3173 655 in
3218 598 3616 674 plenitudinem
3662 607 3816 671 pote-

2219 696 2398 753 statis.
2428 694 2538 771 Sed
2568 704 2629 750 ut
2657 695 2891 751 breviter
2918 694 2986 753 ad
3016 696 3181 750 ﬁnem
3227 694 3387 767 hujus
3430 694 3818 751 controversiae

2217 790 2517 857 veniamus,
2565 789 2787 862 Synodo
2854 789 2955 845 hac
3034 789 3321 863 sagacitate
3397 787 3721 857 disturbata,
3764 797 3821 844 et

2215 884 2409 941 eodem
2438 884 2719 939 Bremensi
2756 900 2851 956 pro
2897 883 3259 940 inobedieutia
3307 891 3360 938 et
3405 882 3698 939 rebellione
3749 884 3820 938 ab

2220 974 2404 1034 ofﬁcio
2434 977 2757 1034 Sacerdotali
2801 993 3087 1050 suspenso,
3127 978 3312 1050 Legati
3360 993 3389 1032 a
3447 979 3598 1048 Rege
3625 976 3823 1049 amplis

2219 1073 2541 1129 muneribus
2591 1071 2872 1139 honorati,
2926 1088 3055 1127 cum
3104 1072 3220 1144 ejus
3260 1071 3429 1145 gratia
3482 1078 3536 1126 et
3585 1070 3822 1142 benigno

2218 1182 2502 1239 responso,
2560 1166 2865 1223 incolumes
2927 1165 2995 1222 ad
3046 1166 3241 1221 urbem
3300 1164 3583 1222 redierunt
3621 1168 3826 1220 Roma-

2219 1276 2366 1316 nam.

2298 1361 2350 1410 3.
2413 1352 2655 1410 Evolutis
2699 1360 2883 1408 autem
2946 1354 3130 1425 paucis
3186 1351 3400 1421 diebus,
3470 1353 3827 1409 Hermannus

2220 1448 2639 1520 Bambergensis
2668 1447 2988 1520 Episcopus,
3037 1447 3130 1519 qui
3185 1463 3283 1519 pro
3304 1446 3640 1518 susceptione
3680 1447 3827 1517 (140)

2222 1542 2375 1597 Pallii
2405 1545 2643 1597 Romam
2666 1528 2902 1611 venerat,
2945 1542 3228 1597 convictus
3261 1542 3327 1597 de
3347 1540 3583 1597 Simonia
3614 1539 3669 1595 in
3689 1556 3825 1596 con-

2238 1645 2423 1709 spectu
2470 1636 2720 1708 Gregorii
2773 1638 2956 1707 Papae,
3010 1636 3340 1708 Episcopalis
3365 1643 3421 1691 et
3464 1634 3827 1691 Sacerdotalis

2238 1729 2405 1787 ofﬁcii
2434 1730 2827 1801 depositionem
2876 1729 3126 1797 incurrit,
3174 1738 3230 1785 et
3274 1729 3328 1784 in
3375 1729 3556 1785 locum
3586 1729 3699 1800 eius
3731 1744 3828 1800 per

2231 1824 2551 1880 mandatum
2589 1822 2830 1896 ejusdem
2854 1822 3137 1880 Pontiﬁcis
3165 1823 3302 1879 alius
3344 1831 3427 1878 est
3454 1823 3778 1893 subrogatus
3812 1842 3825 1875 :

2229 1918 2295 1974 de
2334 1917 2732 1975 Coustantiensi
2802 1933 3020 1989 quoque
3060 1922 3211 1985 (141)
3254 1917 3515 1972 Antistite
3566 1916 3707 1971 idem
3755 1915 3830 1972 fa-

2226 2020 2378 2068 ctum
2404 2020 2504 2068 est.
2531 2014 2746 2083 Interea
2772 2010 2909 2067 nihil
2936 2011 3068 2067 mali
3095 2012 3162 2067 de
3202 2013 3353 2083 Rege
3378 2011 3620 2066 Henrico
3649 2009 3831 2081 suspi-

2224 2122 2351 2162 cans
2382 2106 2680 2178 Gregorius
2719 2108 2864 2177 Papa
2888 2108 3193 2173 Romanus,
3238 2104 3489 2176 generale
3522 2104 3830 2159 Concilium

2223 2200 2561 2266 convocavit,
2591 2200 2646 2255 in
2686 2215 2795 2272 quo
2846 2198 3141 2257 Guibertus
3189 2199 3639 2264 Ravennatensis,
3692 2213 3830 2253 cum

2226 2295 2629 2367 Episcoporum
2690 2292 3030 2350 diversarum
3088 2293 3503 2349 Provinciarum
3555 2293 3828 2347 immensa

2222 2388 2588 2456 multitudine,
2604 2387 2762 2444 sedit.
2782 2391 3060 2447 Praeterea
3093 2396 3149 2444 et
3164 2387 3377 2460 egregia
3404 2386 3698 2443 Comitissa
3719 2388 3833 2441 Ma-

2219 2481 2385 2553 tildis,
2415 2485 2559 2538 Aczo
2580 2481 2823 2539 Marcbio
2856 2487 3027 2551 (142),
3072 2491 3129 2539 et
3177 2480 3425 2540 Gisulfus
3458 2480 3831 2538 Salernitanus

2222 2576 2479 2648 Princeps
2504 2576 2686 2633 eidem
2718 2592 2833 2633 non
2868 2575 3090 2633 defuere
3120 2577 3363 2634 Concilio
3394 2597 3407 2633 :
3439 2577 3534 2633 sed
3566 2575 3705 2632 inter
3732 2590 3827 2630 ce-

2220 2679 2337 2729 tera
2389 2671 2559 2743 ipsius
2600 2670 2828 2727 Concilii
2901 2668 3020 2727 acta
3071 2671 3374 2728 Normanni
3422 2679 3477 2728 et
3551 2669 3831 2726 Robertus

2222 2765 2556 2823 Guiscardus
2594 2765 3051 2822 excommunicati
3108 2764 3346 2822 fuerunt.
3395 2765 3583 2821 Soluto
3636 2764 3826 2836 itaque

2220 2860 2483 2930 Concilio,
2539 2868 2593 2915 et
2638 2860 2990 2916 redeuntibus
3029 2859 3099 2915 ad
3146 2859 3369 2931 propria
3430 2859 3666 2925 caeteris,
3721 2859 3819 2931 qui

2226 2953 2443 3011 fuerant
2452 2955 2756 3023 convocati,
2774 2954 3065 3011 Guibertus
3084 2953 3513 3009 Ravennatensis
3532 2969 3659 3009 cum
3677 2954 3821 3025 Papa

2220 3048 2514 3120 Gregorio,
2553 3048 2608 3102 in
2637 3048 2782 3115 dolo,
2816 3056 3007 3120 utpote
3044 3048 3136 3120 qui
3184 3047 3251 3104 ad
3278 3051 3545 3119 Papatum
3591 3047 3705 3119 jam
3734 3063 3832 3102 an-

515 3137 774 3205 temovit,
818 3138 1102 3209 Synodum
1140 3153 1271 3195 vero
1314 3139 1373 3194 in
1419 3138 1640 3211 regione
1677 3140 1790 3213 ipsa
1838 3142 2113 3199 celebrare
2151 3152 2194 3216 ρ
2224 3142 2461 3209 helabat,
2492 3142 2774 3197 remansit.
2832 3145 2901 3198 Et
2934 3142 3194 3214 quoniam
3242 3141 3666 3215 uniuscujusque
3695 3156 3826 3214 pro-

513 3230 732 3301 Legatis
756 3245 1104 3303 nequaquam
1157 3231 1444 3302 permisit;
1505 3233 1749 3306 allegans
1797 3251 1892 3307 per
1921 3238 2122 3292 Lema~

517 3338 641 3380 rum
693 3321 835 3395 (138)
875 3326 1226 3382 Bremensem
1276 3327 1625 3399 Episcopum,
1680 3328 1821 3386 vices
1883 3331 2124 3387 Romani

516 3416 793 3473 Pontiﬁcis
848 3418 1172 3492 Moguntino
1229 3420 1660 3496 Archiepiscopo
1705 3424 1760 3479 in
1802 3424 2121 3493 Germania,

510 3511 651 3569 sicut
678 3511 734 3569 in
756 3514 991 3586 antiquis
1026 3515 1282 3573 Ecclesia:
1303 3531 1419 3573 suae
1456 3518 1740 3590 privilegiis
1792 3520 2119 3590 continetur,

516 3620 635 3663 esse
701 3623 1008 3665 concessas.
1056 3610 1157 3665 Cui
1226 3611 1413 3682 Legati
1464 3610 1615 3667 Sedis
1656 3613 1990 3682 Apostolicze
2040 3615 2121 3670 sic

513 3699 916 3770 responderunt
967 3719 982 3757 :
1031 3704 1113 3758 De
1181 3702 1496 3775 Legationis
1546 3704 1725 3760 ofﬁcio
1790 3706 2121 3765 Venerabilis

515 3792 721 3851 Fratris
764 3802 978 3849 certum
1006 3793 1102 3849 tibi
1140 3810 1257 3851 esse
1296 3796 1476 3864 debet,
1512 3798 1660 3870 quod
1698 3814 1882 3873 neque
1927 3809 2114 3857 aucto-

517 3886 646 3942 ritas
688 3887 949 3944 canonica
1004 3904 1181 3961 neque
1224 3905 1346 3945 mos
1404 3891 1793 3949 ecclesiasticus
1829 3893 2011 3961 habet,
2060 3903 2120 3951 ut

522 3979 665 4035 ultra
703 3981 922 4037 obitum
969 3981 1085 4053 ejus
1127 3983 1218 4055 qui
1268 3983 1495 4041 dederat
1542 3986 1781 4042 Romani
1837 3987 2118 4045 Pontiﬁcis

518 4074 898 4148 protendatur.
920 4077 1189 4133 Praeterea
1208 4077 1348 4133 sicut
1368 4078 1421 4133 in
1464 4079 1704 4151 quodam
1732 4080 1890 4152 primi
1917 4083 2118 4139 Leonis

580 4288 730 4364 (136)
760 4287 845 4364 D_e
890 4284 991 4341 hac
1039 4286 1534 4364 Senonicumdtls.
1579 4288 1910 4364 Chronicon,
1941 4308 2114 4364 usque

512 4353 581 4411 ad
604 4355 774 4431 ﬁnem
801 4355 914 4414 fere
939 4357 1121 4431 seaculi
1146 4374 1240 4415 xu
1270 4359 1599 4431 pertingens,
1627 4361 1700 4415 ita
1727 4353 1921 4419 habet:
1956 4353 2113 4420 Anno

512 4430 730 4503 gemini
753 4432 886 4483 1609
936 4430 1119 4503 Agnes
1143 4430 1493 4503 Imperatrim,
1540 4434 1715 4488 Mater
1737 4437 1896 4503 Regis
1926 4437 1994 4491 Η.
2027 4440 2109 4490 tae-

513 4499 603 4573 dio
631 4501 858 4567 affecta,
874 4502 959 4555 vel
973 4503 1155 4571 potius
1178 4502 1443 4557 divinitus
1480 4499 2109 4573 compunctafbucatum

2235 3236 2416 3307 prium
2440 3236 2578 3292 solet
2602 3251 2752 3303 esse,
2779 3243 2840 3291 ut
2890 3237 3064 3308 qualis
3094 3236 3208 3308 ipse
3244 3236 3430 3307 fuerit,
3466 3236 3599 3291 tales
3639 3235 3739 3291 sibi
3767 3243 3827 3290 et

2232 3329 2365 3386 alios
2412 3330 2667 3403 conjungi
2711 3329 2863 3400 velit,
2911 3346 3284 3404 quoscumque
3323 3330 3378 3385 in
3414 3333 3596 3386 Roma
3626 3328 3834 3385 facino-

2231 3441 2388 3481 rosos
2411 3433 2464 3480 et
2489 3424 2825 3481 adversarios
2866 3425 3111 3482 Pontiﬁci
3136 3426 3367 3497 reperit,
3406 3424 3723 3481 muneribus
3744 3424 3830 3480 vel

2231 3519 2513 3590 promissis
2542 3517 2865 3575 favorabiles
2908 3519 3011 3575 sibi
3041 3528 3096 3575 et
3126 3520 3339 3591 juratos
3369 3517 3545 3574 facere
3573 3517 3782 3574 studuit
3807 3535 3824 3574 :

2230 3612 2369 3669 inter
2415 3629 2552 3686 quos
2600 3613 2757 3669 illum
2802 3613 3280 3670 sceleratissimum
3336 3613 3515 3668 virum
3545 3613 3823 3680 Centium,

2231 3706 2477 3763 Praefecti
2524 3707 2783 3779 Stephani
2834 3707 3031 3778 ﬁlium,
3062 3707 3133 3764 de
3163 3724 3272 3779 quo
3318 3723 3483 3780 supra
3516 3708 3659 3779 (143)
3692 3705 3824 3761 feci-

2229 3816 2355 3857 mus
2374 3800 2715 3857 mentionem
2744 3802 2983 3858 amicum
3028 3811 3082 3857 et
3122 3801 3484 3858 secretarium
3509 3800 3825 3872 acquisivit,

2227 3904 2429 3951 etcum
2458 3911 2524 3951 eo
2546 3903 2736 3952 contra
2757 3898 2978 3952 Patrem
3003 3911 3165 3953 suum
3206 3896 3460 3968 nequiter
3488 3910 3545 3950 se
3575 3894 3825 3951 armavit.

2225 3990 2332 4046 Hic
2361 3991 2501 4046 inter
2528 3990 2653 4059 alia,
2690 4006 2811 4063 quae
2853 3990 3072 4064 impune
3100 3988 3302 4046 fecerat
3347 3991 3513 4057 mala,
3548 3989 3822 4045 excelsam

2224 4084 2421 4142 turrim
2458 4101 2619 4157 supra
2661 4093 2886 4158 pontem
2941 4086 2996 4141 S.
3049 4085 3194 4141 Petri
3249 4091 3648 4152 construxerat,
3697 4090 3748 4137 et
3796 4098 3829 4138 a

2222 4294 2428 4377 deinde
2454 4295 2683 4377 legimus
2700 4294 2751 4350 in
2779 4294 2996 4377 Synodo
3032 4297 3568 4377 Roman..an.1_075.

2296 4369 2435 4432 (139)
2466 4366 2775 4435 Capitulum
2814 4366 2961 4422 istud
3000 4366 3241 4423 necdum
3278 4366 3474 4422 inveni.

2291 4439 2435 4508 (140)
2496 4435 2707 4491 Bullam
2742 4439 2941 4493 Leonis
2980 4441 3062 4494 IX
3108 4438 3385 4494 Hartwico
3438 4437 3825 4507 Bambergensi

2218 4508 2447 4563 Pallium
2472 4508 2836 4577 concedentis,
2882 4511 3075 4566 intuitu
3102 4511 3397 4566 Clementis
3427 4514 3473 4566 ll
3505 4519 3557 4565 et
3581 4512 3639 4566 S.
3673 4514 3829 4566 Hen-

512 4572 757 4627 Bavarice
809 4573 1114 4653 deposuit;
1141 4578 1196 4628 et
1223 4576 1420 4653 _Regni
1493 4571 1848 4653 gubernacula
1894 4582 2115 4653 penitus
2145 4571 2194 4632 D
2222 4580 2317 4653 rici
2358 4580 2701 4653 imperatoris
2748 4571 2957 4638 ibidem
2989 4582 3393 4653 quiescentium
3418 4624 3431 4646 ,
3475 4582 3730 4639 dedimus
3772 4583 3831 4638 in

582 4657 767 4720 ernens
792 4660 892 4720 pro
941 4646 1168 4720 Christo,
1216 4648 1461 4720 Romam,
1494 4663 1548 4704 se
1600 4648 1823 4705 contulit
1875 4646 1916 4701 .·’
1938 4652 2120 4720 ibique

557 4714 696 4781 ignis
714 4717 1047 4783 paenitentia:
1086 4717 1357 4784 fructibus
1386 4719 1527 4773 mira
1564 4721 1862 4775 inserviens
1898 4714 2122 4775 humili-

511 4789 637 4851 tate,
662 4790 786 4854 post
821 4788 1029 4856 aliquot
1055 4804 1223 4843 annos
1253 4792 1558 4845 in‘Domino
1612 4794 1888 4859 migravit,
1922 4793 2125 4848 scilicet

508 4871 601 4932 an.
630 4862 792 4922 1077,
810 4866 869 4913 ut
881 4866 1095 4932 constat
1108 4876 1172 4932 ex
1192 4861 1504 4931 Epitaphio,
1527 4861 1673 4932 apud
1700 4863 2016 4932 Baronium.
2046 4867 2122 4919 Ex

514 4926 702 4985 labore
729 4938 913 5006 autem
940 4930 1100 5006 hujus
1145 4926 1429 5006 legationis
1470 4926 1579 5006 pro
1615 4931 1753 5006 Sede
1800 4934 2120 5006 Apostolica

511 5006 777 5074 susceptae
832 5000 1087 5074 intellige,
1134 5000 1299 5071 quam
1341 5000 1654 5074 ejus—fuerit
1692 5000 1954 5062 studiosa.
2004 5008 2119 5062 Res

513 5069 629 5143 ipsa
669 5069 1319 5143 'adscribitur'anflou.

582 5142 730 5216 (137)
760 5144 1022 5216 Cumanae
1054 5145 1338 5213 Ecclesiae,
1368 5152 1493 5201 ante
1527 5144 1695 5202 ﬁnem
1732 5148 1900 5204 seculi
1930 5154 1995 5203 13
2026 5164 2114 5205 ex-

511 5212 843 5288 tinctze,ivix
863 5230 958 5271 sex
996 5215 1305 5288 Episcopos.
1328 5216 1500 5288 potuit
1545 5218 1827 5275 nominare
1850 5219 2114 5288 Ughellus

507 5292 553 5339 t.
584 5288 661 5341 VI
716 5285 885 5362 Italia:
937 5301 1109 5342 sacrae
1150 5306 1165 5340 :
1198 5285 1373 5358 habes
1400 5287 1489 5343 hic
1518 5304 1683 5362 quem
1718 5290 1787 5348 iis
1825 5285 1991 5348 addas
2018 5309 2113 5362 pro

508 5369 591 5433 an.
626 5362 785 5433 1074.
820 5361 881 5433 β.
909 5365 1047 5433 puto
1076 5362 1386 5433 Rogerium,
1440 5360 1749 5433 Robertum,
1786 5360 2108 5433 Rolandum,

509 5373 581 5410 an
626 5373 785 5411 1074.
820 5373 881 5413 u.
909 5373 1047 5482 puto
1076 5373 1386 5427 rtogemum,
1440 5373 1749 5426 uooertum,
1786 5373 2108 5433 notandum,

509 5425 757 5508 yelquid
799 5427 921 5508 siml
948 5442 977 5483 e
1009 5449 1023 5483 :
1056 5428 1292 5508 aliorum
1340 5432 1651 5508 nominum,
1680 5433 1960 5508 Asimiliter
2018 5451 2113 5508 per

506 5497 773 5574 initialem
799 5497 1037 5574 litteram
1078 5499 1410 5574 scriptorum
1474 5518 1507 5559 a
1541 5497 1751 5573 Centio,
1805 5502 1962 5567 fucile
2006 5497 2113 5563 fuit

510 5567 760 5639 supplere
807 5567 1106 5627 defectum.

578 5640 725 5707 (138)
751 5642 1065 5697 Leimarum
1092 5646 1365 5700 Buvarum
1397 5653 1555 5700 vocat
1581 5645 1833 5704 Albertus
1868 5648 2105 5705 Staden-

507 5711 898 5796 sisLdocetque
921 5714 1147 5796 Alberto
1187 5714 1485 5796 suffectum
1507 5734 1599 5796 an.
1654 5724 1810 5796 1011
1834 5721 1992 5796 annis
2037 5728 2107 5778 30

504 5752 1164 5859 ῖὲἩεῖεέἶνᾷἲιῖἑεῖἵῖϊῖ,
1187 5752 1621 5857 ἶῒὶξέῒῗυῖἓὶ,
1653 5752 1811 5847 alii;
1819 5752 2104 5850 ιῗέιὲῗηὲζ

505 5852 848 5917 successerit.
898 5857 1035 5931 Ejus
1063 5852 1686 5921 echmmunicationem
1712 5863 2101 5924 conﬁrmatam

2234 4651 2601 4736 Chronologia
2630 4653 2913 4736 Pontilicia
2942 4651 3169 4736 agentes
3216 4653 3287 4736 de
3346 4654 3626 4736 Clemente
3676 4656 3819 4736 isto:

2235 4736 2397 4791 quam
2448 4732 2627 4779 tamen
2664 4726 2719 4780 in
2756 4725 3067 4797 Append‘ice
3103 4725 3173 4781 ad
3213 4725 3392 4797 ipsum
3418 4728 3662 4781 Leonem
3692 4726 3827 4781 fate—

2233 4808 2359 4848 mur
2391 4810 2515 4880 “non
2560 4810 2675 4880 esse
2732 4810 3120 4880 usquequaque
3157 4798 3444 4880 sinceram.
3490 4798 3697 4853 Veritas
3748 4806 3827 4852 ta-

2232 4879 2361 4922 men
2388 4865 2513 4920 facti
2542 4884 2607 4922 ex
2629 4869 2733 4924 hoc
2760 4865 2937 4925 Céntii
2961 4865 3080 4926 loco
3125 4870 3501 4925 conﬁrmatur.

2305 4938 2444 5007 (141)
2480 4939 2599 4993 Otto
2652 4939 2739 4994 hic
2775 4938 2894 5006 fuit,
2936 4940 3003 4997 de
3048 4955 3155 5007 quo
3194 4940 3502 4996 Chronicon
3562 4940 3825 4996 Constan-

2230 5007 2403 5089 tiense
2429 5007 2636 5092 editum
2670 5026 2699 5063 a
2728 5011 2968 5091 .Pistorio
3006 5007 3083 5067 ad
3111 5027 3238 5092 ann.
3292 5016 3445 5092 1.07:9,
3497 5010 3825 5092 quodﬁenf

2226 5078 2388 5141 ricus,
2419 5078 2555 5136 dum
2576 5081 2900 5152 praeciperet
2922 5098 3047 5139 eum
3079 5078 3562 5149 ordinari,diXerit
3591 5100 3604 5137 :
3635 5084 3823 5139 Noluit

2231 5152 2524 5221 Collegium
2554 5152 2953 5208 Constantiense
2989 5156 3277 5211 Prcesulem
3308 5155 3578 5220 idoneum,
3603 5157 3825 5224 capiant

2225 5226 2398 5294 igitur
2424 5225 2564 5278 hunc
2588 5225 2817 5279 stultum
2842 5227 3093 5281 Ottonem
3123 5230 3179 5281 in
3210 5229 3551 5295 Episcopum.

2296 5299 2446 5369 (142)
2489 5295 2711 5369 Nicolao
2755 5296 3059 5369 prmteritus
3114 5300 3228 5354 Azo
3269 5297 3532 5369 Maranga,
3580 5295 3818 5353 adfuisse

2222 5364 2433 5422 videtur
2457 5364 2962 5424 o‘ccasioneincesti
3010 5370 3092 5425 sui
3140 5366 3481 5424 matrimonii
3541 5384 3669 5424 cum
3710 5371 3822 5423 Ma-

2219 5435 2407 5512 thilde,
2435 5454 2547 5512 n_on_
2574 5436 2665 5493 illa
2692 5438 2903 5512 famosa
2928 5439 3331 5512 Comitissahic
3354 5438 3661 5510 nominata,
3694 5455 3821 5512 qua

2218 5514 2347 5583 tunc
2395 5508 2630 5583 habebat
2663 5581 2674 5583 _
2709 5511 2973 5568 maritum
3042 5509 3403 5570 Godefridum
3446 5508 3819 5583 Lotharingiaa

2217 5582 2449 5665 Queen},
2478 5581 2612 5665 licet.
2638 5581 2957 5665 thoro.ejus
3001 5598 3282 5665 nunquam
3336 5598 3462 5665 usa;
3491 5585 3588 5665 sed
3626 5581 3818 5665 sorore

2216 5650 2766 5735 GuiljelmiEpiscopi
2790 5650 3086 5728 Papiensis,
3134 5650 3192 5710 in
3212 5662 3404 5728 quarto
3433 5650 3605 5730 gradu
3629 5656 3814 5730 ipsum

2214 5732 2580 5797 contingente.
2978 5795 2985 5797 _
3098 5776 3103 5781 .

2202 5814 2246 5898 Ἀ
2260 5795 2434 5898 ..εὶίίὲιὶ
2464 5795 3080 5898 ἓξῗῗηδὲυἰεὲἱηθὲἒέ
3096 5797 3417 5898 ᾳΑὲθῖεδηάτί
3449 5799 3813 5898 Primae”?

2210 5867 2347 5925 Acta
2364 5867 2435 5925 ab
2463 5867 2655 5926 eodem
2678 5867 2917 5943 Auctore
2951 5869 3149 5944 scripta
3162 5869 3373 5929 fuisse.
3444 5880 3449 5881 ί
