4122 6180
284 301 391 355 li?

1273 295 1798 385 PROLEGOMENA.
1840 325 1910 339 —-
1947 297 2124 355 ACTA
2163 298 2220 355 S.
2260 299 2603 356 GREGORII.

3487 303 3591 358 118

277 422 689 481 transeuntibus
710 422 777 478 de
807 436 952 478 novo
984 421 1261 479 Pedatiam
1292 429 1440 493 (144)
1478 424 1680 497 jugiter
1705 433 1885 480 extor-
1916 429 1967 491 Α
1995 440 2089 481 nes
2115 425 2220 480 sibi
2250 441 2359 482 non
2389 426 2565 497 potuit
2588 424 2897 497 subjugare,
2929 428 3049 481 Rex
3088 433 3374 496 tamquam
3414 424 3585 482 victo-

274 520 495 592 quebat.
528 518 654 585 Hic,
698 520 814 572 Deo
862 526 915 573 et
962 516 1271 575 hominibus
1320 519 1561 584 odiosus,
1613 520 1666 574 in
1706 535 1881 575 sacra-

274 615 485 671 tissima
516 621 678 669 nocte
716 610 1019 669 Nativitatis
1061 614 1298 682 Domini,
1330 614 1507 685 ipsum
1547 614 1744 670 Christi
1778 613 1879 681 ,Vi-

275 710 485 766 cerium
542 708 841 762 Dominum
897 707 1228 779 Gregorium
1282 712 1483 780 Papam
1510 750 1523 775 ,
1588 708 1878 764 Missarum

274 803 517 860 solennia
546 802 947 869 celebrantem,
976 802 1044 856 ab
1080 802 1234 857 altari
1275 812 1479 859 sanctae
1507 803 1608 858 Dei
1646 803 1878 859 Genitri-

276 900 379 965 eis,
407 896 552 969 quod
578 896 775 951 dicitur
812 895 880 951 ad
910 897 1182 969 Praesepe,
1216 913 1348 952 ausu
1376 898 1633 969 sacrilego
1663 899 1839 969 rapuit
1863 899 1875 951 !

276 1001 333 1047 et
364 1008 494 1047 cum
537 991 644 1046 suis
670 990 1027 1061 complicibus
1074 991 1140 1046 ad
1191 992 1508 1063 prmdictam
1535 993 1729 1047 turrim
1766 992 1876 1046 vio-

272 1087 457 1143 lenter
474 1094 753 1155 asportare
785 1085 1164 1157 praesumpsit.
1198 1086 1365 1142 Unde
1401 1087 1737 1142 universitas
1768 1092 1878 1143 Ro-

270 1197 571 1237 manorum
600 1180 656 1235 in
682 1181 761 1235 ira
806 1196 902 1252 pro
945 1181 1218 1236 invasione
1264 1182 1346 1235 sui
1399 1181 1677 1237 Pontiﬁcis
1719 1182 1877 1237 vehe-

269 1285 492 1332 menter
526 1279 747 1343 exarsit,
776 1283 829 1329 et
859 1276 913 1328 in
956 1275 1143 1330 eadem
1176 1286 1337 1331 nocte
1373 1276 1551 1346 ipsum
1598 1277 1653 1330 in
1687 1276 1875 1331 eadem

269 1371 407 1425 turri
434 1369 681 1425 distriete
708 1368 939 1425 obsedit.
976 1372 1132 1425 Mane
1161 1377 1343 1425 autem
1366 1364 1514 1425 facto
1541 1370 1798 1437 Romani,
1823 1381 1877 1426 et

270 1464 470 1520 turrim
507 1463 754 1519 funditus
781 1464 1189 1532 destruxerunt,
1242 1472 1292 1519 et
1331 1464 1511 1535 ipsum
1549 1465 1872 1536 sacrilegum

266 1558 523 1614 atrociter
550 1558 933 1625 trucidassent,
968 1558 1068 1613 nisi
1098 1573 1225 1613 eum
1252 1559 1379 1613 boni
1434 1559 1675 1629 Magistri
1719 1559 1875 1614 disci-

264 1654 427 1725 pulus
455 1655 660 1708 Beatus
689 1652 931 1709 Pontifex
960 1668 1023 1706 ex
1055 1653 1250 1708 mortis
1281 1653 1519 1724 periculo
1568 1653 1866 1709 liberasset.

266 1750 390 1821 Quo
429 1747 600 1815 facto,
621 1748 989 1803 celebraturus
1025 1763 1153 1802 cum
1189 1748 1468 1803 Fratribus
1492 1791 1506 1813 ,
1538 1756 1592 1803 et
1616 1748 1735 1803 aliis
1765 1751 1866 1803 Ec-

262 1842 450 1898 clesia:
480 1842 733 1897 ﬁdelibus
760 1843 829 1898 de
858 1858 1009 1897 more
1037 1842 1361 1907 convivium,
1393 1843 1461 1898 ad
1506 1846 1868 1898 Lateranense

263 1938 533 2009 palatium
560 1937 841 1992 remeavit.
876 1940 935 1991 In
974 1937 1209 1993 secunda
1242 1952 1370 1993 vero
1400 1937 1485 1993 die
1514 1946 1637 2009 post
1665 1938 1871 1993 Pascha

261 2032 502 2104 populus
545 2034 831 2087 Romanus
863 2031 1116 2087 eumdem
1148 2033 1401 2088 Gentium
1450 2048 1576 2088 cum
1619 2033 1871 2087 omnibus

261 2126 375 2181 suis
401 2126 763 2197 complicibus
800 2125 855 2180 in
901 2126 1064 2181 rebus
1104 2127 1335 2197 propriis
1381 2126 1781 2193 condemnavit,
1818 2136 1870 2183 et

260 2221 314 2275 in
343 2228 677 2292 perpetuum
706 2219 775 2275 ab
801 2220 937 2275 urbe
962 2223 1210 2275 Romana
1239 2221 1488 2277 exclusit.

334 2324 387 2369 4.
444 2317 578 2370 Post
600 2314 723 2371 hac
768 2323 950 2369 autem
979 2314 1316 2386 supradictus
1363 2316 1656 2371 Guibertus
1701 2316 1868 2372 lieenc

258 2411 397 2465 tiam
422 2409 735 2465 revertendi
767 2413 1085 2465 Ravennam
1130 2425 1160 2464 a
1200 2410 1444 2465 Domino
1472 2411 1737 2482 Gregorio
1766 2412 1866 2467 do-

260 2504 374 2559 lose
432 2503 662 2576 petivit,
731 2510 997 2575 quatenus
1050 2519 1177 2559 eum
1250 2503 1445 2559 laedere
1509 2506 1869 2576 opportunius

259 2606 485 2671 posset,
539 2614 703 2669 quem
748 2596 1117 2654 fraudulenter
1161 2614 1219 2654 se
1265 2598 1483 2669 diligere
1528 2600 1865 2656 ostendebat.

262 2696 401 2750 Nam
451 2693 549 2749 ubi
594 2696 913 2749 Ravennam
948 2692 1484 2765 devenit,postposito
1556 2695 1868 2765 juramento

258 2788 409 2859 quod
434 2790 495 2843 in
521 2788 929 2843 consecratione
963 2803 1058 2843 sua
1096 2788 1404 2844 Alexandro
1435 2790 1596 2859 Papae
1642 2787 1867 2861 ejusque

259 2883 671 2939 successoribus
699 2880 920 2949 fecerat,
946 2898 1071 2937 cum
1109 2881 1424 2937 Tbeobaldo
1452 2882 1865 2951 Mediolanensi,

258 2988 313 3033 et
338 2978 460 3033 aliis
489 2977 777 3033 cervicosis
816 2977 1099 3048 Episcopis
1130 2977 1476 3033 Lombardize
1516 2977 1866 3049 conspiravit,

256 3080 421 3145 atque
464 3073 739 3127 adversus
769 3075 1051 3127 Pastorem
1091 3087 1254 3126 suum
1292 3073 1501 3127 occulte
1547 3072 1869 3128 seditionem

1992 522 2170 575 riosus
2193 520 2246 574 in
2272 522 2551 575 Franciam
2582 526 2729 587 (I45)
2764 520 3047 578 remeavit.
3079 520 3275 577 Statim
3321 520 3590 577 immensa

1992 615 2384 686 Episcoporum
2432 615 2782 671 multitudine
2814 620 3129 684 conrocata,
3174 631 3287 671 non
3318 616 3429 688 egit
3467 631 3586 688 gra-

1990 710 2092 765 tias
2124 714 2239 764 Deo
2275 725 2376 781 pro
2404 709 2596 780 adepta
2643 710 2891 777 victoria,
2921 710 3016 765 sed
3052 710 3326 765 elevatum
3355 719 3439 767 est
3490 726 3592 766 cor

1989 805 2123 875 ejus,
2151 811 2206 858 et
2234 819 2291 859 se
2321 820 2483 875 super
2509 820 2565 859 se
2589 805 2750 859 nimis
2775 804 3059 871 extollms,
3100 804 3156 859 in
3179 812 3388 860 tantam
3420 804 3584 861 auda-

1987 899 2125 954 ciam
2156 899 2537 970 vcsaniamque
2567 900 2842 970 prorupit,
2889 907 2950 953 ut
2986 902 3206 954 Patrem
3240 914 3403 955 suum
3451 900 3584 956 Gre-

1988 995 2197 1066 gorium
2233 996 2452 1065 Papam,
2501 994 2590 1064 qui
2636 992 2823 1049 sedem
2870 993 3243 1063 Apostolieam
3278 1009 3374 1065 per
3416 994 3581 1049 trien-

1987 1088 2138 1143 nium
2168 1089 2219 1142 in
2266 1104 2392 1159 pace
2428 1096 2695 1155 tenuerat,
2730 1088 3024 1159 impiorum
3063 1087 3291 1143 consilio
3332 1088 3583 1144 abdicare

1987 1184 2351 1255 praesumpsit,
2394 1192 2448 1237 et
2475 1184 2542 1238 ab
2582 1183 2821 1239 Ecclesia
2854 1189 3123 1254 quantum
3158 1182 3212 1236 in
3250 1198 3313 1237 eo
3355 1181 3457 1238 fuit
3484 1200 3581 1239 ex-

1986 1278 2182 1349 pellere
2215 1293 2439 1349 operam
2468 1286 2523 1333 et
2563 1277 2804 1333 studium
2844 1292 2944 1348 pro
2989 1276 3191 1332 viribus
3227 1282 3373 1343 (I46)
3407 1276 3578 1333 dedit.

1985 1373 2237 1427 Decrevit
2291 1372 2454 1427 etiam
2516 1373 2851 1443 ﬁrmiterque
2916 1370 3236 1439 constituit,
3297 1378 3360 1425 ut
3402 1370 3586 1426 nullus

1983 1468 2235 1538 deinceps
2272 1467 2565 1539 Episcopus
2589 1510 2604 1535 ,
2648 1468 2731 1521 vel
2772 1467 2987 1534 Abbas,
3032 1480 3127 1521 seu
3169 1468 3318 1534 Dux,
3359 1472 3455 1519 aut
3484 1464 3585 1520 alia

1985 1562 2294 1635 principalis
2323 1577 2572 1633 persona,
2602 1560 2783 1617 eidem
2813 1561 3080 1633 Gregorio
3105 1568 3386 1632 tamquam
3424 1563 3585 1633 Papae

1984 1657 2322 1728 aliquatenus
2354 1656 2581 1712 obedire
2598 1656 2844 1712 deberet.

2053 1758 2104 1807 5.
2138 1754 2216 1807 Ut
2242 1759 2422 1806 autem
2453 1752 2590 1806 hanc
2627 1749 2983 1822 perniciosam
3014 1748 3422 1819 dispositionem
3454 1761 3581 1818 pos-

1980 1853 2064 1901 set
2090 1842 2383 1900 efﬁcaciter
2410 1845 2722 1915 adimplere,
2759 1843 3052 1915 quemdam
3095 1842 3404 1898 Rolandum
3454 1843 3584 1896 Par-

1981 1956 2248 2007 mensem,
2278 1940 2655 1995 detestabilem
2691 1939 2979 2003 Clericum,
3007 1945 3061 1993 et
3085 1936 3220 1992 alios
3257 1936 3583 1991 execrabiles

1981 2036 2157 2103 viros,
2209 2050 2333 2091 cum
2367 2035 2553 2091 litteris
2582 2035 2691 2090 suis
2740 2037 2980 2089 Romam
3027 2031 3347 2099 transmisit,
3396 2037 3583 2102 quate-

1979 2147 2082 2185 nus
2121 2146 2338 2185 causam
2382 2130 2550 2199 ipsam
2584 2127 2841 2183 vivaciter
2885 2135 2939 2183 et
2988 2125 3253 2197 intrepide
3294 2139 3581 2197 prosequeo'

1978 2233 2183 2280 rentur.
2210 2225 2336 2294 Qui,
2359 2223 2559 2279 nefaria
2586 2223 2853 2294 legatione
2903 2229 3173 2292 suscepta,
3202 2226 3583 2292 processerunt

1979 2335 2152 2389 usque
2182 2318 2249 2373 ad
2300 2319 2509 2375 Urbem
2552 2335 2565 2371 :
2599 2326 2656 2373 et
2681 2317 2954 2371 venientes
2991 2315 3059 2371 ad
3098 2315 3419 2371 Pontiﬁcem
3447 2322 3580 2369 tunc

1978 2413 2032 2468 in
2063 2414 2281 2485 Synodo
2310 2412 2633 2468 residentem
2656 2454 2669 2478 ,
2703 2411 2756 2465 in
2797 2410 2988 2482 primis
3017 2409 3180 2482 Regis
3219 2409 3421 2464 litteras
3450 2421 3583 2479 prat~

1978 2516 2298 2573 sentarunt,
2348 2516 2401 2562 et
2444 2514 2839 2578 consequenter
2889 2519 2982 2576 per
3023 2519 3086 2559 os
3130 2502 3300 2575 ipsius
3344 2502 3579 2558 Rolandi

1980 2618 2108 2657 eum
2138 2602 2308 2656 nimio
2340 2601 2478 2656 fastu
2508 2610 2563 2655 et
2592 2599 2955 2666 contumacia,
2981 2598 3149 2654 locuti
3178 2606 3311 2654 sunt
3348 2597 3403 2651 in
3430 2597 3577 2652 hunc

1980 2695 2212 2750 modum
2243 2717 2255 2751 :
2291 2695 2441 2749 Misit
2467 2711 2568 2749 nos
2608 2694 2878 2750 Dominus
2911 2700 3099 2749 noster
3139 2692 3409 2748 Henricus
3438 2694 3578 2757 Rex,

1980 2790 2048 2844 de
2074 2790 2298 2844 consilio
2330 2791 2729 2860 Episcoporum
2773 2803 2999 2843 suorum
3030 2795 3084 2842 et
3142 2786 3475 2857 Principum,
3522 2793 3584 2841 ut

1979 2899 2038 2938 ea
2065 2898 2187 2953 quae
2215 2883 2424 2936 noviter
2452 2882 2519 2938 de
2547 2890 2691 2937 statu
2728 2880 2986 2936 Ecclesiae
3031 2881 3240 2935 censuit
3281 2888 3335 2934 et
3376 2880 3580 2935 irrevoo

1976 2976 2214 3032 eabiliter
2261 2977 2447 3032 statuit
2508 2975 2660 3029 vobis
2715 2974 2924 3046 publice
2988 2974 3458 3036 demonstremus,
3526 2980 3579 3027 et

1979 3069 2272 3126 efﬁcaciter
2302 3086 2715 3143 prosequamur.
2750 3069 2885 3124 Inde
2927 3076 3007 3123 est
3033 3067 3182 3139 quod
3210 3066 3578 3139 prmeipimus,

255 3168 523 3223 exercuit.
577 3166 737 3222 Unde
782 3164 989 3221 factum
1038 3174 1120 3221 est
1165 3168 1309 3236 quod
1368 3168 1659 3238 expeditio,
1700 3183 1863 3238 quam
1901 3184 1943 3245 ρ
1980 3176 2033 3221 et
2057 3181 2118 3221 ex
2149 3166 2469 3221 auctoritate
2498 3164 2661 3237 Regis
2703 3161 3063 3235 praecipiendo
3110 3161 3440 3218 mandamus
3483 3160 3580 3216 tibi

256 3260 515 3318 Pontifex
568 3275 664 3331 per
712 3263 921 3315 Ducem
971 3258 1319 3317 Gotifredum
1373 3261 1592 3333 ejusque
1635 3276 1859 3316 uxorem

257 3357 531 3411 illustrem
559 3354 903 3410 Comitissam
937 3354 1217 3410 Matildam
1254 3363 1416 3426 atque
1446 3356 1579 3411 alios
1607 3356 1856 3425 Nobiles,

256 3459 448 3506 contra
499 3452 849 3505 Normannos
879 3458 930 3504 et
974 3460 1201 3506 ceteros
1248 3449 1495 3505 Ecclesia:
1545 3451 1744 3515 hostes,
1795 3450 1860 3506 de

254 3544 601 3601 Lombardia
645 3545 1005 3613 excitaverat,
1065 3545 1117 3598 in
1172 3544 1557 3599 detrimentum
1604 3545 1859 3600 Ecclesiae

255 3640 557 3696 disturbata
608 3645 689 3694 est
712 3648 871 3711 atque
906 3639 1138 3710 dirupta.
1187 3643 1285 3693 Per
1316 3641 1604 3710 Hugonem
1645 3655 1861 3709 quoque.

254 3733 594 3801 Candidum,
631 3736 833 3804 Regem
866 3734 1162 3787 Henricum
1193 3742 1245 3787 et
1274 3734 1576 3789 Robertum
1606 3734 1856 3789 Guiscar-

256 3829 392 3885 dum
422 3836 612 3884 contra
656 3826 911 3882 eumdem
941 3826 1262 3883 Pontiﬁcem
1295 3827 1616 3883 omnimodo
1656 3828 1863 3883 studuit

260 3924 539 3992 instigare.
586 3924 725 3978 sicut
756 3922 836 3977 vir
864 3922 1192 3993 apostaticus
1232 3923 1382 3976 omni
1414 3922 1539 3977 dolo
1571 3931 1623 3977 et
1663 3922 1861 3976 malitia

259 4018 493 4087 plenus,
525 4017 609 4086 qui
646 4018 759 4087 jam
804 4016 1044 4071 secundo
1092 4015 1165 4071 ad
1195 4016 1523 4087 apostasiam
1554 4015 1727 4070 redire
1770 4032 1861 4071 ne-

260 4126 538 4183 quaquam
569 4111 802 4165 erubuit.
841 4110 1043 4165 Eodem
1075 4119 1319 4181 tempore
1352 4111 1629 4164 'Dominus
1656 4110 1861 4181 Grego-

261 4206 372 4271 rius
403 4206 551 4260 circa
586 4206 823 4260 mediam
865 4205 1345 4278 Quadragesimam
1375 4204 1679 4260 Concilium
1724 4205 1859 4259 cele-

261 4300 457 4365 bravit,
489 4300 543 4355 in
573 4316 681 4370 quo
720 4300 1077 4371 saepedictum
1109 4300 1462 4368 Guibertum,
1495 4300 1621 4369 quia
1653 4308 1871 4356 vocatus

258 4396 439 4451 venire
488 4395 857 4465 contempsit,
889 4394 957 4449 ab
1004 4394 1306 4465 Episcopali
1352 4393 1530 4448 ofﬁcio
1593 4402 1871 4466 tamquam

260 4490 854 4563 periurumsuspendit,
875 4497 925 4543 et
943 4489 1196 4543 eumdem
1220 4491 1511 4560 Hugouem
1545 4489 1868 4555 Candidum,

1974 3261 2259 3332 Gregorio,
2295 3268 2354 3315 ut
2382 3260 2448 3316 de
2488 3258 2801 3330 Apostolica
2828 3257 2969 3314 Sede
3007 3258 3122 3313 sine
3151 3272 3311 3312 mora
3354 3254 3581 3312 descen-

1973 3354 2089 3421 das,
2136 3363 2189 3409 et
2216 3354 2416 3409 amodo
2446 3352 2516 3408 de
2547 3355 2777 3423 Papatu,
2809 3353 2951 3408 sicut
2981 3351 3144 3406 vitam
3175 3359 3329 3406 tuam
3379 3350 3577 3421 diligis,

1971 3457 2023 3504 te
2050 3448 2360 3503 nullatenus
2394 3447 2744 3502 intromittas.
2781 3447 2949 3501 Vobis
2979 3453 3165 3500 autem
3204 3444 3486 3515 Episcopis
3528 3452 3582 3499 et

1971 3542 2341 3598 Cardinalibus
2385 3540 2581 3597 eodem
2612 3540 2777 3596 modo
2807 3540 3138 3611 injungimus
3158 3583 3173 3609 ,
3206 3551 3265 3597 ut
3309 3546 3579 3611 recepturi

1975 3638 2289 3693 Pontiﬁcem
2315 3636 2383 3692 ad
2422 3635 2665 3707 ejusdem
2702 3635 2867 3705 Regis
2905 3636 3253 3706 praesentiam
3293 3617 3577 3693 festinetis.

1972 3731 2181 3800 Quibus
2211 3730 2559 3801 blasphemiis
2581 3729 2776 3785 auditis
2796 3772 2808 3796 ,
2838 3738 3025 3786 contra
3058 3729 3311 3787 eumdem
3351 3730 3575 3786 Pontiﬁ‘

1973 3825 2048 3879 cis
2078 3825 2507 3880 coiiviciatorem
2534 3833 2648 3879 tota
2678 3826 2931 3893 Synodus
2960 3824 3032 3879 ita
3063 3824 3407 3881 vehementer
3430 3842 3581 3881 exar-

1972 3918 2061 3986 sit,
2093 3920 2237 3993 quod
2284 3920 2382 3974 nisi
2415 3919 2496 3990 pia
2546 3918 2912 3974 mansuetudo
2957 3919 3095 3973 beati
3144 3924 3300 3993 Papa).
3332 3920 3579 3991 Gregorii

1974 4029 2031 4068 se
2062 4014 2382 4085 objecisset,
2415 4014 2594 4085 ipsum
2638 4012 2822 4068 ﬁdeles
2855 4013 3110 4069 Ecclesia:
3140 4031 3269 4069 cum
3315 4014 3581 4086 lapidibus

1974 4110 2349 4162 trucidassent.
2408 4108 2507 4163 Die
2551 4123 2678 4164 vero
2728 4108 2895 4163 altera
2944 4107 3134 4163 litterae
3174 4108 3242 4163 ab
3294 4109 3582 4180 Episcopis

1972 4202 2403 4259 Ultramontanis
2436 4202 2678 4257 Pontiﬁci
2726 4212 2854 4258 sunt
2876 4201 3092 4271 delata),
3131 4203 3185 4257 in
3222 4202 3420 4275 quibus
3462 4202 3582 4259 con-

1981 4298 2273 4353 ﬁtebantur
2300 4314 2357 4352 se
2386 4313 2611 4362 errasse,
2662 4305 2717 4352 et
2748 4296 2980 4352 nimium
3022 4297 3305 4369 deliquisse
3338 4317 3351 4352 :
3393 4307 3582 4369 postu-

1990 4393 2173 4448 labant
2222 4407 2435 4463 quoque
2486 4392 2731 4459 veniam,
2783 4400 2837 4447 et
2878 4407 3101 4446 omnem
3139 4391 3206 4447 de
3250 4401 3448 4448 caetero
3478 4392 3579 4446 sibi

1981 4486 2345 4542 obedientiam
2388 4486 2676 4540 observare
2721 4485 2949 4541 ﬁrmiter
2996 4486 3426 4557 spoponderunt.
3482 4485 3579 4539 Vix

257 4584 571 4641 secundum
596 4584 844 4654 Apostoli
875 4581 1084 4639 dictum
1110 4564 1241 4647 (Tit.
1272 4598 1368 4645 tu,
1406 4589 1510 4647 ιο).
1542 4584 1869 4639 Haereticum
1902 4579 1951 4640 D
1983 4583 2164 4652 itaque
2193 4581 2378 4637 sedato
2406 4581 2664 4646 tumultu,
2710 4579 3002 4652 Synodalis
3030 4588 3288 4635 tractatus
3334 4581 3385 4635 in
3430 4587 3579 4636 trano

258 4679 549 4734 hominem
580 4686 702 4748 post
734 4678 966 4748 primam
989 4686 1043 4732 et
1062 4678 1354 4731 secundam
1378 4678 1867 4732 commonitionem

259 4772 465 4840 devita,
510 4780 769 4845 perpetuo
808 4772 875 4827 ab
904 4772 1142 4828 Ecclesia
1182 4772 1554 4843 sequestravit.
1590 4772 1693 4827 Sed
1740 4790 1862 4827 cum

259 4868 362 4924 ista
381 4868 443 4924 in
464 4866 616 4923 Italia
628 4866 840 4929 ﬁerent,
870 4869 1112 4923 Saxones
1125 4872 1315 4923 contra
1341 4870 1542 4936 Regem
1569 4866 1864 4922 Henricum

256 4961 482 5019 fortiter
506 4962 868 5029 rebellarunt,
911 4976 974 5015 ea
1003 4961 1249 5016 videlicet
1274 4960 1560 5015 occasione
1584 5003 1596 5021 ,
1631 4962 1755 5031 quia
1787 4961 1866 5015 eis

261 5072 402 5113 onus
434 5056 784 5129 importabile
813 5055 1085 5128 satagebat
1129 5055 1408 5127 imponere
1440 5073 1452 5109 :
1488 5055 1629 5111 unde
1676 5055 1866 5109 accidit

257 5150 408 5222 quod
442 5152 587 5216 Rex,
619 5150 673 5206 in
702 5166 872 5206 manu
903 5149 1074 5206 valida
1114 5158 1171 5205 et
1196 5149 1541 5206 multitudine
1570 5148 1737 5220 gravi,
1770 5150 1864 5204 Sa-

260 5244 484 5299 Ioniam
518 5259 588 5301 ex
628 5242 927 5316 improviso
978 5244 1198 5301 intravit
1246 5263 1259 5299 :
1315 5244 1409 5299 sed
1467 5243 1725 5315 quoniam
1775 5258 1867 5298 eos

264 5336 563 5410 imparatos
612 5338 839 5405 invasit,
896 5339 1180 5395 victoriam
1246 5337 1495 5410 quamvis
1561 5337 1867 5393 cruentissi-

259 5446 415 5489 mam
440 5430 648 5489 habuit.
690 5432 921 5505 Quippe,
946 5432 1083 5489 sicut
1106 5448 1137 5488 a
1178 5431 1528 5504 prudentibus
1566 5430 1865 5499 dicebatur,

261 5527 501 5600 quinque
553 5526 723 5583 millia
770 5528 1018 5584 virorum
1065 5542 1128 5581 ex
1175 5535 1326 5598 parte
1368 5525 1533 5600 Regis
1563 5526 1621 5581 in
1672 5525 1865 5583 eodem

260 5621 402 5680 bello
431 5618 749 5679 ceciderunt
789 5627 1213 5679 :verumtamen
1262 5622 1386 5693 quia
1425 5620 1647 5680 eosdem
1690 5624 1862 5680 Saxo-

327 5759 762 5849 (iesllllicolao
803 5760 1097 5849 Pedegium
1135 5779 1151 5815 :
1183 5758 1253 5815 de
1296 5767 1523 5834 utraque
1564 5775 1696 5817 voce
1742 5758 1866 5816 'vide

327 5872 761 5978 5357
806 5903 895 5963 hic
923 5901 1216 5964 identidem
1261 5901 1457 5964 dicitur
1480 5920 1601 5978 ‘pro
1638 5896 1870 5965 Franch

1979 4677 2244 4747 quillitate
2289 4676 2548 4747 processit
2585 4693 2597 4729 :
2632 4675 2724 4729 sed
2768 4690 2891 4728 cum
2942 4684 3159 4745 tempus
3198 4674 3311 4747 jam
3356 4674 3581 4731 instaret

1974 4770 2281 4825 absolvendi
2309 4769 2612 4841 Synodum,
2644 4766 2927 4836 Pontifex,
2962 4767 3147 4825 habito
3188 4786 3312 4825 cum
3354 4778 3577 4824 centum

1972 4875 2027 4921 et
2076 4865 2264 4921 decem
2323 4862 2601 4933 Episcopis
2651 4862 2850 4919 utiliori
2903 4864 3165 4930 consilio,
3217 4865 3270 4919 in
3318 4864 3577 4920 eumdem

1979 4964 2204 5031 Regem,
2238 4959 2327 5029 qui
2377 4957 2630 5014 Ecclesiae
2661 4960 2929 5013 unitatem
2976 4959 3220 5013 scindere
3264 4959 3575 5026 attentavit,

1975 5054 2550 5109 excommunicationis
2577 5055 2899 5110 sententiam
2934 5054 3194 5124 protulit,
3228 5062 3281 5109 et
3310 5070 3478 5125 usque
3510 5053 3577 5110 ad

1976 5149 2298 5221 condignam
2342 5147 2763 5205 satisfactionem
2811 5151 3135 5204 sententiam
3193 5148 3366 5220 ipsam
3416 5148 3576 5203 ﬁrmi-

1973 5252 2057 5299 ter
2102 5244 2374 5300 observari
2407 5243 2677 5315 praecepit.
2712 5242 2873 5311 Quod
2905 5257 3084 5313 neque
3120 5242 3575 5313 reprehensibile,

1975 5354 2075 5394 nec
2104 5354 2304 5394 novum
2344 5338 2411 5393 ab
2443 5338 2623 5410 aliquo
2670 5336 2929 5393 aestimari
2964 5335 3127 5392 debet
3159 5356 3171 5392 :
3216 5352 3344 5394 cum
3389 5353 3420 5392 a
3451 5334 3574 5403 sane

1976 5443 2191 5490 ctorum
2221 5436 2443 5489 Patrum
2472 5431 2835 5495 sanctionibus
2878 5432 3113 5488 minime
3137 5430 3495 5504 discreparet,
3524 5440 3580 5489 et

1975 5544 2005 5584 a
2048 5528 2292 5600 pluribus
2335 5526 2601 5583 Romanis
2647 5525 3006 5583 Pontiﬁcibus
3041 5526 3148 5582 hoc
3188 5526 3368 5599 ipsum
3410 5527 3575 5584 etiam

1974 5637 2075 5697 pro
2105 5620 2404 5678 minoribus
2434 5622 2609 5678 causis
2638 5620 2937 5694 reperiatur
2967 5619 3193 5678 factum.

1975 5763 2273 5826 m'a,latius
2320 5777 2522 5821 nomen
2566 5760 2674 5819 hoc
2721 5758 3015 5831 sumendo,
3063 5759 3206 5817 sicut
3252 5759 3414 5817 etiam
3468 5756 3573 5813 vici

1975 5836 2124 5892 niam
2152 5836 2566 5904 complectatur.

2046 5909 2188 5972 (t46)
2216 5902 2474 5963 Nicolaus
2500 5903 2685 5960 minus
2702 5912 2881 5972 recte,
2902 5919 3003 5974 pro
3427 5914 3435 5924 ε
