4122 6180
532 287 633 341 H9

1757 282 1811 337 S.
1853 279 2237 338 GREGORIUS
2274 281 2365 337 VII
2401 281 2599 338 ΡΑΡΑ.

3726 284 3828 344 120
3854 264 3857 267 ’

608 419 663 470 6.
692 415 759 469 In
795 411 1227 469 Chalcedonensi
1253 423 1491 480 namque
1521 408 1789 477 Concilio,
1827 408 2121 481 praesenti-
2150 409 2206 476 Α
2232 425 2529 467 manorum
2565 407 2919 476 Pontiﬁcum,
2977 407 3147 464 etiam
3210 422 3310 479 pro
3352 405 3655 463 minoribus
3707 423 3832 466 cau-

532 510 637 566 bus
665 508 937 565 sexcentis
964 509 1111 575 (I47)
1146 503 1458 575 Episcopis,
1488 502 1559 567 de
1590 504 1859 561 Dioscoro
1886 505 2120 560 Alexan-

533 604 691 660 drino
720 603 797 658 sic
848 601 1086 674 legitur:
1143 598 1420 670 Quoniam
1466 598 1782 656 secundum
1835 614 2126 655 excessum

538 700 781 770 priorem
811 694 1155 766 iniquitatem
1184 692 1343 749 valde
1374 692 1718 750 transcendit
1748 698 2129 765 (praesumpse-

536 800 618 846 rat
663 790 814 845 enim
842 788 1436 844 excommunicationis
1462 788 1790 844 sententiam
1822 803 1983 859 supra
2001 802 2125 843 san-

535 882 843 939 ctissimum
875 883 1079 953 Papam
1109 868 1357 938 Lednem
1388 881 1625 951 dictare)
1654 881 1946 939 Anatolius
1979 884 2129 938 Con-

534 974 992 1047 stantinopolicus
1034 977 1337 1048 Episcopus
1365 976 1526 1046 dixit,
1560 981 1788 1048 Propter
1813 974 1985 1032 ﬁdem
2017 992 2131 1032 non

538 1079 620 1127 est
647 1069 999 1126 damnandus
1028 1072 1349 1139 Dioscorus,
1382 1070 1482 1127 sed
1518 1061 1649 1143 quia
1683 1070 2131 1129 excommunica-

537 1166 749 1221 tionem
772 1164 905 1220 fecit
919 1166 1163 1221 Domino
1174 1165 1610 1237 Archiepiscopo
1627 1166 1822 1221 Leoni.
1848 1165 2135 1237 Numquid

540 1260 617 1316 ibi
646 1260 850 1331 legitur
868 1260 1274 1331 inquisitionem
1302 1258 1504 1316 factam
1529 1258 1700 1328 fuisse
1752 1270 1942 1317 utrum
1968 1261 2134 1333 juste,

536 1372 610 1411 an
644 1354 860 1425 injuste,
884 1354 1184 1411 Dioscorus
1214 1355 1724 1410 excommunicatus
1751 1352 1982 1411 fuisset?
2008 1358 2135 1411 Non

540 1449 731 1520 utique
760 1466 773 1504 :
814 1448 915 1506 sed
946 1449 1091 1517 ideo,
1145 1449 1267 1519 quia
1298 1466 1429 1505 cum
1459 1458 1605 1505 esset
1636 1448 1863 1505 inferior
1903 1458 2138 1506 conatus

541 1542 905 1613 est‘majorem
931 1542 1266 1615 quibuslibet
1285 1544 1501 1614 injuriis
1530 1544 1819 1600 Iacescere.
1865 1547 1926 1599 In
1954 1550 2145 1599 octava

540 1637 723 1708 itaque
740 1635 964 1709 Synodo
992 1639 1134 1692 inter
1160 1646 1361 1693 caetera
1388 1638 1464 1692 ita
1494 1637 1694 1709 legitur
1729 1658 1741 1693 :
1774 1637 2144 1694 Deﬁnivimus

496 1790 503 1797 ί
540 1730 829 1786 neminem
860 1747 1083 1802 prorsus
1112 1731 1307 1787 mundi
1332 1740 1676 1802 portentum,
1696 1748 2028 1804 quemquam
2046 1748 2142 1788 eo-

2235 506 2330 569 sis,
2349 503 2645 561 nonnullos
2668 505 3039 574 Imperatores
3056 511 3113 558 et
3130 505 3334 574 Reges,
3352 516 3466 557 non
3481 502 3831 559 solummodo

2235 598 2846 656 excommunicaverunt
2868 596 2967 653 sed
2990 612 3020 652 a
3046 599 3245 668 Regno
3271 596 3670 667 deposuerunt,
3702 606 3757 652 et
3774 598 3834 653 in

2237 710 2429 751 eorum
2448 693 2585 750 locis
2613 692 2752 749 alios
2775 692 3232 763 subrogaverunt.
3268 689 3629 746 Innocentius
3662 690 3833 763 siqui~

2238 788 2368 845 dem
2395 790 2541 859 Papa
2566 789 2966 858 Imperatorem
2994 784 3318 851 Arcadium,
3341 785 3525 856 magni
3552 783 3835 842 Theodosi

2239 882 2437 949 tilium,
2477 897 2577 953 pro
2607 898 2673 938 eo
2724 878 2879 952 quod
2934 878 3167 935 Joannis
3196 878 3574 952 Chrysostomi
3603 876 3831 951 deposi-

2239 976 2373 1033 tioni
2401 974 2669 1042 interfuit,
2713 990 2883 1046 quam
2911 973 3249 1044 Theophilus
3290 971 3693 1030 Alexandrinus
3726 988 3839 1028 una

2241 1086 2369 1127 cum
2392 1069 2515 1126 aliis
2539 1068 2908 1126 Orientalibus
2936 1066 3268 1123 Patriarcliis
3296 1082 3574 1123 consensu
3605 1067 3837 1123 aliorum

2244 1166 2643 1238 Episcoporum
2662 1164 2783 1221 sine
2816 1178 3047 1220 assensu
3075 1163 3313 1219 Romani
3346 1161 3625 1219 Pontiﬁcis
3650 1160 3836 1218 dicta-

2243 1268 2417 1328 verat,
2489 1257 3001 1325 excommunicavit,
3066 1272 3368 1329 eorumque
3435 1255 3842 1329 depositionem

2247 1354 2507 1422 cassavit;
2530 1352 2861 1410 mitissimus
2875 1367 3004 1409 vero
3035 1354 3365 1423 Imperator,
3386 1366 3520 1408 mox
3538 1358 3600 1406 ut
3628 1350 3841 1406 factum

2247 1448 2525 1521 cognovit,
2550 1463 2663 1503 non
2691 1446 2913 1504 rebellis
2946 1446 3143 1513 extitit,
3192 1445 3291 1502 sed
3321 1446 3536 1502 veniam
3562 1444 3844 1503 humiliter

2249 1543 2406 1616 petiit
2425 1550 2482 1597 et
2505 1541 2838 1614 impetravit.
2867 1540 3275 1607 Constantinus,
3293 1542 3440 1612 Papa
3467 1539 3846 1596 Iustinianum

2253 1635 3033 1709 ImperatoremlConstantini
3059 1634 3237 1691 ﬁlium
3275 1638 3443 1704 (140),
3476 1640 3698 1706 propter
3732 1649 3845 1689 non

2251 1732 2541 1789 decentem
2569 1731 2871 1803 legatorum
2901 1745 3130 1786 suorum
3153 1730 3576 1801 susceptionem,
3626 1743 3847 1784 excom-

540 1841 666 1881 rum
709 1826 807 1898 qui
860 1792 1347 1882 Patriarchalibus.
1377 1824 1617 1881 Sedibus
1644 1792 1898 1896 praesunt
1918 1826 2145 1883 inhono~
2174 1792 2221 1854 Β
2251 1826 2555 1883 municavit
2584 1844 2596 1880 :
2621 1792 2719 1897 qui
2750 1833 2879 1897 post
2906 1822 3209 1880 modumin
3225 1822 3849 1893 Constantinopolitanae

541 1935 686 1988 rare,
718 1928 813 1975 aut
842 1936 874 1975 a
903 1919 1123 1991 pr0prio
1154 1919 1358 1975 throno
1395 1920 1692 1990 expellere,
1719 1919 1819 1975 sed
1849 1920 2005 1976 omni
2038 1920 2145 1976 ho-

544 2028 679 2069 nore
728 2029 792 2069 ac
832 2013 1144 2068 reverentia
1175 2012 1371 2085 dignos
1414 2013 1697 2086 judicare;
1724 2014 1999 2086 praecipue
2032 2030 2152 2070 san-

546 2107 860 2162 ctissimum
884 2110 1086 2178 Papam
1115 2107 1357 2163 sanioris
1379 2111 1610 2175 Romae;
1643 2107 1745 2164 sed
1774 2124 1877 2164 nec
1894 2108 2147 2180 quicum-

547 2216 653 2274 que
685 2209 874 2256 contra
892 2203 1213 2257 Romanum
1242 2201 1575 2258 Pontiﬁcem
1603 2202 2148 2274 circumscriptiones

547 2310 610 2350 ac
658 2295 824 2351 verba
853 2295 1189 2365 complicare
1218 2295 1301 2350 vel
1331 2311 1682 2367 componere,
1713 2295 1866 2367 quasi
1887 2294 2145 2352 diffama-

548 2397 733 2445 torum
760 2388 1135 2459 quorumdam
1164 2389 1485 2458 criminum,
1513 2390 1662 2461 quod
1692 2406 1867 2460 nuper
1896 2390 2146 2457 Photius,

547 2492 604 2539 et
632 2483 812 2538 multo
848 2491 980 2538 ante
1012 2484 1342 2540 Dioscorum
1375 2483 1528 2540 fecit.
1556 2483 1813 2554 Quisquis
1842 2499 1973 2539 vero
1995 2492 2148 2539 tanta

541 2577 826 2649 jactantia,
860 2585 917 2631 et
946 2575 1170 2632 audacia
1198 2593 1328 2633 usus
1350 2577 1537 2644 fuerit,
1588 2584 1648 2633 ut
1683 2577 1991 2633 secundum
2011 2576 2149 2634 Pho-

546 2671 683 2726 tium
723 2679 779 2726 et
803 2670 1152 2739 Dioscorum,
1193 2671 1251 2727 in
1269 2671 1504 2744 scriptis,
1536 2671 1766 2741 ve|_sine
1794 2671 2034 2743 scriptis,
2061 2672 2147 2727 in-

544 2765 721 2838 jurias
738 2764 1006 2837 quasdam
1021 2774 1213 2821 contra
1229 2766 1431 2823 Sedem
1449 2767 1685 2839 primam
1699 2767 1755 2822 S.
1772 2766 1924 2822 Petri
1937 2765 2148 2823 Princi-

550 2860 634 2931 pis
659 2860 1062 2931 Apostolorum
1084 2861 1609 2934 moveat,a3qualem
1628 2869 1684 2917 et
1703 2859 1955 2918 eamdem
1980 2876 2144 2933 quam

549 2954 1157 3011 illicondemnationem
1170 2955 1405 3027 accipiat
1420 2956 1563 3026 (148)
1584 2957 1657 3011 :si
1678 2972 1808 3013 vero
1821 2956 1945 3028 quis
1964 2955 2145 3026 aliqua

548 3048 649 3103 Dei
681 3056 952 3119 potestate
991 3046 1186 3104 fruens
1228 3049 1308 3103 vel
1348 3057 1564 3119 potens,
1614 3049 1815 3120 pellere
1853 3049 2149 3106 tentaverit

2254 1921 2404 1977 urbis
2452 1920 2629 1992 platea
2688 1918 2919 1990 pedibus
2970 1918 3086 1989 eius
3137 1933 3266 1974 cum
3309 1934 3481 1990 regno
3520 1925 3846 1989 prostratus,

2254 2013 2468 2071 tamdiu
2516 2013 2666 2085 petiit
2694 2013 2913 2069 veniam
2935 2011 3117 2068 donec
3145 2012 3473 2084 impetravit.
3521 2010 3851 2068 Anastasius

2257 2109 2400 2179 (150)
2454 2110 2597 2180 Papa
2622 2106 2979 2162 Anastasium
3035 2109 3435 2178 Imperatorem
3462 2105 3849 2162 excommuni-

2254 2203 2423 2271 cavit,
2451 2201 2542 2273 qui
2572 2209 2827 2273 proterve
2856 2200 3086 2271 loquens
3112 2199 3182 2256 de
3208 2202 3373 2271 Papa,
3402 2200 3459 2255 in
3487 2199 3605 2271 ipso
3636 2199 3845 2255 Palatio

2256 2296 2490 2353 fulmine
2541 2310 2835 2366 percussus
2880 2293 3099 2350 interiit.
3140 2293 3443 2366 Gregorius
3486 2295 3569 2349 III
3603 2294 3853 2350 Leonem

2255 2393 2673 2462 Imperatorem,
2700 2404 2815 2444 non
2836 2388 3016 2445 solum
3034 2387 3537 2444 excommunicavit
3562 2386 3663 2443 sed
3685 2387 3855 2443 etiam

2256 2488 2455 2557 Regno
2482 2483 2719 2556 privavit
2747 2487 2910 2550 (151).
2936 2481 3249 2554 Stephanus
3270 2485 3415 2554 Papa
3432 2482 3857 2549 Carolum(l52)

2255 2579 2434 2651 Pipini
2450 2578 2616 2650 Regis
2630 2576 2858 2633 fratrem
2870 2591 2901 2631 a
2916 2579 3115 2648 Regno
3130 2574 3411 2648 deposuit,
3438 2583 3494 2630 et
3511 2575 3770 2645 Pipinum
3794 2575 3857 2632 in

2257 2673 2511 2745 ejusloco
2540 2671 2844 2728 substituit.
2879 2670 3136 2727 Nicolaus
3150 2686 3370 2743 quoque
3394 2672 3677 2726 Romanus
3706 2671 3853 2726 Pon-

2256 2767 2389 2826 tifex
2418 2767 2561 2824 duos
2590 2768 2955 2838 Imperatores
2996 2781 3108 2821 uno
3144 2762 3449 2836 eodemque
3474 2774 3725 2835 tempore
3756 2778 3853 2820 ex-

2259 2861 2717 2928 communicavit;
2793 2858 3114 2916 Michaelem
3172 2857 3428 2915 videlicet
3488 2856 3848 2928 Orientalem,
3900 2892 3912 2900 -

2262 2964 2488 3030 propter
2519 2955 2797 3027 lgnatium
2822 2953 3497 3025 Constantinopolitanum
3518 2951 3854 3024 Episcopum

2258 3051 2373 3107 sine
2397 3048 2606 3122 judicio
2634 3051 2800 3120 Papae
2827 3064 2859 3104 a
2894 3047 3036 3105 Sede
3066 3063 3162 3105 sua
3191 3047 3509 3120 dejectum;
3539 3055 3596 3103 et
3644 3045 3850 3105 Lotha-

550 3140 846 3211 praefatum
883 3141 1219 3223 Apostolicae
1242 3140 1530 3197 Cathedrae
1565 3145 1772 3212 Papam
1796 3144 1879 3198 vel
1910 3143 2142 3198 aliorum
2176 3152 2221 3216 ρ
2249 3142 3040 3212 rium(l52*)Occidentalem,
3058 3151 3284 3215 propter
3300 3140 3637 3199 Gualdradaa
3650 3140 3857 3213 pellicis

549 3232 994 3288 Patriarcharum
1025 3249 1393 3305 quemquam,
1423 3234 1714 3292 anathema
1753 3236 1845 3292 sit.
1876 3238 2143 3292 Praeterea

553 3326 914 3382 notissimum
962 3335 1021 3383 et
1065 3325 1441 3386 indubitatum
1480 3338 1566 3387 est
1621 3329 1776 3402 quod
1832 3329 1988 3387 multi
2031 3332 2145 3385 Ro-

623 3504 770 3577 (147)
801 3506 866 3558 In
905 3504 1083 3577 prima
1112 3505 1345 3562 Actione
1374 3508 1737 3564 nominantur
1775 3511 1880 3561 360
1909 3506 2142 3575 circiter,

553 3592 654 3631 nec
706 3575 892 3649 plures
922 3575 1119 3633 deinde
1174 3588 1257 3633 est
1299 3579 1536 3649 reperire
1571 3599 1583 3633 :
1626 3578 1808 3633 habita
1848 3586 1933 3633 est
1960 3586 2146 3634 autem

550 3649 807 3719 Synodus
833 3647 921 3700 illa
953 3663 1096 3702 anno
1117 3655 1244 3715 451,
1268 3658 1321 3703 et
1358 3647 1603 3704 damnati
1646 3650 1901 3703 Dioscori
1924 3666 2147 3705 causam

551 3718 907 3773 sUbscribens
934 3720 1247 3787 Anatolius,
1277 3721 1452 3790 ponit,
1479 3721 1623 3789 quod
1657 3722 1896 3775 omnibus
1937 3726 2144 3776 saneto-

549 3806 675 3843 rum
718 3793 943 3843 Patrum
989 3791 1187 3858 regulis
1217 3793 1399 3845 emtitit
1442 3793 1771 3856 inobediens,
1800 3797 1849 3848 et
1880 3795 2036 3848 tertio
2057 3810 2144 3847 ca-

552 3863 739 3932 nonice
774 3864 989 3913 vocatus
1031 3862 1206 3914 noluit
1236 3863 1613 3932 obtemperare.

626 3931 772 4002 (148)
801 3932 863 3983 In
881 3932 1307 3987 Chalcedonensi
1335 3931 1426 3988 an.
1460 3940 1587 4001 870,
1616 3940 1740 3990 Act.
1777 3940 1864 4001 10,
1892 3934 2023 3988 Can.
2060 3940 2145 4001 13,

552 4003 633 4058 sic
664 4002 862 4072 legitur
891 4019 903 4054 :
934 4004 1138 4075 Siquis
1166 4008 1318 4058 tanta
1358 4006 1620 4073 eﬂ’eratur
1667 4006 1920 4075 audacia,
1958 4022 2148 4074 quem-

554 4075 843 4129 admodum
881 4073 1100 4129 Photius
1121 4080 1169 4128 et
1204 4078 1510 4144 Dioscorus,
1550 4080 1877 4146 sivescripto
1903 4073 2008 4131 sese
2038 4080 2151 4131 sine

552 4148 774 4215 scripto,
806 4148 1045 4217 insanias
1076 4147 1340 4215 quasdam
1384 4154 1567 4202 contra
1612 4150 1929 4205 Cathedram
1973 4149 2150 4217 Cory-

547 4220 698 4287 phcei
707 4216 1085 4286 Apostolorum
1103 4220 1252 4271 Petri
1272 4219 1470 4273 audeat
1473 4221 1701 4288 jactare,
1726 4220 1967 4275 eamdem
1983 4216 2144 4288 atque

555 4291 640 4362 itii
669 4292 985 4345 sententiam
1029 4289 1371 4362 damnatio-ni
1394 4292 1601 4347 subeat.
1635 4296 1874 4362 Cazterea
1906 4306 2027 4362 qua:
2057 4289 2141 4345 hic

554 4360 891 4440 allegantur,
920 4368 983 4442 ut
1009 4360 1293 4430 sequentia
1330 4362 1411 4417 vel
1442 4361 1832 4435 pracedentia,
1863 4360 1954 4419 ubi
1997 4363 2144 4419 inve-

553 4442 778 4486 tuantur
819 4448 1028 4489 1185010.

630 4504 775 4575 (149)
805 4508 884 4560 Ita
915 4511 1059 4560 recte
1096 4504 1389 4571 Nicolaus;
1424 4504 1517 4560 ubi
1547 4505 1603 4559 in
1641 4506 1815 4561 Ceutii
1846 4505 1988 4561 libro
2020 4520 2142 4576 per-

556 4591 740 4648 peram
758 4577 973 4648 legitur,
1000 4578 1243 4631 Justinus
1290 4578 1590 4647 Imperator
1616 4578 1955 4634 Constantini
1984 4580 2149 4645 ﬁlius,

556 4645 650 4720 Qui
680 4645 862 4701 nullus
894 4647 1023 4717 fuit,
1066 4648 1268 4705 nedum
1302 4645 1555 4720 tempore
1580 4650 1927 4706 Constantini
1958 4652 2149 4720 Papae;

557 4717 707 4771 hunc
741 4734 867 4772 vero
899 4720 1100 4774 scimus
1146 4736 1235 4774 an.
1270 4727 1372 4775 710
1403 4717 1770 4776 a'Justiniano
1794 4717 2151 4777 Rhinotmeta

557 4789 1095 4866 Constantinopolim
1122 4800 1438 4858 evocatum,
1472 4801 1526 4847 et
1551 4808 1613 4848 ea
1644 4809 1765 4866 quae
1779 4793 1869 4849 hic
1890 4791 2151 4866 describi-

559 4867 652 4931 tur
698 4858 1005 4915 humilitate
1050 4871 1361 4931 receptum;
1402 4879 1622 4919 causam
1653 4858 1782 4921 vero
1814 4863 2153 4921 evocationis

557 4929 720 5000 hujus
744 4947 857 4987 non
874 4932 1037 4986 aliam
1064 4929 1219 5002 putat
1258 4932 1424 4990 fuisse
1441 4936 1730 5003 Baronius,
1753 4952 1923 5006 quam
1947 4942 2010 4991 ut
2029 4937 2153 5006 ﬁnis

556 5010 849 5079 poneretur
896 5006 1265 5079 controversiis
1312 5009 1375 5079 ou
1430 5009 1660 5065 Canones
1703 5006 1788 5063 ad
1828 5011 2073 5079 quintam
2103 5009 2152 5059 et

561 5079 776 5147 sextam
798 5075 1074 5143 Synodum
1104 5076 1497 5147 superadditos.

592 5215 601 5225 _
636 5145 786 5225 (_150)
818 5149 1142 5225 Anastasius
1165 5145 1237 5225 .
1269 5149 1375 5203 Hic
1402 5149 1615 5225 scripsit
1646 5148 1877 5225 quidem
1918 5154 2149 5209 Anasta-

559 5217 973 5293 siolinperatori
995 5217 1281 5289 epistolam
1307 5217 1807 5293 commonitoriam,
1835 5238 2000 5293 quam
2031 5224 2152 5281 vide

561 5287 707 5364 apud
739 5287 1045 5364 Raronium
1071 5306 1162 5346 an.
1198 5296 1325 5364 497A,
1354 5291 1457 5364 sed
1482 5293 1575 5364 qui
1603 5309 1731 5349 eum
1769 5287 2149 5364 excommuni-

560 5358 705 5434 cavit
734 5360 1092 5434 Symmachus
1119 5364 1265 5432 Papa
1288 5361 1409 5429 fuit,
1431 5358 1689 5420 ut-habes
1710 5362 1856 5434 apud
1887 5366 2150 5423 eumdem

557 5430 857 5485 Baronium
887 5431 959 5487 ad
988 5448 1078 5487 an.
1110 5430 1237 5498 502,
1270 5449 1327 5487 n.
1366 5438 1456 5489 29.

630 5501 778 5571 (151)
811 5505 1100 5571 Gregorius
1132 5506 1221 5560 111
1247 5505 1488 5560 Leonem
1532 5506 1834 5562 Isauricum
1870 5515 1928 5563 et
1955 5522 2150 5567 omnes

559 5574 1316 5651 Iconomacliosanathemate
1338 5578 1654 5651 obstrinxit,
1683 5578 1861 5651 inquit
1887 5581 2148 5651 Zonaras,

557 5646 916 5721 e_t_vectigalia
964 5662 1085 5721 qua:
1126 5662 1295 5721 usque
1342 5648 1415 5700 ad
1442 5650 1501 5702 id
1522 5653 1727 5717 tempus
1756 5646 1996 5721 Ymperio
2023 5646 2152 5708 inde

580 5714 633 5771 id
661 5724 744 5771 est
768 5714 837 5771 ex
880 5716 1048 5780 Italia)
1097 5714 1474 5788 pendebantur
1527 5714 1787 5785 inhibuit,
1844 5714 1979 5778 inito
2032 5741 2150 5780 cum

629 5791 772 5843 ancis
820 5788 1017 5855 foedere
1064 5795 1146 5863 (ut
1200 5787 1385 5845 videre
1416 5799 1501 5846 est
1551 5791 1697 5863 apud
1750 5793 2053 5851 Baronium
2082 5795 2151 5852 ad

559 5872 654 5917 an.
677 5864 804 5932 726,
831 5876 907 5943 n.)
941 5864 1027 5931 24)
1057 5862 1269 5921 deserta
1314 5862 1672 5937 Imperatoris
1708 5865 2033 5935 obedientia,
2085 5868 2149 5926 ob

2262 3254 2376 3295 suae
2403 3236 2741 3293 societatem.
2799 3238 3005 3293 Beatus
3062 3252 3288 3309 quoque
3340 3235 3685 3303 Ambrosius,
3736 3250 3852 3290 non

2260 3336 2546 3389 Romanus
2608 3328 2709 3388 sed
2760 3329 3189 3389 Mediolanensis
3232 3329 3503 3401 Pontifex,
3555 3328 3856 3387 Maximum

2257 3524 2565 3579 perversam
2588 3508 2703 3579 ejus
2724 3509 3045 3579 opinionem.
3074 3510 3213 3564 Cum
3232 3523 3361 3580 ergo
3380 3507 3524 3564 Otho
3546 3507 3855 3580 Frisingen-

2264 3581 2338 3634 sis
2362 3580 2471 3645 ait,
2503 3583 2636 3649 Lego
2662 3586 2711 3635 et
2740 3580 2912 3650 relego
2934 3583 3289 3636 Roma-norum
3314 3584 3515 3649 Regum
3548 3585 3596 3634 et
3620 3583 3859 3650 Impera-

2260 3658 2434 3706 torum
2467 3658 2637 3720 gesta,
2654 3656 2705 3706 et
2752 3668 3017 3721 nusquam
3072 3654 3282 3706 invenio
3305 3667 3623 3722 quemquam
3678 3667 3855 3706 eorum

2260 3728 2383 3778 ante
2419 3724 2557 3777 hunc
2601 3724 2941 3794 (Henricum)
2980 3738 3012 3778 a
3068 3726 3318 3779 Romano
3369 3722 3631 3779 Pontiﬁce
3657 3724 3744 3777 vel
3771 3739 3857 3794 ex:

2260 3798 2701 3850 communicatum
2729 3796 2811 3849 vel
2838 3798 3017 3864 Regno
3029 3799 3328 3865 privatum,
3364 3795 3607 3851 ostendit
3628 3810 3686 3849 se
3706 3793 3861 3865 loqui

2259 3866 2336 3922 de
2373 3866 2442 3921 iis
2471 3866 2564 3939 qui
2590 3867 2641 3920 in
2667 3865 2960 3939 Occidente
2982 3875 3425 3939 regnarunt,uon
3455 3874 3639 3939 autem
3662 3865 3727 3921 de
3748 3869 3855 3920 Im-

2260 3938 2598 4009 peratoribus
2626 3938 2861 4004 Graecis,
2880 3938 3117 4007 quorum
3147 3940 3325 4009 plures
3353 3938 3701 3994 anathemate
3731 3952 3856 4008 per-

2260 4008 2444 4065 culsos
2464 4008 2625 4065 fuisse
2644 4010 2716 4064 ob
2751 4009 3009 4066 haeresim
3037 4008 3250 4065 certum
3275 4019 3376 4065 est.

2333 4084 2474 4148 (152)
2505 4082 2692 4138 Sciens
2720 4082 2979 4137 Nicolaus
2998 4081 3149 4153 quod
3196 4084 3381 4153 Pipini
3415 4081 3580 4138 frater
3608 4080 3854 4146 Carolus,

2263 4167 2357 4207 seu
2389 4153 2570 4225 potius
2596 4154 2999 4227 Carlomannus,
3030 4154 3203 4227 multo
3235 4154 3382 4227 prius
3408 4170 3576 4227 quam
3606 4154 3857 4227 _S_tepha-

2260 4240 2359 4277 nus
2391 4223 2560 4292 'Papa
2592 4223 2774 4291 fuerit,
2808 4223 2983 4278 factus
3011 4223 3085 4277 sit
3134 4223 3444 4281 Monachus
3468 4223 3722 4289 Cassini,’
3744 4228 3782 4280 Ζ
3794 4242 3856 4279 a-

2250 4295 2448 4349 chariae
2496 4298 2655 4366 Papa:
2690 4311 2890 4350 nomen
2913 4294 2996 4350 hic
3023 4295 3306 4352 substituit
3337 4306 3391 4351 et
3413 4300 3624 4366 Regem
3655 4297 3862 4354 Childe-

2250 4370 2470 4439 rinam;
2509 4367 2718 4432 volens,
2762 4366 2959 4439 credo,
3001 4370 3369 4439 Chilpericum
3402 4366 3650 4439 intelligi,
3684 4370 3857 4423 Mero-

2253 4438 2537 4511 vingorum
2590 4440 2807 4508 Regum
2853 4438 3132 4511 ultimum,
3177 4441 3231 4494 in
3272 4440 3428 4511 cujus
3463 4438 3857 4511 depositionem

2262 4510 2556 4582 Zacharias
2611 4510 2954 4582 consensisse
3027 4512 3097 4565 ab
3148 4510 3417 4582 aliquibus
3488 4510 3702 4566 dicitur.
3771 4511 3857 4567 Ad

2265 4581 2688 4654 Carlomannum
2707 4581 2859 4654 quod
2887 4582 3102 4651 attinet,
3134 4598 3201 4639 ex
3239 4581 3859 4654 'AnastasioiBibliothe-

2260 4653 2407 4727 uario
2427 4653 2818 4727 scimus,quod
2824 4654 2939 4726 jam
2952 4655 3307 4727 monachum,
3331 4662 3497 4727 atque
3515 4653 3583 4709 ab
3604 4653 3856 4727 Aystulfo

2261 4724 2753 4797 Longobardoru’m
2784 4724 2929 4797 Rege
2952 4726 3190 4797 missum
3218 4726 3275 4781 in
3302 4726 3608 4797 Franciam,
3651 4724 3858 4797 adfra-

2262 4795 2407 4850 trem
2432 4795 2500 4851 ab
2549 4796 2756 4851 auxilio
2794 4795 2955 4868 Papae
3005 4796 3229 4853 ferendo
3281 4796 3648 4868 alienandum,
3690 4796 3855 4868 idque

2261 4868 2401 4922 serio
2456 4876 2726 4939 agentem,
2782 4867 2922 4923 sicut
2967 4870 3110 4924 male
3164 4884 3461 4937 persuasus
3516 4867 3728 4936 fuerat;
3785 4867 3856 4924 de

2260 4939 2540 4994 communi
2568 4939 2796 5011 consilio
2824 4942 2945 4994 Rex
2991 4940 3215 5006 Pipinus
3260 4948 3317 4996 et
3366 4942 3509 5009 Papa
3545 4940 3852 5011 Stephanus

2259 5013 2319 5065 in
2356 5013 2678 5065 monasterio
2724 5009 2839 5065 illic
2884 5014 2942 5065 in
2968 5013 3200 5066 Francia
3246 5009 3658 5075 collocaverunt;
3682 5012 3855 5081 juxta

2260 5083 2319 5153 id
2347 5082 2490 5152 quod
2508 5098 2563 5136 se
2589 5082 3244 5153 devoveratmonachicam
3266 5100 3423 5152 agere
3446 5084 3614 5137 vitam
3642 5101 3657 5133 :
3687 5092 3857 5153 atque

2262 5152 2368 5234 hoc
2396 5153 2742 5234 occasionem
2759 5152 2890 5207 dare
2921 5152 3100 5234 potuit
3115 5155 3306 5234 Gentio
3324 5153 3676 5234 alluci_nandi,
3699 5152 3857 5234 quasi

2260 5223 2468 5351 allicjluid
2495 5223 2941 5349 detCarlomanni
2970 5223 3316 5296 depositione
3348 5242 3441 5298 per
3469 5228 3681 5297 Regem
3710 5223 3853 5282 facta

2260 5313 2273 5350 ι
2318 5312 2330 5350 l
2384 5310 2558 5351 egisse
2589 5337 2599 5347 .
3836 5320 3841 5323 ς

2260 5296 2331 5351 ibi
2364 5296 2599 5351 legisset.
3348 5296 3365 5298 “
3570 5296 3579 5297 “
3836 5320 3841 5323 η

2327 5312 2642 5435 (ιιὲξὶῗδὲἶο
2669 5363 3028 5423 confunditur
3074 5371 3360 5424 Lotharius
3402 5370 3518 5423 Rea:
3547 5367 3711 5436 (unde
3750 5370 3854 5424 Lo-

2260 5439 2434 5491 tharii
2475 5453 2721 5506 regnum,
2746 5446 2961 5512 postea
2984 5439 3352 5512 Lotharingia)
3399 5454 3525 5494 cum
3571 5448 3722 5512 parte
3745 5454 3856 5512 suo

2262 5511 2599 5581 Imperatore
2638 5509 2926 5581 Lothario:
2960 5519 3015 5567 et
3060 5512 3134 5566 illi
3164 5509 3383 5581 quidem
3406 5509 3854 5566 excommunica-

2258 5580 2823 5665 tiohsmpeintentata
2839 5580 2974 5665 fuit,
3013 5582 3068 5637 in
3087 5580 3439 5665 Wa’ldradam
3462 5583 3633 5639 etiam
3662 5597 3856 5665 perso-

2256 5652 2454 5725 naliter
2481 5651 2642 5725 lata;
2676 5653 2791 5725 ipse
2832 5661 3019 5708 tamen
3063 5652 3477 5725 eam_simulata
3533 5651 3857 5725 poenitentia

2257 5723 2563 5781 declinavit.
2592 5722 2850 5780 Similiter
2875 5732 3069 5779 contra
3096 5722 3419 5781 Michaelem
3453 5722 3685 5783 Balbum
3711 5725 3856 5781 ultra

2256 5795 2431 5851 minas
2468 5800 2581 5851 non
2627 5794 2889 5866 processit
2932 5794 3188 5852 Nicolaus
3228 5797 3394 5869 Papa,
3440 5798 3533 5870 qui
3560 5812 3707 5856 anno
3740 5801 3850 5853 867

2258 5867 2434 5925 vivere
2459 5865 2644 5926 desiit.

2258 5867 2434 5925 vivere
2459 5865 2644 5926 desiit.
