4122 6180
302 265 405 319 121

1297 251 1827 314 PROLEGOMENA.
1863 280 1935 299 --
1969 253 2150 313 ACTA
2188 251 2246 310 S.
2285 252 2630 311 GREGORII.

3518 264 3618 320 122

298 390 626 460 Tyrannum
650 388 708 439 et
732 380 1104 440 Theodosium
1130 383 1531 456 Imperatorem
1561 383 1632 440 ab
1655 383 1903 443 Ecclesia
1931 384 1986 450 Α
2012 385 2214 441 tiﬁcem
2243 398 2413 459 usque
2450 384 2520 441 ad
2544 383 2823 441 civitatem
2852 384 3166 459 Augustam
3198 398 3390 444 secure
3413 385 3621 448 condu-

304 481 465 555 pulso
496 478 1015 546 excommunicavit,
1056 486 1120 533 ut
1151 494 1262 534 non
1283 478 1604 551 ambiguum
1629 487 1731 536 est.
1773 479 1907 553 Quis

303 592 459 648 ergo,
487 573 593 630 nisi
615 580 801 628 mente
828 581 1044 644 captus,
1070 573 1288 644 ignorat
1312 572 1544 645 Regiam
1575 583 1907 645 potestatem

305 667 659 742 pontiﬁcibus
687 683 807 723 esse
837 666 1183 738 subjectam?
1221 675 1275 723 et
1299 667 1423 739 quis
1449 666 1640 724 credat
1659 684 1691 724 a
1731 668 1909 741 subje-

302 764 487 819 ctione
526 760 774 817 Romani
804 760 1091 817 Pontiﬁcis
1120 777 1179 817 se
1216 760 1453 817 alienum
1494 776 1633 829 esse,
1673 762 1783 818 nisi
1813 763 1905 834 qui

303 854 652 927 exigentibus
675 855 915 928 peccatis
944 855 1057 911 suis
1083 840 1226 911 inter
1260 870 1391 911 oves
1415 853 1619 912 Christi
1647 870 1761 912 non
1792 872 1908 913 me-

309 952 429 1007 ruit
454 950 730 1006 numerari
747 949 775 1005 ?
817 948 919 1006 Sed
938 949 1052 1022 jam
1083 950 1162 1006 rei
1194 948 1478 1020 ordinem,
1503 965 1674 1023 quem
1698 949 1906 1022 incepi-

305 1060 460 1113 mus,
487 1059 906 1117 prosequamur.

938 1146 1180 1203 CAPUT
1219 1148 1291 1202 Il.

298 1248 539 1304 Πετιήεί
577 1248 908 1319 pervicacia,
938 1247 1213 1317 Rudolphi
1246 1245 1453 1315 electio,
1485 1248 1643 1302 irriti
1681 1252 1906 1303 conatus

825 1320 1073 1388 Gregorii
1097 1334 1199 1389 pro
1220 1334 1375 1389 pace.

364 1429 419 1477 7.
441 1425 663 1477 Interea
680 1420 772 1478 ubi
797 1420 865 1477 de
883 1421 1050 1492 Regis
1065 1420 1248 1477 banno
1274 1419 1347 1477 ad
1367 1435 1529 1476 aures
1550 1419 1699 1491 vulgi
1719 1435 1906 1492 perso-

291 1516 431 1581 nuit,
461 1523 615 1571 totus
648 1514 800 1571 orbis
843 1518 1131 1571 Romanus
1152 1514 1327 1570 nimio
1362 1513 1560 1569 timore
1590 1514 1907 1585 perterritus

290 1626 406 1666 non
437 1609 797 1666 mediocriter
836 1608 1103 1665 vacillavit
1134 1627 1150 1666 :
1183 1608 1354 1664 Italici
1392 1623 1635 1679 namque
1663 1608 1903 1663 Antisti-

291 1713 375 1760 tes
403 1713 459 1761 et
480 1703 742 1775 Episcopi
770 1703 1057 1760 Teutonici
1090 1702 1273 1776 Regni
1303 1718 1470 1775 super
1498 1711 1651 1759 tanta
1682 1701 1899 1759 dissen-

2015 487 2179 537 ceret.
2231 476 2341 535 Sed
2369 477 2516 550 quod
2564 478 2942 536 fraudulenter
2969 480 3433 553 Archiepiscopus
3470 486 3616 550 (153)

2011 575 2148 647 ipse,
2177 589 2270 645 per
2300 572 2533 628 velatam
2562 575 2731 644 Regis
2759 574 3048 643 astutiam;
3071 583 3260 646 captus
3279 574 3445 634 fuerit
3466 575 3617 648 apud

2013 667 2377 736 Placentiam,
2432 675 2488 722 et
2522 667 2879 738 postmodum
2928 668 3014 723 vix
3055 668 3334 739 liberatus,
3390 678 3613 744 propter

2012 762 2254 819 historiae
2278 760 2678 833 longitudinem
2708 762 3186 834 prmtermittimus
3210 764 3467 821 scribere.

2084 864 2139 913 8.
2165 854 2507 913 Venerabilis
2528 854 2710 926 itaque
2732 859 2874 928 Papa
2903 857 3219 933 Gregorius,
3250 857 3430 915 audita
3460 859 3612 931 lega-

2012 952 2161 1008 tione
2206 958 2492 1006 tantorum
2533 949 2872 1022 Principum,
2900 949 3026 1006 licet
3062 951 3387 1022 gravissima
3431 952 3612 1009 hiems

2012 1046 2263 1110 instaret,
2295 1060 2364 1101 ne
2394 1052 2612 1101 tantum
2650 1044 2882 1115 bonum,
2917 1044 3070 1115 quod
3098 1043 3167 1101 de
3199 1061 3328 1116 pace
3355 1047 3611 1119 speraba-

2012 1148 2124 1209 tur,
2153 1155 2249 1212 per
2277 1139 2448 1211 ipsius
2476 1138 2865 1212 negligentiam
2894 1148 3229 1207 remaneret,
3255 1155 3385 1196 cum
3411 1139 3610 1197 eodem

2011 1232 2437 1305 Archiepiscopo
2463 1233 2633 1304 ipsius
2655 1232 2864 1289 itineris
2892 1231 3275 1288 difﬁcultatem
3295 1233 3607 1304 assumpsit,

2012 1337 2073 1385 et
2116 1343 2288 1400 usque
2342 1326 2413 1384 ad
2454 1326 2733 1383 Vercellas
2778 1326 3063 1399 processit.
3112 1329 3194 1382 Eo
3245 1334 3428 1383 autem
3467 1326 3608 1383 nihil

2011 1422 2232 1480 sinistre
2286 1420 2595 1493 suspicaute
2637 1420 2705 1477 de
2746 1420 2913 1493 Regis
2952 1419 3340 1492 promissione,
3387 1427 3611 1492 repente

2011 1516 2277 1583 insonuit,
2308 1514 2454 1588 quod
2480 1516 2595 1587 ipse
2616 1530 2715 1571 rex
2737 1514 3074 1570 velocissimo
3103 1530 3268 1570 cursu
3287 1514 3408 1586 jam
3436 1523 3613 1573 trans-

2012 1610 2147 1668 ierat
2184 1610 2370 1682 Alpes,
2402 1618 2454 1665 et
2486 1610 2543 1664 in
2576 1624 2807 1665 occursu
2849 1607 3133 1665 Pontiﬁcis
3160 1608 3429 1665 hostiliter
3456 1606 3607 1665 festi-

2009 1705 2193 1761 nabat.
2220 1703 2380 1776 Quod
2420 1702 2637 1759 facinus
2674 1702 3016 1773 inopinatum
3064 1711 3352 1775 postquam
3378 1702 3604 1774 Episco-

290 1802 451 1856 sione
483 1769 547 1853 in
570 1769 759 1869 partes
812 1813 869 1854 se
911 1769 1234 1865 diviserunt,
1282 1805 1339 1853 et
1370 1769 1596 1853 auctore
1627 1797 1898 1853 Guiberto
1931 1769 1980 1832 Β
2013 1815 2113 1871 pus
2144 1769 2507 1856 Vercellensis
2554 1769 2827 1869 cognovit,
2875 1796 3002 1852 licet
3030 1769 3608 1867 Regis-Cancellarius

287 1894 436 1965 apud
468 1892 699 1963 Papiam
729 1900 1082 1948 contumaces
1109 1890 1364 1963 Episcopi
1390 1889 1744 1947 Lombardiae
1773 1899 1901 1964 post

289 1987 506 2043 Pascha
562 1993 946 2043 convenerunt
990 1985 1047 2041 in
1082 2000 1255 2042 unum
1307 2003 1320 2040 :
1372 1984 1576 2057 ibique,
1624 1984 1901 2042 imitantes

288 2080 553 2138 Photium
597 2088 653 2135 et
682 2079 1035 2147 Dioscorum,
1078 2079 1388 2135 Dominum
1427 2080 1637 2151 Papam
1665 2079 1900 2135 senioris

290 2178 498 2231 Romae
540 2190 639 2230 ore
666 2173 929 2245 sacrilego
971 2172 1455 2231 excommunicare
1480 2173 1747 2230 instinctu
1774 2174 1900 2231 dia-

289 2269 473 2325 bolico
518 2275 1017 2340 praesumpserunt.
1077 2267 1238 2338 Quod
1293 2266 1499 2324 factum
1548 2267 1896 2325 attendentes

289 2364 574 2434 Principes
594 2363 795 2434 Regni,
815 2378 931 2418 non
959 2361 1303 2419 mediocriter
1321 2360 1572 2418 dubitare
1592 2369 1896 2434 coeperunt,

290 2474 359 2514 an
386 2457 1027 2513 excommunicationem
1057 2456 1233 2528 ipsam
1262 2464 1634 2525 contemnere,
1664 2473 1732 2512 an
1770 2472 1897 2512 eam

289 2561 621 2610 reverenter
671 2550 968 2608 observare
1010 2550 1309 2620 (deberent)
1350 2569 1364 2607 :
1402 2551 1646 2607 maxime
1682 2567 1811 2608 cum
1840 2551 1897 2608 in

290 2663 489 2704 eorum
538 2647 661 2718 lege
696 2647 1068 2713 contineatur,
1103 2654 1167 2701 ut
1212 2646 1256 2701 si
1283 2645 1403 2717 quis
1431 2643 1574 2701 infra
1600 2660 1805 2701 annum
1844 2653 1899 2700 et

285 2741 436 2799 diem
464 2740 539 2797 ab
579 2739 1165 2797 excommunicationis
1206 2738 1422 2795 vinculo
1452 2754 1570 2795 non
1606 2737 1772 2794 fuerit
1799 2738 1894 2795 ab-

285 2836 528 2905 solutus,
594 2834 746 2891 omni
796 2842 978 2890 careat
1017 2833 1294 2906 dignitatis
1336 2832 1566 2889 honore.
1617 2832 1782 2889 Unde
1825 2832 1897 2890 ad

286 2947 481 2988 eorum
510 2929 947 2986 consolationem
970 2927 1265 3000 prudentes
1292 2926 1549 2999 Episcopi
1578 2925 1897 2998 hujusmodi

287 3024 561 3083 dederunt
617 3039 968 3095 responsum,
1011 3021 1182 3095 quod,
1242 3021 1549 3099 secundum
1599 3029 1802 3077 statuta
1842 3029 1898 3078 et

287 3120 542 3193 exempla
572 3123 889 3175 sanctorum
938 3119 1184 3185 Patrum,
1230 3119 1518 3172 Romanus
1559 3115 1814 3172 Pontifex
1864 3131 1895 3171 a

285 3216 515 3271 nemine
520 3212 757 3286 judicari
778 3228 875 3268 seu
894 3210 1363 3269 excommunicari
1385 3210 1660 3267 ullatenus
1689 3217 1891 3283 potest.

284 3309 418 3367 Ideo
461 3306 748 3378 Principes
802 3307 903 3379 ipsi
954 3306 1240 3377 (quoniam
1277 3304 1582 3361 secundum
1626 3304 1893 3360 malitiam

284 3402 547 3459 instantis
567 3401 831 3472 temporis
858 3402 1058 3456 melius
1084 3399 1218 3455 nihil
1246 3400 1591 3468 invenerunt)
1621 3414 1751 3455 cum
1778 3402 1893 3455 Ru-

285 3496 524 3568 dolpbo,
568 3495 864 3563 Guelfone,
896 3510 961 3550 ac
999 3493 1342 3550 Theoderico
1372 3492 1642 3561 Ducibus,
1686 3502 1743 3549 et
1771 3493 1894 3549 aliis

286 3590 596 3662 majoribus
626 3590 802 3662 Regni
850 3589 1171 3661 juramento
1225 3587 1538 3656 ﬁrmarunt,
1571 3594 1634 3644 ut
1680 3587 1727 3643 si
1774 3589 1892 3643 Rex

287 3685 526 3741 consilio
568 3699 765 3741 eorum
810 3683 1160 3757 acquiescere
1212 3682 1389 3750 vellet,
1448 3696 1677 3753 operam
1733 3696 1893 3737 suam

288 3779 591 3837 efﬁcaciter
615 3777 957 3846 adhiberent,
992 3786 1052 3834 ut
1066 3776 1362 3849 Gregorius
1384 3778 1530 3848 Papa
1559 3775 1710 3832 ultra
1737 3790 1892 3831 mon-

288 3885 375 3931 tes
417 3874 652 3941 veniret,
712 3879 767 3928 et
806 3888 836 3927 a
886 3870 1105 3927 vinculo
1147 3869 1728 3927 excommunicationis
1762 3884 1892 3925 eum

283 3969 621 4025 absolveret.
648 3970 768 4039 Quo
815 3965 959 4022 facto
988 3968 1103 4021 Rex
1139 3981 1233 4021 ore
1263 3965 1483 4037 proprio
1510 3964 1891 4036 juramentum

284 4062 572 4136 praestitit,
625 4061 769 4133 quod
799 4061 856 4116 in
892 4059 1132 4115 adventu
1158 4059 1330 4130 ipsius
1376 4056 1657 4114 Pontiﬁcis
1685 4056 1893 4130 absque

284 4160 437 4213 malo
482 4155 702 4229 ingenio
730 4156 849 4228 ejus
877 4162 1047 4211 staret
1076 4152 1336 4209 mandato
1364 4170 1377 4206 :
1408 4160 1465 4209 et
1493 4160 1894 4224 consequenter

289 4252 571 4323 Principes
607 4250 811 4306 iterum
842 4250 1169 4321 juraverunt
1200 4247 1258 4303 in
1281 4246 1429 4305 hunc
1461 4245 1719 4313 modum,
1762 4254 1822 4302 ut
1850 4246 1892 4302 si

287 4363 383 4403 rex
411 4344 569 4417 quod
592 4344 873 4417 juraverat
899 4342 1236 4411 observaret,
1271 4341 1372 4413 ipsi
1395 4357 1523 4398 cum
1552 4357 1618 4398 eo
1643 4340 1699 4396 in
1726 4356 1890 4397 manu

288 4411 465 4496 valida
494 4411 982 4511 proﬁcischentur
1002 4436 1073 4506 ad
1093 4411 1583 4505 urbemiRomam;
1604 4443 1660 4492 et
1676 4442 1894 4507 recepta

2012 1893 2329 1961 haberetur,
2384 1890 2639 1947 Pontiﬁci
2686 1899 2869 1947 tamen
2915 1890 2993 1946 rei
3044 1890 3322 1947 veritatem
3372 1889 3607 1947 ﬁdeliter

2009 1986 2309 2044 intimavit.
2344 1987 2467 2055 Quo
2495 1984 2681 2042 audito
2712 1995 2770 2041 et
2789 1985 2844 2041 in
2886 1984 3109 2041 veritate
3134 1992 3436 2057 comperto,
3462 1988 3606 2041 Pon-

2007 2081 2141 2138 tifex
2173 2080 2359 2137 statim
2403 2079 2603 2136 avertit
2630 2078 2891 2147 habenas,
2936 2087 2991 2135 et
3033 2080 3100 2136 ad
3138 2078 3477 2135 tutissimum
3509 2094 3606 2136 ca-

2008 2183 2184 2233 strum
2215 2174 2522 2231 Comitissa:
2566 2173 2831 2241 Matildis,
2873 2174 3029 2230 Beati
3059 2172 3205 2230 Petri
3236 2172 3607 2230 devotissimae

2006 2268 2149 2337 ﬁliae,
2176 2268 2325 2341 quod
2352 2267 2549 2325 dicitur
2570 2267 2888 2336 Canusium,
2906 2284 3018 2324 non
3046 2266 3281 2340 segniter
3306 2266 3607 2334 festinavit,

2005 2372 2060 2421 ot
2080 2378 2137 2419 se
2161 2363 2216 2419 in
2243 2371 2362 2420 tuto
2391 2379 2517 2419 cum
2552 2363 2832 2419 Fratribus
2876 2362 2987 2419 suis
3027 2362 3246 2434 recepit.
3279 2364 3401 2419 Rex
3459 2377 3606 2430 vero,

2005 2457 2302 2531 perpetrati
2351 2456 2572 2531 perjurii
2618 2456 2886 2525 conscius,
2944 2456 3039 2514 ubi
3083 2464 3294 2513 reatum
3338 2472 3501 2512 suum
3530 2456 3608 2514 in-

2004 2551 2313 2610 dubitanter
2368 2552 2715 2625 publicatum
2734 2551 3007 2624 cognovit,
3032 2550 3277 2623 deposita
3295 2549 3601 2619 ferocitate,

2002 2654 2290 2719 tamquam
2320 2647 2510 2719 vulpes
2539 2645 2756 2714 callida,
2792 2645 3200 2718 simplicitatem
3228 2644 3605 2703 columbinam

2002 2739 2196 2811 induit,
2243 2749 2300 2797 et
2347 2756 2523 2812 usque
2561 2739 2631 2795 ad
2676 2740 2857 2812 ipsum
2897 2748 3157 2803 castrum,
3198 2748 3260 2797 ut
3296 2748 3604 2797 mereretur

2003 2834 2231 2900 absolvi,
2272 2833 2597 2893 Pontiﬁcem
2631 2831 2786 2905 sequi
2817 2848 2928 2889 non
2956 2833 3166 2901 destitit
3202 2850 3216 2889 :
3250 2834 3309 2891 in
3336 2850 3445 2905 quo
3481 2835 3601 2891 loco

2004 2944 2170 3002 super
2196 2927 2378 2985 nivem
2407 2936 2461 2984 et
2496 2926 2721 3000 glaciem
2751 2926 2911 2983 nudis
2944 2927 3174 2999 pedibus
3214 2943 3313 3000 per
3348 2927 3467 2984 dies
3496 2928 3600 2985 ali-

2005 3032 2140 3096 quot
2181 3022 2360 3093 stetit,
2419 3030 2475 3078 et
2526 3020 2882 3079 absolutionis
2924 3020 3160 3093 gratiam
3210 3021 3600 3080 instantissime

2005 3116 2314 3190 postulavit.
2384 3118 2518 3173 Post
2580 3117 2779 3172 multas
2827 3117 3008 3189 itaque
3065 3115 3490 3188 disceptationes
3546 3124 3601 3174 et

2003 3212 2118 3268 vari
2165 3211 2419 3280 consilia,
2472 3219 2597 3285 post
2660 3210 3083 3268 satisfactionem
3142 3218 3196 3266 et
3250 3209 3601 3269 absolutionis

2000 3307 2256 3379 gratiam,
2299 3305 2445 3361 idem
2502 3304 2749 3360 Pontifex
2816 3304 2959 3361 inter
3005 3305 3300 3363 Missarum
3347 3304 3599 3362 solennia

2000 3400 2163 3473 Regi,
2206 3401 2463 3455 Hostiam
2511 3396 2712 3455 Christi
2758 3399 3062 3470 porrigens,
3111 3398 3248 3456 dixit
3298 3418 3311 3455 :
3351 3399 3407 3455 Si
3436 3399 3602 3457 corde

2002 3496 2148 3551 bono
2176 3492 2412 3561 accedis,
2438 3500 2493 3548 et
2522 3491 2668 3563 quod
2697 3507 2792 3548 ore
2821 3491 3093 3564 proﬁteris
3128 3491 3263 3547 mihi
3305 3492 3599 3550 observare

1996 3588 2265 3661 disponis,
2292 3586 2397 3644 hoc
2420 3602 2639 3643 sacrum
2660 3586 2874 3658 Corpus
2896 3586 2968 3643 sit
2994 3585 3113 3651 tibi,
3139 3586 3281 3642 sicut
3296 3587 3597 3659 Apostolis,

2002 3683 2071 3740 ad
2111 3683 2376 3748 salutem;
2426 3681 2667 3754 alioquin
2706 3680 2933 3751 indigne
2977 3680 3246 3754 percipies
3283 3680 3416 3737 illud
3458 3681 3601 3738 sicut

1998 3776 2187 3847 Judas,
2233 3785 2288 3832 et
2317 3776 2585 3848 judicium
2620 3774 2718 3833 tibi
2743 3774 2950 3847 absque
2995 3774 3168 3831 dubio
3208 3776 3598 3833 manducabis.

2001 3874 2072 3928 Et
2097 3871 2285 3927 statim
2331 3869 2401 3925 ad
2426 3870 2679 3926 osculum
2706 3885 2835 3926 eum
2860 3869 3085 3941 recepit,
3119 3878 3173 3925 et
3206 3879 3331 3942 post
3370 3871 3599 3928 Missam

2002 3982 2130 4023 cum
2161 3965 2279 4037 ipso
2310 3972 2529 4037 paterna
2579 3964 2846 4021 charitate
2886 3963 3126 4020 comedit
3159 3985 3172 4019 :
3206 3972 3469 4033 praeterea
3514 3982 3602 4022 ex-

2000 4060 2439 4117 communicatos
2461 4058 2551 4131 qui
2585 4075 2712 4115 cum
2737 4061 2887 4130 Rege
2920 4066 3178 4116 venerant
3216 4057 3345 4115 fecit
3368 4060 3596 4129 absolvi,

2003 4162 2058 4210 et
2089 4153 2145 4209 in
2174 4169 2304 4226 pace
2334 4168 2527 4209 omnes
2555 4153 2787 4210 dimisit.

2070 4253 2123 4305 9.
2180 4251 2431 4304 Decurso
2472 4247 2652 4319 itaque
2696 4246 2949 4302 instantis
2979 4246 3104 4302 anni
3142 4246 3370 4315 circulo,
3401 4263 3599 4320 quam-

2003 4357 2175 4414 quam
2204 4342 2262 4398 in
2286 4340 2423 4397 facie
2449 4341 2701 4398 Pontiﬁci
2729 4344 2846 4396 Rex
2878 4341 3109 4396 devotus
3149 4350 3203 4397 et
3235 4340 3497 4399 obediens
3523 4343 3603 4398 vi-

2001 4436 2242 4505 deretur,
2260 4435 2423 4492 corde
2448 4444 2504 4492 et
2526 4451 2710 4508 opere,
2730 4435 2873 4492 sicut
2889 4434 2968 4490 rei
2990 4432 3218 4491 effectus
3237 4435 3596 4507 postmodum

287 4533 847 4605 ImperialisCoronae
863 4530 1430 4605 dignitateaDomino
1444 4529 1711 4602 Gregorio
1728 4532 1895 4602 Papa,
1925 4529 1975 4593 D
2005 4530 2283 4598 indicavit,
2313 4531 2621 4587 contrarius
2647 4529 2767 4595 sibi,
2804 4538 2860 4585 et
2886 4543 3103 4600 semper
3149 4528 3206 4582 in
3230 4527 3438 4584 insidiis
3475 4527 3596 4586 efﬁ-

285 4627 690 4685 descenderent
714 4643 840 4683 cum
868 4626 1110 4684 exercitu
1132 4625 1190 4681 iu
1214 4624 1469 4696 Apuliam
1499 4632 1553 4679 et
1585 4623 1895 4681 Calabriam

284 4731 483 4779 contra
514 4723 889 4789 Normannos,
922 4721 1015 4793 qui
1042 4728 1171 4776 tunc
1191 4718 1623 4776 adversabantur
1650 4720 1893 4791 Aposto-

286 4818 409 4873 licm
464 4814 629 4884 Sedi;
677 4824 734 4872 et
776 4823 981 4872 terram
1024 4815 1222 4886 ipsam,
1254 4812 1493 4885 expulsis
1536 4813 1891 4883 Normannis,

284 4913 456 4968 Beato
488 4912 656 4966 Petro
677 4917 735 4965 et
759 4909 1014 4967 Ecclesiae
1038 4912 1310 4965 Romana:
1333 4907 1708 4963 restituerent.
1731 4906 1892 4976 Quod

284 5006 327 5061 si
354 5009 479 5062 Rex
526 5003 636 5060 hoc
656 5002 841 5060 facere
867 5003 1187 5077 denegaret,
1223 5016 1292 5059 ex
1320 5008 1453 5056 tunc
1480 5000 1584 5072 ipsi
1614 5000 1892 5073 Principes

287 5114 416 5154 eum
440 5114 625 5171 neque
656 5113 756 5170 pro
786 5100 939 5171 Rege
966 5112 1147 5169 neque
1171 5112 1270 5169 pro
1292 5095 1537 5154 Domino
1568 5094 1769 5150 habere
1789 5092 1892 5150 de-

287 5191 508 5247 berent.
540 5191 756 5262 Quibus
801 5190 901 5247 rite
946 5189 1234 5262 completis
1263 5197 1317 5246 et
1352 5189 1668 5262 juramento
1696 5188 1888 5244 ﬁrma-

294 5284 388 5352 tis,
414 5285 901 5359 Archiepiscopum
924 5286 1315 5341 Treverensem
1341 5281 1613 5339 miserunt
1626 5285 1888 5354 Romam,

287 5387 566 5451 quatenus
593 5395 653 5437 ea
682 5394 810 5452 quae
844 5376 916 5434 de
943 5377 1186 5435 sedanda
1224 5376 1497 5435 discordia
1527 5377 1670 5432 inter
1697 5376 1891 5433 Eccle-

284 5473 422 5531 siam
450 5482 509 5530 et
536 5473 837 5546 Imperium
866 5472 1283 5543 constituerant,
1312 5470 1593 5543 Episcopis
1613 5479 1668 5527 et
1696 5470 1890 5528 Cardi-

283 5567 512 5625 nalibus
544 5568 932 5634 innotesceret,
958 5575 1015 5623 et
1038 5573 1258 5638 propter
1272 5565 1376 5623 hoc
1396 5569 1724 5624 Romanum
1744 5568 1887 5622 Pon-

354 5712 401 5773 (ι
413 5712 502 5773 53)
542 5708 682 5779 Udo,
727 5704 1074 5779 quibusdam;
1110 5705 1254 5771 Ade,
1300 5703 1639 5779 Trevirensis
1679 5704 1886 5779 Archi-

280 5775 783 5863 episcopusjb'ari.
821 5783 980 5861 10q7.
1008 5775 1079 5863 ad
1131 5775 1888 5863 1978;me.minit‘hujusul_e_-

282 5847 520 5922 sationis
565 5855 873 5911 Browerus
912 5849 969 5908 in
1009 5848 1193 5910 Annal
1220 5864 1237 5908 :
1268 5848 1473 5909 Trevir.
1515 5847 1590 5908 ad
1617 5847 1705 5907 an.
1748 5854 1884 5905 1077

2003 4625 2197 4682 caciter
2242 4624 2438 4681 extitit.
2508 4623 2802 4680 Nocturnis
2850 4622 2996 4678 enim
3050 4622 3413 4694 temporibus,
3468 4639 3597 4680 cum

2002 4719 2267 4777 Guiberto
2287 4728 2343 4774 et
2371 4717 2563 4775 Ceutio
2585 4720 2840 4774 Romano
2868 4716 2987 4772 viro
3016 4716 3375 4788 nequissimo,
3397 4715 3466 4774 de
3488 4734 3597 4789 quo

2002 4814 2345 4870 mentionem
2388 4810 2624 4868 fecimus
2655 4810 2919 4882 superius,
2949 4820 3007 4867 et
3043 4811 3166 4867 aliis
3192 4811 3455 4869 Ecclesiae
3487 4811 3597 4869 ini-

2000 4907 2157 4965 micis
2210 4906 2554 4963 familiariter
2606 4906 2947 4978 loquebatur,
3012 4913 3067 4962 et
3113 4906 3340 4963 nefariis
3403 4922 3595 4964 eorum

1999 5002 2242 5062 consiliis
2271 5000 2517 5059 favorem
2542 5000 2854 5074 praestabat.
2878 4999 2982 5058 Sed
3003 5016 3128 5057 cum
3163 4998 3367 5057 videret
3392 5002 3595 5072 Papam

2002 5097 2334 5171 Gregorium
2363 5113 2393 5153 a
2424 5098 2615 5152 Castro
2647 5095 2864 5153 Canusii
2905 5095 3059 5155 nullo
3098 5094 3266 5153 modo
3310 5111 3469 5169 posse
3508 5095 3599 5151 di-

2002 5193 2146 5262 velli,
2178 5192 2403 5265 Papiam
2425 5199 2742 5248 moraturus
2770 5189 3028 5262 perrexit,
3056 5190 3150 5247 ubi
3174 5188 3427 5246 eumdem
3460 5191 3597 5247 Cen-

2000 5286 2137 5343 tium
2178 5284 2411 5356 pessima
2441 5291 2621 5341 morte
2662 5282 2986 5340 defunctum
3030 5283 3271 5352 invenit;
3301 5283 3456 5355 cujus
3497 5300 3595 5340 ex-

2000 5379 2260 5437 secrabile
2287 5378 2458 5436 funus
2476 5378 2623 5435 idem
2653 5377 2950 5435 Guibertus
2982 5394 3109 5434 cum
3139 5376 3349 5434 caeteris
3369 5393 3596 5433 excom-

2000 5473 2293 5530 municatis
2348 5473 2659 5545 pompatico
2714 5481 2769 5529 et
2816 5472 3234 5530 lamentabiliter
3280 5470 3591 5528 celebravit.

1998 5567 2211 5624 Eodem
2239 5576 2505 5641 tempore,
2537 5582 2666 5623 cum
2689 5568 2801 5623 Rex
2829 5567 3097 5623 Henricus
3121 5566 3179 5621 in
3211 5564 3455 5639 partibus
3487 5566 3593 5619 Ita-

1996 5712 2251 5837 ῗυἨῚ
2273 5726 2289 5779 ;
2315 5705 2414 5767 sed
2442 5705 2715 5779 ignoravit
2732 5704 2988 5777 injuriam
3004 5701 3187 5761 Udoni
3217 5717 3279 5759 ea
3303 5698 3595 5759 occasione

2020 5793 2085 5836 ac
2206 5820 2221 5836 .

2020 5793 2221 5836 actam.
