4122 6180
540 284 640 372 I23

1769 311 1828 366 s.
1866 293 2248 365 GREGORIUS
2285 305 2375 362 vn
2413 305 2610 363 PAPA.

3739 308 3851 366 12άὶ

534 442 621 500 lia:
671 448 999 510 moraretur,
1051 436 1326 509 Principes
1350 436 1529 508 Regni
1570 435 1717 509 apud
1758 437 1971 493 Villam.
2000 438 2133 493 For-
2158 438 2213 502 Α
2241 435 2309 491 ad
2338 437 2551 514 Regem
2577 434 2632 490 in
2651 433 2967 501 Bavariam,
2996 440 3052 490 et
3084 432 3134 490 ei
3175 432 3474 490 consilium
3508 440 3564 490 et
3587 434 3860 493 voluntaé‘

536 538 694 594 chem
726 539 780 593 in
810 551 980 593 unum
1017 533 1223 605 pariter
1251 540 1644 599 convenerunt,
1687 541 1742 588 et
1775 532 2132 604 Rodulphum

536 633 819 704 egregium
850 633 1062 685 Ducem
1104 624 1205 680 sibi
1247 624 1305 680 in
1333 627 1550 698 Regem
1593 627 1928 682 unanimiter
1959 627 2134 698 elege-

539 734 690 794 runt,
747 724 918 778 virum
965 719 1235 790 siquidem
1274 721 1458 791 magni
1505 721 1737 789 consilii,
1785 729 1840 778 et
1868 722 1926 776 in
1967 721 2133 776 armis

534 819 850 889 frequenter
893 822 1196 884 expertum,
1230 829 1293 869 ac
1321 813 1486 869 nimis
1510 813 1800 870 illustrem.
1848 815 2008 884 Quod
2040 813 2130 870 ubi

535 915 652 968 Rex
681 907 948 964 Henricus
999 907 1232 974 audivit,
1263 925 1376 963 non
1427 907 1775 965 mediocriter
1821 917 2130 965 commotus

535 1013 636 1070 est,
669 1012 723 1059 et
752 1003 812 1058 in
835 1001 1173 1058 iracundiam
1221 1002 1576 1060 vehementer
1628 1004 1847 1060 exarsit.
1889 1007 2128 1060 Verum-

531 1106 739 1168 tamen,
762 1097 904 1153 sicut
934 1097 1015 1152 vir
1043 1095 1274 1152 callidus
1299 1106 1354 1153 et
1377 1112 1562 1170 sagax,
1601 1098 1906 1155 Dominum
1930 1100 2131 1170 Papam

534 1192 870 1265 Gregorium
915 1207 1007 1262 per
1033 1191 1261 1248 nuntios
1285 1208 1413 1248 suos
1439 1192 1638 1249 blande
1667 1202 1719 1248 et
1741 1193 2020 1249 humiliter
2040 1209 2128 1248 ex-

533 1288 682 1343 oravi
691 1294 989 1359 tquatenus
1011 1285 1270 1342 eumdem
1290 1287 1645 1358 Rodulphum
1661 1304 1786 1343 mox
1810 1303 2132 1344 excommu-

533 1380 789 1436 nicationi
819 1379 1134 1453 subjiceret.
1165 1379 1415 1436 Pontifex
1435 1390 1644 1448 autem,
1666 1382 1892 1438 consilio
1917 1382 2125 1451 habito,

530 1473 822 1548 respondit
848 1491 906 1530 se
937 1473 1040 1530 hoc
1071 1474 1304 1531 libenter
1333 1474 1626 1543 facturum,
1661 1476 1706 1531 si
1733 1476 2062 1549 Rodulphus
2097 1492 2128 1533 a

532 1585 592 1626 se
639 1577 862 1626 vocatus
913 1568 1184 1626 rationem
1213 1569 1294 1624 sui
1345 1569 1473 1626 facti
1518 1571 1749 1627 reddere
1772 1571 1943 1627 nollet
1971 1589 1986 1625 :
2019 1586 2130 1626 non

532 1663 683 1720 enim
714 1663 918 1736 justum
957 1673 1051 1718 aut
1076 1663 1405 1720 rationabile
1453 1663 1774 1734 videbatur,
1833 1674 1892 1721 ut
1947 1665 2129 1737 prius-

533 1775 702 1832 quam
728 1759 1116 1814 conveniretur
1137 1759 1720 1816 excommunicationis
1741 1759 1919 1830 gladio
1945 1760 2128 1832 puniri

2241 540 2350 586 tem
2380 531 2572 585 Patris
2611 529 2693 585 sui
2751 528 3026 584 Pontiﬁcis
3073 528 3476 585 ostenderunt:
3539 531 3636 586 sed
3689 529 3842 602 apud

2240 627 2423 698 ipsum
2455 623 2674 680 efﬁcere
2701 624 3017 680 nullatenus
3046 632 3364 694 potuerunt,
3397 624 3616 696 quodin
3643 628 3836 696 Regno

2241 736 2340 777 suo
2390 726 2673 792 pateretur
2698 719 2984 791 Synodum
3012 719 3300 787 celebrari,
3322 719 3431 774 nisi
3471 719 3837 791 Rodulphum

2239 818 2452 888 Regem
2475 815 2682 886 absque
2731 813 3005 878 citatione,
3062 828 3176 869 non
3221 813 3532 869 confessum
3587 815 3668 869 vel
3709 831 3837 870 con-

2239 910 2458 974 victum,
2544 908 3131 965 excommunicationis
3211 907 3427 964 vinculo
3486 908 3846 964 innodarent.

2240 1004 2401 1073 Quod
2439 1003 2563 1075 quia
2606 1004 2794 1075 Legati
2849 1001 3031 1058 facere
3065 1017 3177 1058 non
3221 1012 3712 1074 praesumpserant,
3741 1002 3840 1059 do...

2239 1101 2413 1156 lentes
2437 1098 2587 1170 quod
2615 1097 2820 1169 absque
2872 1096 3056 1153 fructu
3095 1113 3288 1153 eorum
3319 1098 3564 1169 fatigatio
3588 1113 3843 1162 remane—

2237 1195 2351 1262 bat,
2383 1193 2588 1249 infecto
2624 1193 2849 1264 negotio
2877 1199 3194 1249 remearunt
3213 1191 3293 1248 ad
3333 1192 3528 1247 urbem
3569 1196 3832 1248 Romam.

2239 1293 2445 1346 Iterum
2473 1295 2662 1345 autem
2685 1287 2828 1343 inter
2849 1287 3075 1344 eosdem
3113 1290 3288 1359 Reges
3307 1286 3512 1343 acriter
3531 1295 3838 1359 est-pugnas

2239 1393 2380 1452 tum,
2437 1392 2492 1439 et
2536 1382 2713 1439 multa
2743 1381 2914 1437 millia
2937 1381 3244 1449 hominum,
3296 1380 3535 1436 maxime
3557 1379 3836 1436 Bohemo-

2237 1494 2384 1547 rum,
2421 1493 2559 1534 caesa
2597 1485 2743 1534 sunt.
2796 1479 3016 1532 Interea
3065 1471 3394 1532 venerabilis
3444 1474 3711 1542 Pontifex,
3755 1487 3834 1531 re-

2240 1573 2411 1645 ceptis
2437 1572 2659 1628 Nuntiis
2701 1571 2930 1627 Roberti
2960 1569 3276 1636 Guiscardi,
3297 1570 3300 1572 ’
3323 1569 3523 1641 egregii
3553 1571 3830 1625 Normano

2237 1683 2440 1724 norum
2491 1667 2678 1734 Ducis,
2715 1681 2904 1723 versus
2955 1665 3215 1736 Apuliam
3243 1673 3367 1735 post
3395 1672 3614 1720 octavas
3644 1666 3842 1720 Penmq

2237 1771 2415 1819 costes
2461 1763 2569 1818 iter
2595 1761 2844 1833 arripuit,
2902 1767 3124 1816 etcum
3178 1760 3298 1831 ipso
3347 1758 3493 1829 apud
3554 1758 3840 1830 Aquinum

532 1827 776 1910 deberet.
826 1854 1004 1925 Hujus
1035 1853 1220 1926 itaque
1267 1855 1637 1926 responsionis
1690 1827 1981 1911 occasione
2032 1854 2133 1911 ad-
2161 1827 2208 1889 Β
2237 1857 2572 1930 colloquium
2643 1827 2852 1912 habuit.
2904 1856 3158 1926 Congrua
3186 1827 3475 1925 itaque'ab
3515 1867 3582 1908 eo
3615 1827 3844 1908 satisfa-.

533 1962 723 2002 versus
749 1947 1072 2002 Pontiﬁcem
1099 1949 1394 2003 maximam
1448 1949 1879 2022 indignationem
1927 1966 2129 2006 conce-

531 2040 644 2112 pit;
675 2039 773 2096 sed
811 2041 935 2111 quia
981 2042 1297 2114 gravissima
1328 2042 1428 2098 sibi
1471 2043 1684 2115 negotia
1716 2044 2127 2114 incumbebant,

445 2137 448 2146 '
534 2133 638 2189 hoc
694 2134 1085 2206 praetermisso,
1116 2136 1175 2190 in
1211 2135 1503 2192 Franciam
1531 2145 1584 2192 et
1615 2139 1906 2214 Bavariam
1935 2148 2130 2194 contra

533 2229 887 2300 Rodulphum
919 2229 972 2284 in
1026 2245 1193 2285 manu
1218 2229 1396 2286 valida
1427 2230 1701 2287 festinavit
1730 2249 1743 2285 :
1769 2241 1990 2288 econtra
2021 2235 2132 2288 Ro-

533 2322 790 2393 dulphus,
811 2322 880 2380 de
895 2323 1110 2396 justitia
1134 2341 1230 2380 sua
1257 2323 1561 2394 confidens,
1589 2327 1658 2383 ad
1687 2327 2002 2383 conﬂictum
2025 2343 2132 2383 cer-

542 2417 765 2473 taminis
795 2417 1145 2475 animositate
1173 2420 1414 2476 maxima
1435 2421 1761 2493 properavit.
1777 2423 1918 2492 Quid
1937 2422 2133 2494 plura?

532 2510 794 2567 Horribili
834 2512 978 2569 bello
1030 2513 1228 2569 acriter
1278 2516 1560 2587 utrimque
1616 2517 1938 2585 commisso,
1988 2515 2133 2574 caesa

529 2613 656 2661 sunt
708 2607 885 2662 multa
932 2607 1104 2664 millia
1150 2608 1440 2665 hominum
1478 2609 1603 2666 hinc
1648 2610 1776 2667 inde
1832 2611 1972 2668 :sed
2012 2613 2132 2684 quis

532 2715 726 2757 eorum
758 2702 1108 2772 praevaluerit
1129 2719 1241 2759 non
1270 2703 1503 2761 habetur
1525 2713 1761 2761 certum.

607 2800 692 2850 10.
718 2798 854 2852 Post
882 2795 987 2853 hoc
1009 2805 1197 2853 autem
1224 2799 1493 2854 Dominus
1521 2799 1823 2871 Gregorius
1847 2815 2130 2874 regressus

531 2895 614 2944 est
643 2906 769 2946 cum
785 2891 994 2947 honore
1023 2891 1094 2948 ad
1121 2892 1320 2949 urbem
1351 2895 1627 2950 Romam:
1664 2894 1814 2951 illico
1843 2896 2130 2969 Synodum

530 2985 870 3053 convocavit,
905 2985 960 3041 in
1006 3003 1112 3058 qua
1181 2987 1554 3042 interfuerunt
1597 2989 1783 3044 Nuntii
1837 2991 2128 3047 amborum

529 3093 742 3150 regum,
797 3080 998 3152 quibus
1039 3079 1289 3136 Pontifex
1317 3080 1562 3135 districte
1610 3082 1871 3153 praecepit
1924 3100 1992 3139 ne
2031 3085 2130 3155 ipsi

2241 1953 2421 2009 ctione
2445 1959 2712 2023 suscepta,
2748 1950 2900 2023 prius
2929 1966 2959 2005 a
2999 1949 3222 2005 vinculo
3247 1947 3846 2004 excommunicationis.

2241 2062 2367 2104 eum
2393 2045 2627 2103 absolvit
2657 2053 2710 2100 et
2749 2053 3153 2116 consequenter
3199 2042 3522 2099 fidelitatem
3556 2051 3612 2098 et
3646 2041 3837 2097 homa-'

2241 2141 2391 2215 gium
2420 2142 2538 2214 ejus
2557 2140 2783 2212 recepit.
2806 2136 3168 2196 Postmodum
3197 2150 3328 2193 vero
3352 2137 3469 2210 jam
3488 2140 3838 2208 assumptum

2241 2237 2298 2292 in
2328 2237 2616 2308 specialem
2645 2234 2792 2290 Beati
2846 2235 2990 2290 Petri
3034 2233 3298 2301 Militem,
3331 2231 3400 2288 de
3424 2231 3595 2288 totius
3618 2231 3834 2303 Apulia

2241 2340 2294 2387 et
2319 2331 2582 2387 Calabriae
2612 2334 2848 2399 Ducatu,
2886 2343 2983 2401 per
3009 2327 3274 2384 vexillum
3295 2326 3452 2384 Sedis
3476 2326 3831 2399 Apostolicae,

2240 2424 2529 2481 investivit.
2561 2422 2564 2424 ’

2844 2527 3085 2582 CAPUT
3115 2527 3202 2582 III.

2242 2634 2496 2697 G-uiberti
2522 2632 3089 2703 Antipapcepromotio
3120 2628 3372 2683 :Henrici
3394 2629 3534 2696 fuga.
3562 2627 3630 2681 ab
3657 2626 3835 2683 Urbe

2815 2717 2954 2757 mors
2985 2703 3251 2769 Gregorii.
3829 2727 3834 2732 -

2321 2819 2334 2866 1
2352 2818 2402 2869 1.
2422 2807 2632 2866 Eodem
2647 2821 2865 2880 quoque
2877 2813 3125 2877 tempore
3139 2802 3554 2870 Rex‘Henricus,
3567 2800 3622 2856 in
3634 2815 3832 2873 magna

2239 2906 2493 2979 superbia
2523 2905 2784 2970 elevatus,
2828 2898 3166 2956 antedictum
3196 2897 3516 2954 Leimarum
3565 2898 3836 2951 Bremen-

2237 3018 2354 3057 sem
2371 3010 2425 3055 et
2435 2994 3305 3065 HermannumBambergensem
3315 2990 3835 3057 Antistitem,cervi-

2237 3112 2396 3152 cosos
2416 3093 2583 3159 viros,
2600 3090 2892 3147 destinavit
2909 3089 2980 3145 ad
3010 3087 3204 3144 urbem
3235 3088 3552 3142 Romanam
3575 3098 3672 3158 per
3695 3080 3835 3155 quos

529 3175 709 3244 Reges
756 3180 882 3226 ante
924 3172 1213 3228 adventum
1258 3175 1595 3245 Legatomm
1626 3190 1855 3231 suorum
1885 3194 2129 3250 ρυςοοτθ
2165 3190 2210 3254 C
2237 3190 2407 3246 nimis
2438 3195 2689 3259 proterve
2712 3184 2993 3240 mandavit
3021 3185 3181 3255 Papae
3195 3181 3488 3254 Gregorio,
3513 3196 3574 3235 ac
3593 3179 3634 3234 si
3654 3187 3836 3251 potesa

528 3273 951 3336 praesumerent,
1019 3265 1117 3322 sed
1177 3283 1453 3338 congruus
1504 3269 1657 3324 locus
1727 3270 1794 3324 ab
1861 3271 2130 3344 episcopis

527 3357 816 3430 utriusque
847 3359 1012 3430 partis
1043 3360 1401 3429 inveniretur,
1439 3361 1495 3416 in
1525 3379 1632 3434 quo
1678 3372 1806 3420 ante
1851 3364 2000 3436 ipsos
2030 3368 2130 3422 Le-

529 3461 684 3525 gatos
727 3453 970 3511 rationes
1016 3471 1145 3512 suas
1174 3472 1408 3529 quaeque
1438 3473 1562 3528 pars
1600 3474 1792 3515 secure
1830 3461 2009 3517 valeat
2036 3461 2132 3518 de-

527 3557 858 3605 monstrare.
895 3549 1057 3620 Quod
1088 3551 1318 3607 verbum
1361 3551 1487 3608 licet
1515 3554 1737 3608 Nuntiis
1764 3555 1892 3625 ipsis
1913 3558 2126 3628 placue-

526 3641 620 3707 rit,
672 3644 1002 3713 impediente
1057 3653 1242 3699 tamen
1307 3644 1537 3700 humani
1593 3648 1813 3717 generis
1877 3649 2128 3721 inimico,

526 3733 896 3792 disturbatum
929 3736 1066 3804 fuit;
1101 3746 1155 3793 et
1175 3738 1380 3793 iterum
1411 3741 1652 3810 peccatis
1677 3743 2017 3814 exigentibus
2048 3746 2128 3800 in-

527 3837 613 3884 ter
655 3828 880 3886 eosdem
927 3834 1107 3902 Reges
1149 3832 1486 3888 horribiliter
1533 3844 1616 3890 est
1655 3815 1981 3909 pugnatum,
2033 3839 2128 3896 ubi

526 3922 768 4004 maxima
823 3923 1071 3980 virorum
1120 3924 1347 3981 fortium
1389 3927 1684 3984 multitudo
1734 3931 1949 3987 cecidit.
1991 3935 2125 4002 Quae

526 4032 690 4073 causa
736 4017 871 4074 dum
899 4018 1126 4075 devenit
1171 4019 1240 4076 ad
1267 4013 1429 4076 a'ures
1451 4023 1652 4078 summi
1693 4025 1994 4095 Pontiﬁcis,
2024 4043 2122 4099 pro

524 4119 678 4167 tanta
725 4113 1000 4169 occisione
1057 4113 1414 4170 vehementer
1442 4115 1709 4187 ingemuit
1752 4139 1764 4174 :
1811 4120 1906 4176 sed
1954 4137 1985 4177 a
2032 4122 2122 4194 pio

523 4205 670 4278 quod
724 4215 871 4261 tanta
927 4214 1172 4279 coeperat
1206 4224 1368 4280 opere
1396 4211 1590 4266 nolens
1623 4212 1912 4282 desistere,
1945 4218 2115 4288 Syno-

525 4297 658 4355 dum
685 4300 738 4357 in
785 4301 1037 4374 proxima
1063 4303 1487 4375 Quadragesima
1511 4306 1710 4363 iterum
1745 4312 2070 4367 convocavit
2103 4333 2114 4367 :

524 4392 580 4448 in
603 4411 708 4466 qua
731 4396 1013 4470 utriusque
1043 4399 1210 4469 partis
1238 4400 1428 4455 Nuntii
1467 4402 1768 4473 venientes,
1788 4406 2122 4475 juraverunt

525 4505 620 4545 ore
651 4492 876 4564 proprio
902 4493 1051 4566 quod
1083 4501 1361 4550 statutum
1385 4495 1452 4551 ab
1485 4497 1795 4567 Apostolica
1826 4499 1968 4555 Sede
2012 4501 2118 4556 col-

2238 3293 2413 3341 tatem
2438 3297 2605 3352 super
2621 3295 2751 3336 eum
2769 3278 3020 3346 haberet,
3045 3285 3318 3350 quatenus
3341 3274 3703 3344 Rodulphum
3723 3272 3832 3328 sibi

2238 3378 2623 3436 adversantem
2649 3372 3132 3431 excommunicare
3170 3371 3485 3428 nullatenus
3497 3367 3830 3440 prote'lareti

2235 3473 2382 3546 quod
2405 3472 2449 3527 si
2479 3487 2590 3526 non
2626 3469 2853 3535 faceret,
2886 3469 3000 3540 ipse
3049 3471 3248 3539 Papam
3281 3471 3425 3533 (157)
3451 3465 3552 3521 sibi
3586 3463 3832 3534 acquire-

2235 3578 2344 3637 ret,
2374 3568 2470 3641 qui
2511 3564 2871 3623 ecclesiastica
2900 3578 3128 3619 censura
3160 3562 3242 3618 sui
3270 3561 3444 3617 hostis
3483 3559 3829 3616 insolentiam

2235 3671 2535 3720 coerceret.
2585 3659 2925 3717 Venerabilis
2945 3674 3130 3728 __,papa,
3175 3657 3270 3729 qui
3319 3673 3420 3728 pro
3455 3653 3662 3727 justitia
3700 3667 3831 3708 san-

2235 3758 2456 3830 guinem
2488 3754 2766 3828 proprium
2797 3753 3025 3808 fundere
3055 3760 3280 3824 paratus
3317 3759 3453 3816 erat,
3479 3764 3591 3805 non
3611 3747 3678 3803 ad
3712 3762 3832 3819 pro-

2233 3853 2520 3908 cacitatem
2567 3849 2708 3919 (158)
2758 3847 3053 3902 verborum
3115 3844 3334 3917 superbi
3391 3843 3584 3914 Regis,
3625 3839 3723 3897 sed
3761 3839 3831 3895 ad

2233 3947 2492 4003 mandata
2517 3942 2722 3999 Judicis
2751 3941 2942 3997 aeterni
2974 3940 3289 4012 respiciens,
3344 3955 3489 4010 saepe
3511 3937 3686 3992 fatum
3717 3939 3831 3991 Ro;

2232 4041 2528 4113 dulplium,
2578 4037 2850 4094 rationem
2873 4037 3083 4109 justam
3113 4033 3570 4107 praetendentem,
3603 4029 3827 4085 anathe-

2231 4137 2513 4201 matizare,
2565 4133 2704 4189 sicut
2744 4147 2858 4186 non
2913 4130 3120 4197 debuit,
3188 4128 3416 4183 minime
3475 4125 3668 4192 voluit,
3729 4123 3828 4180 sed

2227 4231 2486 4290 eumdem
2512 4232 2721 4299 Regem
2751 4226 3069 4294 frequenter
3098 4223 3525 4286 commonitum,
3581 4227 3637 4275 et
3661 4235 3692 4274 a
3719 4218 3830 4274 suis

2229 4325 2542 4382 excessibus
2566 4320 3131 4392 nonresipiscentem,
3156 4319 3420 4391 quoniam
3451 4316 3655 4387 legatos
3672 4312 3829 4369 Sedis

2228 4419 2554 4492 Apostolicze
2604 4415 2912 4470 Concilium
2969 4413 3023 4468 in
3075 4421 3221 4468 terra
3264 4409 3661 4482 dominationis
3711 4421 3827 4462 sua:

2227 4529 2569 4586 nequaquam
2627 4509 2907 4566 celebrare
2965 4508 3236 4581 permisit,
3289 4515 3567 4577 tamquam
3638 4503 3828 4558 inobe-

524 4581 768 4653 ¹οίιυίυηὶ
799 4604 896 4656 Per
934 4589 1146 4660 CU'Pam
1179 4589 1422 4660 ipsorum
1454 4593 1671 4662 Regum
1695 4593 2009 4649 Ηυηδῑθηυε
2035 4604 2117 4651 est
2146 4598 2195 4662 D
2229 4581 2468 4664 dientem
2513 4614 2567 4662 et
2593 4605 2852 4662 rebellem
2893 4604 3094 4660 iterato
3119 4598 3669 4659 excommunicationi
3697 4597 3825 4653 sub-

523 4676 913 4735 disturbatum.
939 4681 1206 4755 Ideoque,
1251 4684 1553 4740 deliberato
1579 4686 1837 4753 Consilio,
1870 4688 2118 4745 Pontifex

2233 4703 2372 4774 iecit,
2400 4701 2601 4773 quibus
2655 4700 2727 4754 ita
2776 4699 3026 4772 peractis,
3057 4698 3245 4770 Legati
3297 4711 3424 4751 cum
3455 4692 3824 4765 indignatione

525 4771 592 4827 ad
643 4781 825 4843 partes
886 4775 1004 4830 illas
1087 4778 1420 4834 venerabiles
1487 4780 1630 4836 viros
1677 4783 1901 4838 Petrum
1954 4784 2118 4840 Alba-

523 4881 658 4921 num
705 4871 871 4937 (154),
904 4878 1069 4940 atque
1099 4871 1420 4928 Odalricum
1481 4875 1626 4948 (155)
1652 4876 1971 4933 Paduanum
2001 4879 2115 4951 epi-

521 4975 741 5032 scopos,
772 4970 825 5016 et
873 4964 1255 5035 Aquilegicum
1284 4967 1654 5024 Patriarcham
1698 4969 1866 5040 (150),
1901 4987 1998 5044 pro
2028 4988 2113 5029 se-

523 5053 704 5110 dando
735 5064 906 5111 tanta:
928 5056 1218 5115 discordia
1250 5062 1421 5130 malo,
1453 5063 1826 5120 transmittere
1851 5067 2067 5122 studuit
2099 5088 2110 5123 :

523 5151 722 5222 quibus
752 5149 808 5205 in
839 5149 1112 5208 mandatis
1149 5153 1322 5222 dedit,
1349 5163 1411 5211 ut
1439 5155 1664 5212 eosdem
1694 5161 1870 5229 Reges
1895 5177 1925 5216 a
1955 5161 2118 5217 bello-

519 5260 644 5300 rum
672 5246 1058 5318 congressibus
1079 5248 1455 5320 prohiberent,
1487 5259 1543 5306 et
1563 5260 1862 5308 convocata
1895 5255 2114 5328 Synodo

521 5337 822 5410 Episcopos
872 5348 929 5395 et
976 5342 1258 5415 religiosos
1306 5344 1448 5400 viros
1477 5345 1546 5401 ad
1576 5361 1732 5401 suam
1761 5351 2115 5419 praesentiam

514 5426 785 5504 juberent
805 5433 1086 5491 accedere.
1113 5435 1218 5506 Qui
1237 5446 1464 5510 accepto
1494 5440 1754 5497 mandato
1781 5443 2117 5502 transierunt

591 5544 636 5623 (ξ
649 5547 735 5615 54)
766 5547 870 5603 Hic
900 5557 983 5604 est
1006 5551 1062 5606 S.
1114 5552 1306 5606 Petrus
1333 5555 1546 5623 Igneus,
1573 5569 1639 5609 ex
1679 5556 1887 5614 Ordine
1918 5560 2114 5616 Vallis-

521 5617 819 5702 umbrosaa,
866 5634 958 5676 an.
1011 5625 1148 5678 1074
1201 5617 1418 5680 creatus
1468 5625 1766 5684 Cardinalis
1815 5629 2115 5703 Episcopus

518 5690 866 5748 Albanensis.
931 5725 935 5729 -

587 5765 731 5844 (155)
779 5759 1098 5844 Dida-ricam
1119 5765 1356 5844 appellat
1384 5767 1672 5840 Ughellus,
1703 5772 1797 5844 qui
1823 5758 2115 5834 ecclesiam

485 5873 488 5875 ›
516 5833 835 5912 _Patavi_nam
853 5836 998 5912 rexit
1039 5833 1210 5909 usque
1235 5837 1307 5894 ad
1351 5855 1418 5912 an
1429 5833 1470 5894 ,⁷
1493 5833 1668 5912 1090,
1686 5833 1834 5904 haud
1863 5845 1960 5906 diu
1987 5833 2114 5907 a’nté

518 5903 662 5964 hanc
687 5908 1051 5982 Legationem
1073 5903 1293 5972 creatus
1319 5903 1648 5988 Episcopus.

2227 4796 2293 4853 ad
2318 4797 2486 4869 Regis
2526 4795 2875 4868 prmsentiam
2929 4793 3226 4861 redierunt,
3278 4790 3448 4862 ipsius
3478 4788 3728 4843 animum
3755 4783 3824 4840 ad

2225 4889 2522 4955 deteriora,
2557 4890 2695 4944 sicut
2719 4889 2814 4945 viri
2832 4893 2950 4944 Deo
2967 4887 3218 4953 odibiles,
3249 4886 3547 4941 instantius
3574 4889 3821 4937 commas

2226 4994 2432 5040 ventes.
2465 4987 2580 5039 Rex
2618 4999 2743 5039 vero
2791 4983 2882 5040 ubi
2938 4998 2995 5038 se
3041 4982 3295 5055 cognovit
3341 4996 3438 5053 per
3489 4967 3822 5034 sententiam

2225 5078 2466 5136 Romani
2491 5077 2773 5133 Pontiﬁcis
2805 5094 2834 5132 a
2862 5077 3138 5133 consortio
3182 5074 3426 5132 ﬁdelium
3455 5079 3818 5144 segregatum,

2226 5173 2399 5230 tristis
2434 5171 2666 5229 effectus
2701 5181 2820 5228 est:
2849 5172 2944 5228 sed
2985 5188 3112 5227 cum
3145 5188 3175 5227 a
3201 5170 3430 5228 diversis
3467 5167 3682 5224 diversa
3723 5164 3822 5219 das

2223 5278 2418 5324 rentur
2477 5266 2577 5322 sibi
2609 5267 2855 5334 consilia,
2923 5266 2979 5321 in
3019 5265 3313 5323 anxietatis
3379 5262 3547 5318 dubio
3595 5258 3822 5331 positus,

2227 5360 2359 5434 quid
2389 5362 2570 5435 potius
2617 5359 2838 5434 eligeret
2869 5359 3174 5432 ignorabat.
3235 5356 3482 5416 Tandem
3535 5367 3825 5427 perverso-

2226 5471 2352 5512 rum
2382 5453 2706 5511 Antistitum
2753 5463 2807 5512 et
2857 5455 3160 5528 impiorum
3188 5451 3502 5525 Principum
3555 5445 3824 5506 Sententia

2202 5613 2240 5638 η
2266 5567 2438 5638 (156)
2479 5570 2759 5633 Henricus,
2801 5578 3022 5625 mortuo
3053 5565 3435 5624 miserabiliter
3473 5559 3823 5638 schismatico

2223 5632 2490 5710 Sigefrido
2533 5632 2825 5706 suffectus,
2885 5639 2990 5695 hoc
3033 5639 3149 5710 ipso
3197 5651 3341 5693 anno
3366 5644 3529 5706 1077,
3557 5633 3824 5710 alii_Siggi-

2224 5703 2454 5798 bardum
2465 5711 2739 5798 appellant
2765 5733 2778 5768 :
2808 5703 3073 5785 Ughellus
3092 5711 3434 5781 Sigef-ridum
3461 5728 3494 5770 ει
3519 5703 3823 5798 Sigehardo

2222 5797 2333 5839 non
2356 5783 2656 5854 distinguit.
2875 5783 2892 5785 θ
3226 5845 3229 5850 ,
3349 5815 3356 5821 “

2237 5858 2446 5928 {(157)
2476 5853 2741 5928 geneius,
2771 5857 3059 5928 Papatum.
3246 5863 3278 5928 ’,ζ
3407 5871 3411 5876 ’

2237 5915 2247 5936 ‘
2274 5915 2443 5998 ’(158)
2473 5925 2648 5996 Idem;
2667 5915 3223 5986 ww.
3315 5915 3360 5950 ει,
3383 5929 3400 5946 ι.
3433 5947 3440 5951 .

3475 5911 3528 5953 il
3583 5925 3718 5952 ιιι...
