4122 6180
285 335 391 388 125

1273 324 1799 387 PROLEGOMENA.
1837 356 1908 369 —
1944 327 2122 385 ACTA
2160 329 2212 385 S.
2258 328 2600 386 GREGORII.

3482 320 3591 386 i267

278 456 636 532 praevalente,
664 452 809 526 apud
835 453 1068 510 Brixiam
1098 455 1406 527 generalem
1447 454 1668 511 Curiam
1698 454 1878 527 dispo-
1913 459 1965 524 Α
1990 454 2107 527 ejus
2171 471 2295 510 eum
2369 456 2611 511 exercitu
2667 454 2896 513 illustris
2957 458 3270 515 Comitissae
3339 455 3584 515 Matildis

275 552 390 609 suit
441 550 740 607 celebrare.
797 551 1183 605 Convenerunt
1229 550 1416 622 itaque
1472 549 1527 605 in
1589 550 1714 606 loco
1760 550 1877 621 ipso

281 645 503 719 plurimi
534 642 771 699 seditiosi
812 650 867 697 et
908 640 1141 698 infames
1170 643 1448 715 EpiscOpi,
1472 659 1598 699 cum
1627 644 1876 699 multitu-

283 739 413 795 dine
465 737 807 794 Clericorum
845 743 900 791 et
944 736 1280 808 Principum,
1309 745 1577 809 quatenus
1618 738 1669 792 in
1689 738 1876 809 jactu-

285 850 404 889 ram
449 831 670 887 Domini
720 831 974 903 Gregorii
1024 831 1187 902 Papa:
1246 839 1468 903 possent
1506 830 1716 905 aliquid
1746 831 1876 887 mali

287 926 541 983 ordinare
563 924 640 979 vel
670 931 933 994 statuere,
966 932 1027 979 ut
1066 926 1205 981 inter
1224 927 1535 981 Romanam
1578 925 1880 981 Ecclesiam

288 1028 347 1075 et
370 1018 666 1091 Imperium
680 1006 950 1074 discordia
976 1019 1172 1075 futuris
1201 1019 1547 1091 temporibus
1574 1019 1880 1076 fulciretur.

288 1113 714 1171 Communicato
757 1113 941 1184 itaque
970 1113 1257 1169 execrabili
1296 1122 1349 1169 et
1394 1113 1882 1193 detestandocon-

284 1208 431 1276 silio,
462 1206 531 1263 de
561 1216 830 1262 conSensu
855 1206 1023 1279 ipsius
1044 1206 1235 1278 Regis,
1269 1208 1548 1279 elegerunt
1578 1209 1635 1264 in
1671 1210 1883 1265 Roma-

284 1318 425 1357 num
454 1300 805 1368 Pontiﬁcem,
840 1299 1012 1356 immo
1037 1300 1389 1373 Antipapam,
1416 1302 1745 1361 Guibertum
1786 1305 1888 1357 Ra-

282 1403 702 1459 vennatensem,
746 1394 929 1449 virum
1001 1393 1293 1451 manifeste
1365 1395 1671 1468 periurum,
1725 1404 1887 1467 atque

283 1489 439 1544 omni
466 1488 672 1544 malitia
703 1494 757 1543 et
780 1486 1071 1545 dolositate
1106 1491 1351 1562 plenum.
1385 1492 1454 1545 Et
1481 1488 1739 1562 quoniam
1775 1490 1890 1562 ple-

280 1598 522 1655 rumque
566 1582 811 1655 contigit,
855 1591 916 1639 ut
943 1589 1225 1656 peccatum
1259 1585 1327 1640 sit
1352 1601 1513 1656 poena
1543 1585 1770 1658 peccati,
1816 1584 1887 1641 de

282 1676 559 1749 superbiae
585 1676 766 1732 radice
807 1679 1073 1750 processit
1094 1678 1161 1735 ad
1187 1677 1511 1750 perjurium,
1544 1676 1612 1734 de
1644 1678 1885 1752 perjurio

282 1770 353 1827 ad
385 1770 837 1851 inobedientiam,
866 1771 933 1827 de
954 1770 1314 1828 inobedieutia
1338 1771 1407 1828 ad
1437 1772 1882 1828 excommunica-

1985 550 2249 621 pugnavit
2282 568 2295 604 :
2328 557 2383 604 et
2410 551 2559 621 quia,
2588 550 2728 607 sicut
2760 551 2875 607 ﬁeri
2917 553 3079 615 solet,
3110 554 3288 609 varius
3304 561 3387 608 est
3414 567 3582 608 even-

1986 651 2075 699 tus
2102 643 2246 710 belli,
2297 644 2590 699 victoriam
2642 645 2852 701 habuit.
2906 647 3007 702 His
3051 647 3215 719 igitur
3243 646 3586 703 successibus

1985 746 2314 809 provocatus
2389 737 2683 810 derepente
2762 739 2979 795 intravit
3048 742 3278 808 Italiam,
3342 747 3398 795 et
3462 746 3587 812 post

1988 830 2192 887 Pascha
2225 847 2348 886 cum
2400 830 2547 887 idolo
2576 832 2725 904 quod
2768 843 3009 890 erexerat
3047 837 3287 890 Romam
3325 834 3575 901 veniens,

1988 925 2134 981 circa
2180 928 2541 983 Pentecosten
2568 934 2987 982 castrametatus
3038 937 3120 985 est
3159 930 3214 983 in
3263 937 3417 1000 prato
3470 930 3582 983 Ne-

1990 1020 2157 1077 ronis.
2192 1019 2298 1077 Sed
2327 1021 2446 1093 quis
2475 1025 2757 1076 tantorum
2788 1019 3144 1093 prudentium
3191 1022 3436 1078 virorum
3481 1019 3584 1077 ad-

1990 1115 2177 1171 mirari
2212 1132 2324 1171 non
2380 1123 2596 1187 poterat
2632 1114 2795 1187 Regis
2822 1124 2877 1169 et
2908 1115 3155 1171 Guiberti
3204 1115 3586 1172 haeresiarchas

1993 1218 2243 1282 apertam
2308 1209 2602 1276 insaniam,
2684 1218 2738 1264 et
2816 1208 3194 1281 impudentem
3264 1209 3589 1265 stultitiam?

1993 1302 2253 1373 Quamvis
2282 1304 2428 1360 enim
2458 1302 2656 1358 mentis
2682 1303 2873 1358 oculos
2903 1302 3263 1376 perdiderint,
3295 1303 3471 1358 visum
3504 1310 3584 1357 ta-

1994 1413 2123 1453 men
2151 1398 2399 1470 corporis
2451 1414 2565 1453 non
2594 1397 2905 1453 amiserant.
2962 1402 3049 1453 An
3088 1414 3205 1453 non
3233 1396 3493 1452 videbant
3521 1395 3583 1451 il-

1994 1492 2105 1547 lam
2132 1490 2386 1561 bestiam,
2434 1507 2558 1562 qua:
2581 1491 2649 1545 ab
2682 1490 2758 1547 eis
2803 1490 3125 1562 ducebatur,
3154 1507 3321 1564 quam
3368 1486 3587 1545 honori-

1996 1584 2098 1641 ﬁce
2168 1602 2201 1643 a
2287 1585 2559 1641 Romanis
2605 1584 3013 1657 suscipiebatur
3083 1594 3138 1641 et
3190 1584 3593 1641 venerabatur?

1996 1680 2212 1752 Quippe
2255 1694 2352 1751 pro
2382 1677 2634 1735 laudibus
2673 1678 3003 1735 exhibebant
3017 1679 3258 1734 convicia
3290 1698 3305 1745 ;
3335 1693 3434 1750 pro
3464 1692 3590 1733 can-

1995 1774 2116 1829 ticis
2165 1772 2427 1840 ululatus,
2494 1788 2591 1841 pro
2658 1773 2825 1827 cereis
2879 1774 3114 1839 lanceas,
3182 1774 3291 1844 fpro
3359 1772 3593 1827 cmtibus

283 1848 499 1921 tionem
524 1865 742 1932 cecidit,
772 1873 825 1920 et
862 1865 929 1921 de
949 1865 1517 1921 excommunicatione
1546 1866 1789 1938 pervenit
1815 1865 1886 1921 ad
1920 1848 1967 1910 Β
1996 1866 2335 1924 Clerieorum
2372 1874 2630 1922 armatos.
2665 1869 2743 1923 Ut
2786 1874 2971 1921 autem
3022 1865 3075 1920 in
3124 1865 3310 1937 paucis
3352 1864 3590 1935 plurima

281 1958 678 2015 idololatriam.
711 1961 873 2014 Hunc
900 1959 1089 2027 talem,
1112 1958 1522 2027 sicutdiximus,
1543 1962 1658 2015 Rex
1682 1959 1887 2016 Henri-

282 2069 381 2109 cus
414 2052 662 2109 adoravit
684 2067 890 2125 pronus
917 2053 971 2108 in
1005 2061 1243 2120 terram;
1275 2054 1371 2125 qui
1402 2053 1589 2121 etiam,
1617 2053 1886 2110 suadente

281 2147 555 2219 Dionysio
600 2145 910 2202 Placentino
974 2145 1286 2219 Episcopo,
1345 2146 1555 2218 jurasse
1627 2148 1888 2203 asseritur

283 2250 346 2297 ut
376 2242 450 2297 ab
502 2258 569 2297 eo
605 2240 830 2313 Imperii
880 2256 1140 2297 coronam
1186 2242 1474 2314 acciperet.
1507 2240 1653 2311 Quid
1697 2242 1887 2314 plura?

284 2338 364 2392 Ita
395 2336 639 2407 peccatis
686 2335 1046 2406 exigentibus,
1095 2350 1285 2391 omnes
1322 2336 1415 2407 qui
1459 2344 1755 2408 praesentes
1796 2334 1892 2391 ad-

282 2439 453 2486 erant
480 2436 667 2484 mente
693 2430 947 2485 excazcati
1004 2438 1155 2497 sunt,
1186 2446 1297 2485 non
1336 2438 1395 2485 ut
1417 2431 1751 2503 reSpicerent
1786 2445 1890 2487 caa-

282 2523 429 2595 lum,
504 2522 601 2579 sed
656 2523 724 2579 ad
779 2524 898 2597 ejus
953 2523 1169 2595 vestigia
1223 2524 1536 2590 osculanda,
1568 2524 1699 2579 heu!
1750 2523 1889 2596 proh

282 2618 474 2675 dolor!
527 2631 588 2674 se
631 2617 829 2689 pariter
883 2616 1255 2674 incurvarunt.
1315 2622 1382 2675 Et
1408 2617 1489 2674 his
1528 2618 1601 2675 ita
1636 2619 1887 2690 peractis,

283 2714 401 2768 Rex
431 2711 492 2766 in
515 2718 763 2784 apertam
787 2710 1040 2767 haeresim
1064 2711 1269 2783 lapsus,
1301 2712 1370 2768 ad
1395 2712 1617 2783 propria
1642 2713 1694 2766 in
1727 2713 1892 2768 Octa-

284 2807 369 2863 vis
389 2807 795 2878 Apostolorum
832 2821 1111 2878 regressus
1142 2815 1259 2875 est;
1291 2805 1585 2863 Guibertus
1613 2821 1743 2861 vero
1773 2804 1893 2862 hae-

286 2900 591 2968 resiarcha,
636 2899 921 2970 insignitus
948 2900 1241 2972 Papalibus
1267 2899 1538 2971 insigniis,
1578 2915 1705 2956 cum
1732 2915 1889 2957 com-

288 2995 522 3068 plicibus
549 2993 665 3050 suis
694 3010 958 3067 pompose
984 2995 1207 3050 intravit
1226 2994 1460 3050 Italiam.

361 3096 449 3145 12.
470 3087 692 3145 Eodem
704 3096 956 3160 tempore
985 3087 1127 3145 idem
1142 3092 1283 3157 Rex,
1302 3088 1357 3143 in
1379 3088 1620 3144 maxima
1646 3087 1893 3161 potentia

287 3191 339 3239 et
362 3199 541 3239 manu
584 3182 834 3250 robusta,
857 3184 1251 3239 commissurus
1301 3183 1554 3255 praelium
1590 3199 1715 3239 cum
1741 3185 1895 3255 Rege

1996 1960 2451 2033 perstringamus,
2485 1968 2605 2032 post
2638 1975 2898 2032 agrorum
2930 1959 3292 2015 vastationem
3314 1965 3368 2013 et
3390 1956 3592 2013 multas

1997 2054 2176 2111 caedes
2201 2070 2429 2111 suorum
2455 2054 2673 2121 civium,
2702 2062 2826 2125 post
2866 2052 3043 2108 varias
3086 2053 3268 2109 clades
3291 2061 3458 2123 atque
3482 2051 3592 2105 mi-

1996 2149 2181 2217 serias,
2238 2165 2371 2222 quas
2394 2147 2630 2219 perpessi
2684 2156 2815 2203 sunt
2864 2146 3127 2214 Romani,
3170 2147 3296 2218 quia
3347 2142 3591 2201 Pseudo-

1998 2260 2192 2317 papam
2213 2243 2455 2316 recipere
2506 2250 2983 2313 contempserunt;
3022 2244 3161 2309 Rex,
3187 2247 3445 2311 concepta
3498 2254 3594 2313 spe

1998 2354 2061 2394 ac
2098 2337 2365 2394 desiderio
2407 2353 2509 2392 suo
2554 2335 2859 2405 fraudatus,
2893 2341 2948 2390 et
2988 2334 3043 2391 in
3070 2351 3165 2391 sua
3215 2333 3594 2389 erubescentia

1999 2431 2284 2496 confusus,
2318 2432 2376 2487 in
2404 2430 2798 2488 Lombardiam
2846 2444 2973 2485 cum
3000 2444 3099 2485 suo
3130 2427 3276 2484 idolo
3304 2428 3589 2498 remeavit,

1999 2535 2054 2583 et
2090 2526 2363 2584 Dominus
2393 2525 2698 2598 Gregorius
2726 2527 2873 2598 Papa
2903 2522 2959 2579 in
2996 2523 3313 2597 Apostolica
3345 2520 3487 2580 Sede
3510 2538 3595 2579 re-

1999 2622 2205 2677 mansit
2232 2620 2553 2692 intrepidus.

2074 2721 2158 2770 13.
2187 2718 2349 2771 Anno
2380 2729 2598 2787 quoque
2626 2712 2864 2770 secundo
2910 2728 3009 2785 per
3035 2713 3394 2785 Spoletanum
3424 2712 3598 2767 Duca-

2000 2818 2121 2866 tum
2150 2809 2219 2865 ad
2246 2808 2463 2865 Urbem
2502 2809 2709 2863 iterum
2739 2806 2903 2875 redit,
2929 2816 2982 2863 et
3013 2823 3107 2878 per
3132 2814 3314 2863 totum
3344 2806 3593 2875 Quadra-

2001 2901 2261 2976 gesimale
2284 2910 2503 2973 tempus
2549 2902 2723 2972 ipsam
2754 2904 2991 2956 Romam
3029 2916 3157 2956 cum
3188 2899 3361 2955 multa
3391 2898 3599 2955 hostili-

2001 3003 2111 3053 tate
2147 2993 2377 3052 obsedit.
2417 2994 2758 3051 Adveniente
2798 3010 2925 3050 vero
2955 3002 3205 3066 tempore
3235 2992 3503 3061 Paschali,
3534 3001 3594 3048 ut

2001 3091 2253 3149 aestivum
2284 3105 2479 3146 cauma
2511 3090 2725 3158 vitaret,
2753 3088 3009 3161 dispersit
3054 3103 3150 3161 per
3183 3085 3597 3159 circumpositas

2003 3186 2251 3242 civitates
2299 3185 2624 3254 exercitum,
2680 3194 2736 3239 et
2778 3184 2892 3257 ipse
2948 3185 3005 3238 in
3049 3182 3441 3239 Lombardiam
3467 3197 3595 3237 cum

288 3277 619 3347 Rodulpbo,
656 3278 1053 3332 contumaciter
1080 3275 1301 3333 intravit
1337 3278 1665 3347 Saxoniam;
1716 3277 1798 3333 cui
1829 3293 1894 3333 ex
1930 3261 1974 3325 Ο
2004 3282 2190 3355 paucis
2217 3280 2413 3335 reverti
2443 3278 2679 3347 studuit;
2711 3278 3039 3334 Guibertum
3062 3294 3189 3334 vero
3222 3276 3367 3350 apud
3404 3276 3596 3332 Tibur-

289 3370 525 3427 adverso
546 3370 881 3443 Rodulphus
936 3378 1188 3443 potenter
1243 3372 1512 3439 occurrit;
1570 3381 1625 3427 et
1671 3372 1895 3428 atrocis-

289 3467 438 3522 simo
488 3464 621 3520 hinc
666 3462 794 3520 inde
832 3464 973 3521 facto
1015 3480 1330 3539 congressu,
1364 3465 1639 3536 Henricus
1694 3474 1894 3521 contu-

288 3560 523 3617 meliose
550 3567 703 3632 terga
748 3559 941 3628 vertit;
970 3568 1137 3631 atque
1160 3560 1460 3631 inlongum
1502 3560 1801 3615 accerrime
1826 3560 1894 3616 ab

287 3654 547 3709 hostibus
573 3658 913 3725 persecutus,
951 3654 1070 3725 jam
1106 3652 1173 3710 de
1218 3653 1325 3709 vita
1356 3652 1632 3723 difﬁdens,
1674 3653 1732 3709 in
1762 3669 1897 3726 quo-

294 3748 429 3804 dam
468 3763 529 3803 se
557 3757 741 3803 castro
784 3747 1007 3819 recepit,
1039 3747 1129 3802 ubi
1161 3764 1253 3819 per
1295 3755 1504 3819 septem
1532 3746 1750 3803 dierum
1777 3763 1898 3819 spa-

294 3843 439 3897 tium
466 3840 719 3897 latitavit.
754 3840 1084 3914 Rodulphus
1112 3849 1318 3911 autem,
1349 3842 1491 3897 sicut
1537 3842 1616 3897 vir
1658 3841 1896 3897 fortissi-

295 3952 424 3993 mus
460 3945 520 3990 et
545 3935 815 4002 famosus,
847 3944 906 3992 et
948 3935 1005 3991 in
1036 3950 1320 3992 armorum
1356 3936 1743 3992 exercitatione
1773 3951 1898 4009 pro-

293 4030 489 4097 batus,
516 4045 861 4102 nequaquam
906 4029 1062 4102 fugit,
1100 4029 1195 4086 sed
1228 4029 1398 4085 victor
1438 4038 1489 4085 et
1530 4030 1898 4102 triumphator

292 4122 585 4192 occubuit,
612 4125 739 4195 quia
783 4140 910 4180 eum
964 4125 1044 4180 sui
1077 4140 1188 4181 non
1258 4132 1650 4195 cognoscentes
1714 4124 1901 4181 exitia-

292 4218 418 4273 liter
438 4218 861 4275 vulneraveram
891 4222 1058 4287 (159).
1094 4222 1235 4276 Cum
1261 4226 1447 4275 autem
1491 4218 1698 4276 diutius
1728 4219 1901 4290 requi-

295 4322 570 4370 reretura
608 4314 770 4368 sociis
811 4314 945 4381 suis,
982 4314 1205 4370 tandem
1242 4330 1408 4387 super
1455 4323 1691 4389 stragem
1722 4325 1776 4371 et
1808 4330 1899 4369 ea-

298 4406 503 4463 davera
549 4406 918 4477 inimicorum,
961 4424 1075 4463 non
1122 4409 1237 4465 sine
1268 4410 1485 4480 planctu
1516 4409 1781 4480 maximo,
1808 4426 1899 4465 re-

300 4510 491 4573 pertus
522 4510 629 4569 est,
657 4502 813 4575 cujus
851 4518 1004 4558 mors
1033 4513 1322 4576 postquam
1360 4505 1629 4572 Henrico,
1662 4503 1897 4559 latitanti

298 4604 358 4651 et
411 4595 479 4650 de
525 4594 656 4670 fuga
697 4596 957 4665 cogitanti
1002 4598 1249 4653 nuntiata
1289 4596 1413 4663 fuit,
1448 4614 1581 4654 mox
1641 4599 1696 4653 in
1726 4599 1898 4654 altum

2001 3384 2120 3432 tum
2176 3373 2402 3441 dimisit,
2456 3382 2511 3429 et
2552 3372 2811 3428 exercitui
2859 3388 2958 3427 suo
3016 3372 3283 3444 praefecit,
3314 3371 3427 3443 qui,
3452 3379 3597 3443 post-
3674 3390 3675 3395 η

2002 3469 2179 3542 posito
2211 3466 2544 3535 Sacerdotio,
2583 3483 2680 3538 per
2707 3465 3117 3521 incumbentem
3165 3473 3408 3521 aestatem
3439 3479 3598 3535 agros

2003 3574 2057 3620 et
2086 3571 2293 3636 segetes
2348 3563 2733 3616 Romanorum
2773 3559 3019 3627 vastavit,
3052 3566 3107 3614 et
3153 3558 3254 3613 alia
3284 3557 3425 3612 mala
3457 3566 3596 3613 tam-

2001 3674 2163 3731 quam
2194 3657 2279 3712 vir
2305 3654 2635 3726 sanguinum
2660 3652 2869 3709 eisdem
2905 3652 3180 3708 Romanis
3221 3650 3492 3706 hostiliter
3517 3648 3595 3704 in-

2003 3752 2150 3808 tulit.
2178 3751 2268 3806 Sic
2299 3749 2460 3805 tertio
2490 3763 2709 3821 quoque
2747 3764 2889 3803 anno
2921 3746 3066 3802 idem
3091 3748 3211 3802 Rex
3249 3745 3316 3801 ad
3347 3744 3600 3800 obsiden-

1999 3845 2128 3902 dam
2186 3848 2420 3900 Romam
2474 3858 2733 3899 reversus
2806 3850 2891 3897 est
2943 3858 2958 3897 :
3034 3840 3132 3896 sed
3186 3838 3311 3911 quia
3362 3839 3599 3910 seipsum

2002 3939 2541 3996 excommunicatum
2578 3953 2609 3992 a
2633 3933 2981 3993 Cluniacensi
3014 3934 3225 3990 Abbate
3255 3938 3398 4000 (160)
3431 3942 3598 4006 atque

2002 4034 2117 4090 aliis
2156 4032 2420 4105 religiosis
2458 4035 2642 4087 Deum
2688 4030 3017 4087 timentibus
3068 4044 3168 4101 pro
3218 4036 3367 4083 certo
3410 4026 3599 4083 haberi

2001 4128 2273 4201 cognovit,
2309 4134 2371 4182 ut
2407 4141 2599 4183 eorum
2627 4124 3040 4196 simplicitatem
3069 4122 3267 4178 melius
3296 4123 3596 4177 circumve-

2005 4222 2120 4279 nire
2150 4229 2355 4294 posset,
2381 4220 2447 4276 ad
2488 4218 2677 4275 callida
2696 4235 2755 4275 se
2783 4227 3106 4291 argumenta
3136 4216 3428 4273 convertit.
3468 4216 3602 4270 Post
3684 4236 3689 4241 ι

2005 4318 2310 4389 captionem
2328 4314 2508 4387 itaque
2538 4312 2805 4370 Ostiensis
2824 4312 3073 4384 Episcopi
3104 4322 3161 4367 et
3185 4312 3424 4368 aliorum
3460 4310 3598 4365 mul-

2006 4420 2215 4480 torum,
2264 4425 2400 4481 quos
2447 4409 2705 4482 praecepit
2757 4406 3039 4463 absolutos
3068 4405 3290 4473 dimitti,
3336 4403 3603 4461 universis

2006 4509 2250 4563 Romam
2294 4504 2512 4559 visitare
2536 4502 2841 4560 volentibus
2882 4502 3101 4556 firmam
3126 4499 3484 4555 securitatem
3512 4496 3602 4553 de-

2006 4601 2104 4668 dit,
2153 4615 2319 4672 quam
2356 4597 2669 4671 juramento
2723 4595 2936 4667 publice
2986 4594 3365 4662 conﬁrmavit;
3424 4600 3481 4648 et
3545 4603 3604 4648 ut

296 4705 478 4745 cornu
518 4704 683 4745 suum
711 4690 897 4758 erexit,
925 4699 978 4746 et
1027 4690 1289 4748 adversus
1332 4693 1639 4747 Dominum
1695 4695 1903 4765 Grego-
1929 4660 1979 4721 Β
2011 4695 2332 4769 p0pularem
2376 4692 2621 4749 favorem
2666 4690 2890 4747 omnino
2938 4678 3366 4759 consequeretur
3396 4695 3449 4743 et
3484 4703 3603 4760 gra-

297 4785 449 4839 rium
520 4785 727 4855 Papam
780 4785 1136 4842 contumelias
1200 4794 1255 4842 et
1294 4794 1532 4841 terrores
1602 4788 1902 4858 procaciter

298 4878 449 4949 loqui
494 4878 685 4948 coepit,
721 4878 947 4935 credens
987 4879 1325 4936 detestabilia
1362 4880 1503 4936 facta
1534 4896 1630 4936 sua
1662 4880 1717 4936 in
1746 4896 1899 4936 mor-

296 4979 409 5028 tem
438 4970 731 5042 Rudolphi
752 4972 993 5029 Domino
1023 4974 1310 5046 placuisse.
1353 4976 1482 5030 Post
1504 4973 1600 5031 ubi
1629 4989 1759 5031 vero
1784 4974 1903 5031 haec

301 5074 448 5139 gesta
508 5074 660 5136 sunt,
692 5066 922 5124 evolutis
966 5068 1149 5141 paucis
1178 5067 1392 5139 diebus,
1452 5070 1719 5127 Henricus
1760 5069 1903 5128 filius

379 5276 772 5353 (t_59)__]ionge
786 5271 945 5327 aliter
959 5268 1147 5353 aliide.
1163 5279 1347 5353 morte
1374 5272 1653 5353 Rgdzgpht:
1674 5291 1688 5328 :
1738 5286 1903 5344 quem

307 5342 381 5419 ab
408 5342 983 5419 Aquilifero'Caasareo
1010 5342 1391 5419 (Godefridum
1421 5342 1902 5419 Bullionium‘cree

302 5415 445 5490 dunt
471 5414 651 5475 fuisse
677 5414 944 5483 nonnulli)
984 5414 1331 5490 transﬁxum,
1382 5423 1437 5470 et
1464 5414 1532 5490 ab
1568 5416 1672 5490 alio
1692 5432 1897 5490 _super-

304 5488 561 5546 veniente
590 5490 811 5546 dextera
858 5485 1176 5542 mutilatum
1234 5488 1441 5543 volunt.
1476 5489 1543 5542 Et
1569 5487 1637 5544 de
1678 5485 1897 5545 dextera

380 5559 532 5618 idam
561 5576 823 5633 erpresse
839 5557 1039 5633 _Abbas
1064 5558 1435 5633 Uspergensis
1452 5568 1513 5633 et
1536 5565 1743 5619 Auctor
1762 5560 1902 5617 Vitae

355 5634 529 5690 enrici
575 5631 660 5689 sic
685 5631 1072 5699 meminerunt,
1130 5638 1190 5685 ut
1222 5631 1364 5687 hanc
1408 5631 1591 5688 dicant
1634 5633 1901 5689 ultionem

297 5702 471 5777 fuisse
494 5702 634 5777 ﬁdei
646 5703 888 5760 Henrico
915 5718 1029 5777 non
1052 5710 1309 5760 servatae:
1342 5705 1477 5777 quin
1498 5704 1661 5777 etiam
1685 5705 1897 5777 Usper-

299 5776 488 5848 gensis
536 5776 640 5859 ait,
688 5772 1070 5859 ipsumm'ét—in
1116 5781 1294 5859 morte
1332 5772 1433 5859 sua
1448 5776 1517 5859 id
1570 5772 1903 5859 agnovisse:

297 5819 523 5931 «ἷᾷΞῦ
536 5819 1075 5931 “excisam;
1111 5819 1316 5931 ἑξὶίῖῖε
1335 5819 1433 5903 ἐἴ
1448 5819 1900 5931 ἕεηὲῗὲἱᾜὲἶῖἶειὶ

295 5919 417 5990 riis,
463 5921 668 5979 merito
708 5919 926 5979 dubites
952 5934 970 5975 :
998 5919 1077 5975 uti
1126 5926 1183 5977 et
1217 5932 1304 5991 ea,
1340 5934 1465 5993 qua
1494 5928 1686 5979 contra
1707 5919 1895 5992 ipsum

2009 4792 2161 4856 tiam,
2215 4788 2271 4843 in
2328 4785 2547 4859 publico
2584 4785 2719 4841 dixit
2764 4784 2914 4857 quod
2968 4800 2998 4839 a
3046 4782 3285 4839 Domino
3333 4781 3603 4853 Gregorio

2008 4887 2156 4955 Papa
2188 4881 2483 4954 imperialis
2510 4894 2731 4936 coronae
2769 4878 3090 4951 dignitatem
3137 4877 3298 4934 vellet
3338 4876 3597 4947 accipere.

2012 4978 2175 5050 Quod
2227 4984 2517 5048 postquam
2556 4974 2789 5045 populus
2837 4975 3131 5029 Romanus
3177 4986 3304 5029 cum
3342 4969 3605 5043 religiosis

2010 5073 2137 5130 viris
2185 5069 2409 5143 audivit,
2461 5085 2577 5127 non
2626 5068 2980 5125 mediocriter
3021 5067 3183 5126 laetati
3216 5073 3347 5125 sunt
3372 5080 3604 5134 omnes;

2008 5275 2213 5347 scripta
2247 5282 2379 5330 sunt
2422 5289 2451 5328 a
2485 5272 2656 5347 partis
2716 5270 2961 5327 melioris
3005 5268 3405 5341 defensoribus,
3458 5265 3606 5324 haud

2010 5346 2287 5420 quaquam
2318 5347 2371 5401 in
2392 5346 2655 5420 omnibus
2678 5351 2827 5420 certa
2856 5350 3007 5420 sunt.

2082 5411 2228 5489 (160)
2256 5420 2313 5474 S.
2372 5421 2527 5487 Hugo
2558 5418 2944 5489 ϐιψυῖαεθηδίεΔ
2969 5414 3062 5469 hic
3114 5411 3234 5489 fuit,
3271 5413 3452 5489 cujus
3488 5428 3607 5489 gra-

2008 5485 2141 5547 tiam
2193 5504 2355 5562 quam
2410 5485 2743 5562 supplicibus
2789 5486 2977 5562 litteris
3024 5485 3607 5562 ambiveriths‘imula‘te

2008 5555 2278 5635 poenite'ns
2321 5555 2605 5635 Henricus,
2655 5560 2897 5635 maxime
2950 5573 3077 5635 cum
3103 5559 3267 5635 coepit
3303 5558 3476 5635 ﬁlium
3507 5555 3609 5611 sibi

2008 5620 2350 5716 oppositumA
2364 5620 2613 5716 experiri,
2652 5626 3005 5716 3Stendimus
3037 5632 3152 5716 ‘2,
3169 5620 3313 5716 ante
3418 5630 3605 5716 H'ugo:

2006 5700 2097 5778 nis
2125 5711 2262 5762 Acta
2286 5710 2357 5762 29
2387 5700 2612 5778 Aprilis.
2652 5706 2786 5760 Erat
2820 5711 3001 5778 autem
3054 5700 3141 5755 ille
3168 5708 3299 5778 tunc
3344 5702 3397 5757 in
3450 5700 3604 5778 Italia

2005 5777 2236 5850 visitque
2283 5769 2603 5835 Cassinense
2642 5774 3074 5850 monasterium,
3100 5772 3183 5829 uti
3207 5769 3278 5828 ad
3308 5786 3397 5826 an.
3442 5774 3606 5842 1083,

2006 5847 2167 5909 num.
2202 5856 2290 5919 16,
2318 5850 2589 5907 Batonius
2627 5847 2809 5904 docet.
3168 5868 3199 5903 -.
3592 5866 3601 5869 Α
