4122 6180
530 279 631 336 127

525 501 707 573 ipsum
735 512 865 554 cum
899 508 1096 566 magna
1130 488 1385 547 instantia
1417 496 1805 557 exoraverunt,
1836 497 1897 545 ut
1930 491 2121 562 patriae

519 594 635 666 jam
680 591 791 648 fere
826 588 1048 663 perditae
1098 585 1469 652 miseraretur,
1504 590 1558 638 et
1584 591 1805 655 paterna
1834 584 2122 641 clementia

526 686 858 744 condoleret.
914 676 1161 737 Pontifex
1214 686 1420 745 autem,
1452 678 1545 749 qui
1592 693 1691 749 pro
1720 678 1925 751 justitia
1956 688 2011 735 et
2039 695 2120 734 ec-

525 779 822 837 clesiastica
869 776 1111 830 libertate
1156 772 1377 840 tuenda,
1441 771 1487 827 si
1562 772 1896 829 rationabilis
1960 789 2121 829 causa

524 874 783 943 exigeret,
844 877 1087 924 mortem
1146 866 1330 922 subire
1402 865 1779 938 paratissimus
1836 865 2121 936 existebat,

525 963 913 1022 constanterin
931 962 1080 1018 hunc
1108 960 1339 1016 modum
1362 958 1641 1032 respondit
1676 981 1688 1016 :
1719 962 1832 1033 Ego
1860 961 2125 1018 versutias

524 1067 576 1116 et
605 1058 931 1115 calliditates
972 1056 1136 1127 Regis
1163 1054 1487 1127 frequenter
1524 1062 1781 1126 expertus
1809 1070 1933 1110 sum
1972 1054 2120 1125 :sed,

525 1155 567 1210 si
596 1154 709 1209 vult
738 1154 795 1209 in
838 1152 904 1207 iis
940 1151 994 1205 in
1040 1148 1236 1222 quibus
1286 1147 1579 1205 manifeste
1635 1149 1879 1221 peccavit
1926 1152 2045 1205 Deo
2076 1156 2125 1205 et

526 1248 789 1304 Ecclesiae
838 1244 1174 1310 satisfacere,
1231 1243 1415 1314 ipsum
1446 1243 1675 1299 libenter
1722 1243 2024 1313 absolvam,
2070 1252 2125 1300 et

529 1341 879 1413 lmperialem
923 1338 1024 1394 sibi
1078 1352 1337 1393 coronam
1381 1353 1511 1393 cum
1546 1336 1924 1393 benedictione
1952 1339 2123 1409 impo-

530 1452 689 1504 nam;
742 1434 989 1507 alioquin
1031 1447 1130 1487 nec
1161 1430 1356 1499 debeo,
1396 1446 1500 1487 nec
1528 1447 1757 1504 possum
1803 1447 1902 1488 vos
1930 1431 1987 1488 in
2024 1431 2125 1488 hac

529 1538 682 1602 parte
702 1529 972 1585 ullatenus
1005 1524 1278 1583 exaudire.

535 1681 539 1683 .
604 1629 689 1679 14.
705 1622 863 1694 Quod
882 1621 1110 1677 verbum
1134 1634 1261 1676 cum
1282 1621 1404 1675 Rex
1425 1618 1776 1675 remordente
1792 1619 2125 1676 conscientia

530 1720 824 1791 denegaret
876 1717 1073 1787 facere,
1118 1724 1172 1773 et
1226 1718 1465 1789 populus
1505 1715 1749 1773 Pontiﬁci
1801 1732 1897 1789 per
1944 1717 2127 1789 plures

1756 269 1814 324 S.
1857 266 2238 327 GREGORIUS
2272 268 2361 324 VII
2400 269 2595 327 PAPA.

525 412 580 460 et
605 402 677 460 ad
705 399 929 475 vestigia
973 395 1271 456 Pontiﬁcis
1293 392 1718 467 lacrymabiliter
1774 393 2119 464 accedentes,
2151 399 2196 463 Α
2230 395 2372 468 cepit

3723 273 3823 328 128

2432 413 2445 449 :
2494 404 2660 469 atque
2702 396 3097 454 beatissimum
3139 399 3361 453 Patrem
3411 398 3467 453 et
3515 393 3828 453 Dominum

2231 499 2482 546 nostrum
2538 492 2785 561 'Papam,
2861 490 3286 565 suffragantibus
3345 489 3445 546 sibi
3508 499 3826 546 sanctorum

2232 586 2622 658 Apostolorum
2658 586 2799 641 Petri
2838 594 2892 641 et
2934 586 3085 642 Pauli
3137 586 3363 654 meritis,
3421 585 3489 641 ab
3540 584 3825 641 obsidione

2232 697 2337 754 qua
2386 681 2670 737 tenebatur
2722 680 3095 752 potentissime
3150 679 3418 737 liberavit.
3486 679 3575 736 Sic
3649 679 3827 750 itaque

2233 776 2414 847 ipsam
2469 774 2831 831 venerabilem
2903 774 3176 830 civitatem
3229 772 3485 830 velociter
3557 788 3825 845 expugna-

2233 878 2346 926 tam
2367 912 2380 936 ,
2423 870 2563 924 sicut
2583 869 2853 941 gloriosus
2881 868 3266 939 triumphator,
3300 884 3393 941 per
3424 868 3688 940 plurimos
3714 867 3827 923 dies

2236 964 2497 1035 possedit,
2546 962 2785 1018 vendens
2834 962 3100 1034 plurimos
3141 978 3203 1018 ex
3256 962 3386 1033 ipsis
3436 961 3657 1034 perfidis
3692 960 3827 1017 civi-

2236 1056 2357 1124 bus,
2412 1057 2503 1129 qui
2559 1058 2862 1113 Dominum
2916 1064 2971 1112 et
3038 1060 3319 1113 Pastorem
3374 1072 3535 1112 suum
3580 1054 3825 1128 perdide-

2233 1160 2398 1208 rant:
2450 1151 2717 1223 quosdam
2761 1166 2888 1206 vero
2939 1150 3233 1218 mutilavit,
3309 1158 3363 1207 et
3423 1149 3696 1222 quosdam
3746 1164 3828 1205 se-

2234 1262 2363 1303 cum
2413 1261 2583 1319 usque
2620 1244 2687 1300 ad
2757 1245 3063 1302 Calabriam
3112 1245 3354 1318 captivos
3394 1244 3581 1299 duxit?
3639 1243 3735 1300 sed
3774 1243 3827 1299 in

2234 1340 2483 1413 ingressu
2583 1340 2749 1411 ipsius
2838 1339 3082 1397 Civitatis
3150 1340 3429 1412 regionem
3495 1340 3826 1394 Lateranen-

2234 1451 2353 1490 sem
2381 1434 2451 1491 ad
2483 1434 2805 1490 Colosseum
2827 1434 2970 1505 (163)
3004 1433 3147 1489 ferro
3169 1441 3220 1488 et
3243 1433 3470 1488 flamma
3499 1431 3824 1490 combussit.

2235 1530 2336 1585 Bis
2370 1529 2531 1602 igitur
2556 1528 2629 1583 ita
2653 1528 2881 1600 peractis
2908 1531 3030 1583 Dux
3075 1526 3145 1583 ad
3184 1527 3404 1599 propria
3429 1525 3612 1595 rediit,
3650 1534 3703 1582 et
3728 1529 3825 1583 Pa-

2237 1633 2379 1680 trem
2428 1638 2592 1679 suum
2617 1622 2949 1694 Gregorium
2973 1620 3318 1690 Pontiﬁcem,
3367 1620 3423 1676 in
3474 1619 3829 1677 Lateranensi

2238 1718 2439 1791 palatio
2469 1716 2750 1774 sedentem
2809 1732 2939 1773 cum
2985 1715 3267 1773 Fratribus
3318 1715 3430 1771 suis
3462 1714 3750 1786 Episcopis
3779 1722 3831 1769 et

532 1814 648 1870 dies
687 1780 1054 1869 Jvehementer
1107 1812 1353 1879 instaret,
1386 1820 1448 1868 ut
1495 1811 1699 1884 absque
1754 1780 2125 1867 satisfactione
2154 1780 2201 1845 B
2234 1780 2628 1878 Cardinalibus,
2664 1812 2717 1867 in
2746 1827 2875 1883 pace
2921 1810 3148 1877 dimisit,
3190 1780 3617 1881 pertractantem
3646 1780 3827 1866 Eccle-

532 1912 744 1981 Regem
787 1907 1102 1979 susciperet,
1144 1916 1199 1963 et
1258 1904 1511 1962 Pontifex
1559 1904 1629 1961 ad
1690 1921 1885 1962 eorum
1957 1921 2132 1962 caecas

530 2018 718 2075 preces
768 2002 995 2057 omnino
1033 2008 1377 2072 permaneret
1417 1999 1734 2069 immobilis,
1780 2003 1897 2056 Rex
1948 2000 2130 2071 paula-

529 2097 632 2152 tim
683 2096 853 2166 ccepit
892 2094 1213 2167 popularem
1262 2092 1513 2150 favorem
1566 2093 1787 2166 pecunia
1846 2103 1900 2149 et
1927 2101 2134 2151 terrore

532 2191 634 2248 sibi
666 2189 966 2261 acquirere.
1000 2188 1161 2259 Quod
1204 2197 1267 2244 ut
1310 2186 1566 2244 Pontifex
1602 2187 1892 2244 manifeste
1930 2205 2131 2259 cogno-

532 2285 632 2353 vit,
654 2283 723 2342 de
746 2282 1048 2341 constantia
1094 2282 1277 2355 populi
1300 2298 1524 2354 prorsus
1555 2281 1830 2350 difﬁdens,
1858 2284 1917 2338 in
1942 2283 2131 2339 Castro

532 2378 829 2437 Crescentii
872 2394 929 2434 se
974 2392 1101 2433 cum
1132 2376 1411 2433 Fratribus
1440 2376 1551 2433 suis
1590 2376 1817 2449 recepit.
1861 2380 1982 2433 Rex
2033 2378 2131 2433 ita-

534 2489 660 2549 que,
687 2472 951 2546 quoniam
1002 2473 1267 2545 populum
1316 2473 1639 2527 Romanum
1690 2470 1759 2527 ad
1787 2472 2130 2529 voluntatem

535 2582 695 2624 suam
733 2565 1104 2623 indubitanter
1150 2574 1474 2633 attraxerat,
1527 2565 1861 2624 Guibertum
1904 2566 1960 2622 in
1990 2565 2131 2623 Sede

532 2660 846 2733 Apostolica
874 2661 1139 2717 violenter
1173 2660 1411 2716 intrusit.
1451 2659 1560 2717 Sed
1589 2676 1718 2717 cum
1763 2659 1833 2716 de
1877 2665 2129 2719 Romana

534 2756 775 2812 Ecclesia
806 2756 1020 2813 nullum
1052 2756 1382 2828 Episcopum
1425 2755 1509 2811 vel
1547 2755 1898 2814 Cardinalem
1950 2764 2132 2828 posset

534 2849 758 2919 habere,
814 2866 844 2906 a
898 2850 1259 2920 Bononiensi,
1318 2859 1373 2906 et
1420 2850 1740 2920 Mutinensi,
1791 2858 1957 2923 atque
2001 2852 2129 2907 Cer-

532 2944 702 3000 viensi
736 2944 881 3017 (161)
909 2944 1399 3018 PseudoepiscOpis
1447 2944 1577 3000 fecit
1632 2961 1779 3012 eum,
1822 2944 2130 3001 secundum

532 3039 987 3097 consuetudinem
1024 3041 1410 3096 Romanorum
1463 3038 1809 3104 Pontificum,
1858 3038 2129 3095 execrabi-

532 3133 656 3189 liter
695 3133 941 3189 benedici
976 3150 989 3187 :
1020 3142 1075 3188 et
1103 3131 1159 3187 in
1201 3131 1339 3187 festo
1372 3131 1649 3224 Paschatis
1676 3132 1744 3187 ab
1780 3132 1981 3189 eodem
2013 3134 2129 3188 Hu-
2165 3161 2210 3224 Ο

533 3226 687 3281 berto
734 3226 947 3297 Imperii
972 3240 1235 3282 coronam
1276 3223 1622 3296 impudenter
1639 3226 1966 3298 assumpsit:
2004 3236 2128 3298 post

532 3319 815 3375 modicum
843 3334 974 3374 vero
1001 3317 1071 3373 ad
1091 3318 1432 3375 obsidionem
1464 3321 1636 3375 Castri
1658 3324 1804 3387 (162)
1830 3321 2127 3377 Crescentii

533 3413 811 3470 universos
841 3416 1128 3471 Romanos
1158 3414 1437 3470 conduxit.
1468 3414 1719 3472 Pontifex
1748 3424 1957 3483 autem,
1990 3416 2131 3473 sicut

536 3508 614 3563 vir
645 3519 836 3565 cautus
864 3518 917 3565 et
930 3507 1212 3581 providus,
1229 3508 1346 3582 jam
1368 3509 1461 3565 diu
1483 3510 1795 3567 Robertum
1818 3511 2127 3580 Guiseardi,

534 3603 809 3675 egregium
840 3606 1289 3660 Normannorum
1330 3608 1563 3669 Ducem,
1591 3605 1886 3659 sollicitare
1908 3605 2129 3660 studue-

532 3705 640 3766 rat,
668 3706 728 3753 ut
765 3698 819 3752 in
864 3712 1033 3754 manu
1071 3697 1249 3753 valida
1289 3706 1483 3753 contra
1536 3698 1744 3755 illatam
1789 3698 1892 3754 sibi
1925 3699 2129 3754 violen—

533 3792 690 3860 tiam,
720 3799 775 3848 et
803 3798 1055 3864 potenter
1094 3798 1465 3858 succurreret;
1500 3807 1662 3863 quem
1696 3790 1768 3847 ad
1800 3792 1969 3864 ipsius
2000 3792 2129 3849 libc-

532 3887 807 3942 rationem
832 3902 961 3942 cum
994 3885 1232 3941 maximo
1249 3885 1487 3941 exercitu
1512 3884 1797 3941 celebriter
1821 3886 2131 3943 venientem

536 3979 760 4036 audivit.
797 3979 957 4052 Quod
986 3979 1076 4034 ubi
1126 3982 1243 4036 Rex
1276 3980 1547 4035 Henricus
1588 3980 1645 4037 in
1677 3980 1901 4035 veritate
1930 3997 2132 4053 cogno-

536 4074 635 4143 vit,
668 4073 1021 4130 vehementer
1065 4072 1293 4144 expavit,
1344 4082 1398 4128 et
1443 4073 1587 4129 illico
1628 4073 1696 4129 ad
1738 4074 2018 4131 ecclesiam
2076 4076 2129 4132 S.

536 4167 679 4227 Petri
739 4166 979 4235 rediens,
1010 4166 1179 4223 domo
1206 4166 1508 4238 Capitolina
1540 4176 1593 4223 et
1628 4168 1874 4223 Leonina
1918 4169 2135 4225 civitate

538 4260 837 4329 destructa,
864 4262 977 4316 vale
1019 4259 1228 4316 faciens
1263 4260 1544 4328 Romanis,
1582 4277 1709 4317 cum
1764 4261 1959 4318 eodem
2000 4263 2131 4320 Gui-

540 4357 717 4425 berto,
746 4372 857 4413 non
886 4356 1002 4413 sine
1029 4353 1203 4411 multo
1250 4355 1471 4421 rubore,
1497 4354 1731 4428 aufugit.
1795 4359 1859 4413 In
1886 4358 2133 4431 sequenti

539 4449 651 4514 die,
681 4458 973 4523 antequam
1007 4452 1209 4506 Senam
1240 4453 1357 4506 Rex
1398 4450 1746 4521 pervenisset,
1795 4461 2133 4509 memoratus

2239 1908 2335 1965 sia:
2366 1905 2583 1977 negotia
2607 1921 2706 1976 pro
2749 1904 2833 1960 sui
2864 1902 3027 1960 officii
3051 1902 3253 1971 debito,
3285 1902 3355 1961 de
3384 1902 3613 1961 diversis
3641 1901 3829 1959 mundi

2238 2001 2487 2075 partibus
2506 1998 2861 2070 emergentia.

2313 2101 2401 2152 15.
2433 2095 2533 2151 Hic
2562 2093 2810 2151 liberavit
2833 2092 2900 2148 ab
2940 2092 3126 2148 illicita
3153 2076 3509 2164 occupatione
3542 2090 3832 2165 sexaginta

2238 2188 2743 2247 Mansionariorum
2784 2189 2847 2243 B.
2879 2187 3023 2245 Petri
3072 2186 3375 2250 ecclesiam,
3439 2185 3529 2258 qui
3580 2186 3832 2244 universa

2182 2336 2187 2339 _
2239 2284 2491 2341 Oratoria
2520 2299 2617 2341 seu
2651 2282 2955 2340 ministeria
2986 2281 3158 2355 ipsius
3207 2280 3468 2348 ecclesiae,
3497 2288 3832 2352 praeterma-

2232 2379 2324 2453 jus
2391 2380 2579 2447 altare,
2621 2377 2866 2450 quadam
2920 2376 3179 2433 violentia
3243 2374 3573 2442 detinebant,
3641 2382 3831 2432 cuncta

2240 2482 2522 2532 oratorum
2557 2471 2962 2528 advenientium
2992 2469 3296 2528 oblationes
3334 2469 3389 2525 in
3420 2485 3553 2526 usus
3583 2470 3835 2542 proprios

2241 2567 2587 2641 redigebant.
2642 2568 2815 2622 Erant
2857 2574 3041 2621 autem
3096 2564 3251 2624 Cives
3305 2563 3564 2631 Romani,
3621 2564 3836 2620 uxorati

2241 2678 2337 2719 seu
2379 2660 2773 2728 concubinarii,
2816 2659 2989 2717 barba
3019 2659 3125 2715 rasi
3154 2667 3209 2714 et
3253 2658 3478 2725 mitrati,
3502 2659 3836 2715 mentientes

2241 2757 2549 2814 oratoribus
2575 2765 2629 2812 et
2668 2753 2941 2827 praecipue
2974 2752 3309 2809 multitudini
3339 2752 3627 2809 rusticana:
3653 2754 3828 2807 Lom-

2239 2851 2556 2920 bardorum,
2609 2857 2917 2907 asserentes
2965 2862 3022 2905 se
3096 2847 3407 2905 Cardinales
3465 2846 3835 2919 Praasbyteros

2242 2963 2388 3013 esse;
2431 2960 2666 3018 quorum
2713 2945 2905 3017 utique
2937 2941 3301 2999 oblationibus
3346 2942 3595 3014 receptis,
3651 2940 3834 2997 indul-

2243 3041 2481 3115 gentiam
2504 3040 2585 3095 eis
2612 3047 2666 3095 et
2688 3038 3066 3095 remissionem
3098 3044 3446 3109 peccatorum
3465 3051 3601 3093 ausu
3627 3034 3833 3093 nefario

2240 3134 2583 3207 impudenter
2632 3132 2985 3205 praestabant.
3035 3132 3127 3201 Hi,
3155 3130 3433 3188 occasione
3462 3130 3835 3191 custodienda:

2241 3230 2508 3296 ecclesiae,
2556 3237 2944 3300 consurgentes
2984 3229 3323 3299 intempestae
3371 3214 3549 3282 'noctis
3593 3226 3834 3294 silentio,

2238 3323 2382 3380 infra
2402 3331 2454 3379 et
2476 3323 2613 3379 circa
2639 3323 2889 3379 eamdem
2914 3322 3197 3379 ecclesiam
3210 3322 3379 3377 multa
3404 3321 3625 3393 impune
3656 3320 3835 3377 homi-

2240 3418 2397 3485 cidia,
2453 3418 2686 3489 rapinas,
2737 3416 2885 3472 varia
2932 3425 3139 3488 stupra,
3194 3424 3251 3471 et
3290 3415 3507 3471 diversa
3553 3414 3833 3471 latrocinia

2241 3512 2612 3570 exercebant:
2676 3527 2833 3583 quos,
2867 3510 3008 3567 sicut
3044 3510 3300 3575 diximus,
3341 3512 3540 3566 Beatus
3590 3507 3835 3565 Pontifex

2243 3607 2312 3663 ab
2342 3607 2532 3664 eadem
2558 3606 2786 3662 ecclesia
2813 3622 2926 3661 non
2954 3606 3073 3662 sine
3108 3604 3279 3661 multa
3319 3603 3634 3660 difﬁcultate
3659 3620 3840 3659 remo-

2244 3701 2339 3770 vit,
2388 3710 2440 3757 et
2471 3700 2731 3756 custodia
2771 3716 2962 3755 curam
2999 3698 3249 3755 honestis
3297 3691 3517 3755 Clericis
3565 3706 3619 3753 et
3649 3700 3837 3754 Sacer-

2241 3795 2465 3852 dotibus
2524 3793 2809 3851 commisit
2863 3802 2915 3849 et
2962 3792 3208 3849 tradidit.
3250 3792 3353 3848 Hic
3403 3800 3482 3848 ter
3535 3800 3836 3864 quaterque

2240 3906 2363 3945 vere
2410 3889 2604 3945 beatus
2646 3886 2919 3956 Pontifex,
2968 3896 3093 3960 post
3136 3888 3399 3943 diutinam
3444 3887 3499 3942 in
3528 3887 3680 3943 Urbe
3710 3903 3838 3943 mo-

2242 4000 2381 4044 ram,
2407 3982 2691 4039 descendit
2717 3982 2771 4038 in
2812 3983 3103 4055 Apuliam;
3132 3990 3207 4049 et,
3250 3990 3571 4038 occurrente
3597 3980 3699 4037 sibi
3720 3980 3835 4054 jam

2244 4077 2390 4134 dicto
2433 4079 2586 4133 Duce
2640 4076 2887 4134 Roberto
2951 4075 3254 4144 Guiseardi,
3308 4075 3518 4132 Salerni
3566 4075 3836 4130 famosam

2243 4173 2523 4228 civitatem
2544 4172 2778 4246 gloriose
2803 4172 3049 4226 intravit.
3074 4170 3286 4243 Ibique,
3320 4169 3455 4226 dum
3490 4169 3675 4226 salutis
3707 4185 3833 4225 mo-

2241 4267 2353 4323 nita
2412 4267 2753 4323 concurrenti
2813 4266 3016 4337 populo
3053 4264 3227 4333 daret,
3278 4272 3502 4337 repente
3543 4264 3837 4321 inlectum

2241 4360 2573 4430 mgritudinis
2621 4359 2895 4428 decidens,
2961 4359 3017 4415 in
3077 4358 3231 4415 beata
3297 4358 3659 4425 confessione,
3713 4367 3838 4431 post

2242 4455 2543 4523 modicum,
2586 4452 2731 4509 diem
2774 4453 3001 4509 feliciter
3031 4452 3222 4510 clausit
3260 4462 3595 4509 extremum.
3630 4451 3715 4508 Ad
3753 4468 3837 4508 cu-

536 4545 811 4603 Robertus
862 4548 1019 4613 Dux,
1074 4552 1337 4617 tanquam
1395 4544 1482 4599 leo
1534 4544 1864 4602 fortissimus
1886 4548 2128 4601 Romam
2159 4540 2208 4602 D
2232 4549 2322 4623 jus
2359 4550 2547 4621 utique
2576 4564 2796 4620 corpus,
2820 4549 2872 4603 in
2908 4550 2968 4603 B.
2996 4547 3239 4604 Matthaei
3282 4548 3500 4605 basilica
3532 4545 3834 4603 honorifice

539 4638 804 4696 violenter
855 4640 1102 4707 intravit,
1151 4655 1318 4711 quam
1359 4655 1470 4695 non
1516 4656 1614 4712 per
1641 4640 1936 4695 triennium
1989 4641 2132 4697 sicut

539 4735 658 4791 Rex
679 4733 967 4802 Henricus,
991 4733 1088 4791 sed
1122 4750 1231 4789 una
1257 4742 1312 4790 et
1336 4733 1526 4791 eadem
1550 4734 1634 4790 die
1676 4736 1735 4791 in
1764 4750 1930 4791 manu
1960 4734 2132 4791 valida

602 4954 753 5015 (161)
784 4950 949 5005 Erant
971 4948 1023 5003 hi
1065 4950 1373 5018 Sigefridus
1428 4950 1813 5017 Bononiensis,
1882 4953 2127 5005 Heriber-

539 5026 622 5077 tus
652 5022 980 5078 Mutinensis
1011 5038 1026 5073 :
1078 5023 1368 5079 Cervicnsis
1412 5037 1614 5076 nomen
1662 5022 1968 5092 ignoratur,
1998 5020 2129 5076 defi-

539 5092 715 5149 ciente
758 5095 1153 5165 Episcoporum
1204 5094 1340 5165 serie
1373 5092 1475 5165 _ab
1530 5108 1674 5165 anno
1727 5098 1886 5157 1069,
1917 5092 2132 5165 quando

537 5166 706 5221 scitur
732 5162 1023 5235 quemdam
1050 5168 1253 5217 Bonum
1282 5162 1473 5217 vixisse
1504 5164 1617 5287 (qui
1647 5162 1788 5217 forte
1810 5178 1979 5232 usque
2024 5163 2131 5217 huc

537 5235 822 5287 superfuit)
853 5236 919 5287 ad
949 5250 1155 5287 annum
1188 5241 1347 5287 1101.
1380 5234 1517 5287 Blon
1564 5249 1627 5287 us
1655 5242 1839 5287 autem
1870 5249 1967 5287 oro
2000 5236 2128 5287 Cer-

536 5234 822 5306 superfu’it)
853 5236 919 5290 ad
949 5250 1155 5288 annum
1188 5234 1627 5306 1101.ABlondus
1655 5242 1967 5306 autem_p_ro
2000 5236 2128 5290 Cer-

524 5304 706 5386 “viensi
736 5304 1435 5386 Tarvisinttnisubstituitn
1475 5305 1565 5386 _qui
1624 5314 1805 5386 posset
1836 5304 1996 5386 fuisse

536 5378 756 5444 celinus,
785 5392 927 5432 anno
977 5381 1109 5431 1082
1140 5376 1394 5431 Ecclesia:
1422 5375 1510 5430 isti
1548 5375 1850 5446 praesidens
1879 5397 1892 5432 :
1944 5377 2011 5432 ab
2044 5378 2129 5433 bis

536 5455 721 5502 autem
751 5448 1149 5503 execrationem
1179 5464 1333 5502 suam
1366 5447 1549 5517 potius
1575 5463 1738 5517 quam
1763 5450 2126 5504 consecratio-

536 5534 662 5573 nem
688 5519 897 5590 accepit
940 5518 1260 5581 Guibertus,
1300 5520 1352 5574 in
1371 5518 1661 5573 Dominica
1688 5520 2003 5575 Palmarum
2035 5537 2127 5575 an-

536 5606 608 5646 no
642 5595 809 5657 1084,
849 5590 1090 5660 adeoque
1120 5594 1188 5644 24
1212 5590 1395 5646 Martii
1428 5607 1443 5645 :
1476 5606 1606 5645 nam
1650 5592 1861 5649 Pascha
1888 5591 2127 5647 celebra-

539 5671 656 5719 tum
692 5660 791 5717 fuit
816 5668 873 5717 3|
913 5661 1179 5734 ejusdem.

610 5739 756 5808 (162)
779 5733 948 5793 Moles
969 5735 1210 5808 Adriani
1233 5733 1551 5808 antiquitus,
1594 5733 1788 5791 deinde
1829 5737 1887 5793 S.
1928 5736 2131 5808 Angeli

540 5806 642 5863 sub
664 5808 932 5883 Gregorio
956 5809 985 5865 l
1016 5806 1121 5864 dici
1145 5814 1343 5880 empta,
1365 5805 1700 5881 adiectisque
1731 5815 1919 5881 postea
1948 5806 2126 5866 muni-

2239 4644 2599 4713 tumulatum,
2642 4643 2902 4701 mirabilis
2932 4645 3073 4700 Deus
3120 4642 3294 4699 multa
3319 4642 3581 4698 miracula
3627 4638 3834 4714 operari

2239 4738 2490 4813 dignatus
2513 4745 2617 4796 est.

2239 4951 2480 5006 tionibus
2519 4953 2795 5017 Castrum;
2840 4959 2896 5006 et
2939 4966 3084 5006 anno
3140 4956 3269 5017 985,
3321 4949 3389 5005 ab
3420 4965 3486 5006 eo
3514 4948 3607 5021 qui
3638 4956 3827 5019 postea

2240 5021 2422 5092 ipsum
2466 5024 2619 5077 novis
2667 5022 2918 5093 operibus
2956 5022 3333 5089 communivit,
3374 5022 3667 5078 Crescentt'o
3709 5022 3823 5093 Nu-

2236 5090 2506 5159 mentano,
2538 5090 2739 5148 nomen
2761 5093 2853 5149 diu
2891 5093 3087 5160 tenuit,
3120 5102 3173 5149 et
3203 5102 3263 5147 ut
3290 5103 3513 5163 apparet
3532 5093 3695 5146 etiam
3726 5090 3831 5145 hac

2235 5174 2397 5220 aetate
2429 5164 2665 5220 tenebat.
2693 5165 3056 5235 Ospergensis
3092 5166 3343 5219 nominat
3374 5166 3657 5218 Castellum
3700 5164 3831 5220 Cre-

2235 5238 2589 5309 scentiiguod
2612 5235 2779 5306 vulgo
2805 5237 2991 5291 domus
3040 5238 3349 5309 Theoderici
3378 5236 3599 5309 dicitur.

2308 5305 2728 5381 (163)'Nico|ao
2780 5309 3060 5377 Coliseum,
3088 5308 3251 5381 _quod
3300 5305 3827 5381 nomenhodieque

2236 5379 2290 5435 in
2322 5396 2421 5435 usu
2440 5378 2555 5446 est,
2583 5388 2638 5435 et
2681 5389 2799 5436 erat
2827 5396 2953 5437 cum
2978 5378 3236 5435 scriberet
3285 5378 3605 5432 Anastasius
3632 5378 3833 5432 Biblioc

2236 5451 2509 5507 tbecarius
2540 5471 2555 5506 :
2585 5452 2659 5506 ita
2685 5460 2871 5507 autem
2896 5452 3102 5507 dictum
3132 5450 3318 5506 volunt
3342 5449 3832 5519 Amphitheatrum

2238 5523 2375 5579 illud
2406 5522 2729 5591 maximum,
2779 5524 2926 5594 quod
2959 5540 2989 5577 a
3032 5521 3363 5594 Vespasiano
3404 5529 3459 5594 et
3484 5522 3610 5594 Tito
3638 5528 3827 5594 extru-

2238 5604 2387 5669 ctum
2423 5611 2541 5669 esse
2560 5595 2719 5669 juxta
2767 5591 2911 5650 viam
2960 5591 3197 5669 sacram,
3238 5606 3306 5669 eo_
3339 5591 3471 5669 _loci,
3515 5593 3609 5669 qui
3646 5592 3759 5663 jam
3800 5606 3831 5644 a

2238 5668 2466 5739 Neronis
2480 5661 2726 5739 tempore
2750 5683 2957 5723 nomen
2985 5665 3218 5739 habebat
3243 5661 3313 5718 ad
3337 5661 3567 5723 immani
3592 5661 3696 5720 120
3728 5678 3833 5735 pe-

2235 5738 2371 5811 dum
2399 5737 2643 5808 Colosso,
2671 5755 2837 5811 quem
2866 5739 2952 5795 ille
2978 5737 3082 5794 sibi
3103 5743 3378 5793 erexerat.
