4122 6180
318 296 428 351 129

1307 296 1831 356 PROLEGOMENA.
1873 294 1942 341 ὲ-
1979 299 2157 355 ACTA
2194 299 2250 355 S.
2291 296 2635 357 GREGORII.

3520 309 3621 364 130

313 457 3625 487 _—-———————————————————————_———-—_

1876 634 2067 747 ΙΙΙ.

775 877 942 966 EX
999 877 1191 967 MS.
1258 877 1733 969 NOSTRO
1798 880 1957 967 DE
2023 878 2348 969 VITIS
2416 878 3173 973 PONTIFICUM

1352 1055 1572 1125 USQUE
1620 1056 1710 1109 AD
1754 1056 2106 1113 MARTINUM
2150 1060 2196 1112 V
2245 1060 2588 1116 DEDUCTIS.

820 1398 1060 1455 CAPUT
1090 1402 1416 1458 PRIMUM.

382 1494 529 1546 Acta
552 1492 732 1560 primo
746 1492 909 1561 hujus
930 1496 1649 1565 sztiﬁcatusquinquenm‘o
1675 1502 1844 1565 (164).

382 1584 492 1639 Hic
537 1586 833 1657 praaclarus
882 1596 963 1653 et,
989 1588 1257 1645 almiﬁcus
1284 1589 1557 1657 Pontifex,
1587 1597 1618 1646 3
1648 1607 1797 1647 anno
1835 1593 1919 1648 sui

312 1678 701 1747 Pontiﬁcatus,
752 1680 807 1735 in
839 1682 1011 1736 Nocte
1046 1682 1349 1739 Nativitatis
1395 1685 1647 1753 Domini,
1686 1685 1830 1756 apud
1859 1688 1914 1742 S.

313 1774 556 1829 Mariam
592 1774 859 1845 Majorem
887 1775 953 1831 ad
976 1778 1244 1848 Praesepe,
1275 1776 1410 1833 dum
1431 1779 1663 1849 Missam
1683 1779 1920 1835 celebra-

311 1867 431 1934 bat,
463 1868 518 1922 in
544 1867 919 1924 confractione
938 1871 1214 1926 Dominici
1243 1872 1500 1943 Corporis
1544 1888 1707 1944 super
1738 1874 1913 1944 altari,

316 1978 345 2017 a
364 1961 614 2034 quodam
645 1962 834 2019 Centio
877 1964 1137 2035 Stephani
1180 1973 1369 2036 captus
1403 1964 1511 2022 fuit
1542 1976 1597 2021 et
1626 1967 1920 2038 perductus

313 2057 369 2111 in
390 2055 629 2111 domum
658 2056 786 2112 dicti
832 2058 1003 2113 Centii
1033 2077 1045 2113 :
1090 2075 1212 2130 quae
1245 2059 1446 2121 domus
1503 2061 1674 2131 posita
1704 2070 1821 2117 erat
1864 2063 1917 2117 iu

315 2150 463 2216 loco,
506 2151 601 2221 qui
630 2162 856 2206 vocatur
884 2151 1134 2208 Parrioni
1162 2157 1329 2221 (165).
1362 2154 1469 2209 Sed
1498 2154 1620 2225 quia
1657 2154 1776 2210 dies
1802 2164 1920 2211 erat

310 2243 725 2308 celeberrimus,
758 2260 957 2301 omnes
973 2248 1211 2301 Romani
1240 2247 1295 2302 in
1324 2263 1498 2305 unum
1518 2257 1915 2319 convenerunt,

311 2336 379 2393 ad
416 2338 749 2409 pradictam
786 2338 1019 2395 domum
1072 2341 1392 2413 capiendam
1434 2351 1818 2413 perrexerunt,
1866 2352 1920 2399 et

308 2433 630 2487 Dominum
649 2436 853 2505 Papam
875 2434 942 2489 de
971 2442 1118 2490 tanta
1158 2434 1356 2507 injuria
1402 2438 1786 2493 liberaverunt.
1824 2438 1918 2493 Li-

308 2526 541 2582 beratus
581 2528 762 2598 itaque
790 2531 863 2582 D.
900 2532 1066 2599 Papa,
1107 2528 1177 2585 ad
1208 2531 1492 2585 ecclesiam
1515 2532 1568 2586 in
1597 2548 1704 2603 qua
1731 2541 1920 2603 captus

309 2618 443 2683 fuit,
494 2616 704 2677 indutis
727 2622 1067 2678 solemnibus
1097 2624 1433 2680 vestimentis
1470 2635 1532 2681 ut
1553 2641 1674 2682 mos
1700 2635 1812 2681 erat
1832 2643 1919 2681 re-

311 2731 526 2783 versus,
550 2717 781 2771 Missam
817 2733 986 2789 quam
1012 2716 1309 2790 incaeperat
1332 2719 1641 2790 perﬁnivit:
1675 2718 1743 2774 ad
1781 2722 1920 2791 pala-

313 2811 455 2865 tium
476 2808 717 2880 denique
743 2820 1060 2878 coronatus,
1090 2821 1143 2867 et
1167 2828 1292 2868 cum
1317 2814 1469 2867 omni
1508 2813 1665 2869 laude
1697 2813 1917 2885 Episco-

318 2920 519 2976 porum
563 2912 733 2976 atque
781 2904 1152 2961 Cardinalium
1193 2914 1248 2961 et
1298 2908 1601 2962 Procerum
1652 2922 1919 2977 reversus,

316 2998 588 3070 quidquid
617 2998 1035 3054 consuetudinis
1064 3007 1146 3055 est
1164 3000 1475 3056 celebravit.
1510 3001 1775 3068 Romani,
1808 3009 1923 3056 tan-

315 3101 431 3146 tam
462 3092 721 3163 injuriam
749 3091 893 3148 ferre
913 3109 1025 3149 non
1053 3094 1313 3161 valentes,
1336 3094 1565 3151 domum
1594 3095 1766 3152 Centii
1795 3111 1924 3150 cum

313 3187 578 3243 omnibus
606 3187 766 3243 bonis
818 3187 1189 3255 devastarunt,
1212 3196 1268 3243 et
1292 3188 1349 3243 in
1384 3198 1590 3244 terram
1630 3197 1820 3244 contra
1853 3193 1922 3244 D.

314 3284 480 3352 Papae
510 3282 851 3336 voluntatem
869 3291 1298 3352 prostraverunt.
1327 3286 1450 3355 Ipse
1463 3298 1592 3338 vero
1606 3282 1699 3354 qui
1713 3283 1922 3338 malum

316 3383 371 3429 et
401 3374 739 3445 praedictum
768 3376 948 3431 scelus
966 3376 1339 3443 commiserat,
1370 3375 1584 3448 aufugit
1610 3393 1638 3431 a
1664 3376 1925 3432 manibus

320 3483 538 3535 eorum,
574 3478 631 3523 et
671 3468 892 3525 Curiam
925 3469 1214 3524 Teutonici
1241 3470 1413 3541 Regis
1454 3469 1750 3540 requisivit.
1783 3468 1926 3538 Quid

318 3578 448 3617 vero
481 3562 617 3616 mali
669 3563 1038 3631 commiserit,
1066 3578 1203 3635 quas
1240 3563 1505 3619 falsitates
1534 3565 1923 3635 composuerit,

320 3673 493 3728 quam
538 3656 872 3713 discordiam
910 3658 1058 3715 inter
1087 3662 1349 3732 Regnum
1372 3668 1427 3714 et
1454 3658 1830 3715 Sacerdotium
1858 3656 1927 3712 fe-

324 3750 480 3818 cerit,
512 3758 566 3806 et
589 3750 659 3805 ad
700 3751 953 3807 ultimum
1002 3768 1106 3809 suo
1154 3753 1418 3809 instinctu
1464 3770 1636 3826 usque
1676 3754 1730 3808 in
1759 3752 1925 3808 ﬁnem

321 3844 661 3919 perduxerit,
692 3845 747 3899 in
772 3846 1122 3917 sequentibus
1150 3850 1342 3920 (prout
1374 3848 1567 3904 melius
1586 3854 1810 3919 potero)
1838 3864 1927 3903 ex-

323 3939 530 4011 plicare
567 3939 792 3996 curabo.
840 3942 1003 3996 Nunc
1048 3957 1223 4013 pauco
1256 3940 1561 4009 intervallo,
1598 3941 1745 4014 quod
1791 3957 1929 4014 pra:-

323 4032 515 4089 dictus
564 4033 835 4103 Pontifex,
902 4034 1109 4092 interea
1150 4035 1285 4092 dum
1336 4036 1452 4107 ipse
1494 4035 1608 4102 ivit,
1659 4036 1831 4104 stetit,
1879 4044 1933 4091 et

396 4228 549 4290 (164)
572 4222 937 4280 Prmmittitur
955 4224 1232 4281 decretum
1259 4225 1561 4287 electionis,
1584 4224 1777 4281 iisdem
1802 4242 1930 4282 ver-

326 4294 415 4350 bis
444 4297 647 4365 quibus
689 4295 743 4349 in
777 4295 899 4351 Vita
934 4314 1085 4351 num.
1125 4304 1183 4353 21
1234 4312 1361 4353 cum
1389 4297 1489 4352 hac
1514 4296 1804 4353 dumtaxat
1835 4315 1926 4353 va-

328 4369 521 4422 rietate
553 4365 702 4436 quod
736 4366 807 4420 ibi
836 4368 1157 4439 simpliciter
1182 4371 1374 4424 electio
1419 4370 1560 4424 facta
1589 4370 1801 4425 dicatur
1846 4371 1932 4424 die

328 4440 624 4512 sepultum
651 4441 870 4493 Domini
893 4442 1238 4512 idleacandm':
1269 4440 1355 4495 hic
1386 4458 1518 4496 vero
1545 4441 1630 4497 die
1681 4448 1711 4495 3
1744 4444 1930 4512 Sepul-

331 4509 648 4585 t_ura:._Quia
679 4520 862 4585 autem
879 4511 1098 4585 facilius
1128 4513 1228 4569 fuit
1254 4514 1506 4584 originali
1532 4514 1702 4568 textui
1724 4509 1931 4585 aliquid

328 4582 599 4655 decedere
628 4596 724 4650 per
750 4581 1019 4655 incuriam
1049 4581 1548 4651 transcribentium,
1582 4601 1747 4655 quam
1775 4581 1931 4640 acce-

327 4654 482 4719 dere,
512 4652 637 4727 ideo
667 4668 777 4706 non
810 4654 1023 4709 videtur
1050 4656 1102 4710 id
1135 4656 1306 4711 otiose
1350 4652 1884 4727 praetermittendum
1914 4677 1925 4712 :

328 4726 425 4780 sed
486 4724 735 4799 suspicor
798 4727 1130 4799 originaliter
1175 4724 1437 4799 scriptum
1501 4728 1691 4795 fuisse,
1739 4730 1827 4783 die
1873 4735 1926 4797 3,

325 4799 523 4851 mortis
567 4800 617 4848 et
631 4796 719 4850 die
763 4796 1073 4867 sepulturae.

403 4876 446 4934 (l
462 4868 557 4937 6.5)
582 4868 931 4941 Ecgraphum
965 4871 1187 4941 quidem
1212 4879 1467 4926 nostrum
1515 4873 1769 4926 Parmam
1791 4891 1808 4923 :
1832 4870 1928 4927 sed

326 4938 651 5011 hujusmodi
696 4941 906 5014 mendis
934 4938 1115 5013 ipsum
1157 4950 1347 5008 scatet,
1410 4944 1669 5013 elegantia
1733 4943 1930 5014 majori

324 5028 496 5083 quam
534 5012 880 5084 accuratione
910 5012 1312 5084 transcriptum.
1346 5018 1442 5069 Est
1462 5012 1646 5070 autem
1668 5012 1931 5069 Parrione

323 5082 533 5139 nomen
582 5082 844 5157 Regionis
870 5085 1031 5140 unius
1056 5103 1119 5141 ex
1142 5082 1239 5150 '14,
1271 5088 1327 5141 in
1359 5103 1495 5157 quas
1522 5087 1670 5141 Urbs
1706 5094 1818 5141 tota
1850 5086 1931 5141 di-

326 5158 549 5222 viditur,
579 5154 859 5224 simulque
886 5163 1073 5223 plateae
1092 5157 1160 5210 ab
1186 5157 1274 5212 illa
1300 5154 1550 5213 ducentis
1577 5174 1766 5213 versus
1794 5160 1931 5212 Pon-

328 5236 442 5299 tem
467 5230 533 5299 S.
556 5224 754 5297 Angeli
780 5243 794 5278 :
819 5236 980 5299 atque
1003 5230 1073 5282 ita
1094 5226 1249 5283 facile
1272 5230 1707 5284 conciliabuntur
1727 5237 1929 5297 textus,

334 5297 385 5352 in
432 5298 634 5372 quibus
688 5297 916 5372 vocatur
954 5303 1122 5355 turris
1156 5302 1228 5355 ad
1252 5306 1467 5369 pontem
1503 5303 1559 5356 S.
1613 5302 1779 5365 Petri,
1804 5302 1929 5372 quia

330 5386 433 5441 per
457 5370 601 5425 hunc
622 5369 737 5443 itur
761 5370 833 5425 ad
864 5372 1106 5443 Burgum
1136 5373 1187 5425 S.
1226 5373 1390 5439 Petri,
1421 5388 1516 5429 seu
1542 5372 1734 5427 urbem
1762 5369 1927 5443 quam

333 5451 530 5497 vocant
566 5442 894 5498 Leoninam.

398 5520 551 5579 (166)
586 5516 718 5567 Mss.
746 5516 885 5588 Vitae
924 5514 1250 5571 Pontiﬁcum
1280 5515 1421 5587 apud
1443 5531 1543 5571 nos
1568 5515 1769 5571 habent
1803 5516 1926 5588 qui-
1952 5524 2002 5584 D

324 5586 459 5641 dem
503 5589 666 5643 Maii:
709 5587 803 5641 sed
854 5587 1229 5643 Summarium
1267 5586 1553 5655 Actorum,
1585 5586 1923 5654 descriptum

320 5660 380 5713 in
410 5659 672 5726 Regislo
699 5658 823 5715 libri
846 5674 941 5715 seu
977 5660 1110 5715 anni
1134 5659 1382 5726 secundi,
1411 5660 1489 5716 uti
1510 5668 1740 5715 testatur
1762 5661 1925 5715 Baro-

320 5732 473 5795 nius,
502 5730 675 5785 habes
714 5734 904 5788 Martii
920 5739 976 5787 et
1018 5731 1242 5786 merito.
1289 5733 1429 5787 Nam
1460 5732 1822 5788 summarium
1864 5731 1924 5787 is-

319 5802 426 5858 tud
448 5804 513 5875 in
532 5817 645 5875 quo
676 5807 900 5858 notatur
928 5801 1183 5874 Dionysii
1202 5802 1494 5875 depositio,
1532 5803 1839 5861 continetur
1865 5804 1923 5859 in

317 5874 561 5947 epistola
594 5878 693 5945 54,
720 5876 857 5933 data
885 5875 1062 5932 Bomw
1084 5888 1127 5933 ν
1374 5878 1583 5941 Martii,
1623 5875 1921 5934 Indictione

1942 1408 1997 1471 Α
2025 1402 2205 1471 rediit,
2258 1412 2519 1475 operatus
2571 1411 2673 1470 est,
2722 1402 2909 1459 dicere
2964 1420 3063 1475 pro
3119 1419 3279 1476 posse
3356 1404 3627 1460 studeam.

2103 1503 2154 1553 2.
2185 1497 2438 1554 Secundo
2480 1513 2626 1553 anno
2680 1498 2766 1552 sui
2806 1497 3175 1567 Pontiﬁcatus,
3219 1506 3517 1569 antequam
3557 1499 3626 1553 is-

2028 1591 2127 1647 tud
2165 1590 2375 1649 factum
2421 1591 2631 1658 fuisset,
2674 1591 2820 1648 unde
2860 1590 3120 1663 praefatus
3152 1591 3296 1663 (166)
3325 1592 3625 1647 malevolus

2029 1686 2370 1741 occasionem
2409 1694 2709 1757 acceperat,
2741 1686 2793 1739 in
2825 1686 3092 1751 Concilio,
3115 1685 3263 1757 quod
3286 1686 3400 1757 ipse
3432 1689 3626 1741 Romae

2028 1795 2058 1833 a
2086 1795 2149 1835 vr
2172 1781 2296 1835 Kal.
2337 1781 2516 1836 Martii
2571 1795 2742 1851 usque
2788 1779 2855 1834 ad
2887 1796 2929 1835 ιι
2969 1779 3097 1834 Kal.
3150 1779 3395 1850 praedicti
3426 1779 3630 1834 mensis

2028 1873 2345 1943 celebravit;
2370 1873 2606 1944 quinque
2636 1873 2701 1928 de
2732 1872 2935 1928 familia
2976 1872 3622 1948 Regis‘Teutonicorum,

2026 1982 2267 2037 quorum
2287 1967 2531 2023 consiliis
2559 1966 2802 2023 ecclesiae
2850 1966 3250 2033 vendebantur,
3281 1983 3312 2021 a
3341 1966 3628 2022 liminibus

2029 2062 2287 2117 Ecclesia:
2320 2061 2603 2132 separavit.
2635 2066 2781 2127 (167)
2812 2064 2994 2142 Itaut,
3027 2060 3071 2115 si
3112 2060 3307 2116 abinde
3350 2076 3521 2131 usque
3560 2058 3629 2114 ad

2026 2154 2465 2210 KalendasJunii
2490 2157 2730 2210 Romam
2751 2170 2863 2209 non
2883 2155 3133 2209 venirent
3150 2154 3317 2209 etsati
3331 2152 3624 2221 sfacel’cnt,

2027 2249 2487 2305 excommunicati
2556 2249 2906 2305 haberentur.
2968 2248 3255 2319 Philippus
3311 2252 3459 2315 (168)
3505 2251 3626 2302 Rex

2028 2347 2388 2411 Francorum,
2429 2343 2475 2399 si
2529 2344 2748 2399 Nuntiis
2785 2347 2944 2414 Papa:
2994 2342 3063 2397 ad
3099 2342 3305 2398 Gallias
3347 2341 3527 2409 ituris,
3559 2340 3627 2397 de

2029 2437 2396 2494 satisfactione
2422 2446 2477 2493 et
2497 2438 2881 2493 emendatione
2916 2436 3256 2492 securitatem
3285 2452 3395 2491 non
3422 2433 3628 2503 fecerit,

2030 2532 2297 2589 habeatur
2338 2532 2866 2588 excommunicatus.
2913 2532 3228 2586 Liemarum
3275 2533 3630 2585 Bremensem

2028 2627 2540 2699 Archiepiscopum,
2569 2642 2666 2698 pro
2698 2625 3065 2681 inobedientia
3096 2624 3367 2697 superbiae
3390 2640 3528 2691 suae,
3562 2622 3630 2679 ab

2030 2720 2335 2792 Episcopali
2366 2721 2550 2775 ofﬁcio
2581 2719 2886 2792 suspendit,
2918 2728 2973 2775 et
3002 2736 3031 2774 a
3062 2721 3305 2790 Corpore
3333 2727 3390 2775 et
3416 2716 3631 2789 sangui-

2032 2831 2099 2868 ne
2140 2815 2361 2869 Domini
2389 2814 2693 2869 interdixit.
2720 2814 3096 2871 Guarnerium
3134 2812 3630 2885 Strazburgensem

2030 2907 2101 2963 ab
2143 2907 2435 2979 episcopali
2466 2916 2519 2962 et
2549 2906 2870 2962 sacerdotali
2886 2905 3070 2961 ofﬁcio
3092 2905 3395 2977 suspendit.
3433 2904 3629 2959 Henri-

2031 3018 2159 3057 cum
2202 3001 2512 3072 Spirensem
2555 2999 2885 3072 suspendit:
2916 2999 3319 3055 Herimannum
3367 2998 3627 3054 Bamber-

2032 3111 2277 3168 gensem,
2309 3095 2355 3150 si
2386 3105 2511 3151 ante
2556 3094 2759 3151 Pascha
2808 3110 2922 3159 non
2968 3094 3175 3149 venerit
3224 3091 3629 3161 satisfacturus,

2032 3190 2284 3245 similiter
2300 3188 2611 3261 suspendit.
2646 3192 2788 3245 Item
2810 3190 2863 3244 in
2882 3187 3265 3260 Longobardia
3289 3188 3632 3245 Gulielmum
3730 3224 3735 3227 ς

2031 3285 2350 3356 Papiensem
2376 3291 2430 3339 et
2470 3284 2833 3341 Cunibertum
2872 3283 3275 3339 Taurinensem
3323 3280 3627 3355 suspendit.

2033 3377 2361 3450 Dionysium
2408 3378 2796 3433 Placentinum
2825 3375 3091 3448 deposuit.
3141 3376 3447 3433 Robertum
3516 3377 3632 3429 Du-

2034 3488 2155 3527 cem
2204 3472 2415 3541 Apuliae
2455 3470 2571 3543 jam
2617 3471 3162 3537 anathematizatum,
3216 3479 3270 3525 et
3323 3470 3633 3524 Robertum

2032 3566 2099 3622 de
2124 3564 2406 3633 Loritello,
2462 3566 2741 3621 invasores
2798 3565 3073 3621 bonorum
3108 3565 3166 3619 S.
3221 3564 3364 3619 Petri
3414 3578 3632 3619 excom-

2035 3659 2351 3716 municavit.

2108 3752 2369 3811 3.1‘ertio
2396 3769 2524 3809 vero
2571 3770 2715 3809 anno
2759 3752 2907 3809 idem
2930 3755 3076 3823 Papa
3091 3754 3287 3809 Romae
3326 3752 3382 3808 in
3406 3752 3633 3809 Basilica

2034 3848 2334 3905 Salvatoris
2363 3847 2649 3920 Synodum
2706 3853 2851 3915 (169)
2881 3846 3193 3912 celebravit,
3236 3847 3293 3901 in
3333 3862 3440 3919 qua
3484 3847 3635 3918 Sige-

2039 3940 2239 3998 lridum
2277 3943 2657 4014 Maguntinum
2722 3942 3228 4014 Archiepiscopum,
3260 3941 3351 4013 qui
3409 3949 3636 3997 conatus
3690 3978 3701 3999 ι

2041 4046 2123 4094 est
2162 4038 2461 4109 Episcopos
2488 4045 2544 4092 et
2605 4035 2847 4092 Abbates
2887 4035 3061 4109 Regni
3122 4035 3553 4091 Teutonicorum
3598 4049 3637 4097 ca

2043 4232 2130 4293 13,
2157 4225 2449 4297 ipsumque
2478 4224 2843 4297 summarium
2882 4221 3109 4297 ponitur
3128 4222 3313 4297 statim
3343 4229 3468 4297 post
3500 4222 3636 4297 iEpi-

2039 4294 2236 4352 stolam
2263 4302 2317 4363 2,
2350 4294 2536 4350 datam
2560 4299 2615 4349 in
2639 4296 2873 4364 Synodo,
2914 4294 3146 4349 secunda
3190 4294 3461 4349 Kalendas
3490 4296 3639 4349 Mar-

2042 4372 2128 4424 tii.
2175 4372 2313 4425 Cum
2345 4384 2474 4440 ergo
2502 4383 2737 4440 sequens
2762 4368 2993 4440 Pascha,
3019 4370 3093 4440 ad
3112 4366 3259 4440 quod
3282 4365 3428 4440 infra
3444 4365 3639 4440 citatur

2041 4436 2897 4508 Hermannus'Bambergensis,
2953 4436 3344 4508 celebrandum
3400 4436 3567 4492 fuerit
3600 4440 3634 4490 5

2041 4513 2549 4585 Aprilis,_sequit_ur
2568 4506 2853 4585 _Synodum
2877 4509 3025 4585 hanc
3062 4506 3421 4585 cmpisse‘fcr:
3454 4514 3485 4561 3
3506 4510 3635 4585 _p_ri-

2043 4577 2146 4640 ma:
2164 4577 2541 4639 Hedbofnadaa
2554 4577 3119 4652 Quadragesimalisiu
3136 4577 3271 4632 festo
3292 4579 3344 4652 S.
3364 4577 3633 4636 Matthiae.

2040 4659 2271 4711 Notatus
2296 4665 2480 4711 autem
2500 4656 2553 4707 in
2574 4654 2770 4708 eodem
2786 4650 3055 4724 'Registro
3068 4665 3243 4724 annus
3264 4650 3466 4724 Christi
3498 4657 3637 4707 1074

2040 4727 2243 4782 indicat
2286 4742 2456 4797 usque
2481 4724 2551 4779 ad
2592 4721 2914 4797 proximum
2923 4721 3398 4797 _Annuntiationis
3440 4722 3640 4779 festum

2042 4807 2170 4853 tunc
2204 4795 2384 4853 adhuc
2412 4796 2681 4851 Romanis
2720 4795 3024 4851 cucurrisse
3087 4809 3247 4849 suum
3305 4809 3530 4864 annum,
3574 4810 3639 4851 ex

2042 4886 2142 4925 usu
2178 4869 2640 4935 Florentinorum,
2668 4868 2817 4939 quod
2849 4875 2902 4922 et
2938 4864 3203 4921 Baronius
3231 4867 3460 4939 notavit.

2115 4941 2259 5011 (167)
2299 4941 2437 5009 Quae
2463 4935 2771 5012 sequuntur
2808 4939 2984 4994 visum
3025 4947 3109 4993 est
3137 4953 3199 4992 ex
3230 4936 3460 5012 registro
3482 4935 3640 5012 juxta

2044 5010 2340 5069 Baronium
2391 5012 2477 5066 hic
2509 5010 2829 5083 adjungere,
2880 5020 3146 5082 tanquam
3190 5025 3256 5066 ex
3284 5010 3453 5077 fonte,
3494 5010 3641 5065 unde

2044 5095 2255 5157 partem
2281 5083 2539 5157 delibavit
2563 5082 2757 5139 auctOr
2776 5082 2974 5138 horum
3007 5088 3300 5157 Actorum.

2114 5162 2259 5223 (I68)
2292 5155 2603 5226 Philippum
2621 5154 3154 5226 Franciwregem,de
3174 5150 3640 5225 Simoniaapudso

2044 5238 2360 5284 accusatum
2388 5244 2417 5282 a
2447 5225 2603 5283 elero
2637 5226 3049 5289 Matisconensi,
3065 5225 3309 5295 jusserat
3336 5226 3641 5295 Gregorius

2042 5317 2070 5355 a
2102 5300 2378 5355 Ruderico
2399 5298 2777 5353 Caballonensi
2801 5297 3054 5369 episcopo
3078 5296 3287 5369 moneri
3318 5311 3414 5369 per
3440 5297 3638 5367 episto-

2042 5372 2175 5437 lam,
2202 5373 2394 5426 datam
2415 5372 2643 5440 Pipemi
2664 5384 2713 5425 ιι
2744 5368 2923 5427 Nonas
2958 5368 3282 5440 Decembris,
3308 5368 3639 5440 indictxn,

2042 5443 2293 5512 adeoque
2326 5438 2497 5496 tribus
2551 5441 2661 5496 fere
2686 5442 2965 5495 mensibus
3020 5447 3143 5494 ante
3173 5438 3314 5495 hanc
3342 5439 3640 5512 synodum.

2108 5510 2259 5582 (169)
2300 5514 2462 5568 Hanc
2510 5528 2728 5585 quoque
2753 5512 3023 5585 synodum
3054 5526 3191 5585 esse
3220 5512 3287 5585 in
3328 5510 3640 5581 Q'uadrage-

2040 5589 2180 5642 sima
2209 5586 2569 5656 celebratam,
2594 5583 2750 5656 cujus
2783 5583 2803 5640 ἰ
2840 5583 3129 5640 Dominica
3153 5584 3340 5656 incidit
3357 5586 3411 5638 in
3447 5590 3510 5638 15
3537 5585 3638 5656 Fe-_-

2038 5655 2594 5735 bruarii,_pe_rsuadet
2625 5652 2758 5711 nota
2786 5658 2912 5735 anni
2949 5660 3106 5735 197-5,
3139 5655 3321 5735 adhuc
3339 5669 3536 5735 _usque'
3568 5652 3638 5708 ad

2036 5726 2534 5786 Annuntiationem
2593 5728 2883 5795 currentis,
2932 5726 3117 5781 addita
3167 5726 3311 5797 apud
3339 5726 3638 5797 Baronium

2036 5800 2335 5881 ex_eo_dem
2391 5800 2477 5871 (ut
2524 5801 2809 5881 putamus)
2843 5795 3242 5881 registroLubi
3286 5812 3397 5881 non
3424 5795 3638 5881 dubito

2033 5876 2165 5949 quin
2192 5875 2249 5932 in
2270 5866 2587 5932 summariis
2613 5866 2849 5928 aliarum
2889 5866 3240 5940 sequentium
3284 5866 3394 5925 sub
3420 5868 3640 5942 Grego-
