4138 6190
298 241 407 296 193

1264 241 1823 319 PROLE'GOMENA.
1858 271 1931 286 —
1964 244 2144 305 ACTA
2178 251 2236 308 S.
2277 252 2621 310 GREGORII.

3489 264 3611 321 134

288 364 378 421 ab
405 362 707 435 Episcopali
752 370 810 419 et
855 363 1188 441 Sacerdotali
1238 366 1418 425 ofﬁcio
1460 369 1747 442 suspendit
1795 388 1808 424 :
1842 379 1898 427 et
1924 375 1977 438 Α
2008 374 2217 431 vembri
2251 374 2345 433 die
2379 382 2468 448 18,
2498 376 2792 434 indictione
2817 391 2923 445 .XI,
2948 377 3161 446 Marro,
3193 379 3422 437 Guilleri
3452 381 3620 451 ﬁlius,

306 460 431 515 olim
448 458 566 530 jam
605 457 809 514 factum
840 460 1136 518 anathema
1183 477 1346 534 super
1391 464 1539 535 ipsos
1588 466 1889 534 renovavit,

301 569 368 610 eo
391 553 541 624 quod
590 555 765 609 vocati
809 554 876 611 ad
916 556 1202 627 Synodum
1249 558 1436 614 venire
1468 560 1613 629 (177)
1646 569 1893 616 contem-

300 655 544 720 pserunt.
576 649 957 721 (Arnulphum
978 654 1449 723 Cremonensem,
1473 655 1691 726 publice
1709 671 1895 711 coram

300 745 371 798 D.
400 746 538 813 Papa
569 744 885 799 convictum
914 752 965 801 et
986 746 1351 803 conﬁtentem
1394 764 1453 803 se
1477 750 1892 816 Simouiacum,

300 837 374 893 ab
396 837 548 893 omni
572 838 882 909 EpiscOpali
909 838 1092 896 ofﬁcio
1122 841 1327 913 absque
1348 858 1444 915 spe
1468 844 1899 915 recuperationis

305 932 569 1003 deposuit,
622 940 676 987 et
737 948 913 1004 usque
968 934 1036 990 ad
1073 935 1407 1007 condignam
1466 938 1895 994 satisfactionem

302 1026 639 1082 anathemate
664 1028 972 1098 percussit).
996 1030 1309 1086 Rolandum
1340 1047 1559 1103 quoque
1586 1033 1899 1089 Tarvisien-

298 1135 441 1185 sem,
469 1121 560 1190 qui
586 1138 684 1193 pro
735 1121 1089 1192 adipiscendo
1123 1124 1487 1196 EpiSCOpatus
1523 1125 1735 1183 honore
1765 1127 1897 1183 sub-

293 1214 453 1269 dolus
483 1213 662 1270 factus
690 1219 946 1287 Legatus,
984 1217 1128 1272 inter
1156 1221 1412 1291 Regnum
1440 1229 1495 1276 et
1520 1221 1898 1277 Sacerdotium

286 1309 537 1364 schisma
584 1308 763 1365 facere
801 1326 918 1367 non
962 1311 1267 1382 abhorruit,
1309 1319 1390 1382 (ut
1423 1314 1626 1371 amodo
1648 1324 1702 1371 et
1730 1333 1899 1387 usque

292 1405 345 1458 in
374 1405 649 1459 saeculum
696 1404 999 1477 Episcopali
1048 1418 1232 1463 careat
1261 1408 1547 1480 dignitate,
1580 1410 1899 1482 Apostolica

291 1514 528 1553 censura
556 1499 810 1567 censuit;
840 1508 895 1555 et
924 1508 983 1555 ut
1013 1502 1196 1557 nullus
1228 1518 1613 1559 successorum
1645 1520 1758 1560 suae
1780 1521 1902 1560 con-

292 1593 590 1651 secrationi
620 1594 799 1665 aliquo
838 1593 1009 1649 modo
1060 1596 1387 1665 consentiat,
1429 1598 1612 1654 modis
1642 1600 1901 1655 omnibus

291 1686 703 1758 prohibuit;et)
747 1697 1016 1760 perpetuo
1065 1691 1411 1748 anathemate
1465 1708 1593 1749 eum
1638 1694 1896 1766 alligavit,

2003 468 2281 526 habitator
2334 471 2391 526 in
2439 471 2638 527 ducatu
2696 471 3012 543 Spoletano,
3076 488 3176 546 pro
3240 473 3615 547 redemptione

2004 564 2207 620 anima)
2230 581 2343 621 sua:
2373 574 2428 620 et
2450 574 2746 638 parentum
2772 582 3023 633 suorum,
3050 566 3257 624 obtulit
3282 570 3345 623 B.
3371 572 3537 625 Petro
3559 577 3616 626 et

2005 673 2167 729 super
2196 660 2369 715 altare
2403 660 2521 730 ejus
2545 660 2734 716 omnia
2754 677 2875 733 quae
2904 661 2948 717 ei
2973 662 3317 733 pertinebant
3338 663 3405 719 de
3426 672 3607 720 castro

2007 752 2156 823 quod
2185 762 2410 810 vocatur
2440 754 2722 823 Moricida,
2742 756 2921 825 posito
2953 756 3095 812 inter
3123 757 3389 813 Muricem
3416 765 3470 813 et
3494 759 3608 816 Cla-

2005 847 2329 919 rignanum;
2362 848 2512 920 quod
2538 848 2915 920 conquisitum
2957 850 3191 906 habebat
3221 867 3317 923 per
3355 868 3609 908 concam-

2006 941 2307 997 biationem
2324 958 2353 996 a
2378 942 2598 999 Liraldo
2611 952 2665 997 et
2684 946 2939 1015 Hugone,
2954 947 3248 1016 nepotibus
3262 947 3477 1019 Ugonis
3502 947 3598 1002 ﬁlii

2006 1036 2216 1106 Ascari,
2245 1037 2301 1091 in
2333 1037 2489 1108 plebe
2518 1037 2587 1091 de
2615 1040 2842 1093 Luzano
2885 1044 3007 1105 (180
3038 1040 3156 1106 bis),
3196 1050 3473 1119 reservato
3503 1057 3604 1097 usu

2007 1128 2189 1185 fructu
2213 1130 2405 1187 diebus
2434 1130 2555 1186 vitm
2586 1146 2699 1187 suae
2727 1141 2780 1186 et
2800 1132 3010 1187 Brutuli
3036 1132 3117 1187 sui
3148 1133 3241 1188 ﬁlii
3280 1142 3334 1189 et
3360 1135 3601 1191 ﬁliorum

1987 1224 2242 1297 zBrutuli,
2284 1225 2329 1280 si
2375 1225 2602 1281 masculi
2632 1225 2838 1281 fuerint
2868 1224 2936 1281 de
2970 1226 3214 1299 legitimo
3245 1229 3607 1287 matrimonio

2011 1319 2301 1391 procreati.
2338 1318 2552 1375 Eodem
2603 1336 2730 1376 vero
2772 1336 2915 1376 anno
2945 1327 3038 1386 (ΠΙ
3086 1320 3213 1375 Kal.
3252 1323 3598 1392 Decembris,

2009 1413 2272 1485 synodus)
2300 1414 2573 1470 celebrata
2604 1423 2687 1469 est
2709 1414 2775 1469 ab
2806 1413 2999 1470 eodem
3022 1415 3295 1485 pontiﬁce,
3324 1416 3379 1471 in
3400 1433 3504 1487 qua
3528 1417 3607 1472 in-

2009 1516 2093 1563 ter
2139 1516 2334 1565 caetera
2373 1508 2877 1565 excommunicatus
2930 1517 3012 1564 est
3052 1511 3608 1582 Constantinopolita-

2009 1618 2112 1658 nus
2140 1603 2436 1674 imperator
2478 1601 2642 1675 (181).
2674 1606 3007 1659 Juraverunt
3056 1620 3272 1676 quoque
3328 1606 3383 1658 in
3414 1604 3603 1661 eadem

2010 1696 2219 1768 synodo
2252 1697 2415 1771 legati
2462 1697 2683 1752 Henrici
2725 1706 2777 1752 et
2804 1697 3049 1765 Rodulﬁ,
3088 1699 3314 1769 quisque
3366 1714 3466 1770 pro
3510 1699 3607 1755 do-

290 1782 398 1837 nisi
444 1783 739 1854 resipuerit
779 1793 835 1838 et
880 1783 1040 1855 digne
1091 1790 1209 1841 Deo
1258 1785 1598 1843 satisfecerit.
1639 1791 1897 1861 Ugonem
1936 1792 1984 1854 B
2012 1791 2161 1846 mino
2204 1808 2325 1859 suo,
2353 1790 2503 1863 quod
2545 1791 2707 1847 nullis
2732 1791 2876 1846 dolis
2923 1791 3259 1862 colloquium
3298 1793 3607 1864 legatorum

286 1876 641 1933 Cardinalem
686 1877 768 1932 tit.
804 1879 860 1933 S.
898 1878 1211 1949 Clementis,
1266 1882 1429 1936 tertio
1458 1880 1537 1951 .ab
1584 1884 1900 1955 Apostolica

284 1970 431 2027 Sede
467 1970 815 2039 damnatum,
852 1988 917 2028 eo
947 1973 1096 2044 quod
1121 1974 1395 2045 aspirator
1432 1984 1486 2032 et
1513 1976 1694 2031 socius
1729 1977 1901 2033 factus

284 2064 521 2121 hmresis
549 2066 738 2122 Caduli
769 2068 1082 2123 Parmensis
1123 2070 1407 2140 Episcopi;
1434 2069 1510 2141 (et
1540 2070 1739 2127 iterum
1770 2088 1899 2127 con-

282 2161 526 2217 stitutus
549 2162 782 2233 Legatus
808 2162 1125 2232 Apostolica
1168 2163 1309 2220 Sede
1357 2164 1624 2220 damnatis
1661 2181 1720 2221 se
1767 2182 1897 2221 con-

279 2253 497 2326 junxit;
524 2262 580 2310 et
609 2256 772 2312 tertio
796 2255 975 2312 factus
997 2265 1247 2330 apostata
1277 2267 1331 2313 et
1354 2258 1899 2329 bteresiarcha,schi-

285 2360 476 2405 smata
508 2358 564 2404 et
586 2349 884 2407 divisiones
928 2360 1091 2423 atque
1121 2351 1387 2409 scissuras
1414 2354 1469 2409 in
1502 2354 1741 2410 Ecclesia
1776 2354 1898 2421 Dei,

286 2452 517 2499 tentans
538 2460 661 2499 eam
680 2443 956 2514 scindere,
982 2444 1147 2514 fecit;
1183 2446 1250 2501 ab
1282 2446 1434 2502 omni
1462 2447 1791 2504 Sacerdotali
1820 2447 1899 2504 of-

286 2538 419 2593 ﬁcio
443 2538 699 2610 privavit,
720 2548 774 2594 et
795 2547 915 2594 tam
938 2540 1005 2595 ab
1028 2540 1277 2611 ingressu
1309 2549 1358 2596 et
1391 2541 1599 2598 honore
1629 2542 1900 2614 praedictae

288 2632 575 2703 Ecclesiae,
610 2649 778 2704 quam
810 2633 1062 2689 omnium
1082 2635 1454 2691 Ecclesiarum
1496 2637 1598 2691 sub
1639 2647 1899 2709 perpetua

286 2738 340 2783 et
367 2727 723 2783 irrevocabili
771 2728 1041 2783 sententia
1085 2729 1383 2799 submovit,
1415 2735 1497 2800 et)
1519 2746 1691 2801 usque
1714 2731 1781 2785 ad
1810 2748 1899 2788 sa-

291 2820 674 2878 tisfactionem
692 2822 1039 2878 anathemate
1062 2824 1348 2894 percussit.
1382 2825 1709 2893 (Renovavit
1733 2825 1899 2881 etiam

289 2916 925 2973 excommunicationem
947 2934 977 2972 a
995 2917 1491 2989 praedecessoribus
1515 2917 1713 2974 factam
1738 2935 1904 2991 super

288 3009 638 3068 Gaufredum
653 3010 1142 3084 Archiepisc0pum
1172 3012 1609 3081 Narbonensem,
1626 3013 1901 3085 etabsque

289 3107 401 3161 ulla
418 3106 858 3177 recuperationis
889 3122 985 3178 spe
1012 3106 1080 3161 ab
1110 3107 1634 3180 EpiscopaliOfﬁcio
1667 3124 1792 3164 eum
1815 3125 1903 3164 su-

286 3200 621 3267 bmovit.)...
647 3207 790 3267 (178)
825 3202 1051 3272 Expleto
1069 3179 1322 3258 Concilio
1336 3202 1489 3259 misit
1506 3202 1733 3258 nuntios
1750 3204 1900 3273 suos,
1942 3179 1985 3241 C

290 3294 551 3353 videlicet
580 3296 927 3352 Bernardum
961 3302 1102 3363 (179)
1139 3296 1449 3353 Diaconum
1474 3306 1528 3352 et
1560 3296 1902 3354 Bernardum

290 3389 702 3447 Massiliensem
752 3390 1021 3447 Abbatem
1043 3396 1212 3459 (180),
1236 3407 1363 3448 cum
1388 3391 1585 3448 Udone
1603 3395 1903 3449 Treveren—

288 3485 335 3540 si
365 3484 817 3556 Archiepiscopo,
843 3484 913 3541 ad
935 3485 1375 3557 componendam
1396 3502 1583 3558 pacem
1601 3502 1728 3542 cum
1753 3488 1903 3559 Rege

290 3579 540 3635 Henrico
552 3588 608 3634 et
623 3577 945 3651 Rodulpho,
964 3595 1128 3651 quem
1143 3581 1430 3637 Teutonici
1446 3582 1551 3637 sibi
1576 3584 1788 3653 Regem
1804 3581 1902 3636 ele-

291 3682 519 3746 gerant;
553 3673 915 3745 praecepitque
941 3673 1021 3729 eis
1060 3683 1118 3730 ut
1144 3674 1330 3731 stricte
1362 3674 1759 3742 discernerent,
1787 3675 1904 3747 quis

294 3784 363 3823 ex
378 3766 601 3824 duobus
631 3768 903 3839 majorem
930 3768 1156 3825 haberet
1169 3769 1441 3841 justitiam
1454 3789 1471 3842 ;
1498 3778 1553 3827 et
1572 3769 1903 3841 cuicumque

288 3862 507 3934 justitia
534 3870 898 3936 competeret,
921 3863 997 3918 illi
1014 3863 1188 3936 Regni
1204 3865 1570 3938 gubernacula
1591 3863 1899 3921 traderent:

296 3957 427 4027 quia
456 3956 659 4027 justior
708 3972 831 4029 pars
889 3957 1123 4028 amplius
1150 3957 1217 4013 de
1245 3961 1365 4014 Deo
1395 3957 1673 4016 conﬁdere
1701 3965 1902 4031 potest,

294 4059 361 4106 et
387 4057 656 4121 potestate
676 4053 739 4107 B.
778 4052 927 4108 Petri
948 4052 1178 4107 omnino
1213 4051 1319 4108 erit
1347 4051 1553 4123 adjuta.

923 4153 1167 4210 CAPUT
1212 4156 1286 4209 Il.

300 4252 498 4308 Plures
543 4253 739 4323 synodi
776 4253 1021 4380 reh‘quoh
1042 4256 1295 4379 thggorii
1350 4252 1674 4326 pontiﬁcatu
1725 4254 1794 4310 ab
1848 4269 1905 4309 eo

1024 4343 1057 4380 α
1144 4342 1208 4380 ω.

1024 4342 1208 4381 αοιῑω.

374 4434 426 4483 7.
454 4432 617 4485 Anno
643 4435 799 4485 sexto
837 4427 1189 4500 pontiﬁcatus
1229 4428 1507 4501 Gregorii,
1556 4445 1744 4487 mense
1790 4432 1903 4486 No-

1994 1884 2166 1941 ‘Sedis
2199 1884 2539 1955 Apostolicze
2569 1884 2621 1939 iu
2646 1885 2944 1940 Teutonico
2970 1901 3140 1957 regno
3162 1885 3472 1942 habendum
3504 1887 3608 1943 imo

2014 1977 2252 2050 pedient.
2286 1978 2461 2034 Multa
2512 1979 2673 2034 etiam
2705 1979 2809 2035 alia
2839 1987 2965 2035 sunt
2998 1979 3066 2034 ab
3097 1979 3289 2035 eodem
3328 1981 3379 2034 in
3416 1980 3608 2037 eadem

2009 2072 2220 2144 synodo
2252 2073 2543 2128 constituta
2570 2075 2738 2143 (182),
2776 2090 2901 2144 quae
2944 2074 3171 2146 longum
3222 2080 3305 2130 est
3330 2091 3603 2131 enarrare.

2011 2168 2319 2223 Renovavit
2347 2176 2533 2224 autem
2563 2177 2615 2223 et
2635 2168 2923 2223 anathema
2950 2168 3162 2224 factum
3190 2184 3353 2241 super
3383 2170 3610 2227 Guiber-

2011 2270 2127 2318 tum
2160 2266 2558 2332 Ravennatem,
2587 2272 2644 2318 et
2668 2262 2879 2318 civibus
2916 2262 3217 2335 majoribus
3245 2264 3503 2320 omnibus
3523 2274 3605 2321 at-

2011 2373 2117 2430 que
2166 2356 2481 2413 minoribus
2527 2357 2820 2425 nuntiavit,
2870 2373 2997 2413 eum
3026 2374 3143 2413 esse
3173 2360 3611 2416 excommunica-

2009 2459 2131 2506 tum
2152 2460 2205 2507 et
2234 2451 2635 2508 destructorem
2668 2452 2927 2508 Ecclesiae
2958 2453 3311 2509 Ravennatis.

2080 2551 2130 2599 8.
2180 2546 2370 2602 Altero
2413 2546 2637 2620 quidem
2677 2562 2826 2604 anno
2870 2550 3018 2617 (183)
3070 2546 3419 2618 pontiﬁcatus
3456 2548 3607 2621 ejus-

2010 2638 2134 2694 dem
2160 2644 2193 2693 6
2223 2656 2409 2696 mense
2457 2641 2776 2708 Februario,
2808 2640 3106 2697 indictione
3130 2657 3200 2710 II,
3230 2641 3500 2699 celebrata
3524 2652 3608 2699 est

2010 2732 2256 2804 synodus
2289 2737 2513 2800 Romae,
2550 2733 2620 2789 ad
2648 2734 2918 2790 honorem
2950 2735 3049 2790 Dei
3097 2743 3152 2791 et
3193 2736 3608 2794 aediﬁcationem

2013 2826 2292 2890 Ecclesiaz,
2322 2828 2376 2882 in
2409 2828 2629 2883 basilica
2658 2830 2839 2884 Sancti
2853 2829 3154 2885 Salvatoris
3174 2848 3189 2898 ;
3208 2830 3265 2884 in
3290 2846 3395 2901 qua
3417 2846 3608 2888 omnes

2009 2920 2419 2993 archiepiscopi,
2443 2922 2711 2995 religiosa:
2758 2938 3030 2993 personae,
3074 2932 3420 2995 congregata:
3456 2934 3607 2993 sunt,

2010 3022 2073 3072 ut
2108 3025 2354 3071 sanctam
2403 3015 2678 3088 synodum
2736 3016 3093 3072 celebrarent.
3133 3017 3407 3073 Omnibus
3443 3018 3608 3090 igitur

2011 3111 2377 3183 congregatis,
2427 3109 2646 3166 habitus
2685 3119 2768 3167 est
2793 3126 2975 3167 sermo
3007 3112 3074 3168 de
3112 3128 3342 3185 corpore
3381 3121 3434 3168 et
3475 3129 3609 3169 san—

2011 3206 2175 3277 guine
2199 3205 2426 3261 Domini
2453 3205 2623 3260 nostri
2646 3208 2677 3260 J
2684 3222 2780 3261 esu
2804 3205 3031 3276 Christi,
3070 3208 3261 3265 multis
3291 3206 3428 3275 haec,
3461 3223 3607 3264 non-

2011 3299 2176 3355 nullis
2226 3300 2335 3368 illa,
2386 3301 2537 3371 prius
2589 3300 2969 3358 sentientibus.
3043 3301 3284 3357 Maxima
3334 3302 3608 3373 siquidem

2010 3410 2153 3466 pars,
2194 3408 2393 3464 panem
2420 3404 2476 3448 et
2528 3393 2740 3462 vinum,
2776 3411 2869 3465 per
2915 3411 3083 3451 sacrae
3125 3395 3391 3452 orationis
3444 3397 3607 3452 verba

2012 3496 2067 3543 et
2093 3487 2394 3543 sacerdotis
2447 3487 2943 3557 consecrationem,
2985 3489 3191 3560 Spiritu
3238 3498 3426 3545 sancto
3466 3488 3609 3546 invi-

2013 3581 2241 3637 sibiliter
2267 3589 2554 3654 operante,
2592 3581 2837 3637 converti
2868 3581 3301 3638 substantialiter
3322 3583 3381 3639 in
3405 3599 3607 3655 corpus

2014 3675 2387 3743 Dominicum,
2443 3675 2510 3732 de
2542 3675 2763 3748 Virgine
2798 3685 3015 3745 natum,
3060 3676 3208 3749 quod
3256 3686 3311 3733 et
3346 3677 3403 3733 in
3447 3693 3609 3734 cruce

2013 3770 2289 3843 pependit,
2330 3778 2387 3825 et
2435 3769 2488 3825 in
2518 3770 2871 3842 sanguinem,
2903 3771 2994 3842 qui
3027 3771 3095 3827 de
3125 3770 3246 3843 ejus
3275 3771 3442 3827 latere
3466 3771 3607 3827 mili-

2011 3865 2080 3920 tis
2109 3863 2315 3921 effusus
2355 3872 2445 3920 est
2478 3865 2699 3931 lancea,
2744 3865 3043 3931 asserebat,
3074 3874 3236 3938 atque
3278 3865 3614 3923 auctoritati-

2013 3959 2118 4015 bus
2158 3958 2595 4021 ortbodoxorum
2622 3962 2872 4028 Patrum,
2914 3968 3030 4016 tam
3073 3960 3398 4018 Graecorum
3446 3976 3610 4033 quam

2014 4053 2360 4122 Latinorum,
2416 4052 2598 4109 modis
2671 4054 2930 4110 omnibus
2987 4053 3343 4122 defendebat;
3387 4054 3608 4126 quidam

2014 4163 2167 4217 vero,
2212 4146 2381 4203 nimia
2412 4148 2656 4205 caecitate
2705 4148 2962 4220 perculsi,
2993 4148 3226 4222 ﬁguram
3262 4157 3481 4205 tantum
3508 4153 3526 4218 (
3557 4156 3612 4205 et

2015 4242 2377 4299 substantiale
2426 4241 2563 4298 illud
2595 4258 2795 4314 corpus
2822 4243 2877 4298 in
2919 4242 3146 4299 dextera
3189 4244 3368 4301 Patris
3414 4242 3611 4300 sedens

2017 4339 2261 4408 esse);se
2304 4345 2359 4392 et
2384 4337 2522 4392 alios
2569 4336 2921 4408 decipientes,
2961 4338 3290 4410 quibusdam
3319 4337 3614 4394 cavillatio-

2012 4430 2173 4488 nibus
2223 4430 2564 4488 conabantur
2612 4439 2876 4488 astruere.
2923 4435 3131 4489 Verum
3178 4432 3270 4503 ubi
3315 4434 3483 4504 erepit
3524 4447 3613 4489 res

302 4558 544 4643 ramum,
594 4567 647 4614 et
685 4573 749 4613 ex
786 4559 881 4643 lib.
942 4575 993 4625 v,
1047 4558 1207 4643 epist.
1248 4565 1338 4643 13,
1378 4568 1602 4643 constat
1638 4560 1901 4643 indictam
1932 4580 1981 4643 D
2018 4566 2137 4643 lunt
2166 4578 2307 4643 esse
2315 4571 2654 4634 promotum.

305 4628 498 4697 fuisse,
531 4647 631 4702 pro
670 4635 922 4701 proxime
968 4628 1209 4686 amatura:
1239 4632 1678 4701 Quadragesima:
1702 4635 1901 4690 hebdo-

304 4704 481 4784 gnada
504 4704 701 4784 prima,
748 4704 1326 4784 cujusDominica‘eo
1371 4707 1780 4784 anno,APascha
1811 4707 1903 4784 ha-

300 4774 464 4829 bente
492 4775 563 4829 ad
596 4780 628 4827 8
653 4773 876 4846 Aprilis,
915 4774 1147 4830 incidere
1170 4773 1405 4831 debebat
1425 4776 1481 4830 in
1504 4782 1570 4832 25
1603 4778 1901 4834 Februarii.

370 4847 658 4920 (177)Ms.
690 4854 945 4902 nostrum
990 4846 1340 4917 praecitatum
1371 4856 1489 4920 not.
1538 4854 1638 4903 166
1666 4850 1790 4920 quia
1834 4849 1902 4903 de

296 4918 586 4992 Thedaldo
620 4927 888 4992 tacuerat,
920 4920 1102 4992 omnia
1150 4920 1329 4992 posuit
1375 4919 1429 4992 in
1476 4918 1774 4992 singulari;
1806 4920 1903 4977 sed

298 4991 596 5061 epistolam
624 4990 893 5062 Guiberto
935 4991 1266 5046 nominatim
1296 4990 1672 5062 scriptam,‘ad
1710 5008 1903 5048 omnes

299 5062 467 5133 etiam
512 5061 872 5117 Lombardize
925 5063 1227 5133 episcopos,
1261 5061 1697 5127 etc.,’directam
1760 5081 1899 5130 esse,

303 5132 467 5187 habet
491 5134 720 5199 titulus;
755 5142 810 5187 et
840 5132 1217 5188 verosimiliter
1254 5134 1534 5189 'I‘hedaldo
1564 5137 1903 5191 nominatim

308 5206 591 5278 exemplar
608 5205 846 5278 missum
887 5205 1006 5278 fuit,
1040 5215 1302 5276 tanquam
1333 5206 1496 5278 capiti
1514 5207 1900 5278 episcoporum

314 5276 687 5346 Lombardiaa,
717 5277 862 5332 sicut
881 5277 1174 5333 Guibertus
1200 5287 1313 5332 erat
1335 5277 1594 5333 xEmiliee.

386 5353 524 5420 (178)
558 5348 951 5420 Sequebantur
976 5347 1062 5403 hic
1093 5363 1214 5420 quaa
1245 5348 1409 5403 habet
1440 5350 1643 5404 Paulus
1673 5350 1741 5405 de
1776 5352 1902 5406 mit-

308 5417 489 5473 tendis
500 5420 570 5473 ad
590 5417 777 5490 pacem
803 5419 993 5490 legatis
1009 5417 1161 5475 num.
1179 5425 1248 5473 90
1269 5431 1321 5474 et
1332 5428 1455 5475 ante
1467 5420 1901 5485 conclusionem,

351 5507 417 5545 ua
436 5491 635 5550 dicitur
656 5492 711 5547 id
741 5500 921 5546 totum
949 5493 1144 5547 Actum
1171 5496 1345 5547 Romre
1372 5499 1429 5546 in
1450 5494 1665 5547 ecclesia
1690 5497 1908 5550 Domini

348 5548 631 5636 almibris,
655 5581 687 5618 ν
714 5567 893 5622 Nonas
909 5567 1125 5625 Martii,
1148 5565 1442 5620 indictione
1465 5579 1509 5631 ι,
1531 5566 1633 5619 alia
1651 5548 1903 5636 quaedam

254 5672 261 5675 τ
302 5633 541 5709 decreta:
553 5635 815 5709 leguntur
843 5636 987 5708 apud
1016 5636 1336 5709 Baronium,
1361 5637 1599 5709 indeque
1640 5633 1696 5691 in
1725 5639 1901 5693 Colle-

258 5742 263 5745 -
304 5707 493 5762 ctione
533 5706 911 5775 conciliorum,
943 5723 1069 5779 qua:
1099 5706 1228 5763 satis
1254 5715 1334 5762 est
1357 5707 1429 5762 ibi
1464 5706 1621 5779 posse
1652 5709 1900 5765 inveniri.

382 5724 493 5762 one
533 5724 911 5775 CODCIIIOI'um,
985 5724 1069 5765 ua:
1099 5724 1228 5763 satis
1254 5724 1334 5762 ρει
1357 5724 1429 5762 1m
1464 5724 1621 5779 posse
1652 5725 1900 5765 inveniri.

382 5784 527 5845 (179)
569 5780 911 5835 Bernardum
939 5724 1227 5839 aumatium
1270 5780 1611 5850 Papiensem,
1653 5797 1683 5837 a
1731 5782 1903 5839 Nico-

306 5849 476 5920 lao_ll
501 5859 747 5908 creatum
771 5851 1118 5920 cardinalem,
1148 5852 1226 5907 ait
1266 5849 1595 5908 Lambertus
1622 5851 1905 5910 Schaffna-

308 5918 822 6035 mensis‘aliqui
852 5921 920 5980 ab
944 5918 1183 5999 ipsemet
1210 5921 1483 5995 Gregorio
1512 5924 1758 5999 primum
1805 5941 1901 5985 vo-

2048 4632 2419 4703 *(180)Hunc
2472 4649 2690 4707 quoque
2726 4634 2982 4690 abbatem
3022 4635 3079 4688 S.
3122 4632 3358 4707 Victoris
3395 4634 3611 4707 Grego-

2015 4710 2130 4763 rius
2163 4705 2829 4774 cardinalem'creaverat;
2858 4707 2946 4776 qui
2976 4721 3006 4761 a
3028 4705 3327 4761 Bertholdo
3350 4705 3614 4763 Constan-

2017 4780 2170 4835 tiensi
2197 4778 2447 4835 laudatur
2492 4786 2553 4833 ut
2578 4781 2667 4832 vir
2697 4780 2846 4832 omni
2868 4780 3133 4833 charitate
3157 4780 3372 4849 plenus,
3400 4787 3453 4834 et
3479 4780 3613 4836 obiit

2016 4867 2159 4906 anno
2190 4855 2347 4905 1079.
3620 4886 3623 4891 ,

2086 4925 2214 4991 (180
2231 4923 2333 4991 bis)
2346 4922 2675 4991 Luigianum
2686 4922 2907 4993 Spoleto
2923 4937 3111 4978 versus
3123 4925 3172 4979 Μ
3182 4922 3423 4979 archiam
3443 4923 3612 4979 distat

2015 4999 2045 5051 5
2100 5011 2153 5065 p.
2182 5010 2261 5049 m.
2314 5003 2368 5049 et
2415 4995 2538 5049 hinc
2568 4994 2853 5051 intervallo
2895 5001 2926 5050 2
2957 5003 3051 5051 aut
3079 5001 3110 5050 3
3154 4995 3495 5062 milliarium,
3522 5012 3610 5052 se-

2014 5066 2257 5121 cundum
2287 5066 2528 5121 tabulam
2560 5066 3000 5138 topographicam
3048 5067 3321 5136 Umbria},
3355 5069 3410 5124 Ο.
3444 5072 3609 5137 Mero,

2015 5138 2069 5193 id
2101 5146 2202 5204 est,
2224 5138 2507 5194 Castellum
2533 5141 2751 5210 Mauri;
2778 5148 2833 5193 et
2859 5140 3134 5195 Cen-More
3156 5138 3213 5193 id
3234 5142 3613 5210 est,Campus-

2012 5213 2214 5270 Mauri.
2278 5225 2401 5280 qum
2454 5209 2711 5265 videntur
2774 5210 2882 5265 huc
2949 5210 3149 5278 facere,
3200 5212 3330 5267 licet
3378 5212 3611 5269 nomina

2014 5284 2233 5338 Muricz’s
2261 5290 2315 5336 et
2343 5284 2667 5351 Clarignam'
2686 5281 2852 5337 modo
2878 5298 2987 5337 non
3018 5282 3386 5350 reperiantur.

2086 5359 2229 5420 (181)
2262 5355 2940 5428 N_i_cephomsBotomates,
2980 5354 3262 5428 tyrannice
3292 5355 3394 5410 sibi
3436 5356 3618 5428 Impe-

2014 5425 2157 5500 rium
2184 5426 2503 5500 vendicant,
2548 5425 2871 5500 Michaelem
2904 5425 3028 5500 cum
3075 5426 3311 5500 conjuge
3339 5437 3393 5481 et
3430 5425 3542 5482 ﬁlio
3562 5429 3615 5482 in

2014 5497 2354 5571 Blachernis
2384 5506 2573 5571 captos
2601 5496 2659 5551 in
2700 5498 3095 5553 monasterium
3127 5496 3394 5571 relegarat
3440 5517 3451 5552 :
3503 5507 3618 5554 erat

2012 5578 2199 5625 autem
2231 5568 2459 5624 Michael
2506 5573 2686 5625 Ducas
2723 5572 2989 5627 Romanae
3040 5568 3301 5629 Ecclesiae
3353 5585 3609 5627 commu-

2019 5640 2167 5695 nioni
2190 5639 2490 5697 adhaerens.

2086 5716 2235 5779 (182)
2268 5714 2627 5785 Inveniuntur
2684 5711 2865 5769 adhuc
2913 5711 3081 5785 Tituli
3114 5719 3180 5769 33
3215 5711 3613 5785 Capitulorum,

2012 5783 2228 5854 decreta
2249 5800 2379 5845 vero
2403 5784 2465 5840 iis
2496 5785 2885 5854 respondentia
2918 5790 2983 5839 12
3009 5783 3279 5854 duntaxat
3292 5783 3613 5853 supersunt.

2048 5852 2234 5929 *(183)
2258 5858 2426 5919 [uno
2460 5852 2621 5925 1079,
2646 5872 2793 5921 nam
2817 5854 2967 5929 prior
3001 5852 3253 5927 Synodus
3285 5852 3522 5925 pertinet
3546 5855 3618 5917 ad

2012 5942 2102 5984 an.
2153 5932 2312 5986 1078.
