4122 6180
568 259 671 315 135

1796 243 1852 299 S.
1895 240 2274 300 GREGORIUS
2309 241 2403 298 VII
2440 240 2640 298 PAPA.

3766 238 3869 293 {36

568 382 676 456 agi,
703 379 855 454 prius
900 377 1065 436 etiam
1116 388 1282 447 quam
1314 369 1488 428 tertia
1518 368 1603 427 die
1655 376 1882 426 ventum
1916 369 2083 426 fuerit
2115 369 2172 426 in
2200 374 2252 438 Α
2280 368 2336 425 in
2366 366 2607 440 partibus
2636 362 2971 433 Teutonicis,
3020 362 3144 419 loco
3170 368 3225 418 et
3251 368 3500 435 tempore
3528 374 3559 418 a
3602 359 3737 417 volis
3768 360 3871 418 de-

569 475 867 550 synodum,
896 471 1091 530 defecit
1118 476 1308 526 contra
1337 464 1627 522 veritatem
1667 464 1767 521 niti
1804 479 1931 538 pars
1977 463 2165 523 altera.

569 573 779 643 Nempe
807 567 1037 640 Spiritus
1067 561 1241 621 sancti
1287 560 1447 633 ignis,
1475 558 1848 617 emolumenta
1893 558 2169 632 palearum

570 676 921 730 consumens,
955 668 1012 717 et
1054 657 1262 730 fulgore
1310 671 1411 712 suo
1464 654 1661 711 falsam
1695 654 1877 711 lucem
1910 652 2166 710 diverbe-

569 759 740 817 rando
770 753 1149 820 obtenebrans,
1175 751 1353 807 noctis
1379 748 1672 822 caliginem
1694 748 1859 805 vertit
1884 748 1938 803 in
1964 748 2164 805 lucem.

569 846 817 918 Denique
840 841 1221 915 Berengarius,
1273 839 1437 911 hujus
1492 838 1690 896 errori
1737 838 2014 911 magister,
2046 845 2171 909 post

568 942 731 1014 longo
772 948 1023 1011 tempore
1069 934 1493 1009 dogmatizatam
1552 933 1915 1006 impietatem,
1959 946 2170 988 errasse

569 1049 628 1093 se
672 1048 863 1091 coram
905 1030 1137 1089 concilio
1185 1027 1457 1102 frequenti
1498 1025 1802 1095 confessus,
1843 1026 2168 1099 veniamque

567 1130 847 1202 postulans
886 1136 941 1183 et
970 1142 1153 1193 orans,
1175 1140 1297 1183 eam
1319 1140 1384 1181 ex
1417 1121 1714 1196 apostolica
1734 1122 2020 1179 clementia
2051 1136 2167 1177 me-

567 1224 697 1293 ruit,
737 1222 1041 1295 iuravitque
1090 1220 1235 1276 sicut
1265 1219 1322 1275 in
1341 1216 1799 1291 consequentibus
1818 1216 2165 1273 continetur:

634 1324 687 1374 9.
739 1321 856 1388 Ego
912 1315 1308 1388 Berengarius',
1352 1313 1517 1371 corde
1547 1311 1710 1369 credo
1757 1318 1813 1368 et
1857 1326 1952 1367 ore
1996 1310 2168 1367 conﬁ-

569 1418 713 1477 teor,
743 1425 943 1481 panem
985 1416 1041 1464 et
1067 1409 1274 1475 vinum,
1306 1422 1431 1480 qua
1475 1414 1758 1483 ponuntur
1785 1405 1839 1460 in
1868 1405 2048 1473 altari,
2075 1418 2171 1476 per

570 1504 893 1577 mysterium
932 1517 1102 1560 sacra
1129 1501 1396 1558 orationis
1425 1510 1479 1557 et
1502 1500 1664 1557 verba
1706 1499 1877 1555 nostri
1926 1497 2170 1555 Redem-

569 1597 762 1670 ptoris,
790 1597 1214 1654 substantialiter
1242 1595 1484 1653 converti
1514 1596 1571 1650 in
1596 1610 1781 1650 veram
1806 1601 1861 1650 et
1888 1593 2166 1666 propriam

571 1708 635 1749 ac
662 1691 1064 1748 viviﬁcatricem
1096 1706 1319 1747 carnem
1346 1700 1399 1747 et
1420 1689 1744 1762 sanguinem
1793 1687 2017 1744 Domini
2056 1703 2163 1743 no-

571 1787 666 1844 stri
696 1789 825 1844 Jesu
844 1785 1076 1855 Christi;
1100 1795 1154 1842 et
1183 1794 1308 1859 post
1331 1785 1800 1842 consecrationem
1831 1798 1948 1839 esse
1976 1798 2165 1838 verum

571 1881 774 1938 Christi
804 1897 1024 1954 corpus,
1052 1881 1200 1953 quod
1226 1888 1420 1936 natum
1452 1889 1536 1937 est
1568 1878 1636 1935 de
1664 1878 1908 1950 Virgine,
1939 1885 1993 1933 et
2019 1875 2167 1950 quod

573 1992 671 2048 pro
692 1976 864 2033 salute
888 1974 1087 2031 mundi
1104 1975 1347 2031 oblatum
1370 1971 1423 2030 in
1448 1989 1611 2030 cruce
1640 1971 1913 2044 pependit,
1939 1979 1993 2027 et
2017 1970 2168 2043 quod

575 2071 730 2126 sedet
770 2070 837 2125 ad
889 2070 1169 2126 dexteram
1220 2070 1432 2137 Patris;
1493 2075 1549 2123 et
1607 2082 1799 2123 verum
1845 2068 2168 2137 sanguinem

574 2162 791 2231 Christi,
839 2163 931 2236 qui
960 2163 1027 2219 de
1062 2162 1229 2219 latere
1276 2163 1393 2235 ejus
1422 2160 1631 2218 effusus
1656 2169 1767 2229 est;
1812 2176 1927 2216 non
1953 2167 2169 2215 tantum

571 2273 668 2329 per
692 2258 911 2329 signum
948 2265 1002 2314 et
1030 2258 1289 2313 virtutem
1320 2254 1662 2322 sacramenti,
1704 2254 1798 2311 sed
1844 2254 1898 2309 in
1925 2255 2169 2327 proprie-

575 2360 687 2408 tate
715 2360 929 2408 natura
949 2359 1005 2407 et
1029 2351 1255 2406 veritate
1281 2350 1624 2417 substantia,
1648 2350 1790 2405 sicut
1814 2348 1871 2404 in
1894 2348 2000 2404 hoc
2017 2347 2166 2404 brevi

574 2446 905 2514 continetur,
937 2454 991 2500 et
1022 2461 1125 2517 ego
1157 2445 1280 2518 legi,
1312 2453 1366 2501 et
1385 2460 1481 2500 vos
1506 2442 1835 2516 intelligitis.
1871 2443 1959 2498 Sic
1983 2442 2167 2510 credo,

574 2556 675 2595 nec
704 2546 893 2596 contra
917 2538 1058 2595 hanc
1078 2539 1243 2595 ﬁdem
1271 2539 1493 2595 ulterius
1515 2537 1724 2594 docebo
1759 2557 1770 2592 :
1802 2535 1880 2592 sic
1906 2552 1995 2592 me
2021 2539 2170 2592 Deus

571 2634 819 2706 adjuvet,
850 2641 903 2688 et
919 2633 1037 2690 hac
1065 2640 1250 2688 sancta
1291 2633 1390 2688 Dei
1416 2632 1724 2704 Evangelia.
1753 2633 1907 2687 Tunc
1933 2633 2005 2686 D.
2028 2645 2169 2703 papa

572 2726 833 2800 pracepit
864 2727 1214 2800 Berengario,
1244 2742 1308 2782 ex
1343 2726 1665 2782 auctoritate
1693 2725 1791 2781 Dei
1820 2723 2166 2797 omnipoten-

574 2823 642 2877 tis
677 2829 734 2877 et
760 2830 1078 2877 sanctorum
1120 2821 1499 2892 apostolorum
1532 2819 1676 2876 Petri
1718 2828 1773 2875 et
1793 2818 1969 2885 Pauli,
2016 2826 2077 2875 ut
2103 2817 2172 2874 de

569 2931 798 2987 corpore
814 2924 868 2971 et
916 2904 1193 2988 sanguine
1221 2914 1439 2971 Domini
1469 2929 1749 2986 nunquam
1777 2913 2008 2970 ulterius
2037 2929 2168 2969 cum

574 3009 757 3081 aliquo
786 3009 1079 3080 disputare,
1130 3010 1209 3063 vel
1256 3009 1499 3080 aliquem
1533 3007 1731 3063 docere
1774 3013 2164 3078 prasumeret;

571 3111 796 3174 excepto
821 3118 983 3158 causa
1010 3101 1308 3157 reducendi
1339 3099 1408 3155 ad
1436 3100 1578 3155 hanc
1604 3099 1771 3155 ﬁdem
1798 3116 1911 3168 eos,
1953 3099 2046 3172 qui
2075 3114 2172 3172 per

574 3194 693 3266 ejus
725 3195 1033 3250 doctrinam
1063 3194 1132 3249 ab
1158 3210 1218 3249 ea
1249 3200 1602 3249 recesserant.

653 3293 734 3342 10.
756 3287 858 3343 His
888 3287 1070 3360 itaque
1108 3288 1194 3360 pie
1239 3295 1295 3343 et
1336 3285 1560 3343 feliciter
1595 3287 1752 3355 actis,
1783 3287 1925 3342 inter
1964 3286 2168 3343 multas

571 3381 1032 3453 proclamationes
1051 3382 1333 3454 conquesti
1363 3390 1490 3438 sunt
1518 3381 1677 3453 legati
1705 3382 1849 3453 regis
1886 3380 2167 3452 Rodulphi

572 3492 737 3548 super
754 3476 1011 3546 Henrico,
1035 3475 1203 3549 quod,
1232 3476 1365 3532 nulli
1397 3477 1541 3545 loco,
1574 3476 1709 3533 nulli
1766 3491 2013 3548 persona
2044 3490 2166 3547 par-

572 3586 702 3627 cens
718 3570 1038 3643 religionem
1069 3570 1260 3647 (forte,
1288 3570 1585 3643 regionem)
1613 3571 2001 3642 transalpinam
2028 3586 2166 3626 con-

570 3672 771 3720 tereret
799 3672 853 3719 et
902 3665 1274 3731 conculcaret;
1328 3664 1604 3719 neminem
1634 3663 1849 3719 debitus
1876 3665 2034 3733 ordo,
2068 3664 2167 3720 ho-

567 3775 671 3813 nor
699 3766 796 3813 aut
834 3758 1132 3813 reverentia
1175 3765 1453 3824 tueretur;
1510 3765 1564 3813 et
1603 3757 1680 3813 uti
1705 3757 1825 3813 vilia
1877 3760 2165 3833 mancipia,

568 3867 680 3907 non
710 3850 877 3907 modo
905 3851 1213 3907 sacerdotes
1239 3861 1295 3907 et
1316 3851 1514 3921 clerici,
1559 3866 1752 3907 verum
1781 3852 1943 3908 etiam
1985 3854 2166 3910 archi-

568 3944 805 4017 episcopi
838 3952 894 4000 et
940 3945 1178 4017 episcopi
1209 3954 1555 4017 caperentur,
1592 3945 1925 4017 vinculisque
1956 3949 2161 4004 manci-

566 4047 843 4111 parentur,
867 4039 1174 4111 partimque
1190 4038 1605 4095 trucidarentur.
1634 4043 2007 4097 Decreverunt
2034 4057 2163 4114 ergo

568 4148 736 4205 quam
765 4133 944 4205 plures
991 4133 1225 4201 concilii,
1278 4132 1333 4188 in
1360 4132 1505 4190 illius
1552 4133 1896 4206 tyrannidem
1921 4134 2163 4206 gladium

566 4226 929 4299 apostolicum
959 4226 1159 4283 debere
1202 4227 1499 4301 evaginari;
1554 4228 1649 4283 sed
1688 4228 1894 4285 distulit
1935 4237 2163 4302 apost0«

567 4321 671 4378 lica
697 4320 1082 4378 mansuetudo.
1121 4322 1449 4378 Juraverunt
1494 4322 1661 4395 igitur
1718 4323 1876 4396 legati
1933 4325 2161 4381 Henrici

564 4415 875 4488 regisillud,
904 4415 1051 4488 quod
1087 4417 1143 4471 in
1173 4416 1523 4489 sequentibus
1561 4418 1823 4489 scriptum
1853 4419 2157 4491 reperitur;

2196 1743 2272 1811 BI

2275 462 2455 529 ﬁnito,
2482 470 2611 518 ante
2634 459 2984 534 prasentiam
3012 466 3251 515 vestram
3298 456 3379 513 vel
3421 456 3727 530 legatorum
3775 471 3870 511 ve-

2272 566 2535 625 strorum,
2578 556 2837 613 dominus
2902 562 3089 611 noster
3128 568 3225 609 rex
3271 550 3602 624 Rodulphds
3632 550 3712 607 vel
3746 551 3860 622 ipse

2277 652 2469 720 veniet,
2495 651 2575 707 vel
2595 649 2883 722 episcopos
2917 657 2974 705 et
3002 648 3187 705 ﬁdeles
3214 662 3344 704 suos
3373 646 3585 713 mittet;
3619 653 3871 718 paratus-

2273 761 2379 819 que
2416 745 2517 802 erit
2549 744 2821 817 judicium
2876 742 2946 800 de
2998 757 3159 799 causa
3184 740 3337 814 regni
3379 739 3581 807 subire,
3612 738 3875 812 nulloque

2274 841 2424 896 malo
2441 839 2665 912 ingenio
2690 844 3018 895 conventum
3049 852 3080 893 a
3103 836 3256 892 vobis
3285 835 3396 892 sive
3446 834 3639 907 legatis
3666 834 3863 890 vestris

2274 934 2632 991 constitutum
2660 932 2950 1005 impediet;
2989 938 3045 988 et
3073 939 3357 1003 postquam
3378 928 3505 985 inde
3528 936 3743 986 certum
3774 943 3870 984 ve-

2275 1037 2453 1086 strum
2470 1026 2733 1085 nuntium
2757 1026 2979 1096 videbit,
3007 1025 3075 1082 de
3117 1040 3248 1098 pace
3298 1025 3353 1081 in
3383 1039 3551 1098 regno
3580 1022 3868 1080 statuenda

2277 1133 2331 1180 et
2357 1121 2753 1191 conﬁrmanda,
2783 1120 3019 1179 studebit
3059 1128 3121 1176 ut
3157 1119 3352 1193 legatio
3384 1127 3560 1175 vestra
3581 1118 3870 1190 provenire

2276 1216 2343 1274 ad
2392 1233 2578 1290 pacem
2624 1215 2772 1290 regni
2801 1222 2857 1272 et
2878 1214 3227 1272 concordiam
3275 1214 3465 1286 possit.
3504 1215 3642 1270 Hac
3683 1212 3871 1269 omnia

2276 1313 2734 1379 observabuntur,
2780 1310 2883 1366 nisi
2910 1317 3179 1383 quantum
3216 1324 3283 1365 ex
3312 1316 3489 1365 vestra
3524 1306 3733 1364 licentia
3780 1322 3871 1363 re-

2276 1407 2556 1475 manserit,
2635 1405 2719 1461 vcl
2762 1422 2825 1461 ex
2872 1404 3263 1476 impedimento
3341 1401 3598 1475 legitimo,
3669 1402 3873 1458 scilicet

2279 1509 2456 1557 morte
2511 1500 2593 1556 vel
2660 1499 2808 1573 gravi
2877 1498 3197 1555 inﬁrmitate
3277 1496 3360 1553 vel
3418 1496 3667 1569 captione
3751 1496 3872 1552 sine

2279 1596 2426 1653 dolo.
2463 1595 2604 1666 (185)

2350 1696 2431 1747 11.
2484 1689 2723 1762 Septimo
2780 1703 3000 1761 quoque
3026 1702 3171 1744 anno
3199 1686 3281 1744 sui
3338 1686 3688 1759 pontiﬁcatus
3724 1684 3871 1742 idem

2277 1784 2534 1841 Pontifex
2572 1786 2772 1840 Roma
2798 1782 3089 1839 celebravit
3118 1780 3413 1855 synodum,
3460 1781 3515 1836 in
3563 1795 3671 1853 qua
3700 1780 3871 1836 inter-

2278 1878 2499 1936 fuerunt
2543 1876 2928 1950 archiepiscOpi
2982 1884 3040 1932 et
3090 1875 3327 1949 episcopi
3365 1874 3705 1932 diversarum
3773 1891 3873 1931 ur-

2276 1973 2449 2043 bium,
2476 1988 2581 2030 nec
2622 1989 2734 2028 non
2754 1980 2808 2028 et
2847 1971 3108 2027 abbatum
3136 1986 3199 2026 ac
3235 1969 3573 2026 diversorum
3615 1969 3870 2025 ordinum

2276 2068 2600 2125 clericorum
2642 2075 2697 2123 et
2725 2064 2991 2122 laicorum
3015 2064 3425 2122 innumerabilis
3453 2063 3782 2132 multitudo;
3814 2063 3871 2119 in

2278 2178 2381 2236 qua
2411 2160 2708 2235 apostolica
2751 2160 3046 2217 constituta
3086 2158 3471 2227 corroborans,
3527 2158 3700 2215 multa
3744 2172 3869 2230 qua

2278 2257 2597 2331 corrigenda
2637 2262 2794 2313 erant
2835 2254 3095 2324 correxit,
3121 2263 3175 2310 et
3199 2268 3322 2327 qua
3351 2252 3752 2310 corroboranda
3782 2252 3875 2308 ﬁr-

2277 2352 2458 2408 mavit.
2487 2354 2637 2407 Inter
2661 2359 2857 2408 catera
2884 2364 3121 2422 namque
3149 2348 3202 2404 in
3252 2348 3359 2404 ﬁne
3401 2346 3677 2421 synodalis
3707 2347 3873 2403 abso-

2279 2443 2506 2503 lutionis
2545 2444 2666 2502 hac
2690 2445 2966 2510 annexuit,
2991 2451 3048 2499 et
3076 2450 3355 2516 perpetua
3380 2442 3664 2499 memoria
3688 2448 3873 2514 poste-

2278 2540 2350 2595 ris
2373 2538 2655 2596 scribenda
2710 2538 3012 2605 mandavit,
3044 2537 3117 2593 ita
3158 2536 3392 2609 dicendo
3445 2540 3713 2593 :Patrum
3754 2551 3876 2592 san-

2279 2642 2498 2690 ctorum
2549 2640 2753 2689 statuta
2800 2641 3110 2703 sequentes,
3171 2632 3312 2688 sicut
3360 2631 3416 2687 in
3446 2630 3716 2702 prioribus
3745 2644 3875 2686 con-

2279 2728 2439 2799 ciliis,
2486 2742 2609 2800 qua
2646 2730 2766 2783 Deo
2796 2727 3088 2782 miserante
3117 2725 3524 2791 celebravimus,
3554 2723 3623 2780 de
3650 2723 3873 2779 ordina-

2276 2823 2423 2879 tione
2467 2820 2952 2878 ecclesiasticarum
2995 2820 3322 2892 dignitatum
3363 2818 3676 2885 statuimus,
3706 2817 3780 2872 ita
3815 2825 3873 2873 et

2277 2932 2421 2972 nunc
2448 2916 2745 2987 apostolica
2775 2914 3100 2971 auctoritate
3128 2914 3470 2970 decernimus
3497 2927 3559 2968 ac
3577 2910 3871 2967 conﬁrma-

2281 3025 2430 3077 mus,
2462 3014 2522 3064 ut
2548 3008 2590 3064 si
2616 3010 2736 3080 quis
2781 3008 3033 3081 deinceps
3070 3008 3445 3080 episcopatum
3488 3007 3568 3063 vel
3597 3006 3873 3062 abbatiam

2208 3139 2251 3203 Ο
2280 3102 2350 3159 de
2374 3119 2542 3158 manu
2584 3102 2810 3175 alicujus
2857 3103 3007 3158 laica
3040 3116 3286 3174 persona
3332 3101 3649 3173 susceperit,
3697 3100 3875 3156 nulla-

2280 3206 2438 3253 tenus
2462 3196 2603 3253 inter
2622 3195 2904 3268 episcopos
2929 3196 3012 3251 vel
3032 3196 3256 3252 abbates
3270 3194 3553 3263 habeatur,
3573 3210 3672 3250 nec
3693 3194 3799 3249 ulla
3820 3194 3871 3249 ei

2278 3300 2338 3347 ut
2361 3291 2612 3363 episcopo
2642 3306 2736 3346 seu
2767 3289 2947 3346 abbati
2996 3288 3273 3345 audientia
3324 3287 3686 3355 concedatur;
3717 3288 3875 3343 insu-

2277 3401 2372 3457 per
2394 3385 2442 3441 ei
2475 3384 2703 3458 gratiam
2730 3385 2785 3440 S.
2820 3384 2963 3439 Petri
2988 3391 3044 3439 et
3071 3383 3356 3439 introitum
3385 3382 3624 3439 ecclesia
3642 3380 3870 3437 interdi-

2277 3478 2473 3548 cimus,
2553 3494 2836 3552 quousque
2892 3477 3074 3534 locum
3127 3491 3291 3549 quem
3341 3477 3443 3533 sub
3498 3476 3725 3532 crimine
3757 3484 3873 3531 tam

2275 3572 2591 3629 ambitionis
2638 3589 2805 3645 quam
2832 3571 3233 3640 inobedientia,
3275 3570 3423 3643 quod
3447 3579 3530 3626 est
3556 3570 3733 3627 scelus
3752 3568 3873 3625 ido-

2277 3665 2524 3732 lolatria,
2564 3665 2748 3732 cadit,
2791 3665 3155 3738 resipiscendo
3193 3680 3307 3723 non
3332 3664 3553 3721 deserit.
3604 3664 3867 3720 Similiter

2276 3761 2438 3839 etiam
2467 3759 2534 3816 de
2554 3759 2897 3816 inferioribus
2945 3760 3323 3816 ecclesiasticis
3351 3757 3709 3839 dignitatibus
3743 3773 3873 3814 con-

2275 3834 2576 3911 stituimus.
2635 3856 2774 3909 Item
2801 3855 2847 3910 si
2874 3854 2997 3926 quis
3039 3854 3454 3926 imperatorum,
3507 3834 3717 3926 regum’,
3762 3851 3869 3907 du-

2274 3964 2432 4017 cum,
2468 3948 2880 4019 marchionum,
2908 3949 3213 4017 comitum,
3261 3949 3340 4003 vel
3365 3947 3733 4020 quarumlibet
3766 3960 3868 4001 sa-

2270 4042 2535 4099 cularium
2577 4052 2905 4116 potestatum
2957 4052 3051 4100 aut
3094 4057 3458 4115 personarum
3487 4041 3867 4097 investituram

2275 4136 2613 4210 episcopatus
2640 4138 2723 4195 vel
2761 4137 2991 4210 alicujus
3015 4137 3392 4193 ecclesiastica
3420 4135 3696 4209 dignitatis
3734 4134 3869 4191 dare

2274 4231 2702 4303 prasumpserit,
2745 4231 2994 4304 ejusdem
3024 4230 3305 4286 sententia
3333 4230 3546 4286 vinculo
3592 4246 3651 4286 se
3678 4228 3871 4285 obstri-

2274 4332 2422 4380 ctum
2453 4340 2569 4381 esse
2616 4325 2835 4381 sentiat.
2882 4326 3115 4397 Insuper
3138 4324 3308 4381 etiam
3335 4324 3441 4381 nisi
3480 4322 3782 4396 resipiscat,
3813 4330 3873 4379 et

2272 4417 2527 4475 Ecclesia
2546 4418 2819 4491 propriam
2844 4418 3147 4475 libertatem
3172 4418 3429 4488 dimittat,
3458 4417 3653 4474 divina
3690 4418 3866 4473 anim-

565 4510 752 4583 Legati
803 4509 1028 4566 Domini
1072 4510 1181 4567 mei
1236 4510 1306 4567 ad
1360 4527 1455 4567 vos
1504 4512 1719 4567 venient
1771 4511 1907 4569 infra
1965 4513 2158 4568 termi-
2190 4519 2240 4581 1)
2268 4512 2603 4568 adversionis
2635 4512 2896 4570 ultionem
2940 4513 2996 4568 in
3024 4512 3129 4569 hac
3179 4511 3430 4585 praesenti
3462 4512 3590 4581 vita,
3642 4520 3754 4567 tam
3810 4510 3865 4566 in

566 4618 701 4659 num
720 4604 1051 4661 ascensionis
1072 4605 1295 4661 Domini
1321 4606 1493 4678 (l84),
1525 4614 1749 4678 excepta
1773 4607 1971 4679 majori
2001 4608 2078 4671 vi
2102 4604 2159 4663 id

562 4705 649 4753 est
675 4707 852 4753 morte
882 4699 963 4753 vel
996 4697 1143 4770 gravi
1196 4699 1514 4756 inﬁrmitate
1562 4701 1645 4757 vel
1672 4700 1919 4773 captione
1956 4701 2159 4774 absque

560 4788 707 4860 dolo,
738 4790 832 4863 qui
884 4792 1087 4866 legatos
1138 4795 1406 4851 Romana
1438 4794 1694 4852 Ecclesia
1751 4812 1939 4853 secure
1966 4793 2165 4852 ducent

560 4894 614 4941 et
642 4885 940 4955 reducent;
973 4896 1027 4944 et
1054 4888 1323 4945 Dominus
1355 4891 1473 4945 Rex
1507 4890 1613 4946 erit
1640 4888 1902 4946 obediens
1925 4889 2049 4958 illis,
2077 4904 2160 4945 se-

560 4980 801 5037 cundum
820 4981 1092 5054 justitiam
1113 4991 1168 5039 et
1188 4982 1455 5055 judicium
1490 4984 1738 5051 illorum;
1762 4992 1816 5039 et
1829 4984 1949 5040 hac
1973 4983 2157 5039 omnia

557 5074 761 5147 absque
785 5074 936 5145 dolo,
977 5076 1080 5131 nisi
1132 5085 1399 5148 quantum
1451 5093 1517 5133 ex
1544 5076 1792 5149 jussione
1848 5084 2026 5132 vestra
2074 5092 2156 5132 re-

558 5170 843 5226 manserit.
873 5172 943 5225 Et
965 5169 1085 5225 hac
1104 5170 1232 5242 juro
1280 5186 1345 5226 ex
1376 5179 1653 5243 pracepto
1684 5170 1894 5227 domini
1929 5171 2037 5226 mei
2065 5185 2157 5226 re-

556 5261 636 5332 gis
664 5262 907 5318 Henrici.
951 5262 1257 5335 Itidemque
1303 5263 1581 5335 Rodulphi
1611 5263 1758 5335 quod
1782 5264 2029 5335 sequitur
2060 5284 2073 5319 :
2098 5265 2153 5321 Si

557 5354 893 5426 colloquium
923 5371 990 5432 ex
1046 5365 1224 5413 vestro
1267 5364 1543 5430 pracepto
1596 5359 1962 5416 constitutum
1990 5357 2157 5416 fuerit

630 5537 775 5614 (1‘84)
802 5540 1061 5614 Ascensio
1106 5541 1353 5614 Domini,
1378 5556 1636 5614 icoganno
1685 5557 1792 5614 quo
1818 5543 2154 5602 celebratum

559 5616 644 5666 est
672 5609 890 5666 PaScha
918 5619 984 5667 24
1013 5612 1216 5681 Martii,
1251 5613 1441 5668 incidit
1468 5613 1525 5669 in
1544 5609 1747 5670 diem-2
1774 5616 1921 5672 Maii.

631 5681 774 5753 (185)
800 5681 1266 5759 Addit__Labbeus,
1298 5686 1489 5742 eodem
1514 5702 1655 5741 anno
1686 5702 1747 5743 v1
1790 5690 1969 5745 Nonas
1998 5688 2154 5759 Maii,

555 5753 790 5835 alterum
823 5755 1151 5826 Concilium,
1192 5756 1250 5812 in
1289 5772 1398 5830 quo
1447 5774 1635 5815 coram
1664 5767 1898 5833 quatuor
1929 5763 1972 5816 E
2012 5760 2027 5815 i
2060 5753 2154 5817 co;

555 5839 656 5897 ριε,
681 5825 929 5899 pluribus
966 5828 1361 5903 Cardinalibus,
1417 5830 1746 5905 Abbatibus,
1773 5834 1829 5890 α
1864 5776 2154 5911 Ambiga-

555 5824 656 5897 ρίε,
681 5825 929 5899 pluribus
966 5824 1361 5903 Caramalibui,
1417 5824 1746 5905 Abbatibtis,
1773 5834 1829 5890 α
1864 5824 2157 5921 Archipre-

2254 5621 2471 5688 possint
2490 5621 2625 5689 poni
2650 5620 2711 5674 in
2728 5623 2963 5690 pignore

2272 4623 2499 4679 corpore
2539 4623 2702 4680 quam
2728 4606 2785 4663 in
2825 4607 3036 4665 cateris
3090 4608 3251 4663 rebus
3291 4608 3404 4663 suis
3454 4607 3670 4675 sentiat,
3718 4613 3780 4662 ut
3806 4606 3864 4661 in

2265 4701 2496 4785 adventu
2526 4702 2753 4758 Domini
2799 4702 3035 4775 Spiritus
3062 4702 3241 4758 salvus
3284 4700 3397 4757 ﬁat.

2340 4802 2426 4852 12.
2458 4798 2598 4853 Item
2627 4798 2954 4854 sententiam
2987 4796 3342 4869 depositionis
3383 4803 3437 4850 et
3481 4790 3863 4851 excommuni-

2263 4890 2511 4957 cationis,
2520 4892 2637 4962 jam
2659 4892 2981 4964 plerumque
2999 4891 3183 4947 datam
3200 4891 3255 4946 in
3267 4889 3646 4948 Theodaldum
3660 4887 3867 4944 Medio-

2263 4983 2542 5039 lanensem
2570 4983 2783 5040 dictum
2800 4984 3293 5057 archiepiscopum,
3321 4992 3376 5042 et
3396 4984 3728 5042 Guibertum
3753 4984 3866 5039 Ra-

2263 5086 2567 5147 vennatem,
2581 5085 2637 5133 et
2652 5076 2967 5134 Rolandum
2988 5078 3384 5136 Tarvisiensem
3402 5077 3792 5135 conﬁrmamus
3810 5084 3867 5132 et

2260 5172 2682 5229 corroboramus
2701 5192 2717 5242 ;
2737 5181 2793 5229 et
2810 5174 3034 5228 Petrum
3056 5172 3187 5229 olim
3208 5172 3596 5230 Rodonensem
3627 5170 3863 5238 (Ruthe-

2262 5266 2386 5339 nen)
2407 5265 2741 5339 episcopum,
2786 5281 2934 5322 nunc
2958 5274 3144 5324 autem
3198 5252 3572 5325 Narbonensis
3602 5264 3864 5321 Ecclesia

2260 5359 2584 5433 invasorem,
2618 5360 2733 5434 pari
2777 5361 3041 5419 sententia
3078 5360 3428 5420 damnamus.
3463 5363 3609 5417 Item
3636 5359 3679 5416 si
3734 5357 3862 5431 quis

2262 5544 2495 5631 sbyteris
2543 5544 2903 5631 deliberatum
2941 5548 3033 5615 sit,
3084 5547 3470 5631 Utrum.bo1ta.
3513 5536 3862 5631 εσςῖεεὶαςαηι

2260 5616 2471 5703 ρρὲείητ
2490 5621 2625 5689 poni
2650 5620 2711 5704 in
2728 5623 2963 5690 pignore
2982 5636 3084 5745 fro
3095 5620 3329 5701 pecunia
3345 5617 3664 5702 colligenda,
3687 5616 3763 5671 ad
3780 5631 3867 5671 rc-

2260 5691 2558 5746 Ststendum
2591 5692 2846 5748 Gmberto
2868 5695 2979 5749 Arc
3021 5705 3285 5762 teptscopo
3306 5694 3632 5761 Ravennati,
3660 5692 3860 5746 Roma-

2260 5777 2390 5819 nam
2424 5762 2610 5820 Sedem
2643 5762 2910 5837 invadere
2936 5763 3170 5819 conanti.

3396 5831 3463 5842 ..κο

2868 5924 2913 5959 ν
