4138 6190
252 324 354 377 137

1255 315 1774 375 PROLEGOMENA.
1821 347 1885 358 —
1920 318 2097 373 ACTA
2136 319 2190 373 S.
2232 320 2576 376 GREGORII.

3461 331 3563 384 l38

249 449 708 504 Normannorum
752 451 926 500 terras
954 445 1012 499 S.
1055 443 1234 513 Petri,
1263 443 1511 501 videlicet
1555 444 1702 501 illam
1739 461 1859 516 par-
1886 444 1942 508 Α
1971 451 2054 499 est
2089 444 2159 498 ab
2188 444 2385 501 eodem
2416 445 2681 504 Pontiﬁce
2708 449 2859 513 (189)
2889 450 3162 522 synodus;
3191 450 3247 506 in
3290 467 3400 524 qua
3426 453 3570 510 inter

250 548 364 596 tem
391 539 672 594 Firmanaa
693 537 957 597 Marchiaa
986 553 1109 606 quae
1137 539 1387 596 nondum
1421 555 1644 611 pervasa
1671 548 1774 606 est,
1807 550 1861 596 et

250 633 515 689 ducatum
546 633 902 702 Spoletanum
931 641 986 687 et
1016 633 1387 703 Campaniam,
1419 649 1521 688 nec
1551 649 1659 689 non
1693 635 1861 689 mari-

253 729 416 782 timas
445 735 614 798 atque
643 726 905 783 Sabinum
937 734 992 781 et
1017 727 1338 782 comitatum
1368 727 1741 794 Tiburtinum,
1766 745 1866 784 nec

257 836 374 876 non
419 820 814 876 monasterium
863 823 918 876 S.
970 820 1244 876 Benedicti
1300 820 1504 876 Montis
1550 821 1759 878 Cassini
1810 831 1865 877 et

259 923 438 970 terras
481 913 578 970 sibi
607 914 972 985 pertinentes,
1003 913 1220 985 insuper
1264 921 1320 969 et
1364 918 1736 970 Beneventum
1774 915 1861 970 in-

262 1006 466 1063 vadere
486 1009 564 1062 vel
590 1007 895 1078 depraadari
935 1008 1369 1079 prasumpserit,
1404 1009 1633 1080 gratiam
1665 1011 1719 1064 S.
1757 1011 1861 1064 Pe-

261 1102 334 1157 tri
364 1108 417 1156 et
446 1101 726 1157 introitum
758 1100 999 1158 ecclesia:
1042 1101 1090 1157 ei
1134 1117 1305 1173 usque
1341 1101 1412 1157 ad
1441 1101 1861 1158 satisfactionem

255 1193 662 1250 interdicimus.
709 1197 1107 1251 Verumtamen
1154 1194 1199 1249 si
1244 1195 1368 1266 quis
1413 1195 1630 1251 illorum
1667 1195 1859 1251 adver-

255 1303 350 1343 sus
398 1287 740 1344 habitatores
795 1288 992 1344 harum
1045 1297 1320 1345 terrarum
1373 1289 1609 1360 aliquam
1658 1289 1863 1361 justam

257 1397 485 1437 causam
525 1380 806 1450 habuerit,
837 1383 990 1454 prius
1025 1398 1056 1437 a
1084 1381 1278 1448 nobis,
1316 1382 1400 1438 vel
1428 1383 1730 1438 rectoribus
1767 1397 1862 1438 seu

257 1475 528 1530 ministris
576 1474 708 1530 inibi
756 1475 1096 1550 constitutis,
1123 1475 1395 1546 justitiam
1436 1477 1706 1546 requirat;
1738 1491 1860 1548 quae

253 1569 300 1624 si
327 1569 377 1623 ei
429 1568 696 1640 denegata
731 1569 923 1633 fuerit,
955 1568 1303 1624 concedimus
1344 1577 1406 1624 ut
1434 1585 1532 1640 pro
1569 1586 1862 1641 recupera-

257 1662 408 1717 tione
438 1678 670 1718 suarum
697 1679 886 1718 rerum
928 1663 995 1718 de
1038 1671 1181 1718 terra
1225 1663 1315 1718 illa
1344 1662 1595 1731 accipiat;
1625 1679 1736 1718 non
1779 1673 1861 1718 ta-

255 1772 383 1811 men
400 1755 542 1810 ultra
555 1755 786 1812 modum
807 1772 986 1827 neque
1003 1773 1154 1811 more
1165 1756 1508 1827 praedonum,
1529 1757 1623 1812 sed
1637 1766 1695 1811 ut
1711 1758 1865 1812 decet

259 1849 640 1905 Christianum
658 1891 672 1919 ,
705 1859 760 1906 et
788 1865 917 1904 eum
945 1850 1034 1921 qui
1059 1866 1152 1905 sua
1183 1850 1363 1922 magis
1398 1850 1596 1922 quaerit
1623 1852 1861 1922 recipere

257 1959 426 2016 quam
459 1942 637 1998 aliena
664 1942 924 2015 diripere,
945 1952 1000 1998 et
1025 1943 1119 2014 _qui
1145 1943 1300 1999 timet
1323 1945 1550 2012 gratiam
1581 1944 1679 1998 Dei
1709 1945 1866 1999 amit-

257 2045 376 2092 tere
407 2045 467 2091 et
489 2036 935 2092 maledictionem
953 2035 1099 2092 beati
1130 2036 1273 2092 Petri
1300 2038 1574 2093 incurrere
1601 2038 1866 2107 (186).....

334 2137 422 2185 13.
463 2132 525 2185 ln
551 2137 742 2185 octavo
781 2130 864 2186 sui
893 2130 1255 2186 Pontiﬁcatus
1282 2146 1451 2202 anno,
1478 2131 1747 2204 episcopis
1778 2147 1873 2203 per

258 2224 610 2296 principatus
632 2224 851 2294 Apuliae
877 2232 933 2279 et
951 2224 1215 2280 Calabriae
1235 2225 1562 2288 constitutis,
1594 2225 1731 2280 inter
1761 2240 1867 2280 cae-

260 2326 377 2372 tera
418 2317 621 2384 verba,
661 2316 718 2371 in
747 2317 986 2389 quadam
1023 2317 1254 2389 epistola
1286 2322 1465 2384 (187),
1507 2318 1872 2390 malignitates

257 2411 402 2483 regis
431 2411 658 2466 Henrici
692 2421 747 2466 et
777 2411 1048 2467 Guilberti
1079 2411 1417 2467 Ravennatis
1441 2412 1868 2483 archiepiscopi,

261 2528 285 2550 ε
331 2505 387 2558 in
409 2504 534 2576 jam
563 2504 704 2560 dicta
730 2504 942 2576 synodo
975 2506 1578 2560 excommunicatorum
1614 2529 1637 2552 ιο
1670 2506 1870 2560 denun-

257 2595 435 2652 tiavit.
506 2598 760 2652 Primum
823 2613 1059 2668 namque
1123 2598 1414 2661 malitiam,
1486 2615 1652 2669 quam
1709 2614 1871 2670 super

258 2692 440 2760 ipsum
466 2691 538 2742 D.
575 2707 770 2762 papam
797 2691 1167 2746 Alexandrum
1197 2708 1291 2762 per
1318 2690 1584 2746 Cadulum
1612 2693 1870 2769 Parmen-

257 2800 378 2838 sern
411 2782 598 2838 facere
623 2792 852 2839 conatus
877 2793 980 2851 est,
1009 2785 1278 2853 innotuit;
1309 2794 1364 2839 et
1393 2785 1540 2854 quod
1572 2787 1741 2851 Deus,
1777 2785 1869 2855 qui

257 2877 512 2948 superbis
542 2877 772 2943 resistit,
804 2877 1100 2934 humilibus
1144 2877 1239 2932 dat
1267 2879 1497 2951 gratiam
1516 2918 1532 2944 ,
1562 2878 1868 2948 superbiam

259 2987 458 3026 eorum
486 2972 541 3025 in
570 2971 809 3037 foveam,
843 2987 1007 3042 quam
1035 2972 1155 3027 aliis
1181 2981 1520 3042 paraverant,
1551 2971 1742 3026 cadere
1773 2989 1870 3044 pro

259 3066 374 3121 suis
392 3065 696 3121 sceleribus
710 3066 859 3137 juste
885 3066 1216 3136 permiserit,
1238 3066 1520 3120 nuntiavit.
1545 3066 1869 3121 Guibertum

262 3175 414 3226 vero,
449 3161 721 3214 Romanae
757 3159 1010 3215 Ecclesiae
1053 3160 1356 3231 perjurum,
1396 3160 1733 3214 Ravennatis
1763 3164 1865 3216 Ec-

260 3253 448 3308 clesiae
488 3251 913 3320 devastatorem,
953 3253 1304 3308 antihristum
1341 3262 1396 3308 et
1424 3251 1866 3319 haeresiarcham,

261 3362 364 3418 pro
392 3345 808 3402 nefandissimis
847 3347 958 3402 suis
1006 3346 1339 3412 sceleribus,
1371 3346 1693 3418 designavit.
1727 3350 1861 3402 Om-

258 3438 428 3494 nibus
458 3455 586 3494 vero
630 3439 897 3510 episcopis
939 3447 991 3494 et
1019 3440 1344 3494 Ravennatis
1371 3441 1628 3496 Ecclesia;
1663 3439 1865 3496 suffra-

259 3532 468 3603 ganeis,
496 3541 554 3587 et
582 3532 844 3588 omnibus
880 3533 1181 3605 majoribus
1207 3541 1264 3588 et
1294 3532 1596 3588 minoribus
1619 3533 1868 3604 ejusdem

259 3624 524 3694 civitatis,
553 3640 615 3680 ac
641 3641 738 3696 per
772 3634 949 3682 totam
973 3625 1278 3681 Marchiam
1306 3642 1407 3681 nec
1436 3642 1545 3681 non
1569 3633 1748 3681 totum
1775 3625 1870 3680 du-

259 3727 496 3786 catum,
544 3718 658 3774 sine
708 3735 803 3789 spe
856 3720 1284 3790 recuperationis
1328 3719 1656 3775 damnatum
1709 3728 1871 3792 atque

261 3812 585 3884 depositum
648 3812 981 3880 notiﬁcavit;
1039 3828 1275 3884 quorum
1339 3813 1609 3869 almiﬁcus
1673 3814 1869 3885 praesul

263 3905 474 3961 auxilio
503 3903 694 3973 fretus,
722 3905 864 3960 sicut
888 3907 952 3960 B.
983 3909 1176 3962 Petrus
1200 3909 1264 3962 B.
1295 3907 1664 3977 Apollinarem
1695 3916 1871 3962 trans-

262 3999 423 4055 misit
451 3997 524 4054 ad
563 3999 998 4068 praedicandum;
1029 3999 1105 4055 sic
1146 3999 1288 4071 ipse,
1328 4001 1418 4071 qui
1463 4000 1587 4054 licet
1615 3995 1901 4071 indignus

263 4093 450 4148 vicem
482 4090 604 4162 ejus
631 4092 870 4162 gerebat,
901 4093 1375 4163 archiepiscopum
1406 4096 1555 4158 (188)
1580 4093 1650 4147 ibi
1680 4092 1750 4147 ad
1785 4094 1876 4148 ho-

265 4187 494 4242 minum
523 4186 737 4241 animas
762 4189 884 4242 Deo
905 4185 1317 4242 lucrifaciendas
1334 4226 1348 4251 ,
1377 4194 1432 4240 et
1454 4185 1710 4241 haeresim
1738 4187 1871 4258 prae-

265 4279 401 4334 dicti
429 4278 678 4335 Guiberti
703 4278 1097 4336 destruendam
1121 4322 1135 4347 ,
1162 4280 1382 4336 mittere
1408 4279 1638 4334 curavit.
1671 4279 1877 4335 Eodem

271 4389 404 4428 vero
436 4389 584 4429 anno
616 4375 812 4429 Roma:
847 4373 905 4429 in
949 4373 1168 4430 basilica
1196 4377 1253 4431 S.
1284 4373 1580 4431 Salvatoris
1609 4373 1878 4430 celebrata

346 4588 490 4658 (186]
525 4588 872 4658 Sequebatur
903 4589 957 4644 in
1003 4591 1108 4645 Ms.
1143 4598 1332 4644 nostro
1361 4606 1427 4645 ex
1473 4590 1612 4647 Vitis
1642 4590 1880 4646 Pontiﬁ-

272 4676 405 4715 cum
436 4662 909 4715 euommunicatio
949 4663 1109 4730 Regis
1136 4664 1357 4717 Henrici
1397 4703 1409 4715 .
1453 4704 1464 4716 .
1513 4703 1524 4716 .
1572 4703 1583 4716 .
1631 4702 1640 4712 .
1690 4705 1701 4715 .
1743 4666 1884 4718 Acta

272 4734 463 4786 Romae
494 4733 661 4802 Nonis
707 4734 900 4788 Martii
926 4731 1224 4787 Indictitme
1257 4747 1332 4788 ιιι
1351 4772 1366 4798 ,
1399 4731 1554 4802 plane
1594 4733 1733 4789 sicut
1761 4750 1882 4789 eam

274 4802 615 4876 impressam
645 4801 816 4876 habes
839 4803 890 4857 in
920 4803 1043 4876 Vita
1075 4819 1229 4876 num.
1258 4810 1327 4876 96
1354 4801 1414 4858 et
1428 4819 1584 4876 seqq.
1615 4813 1671 4876 et
1699 4806 1884 4876 omnia

273 4871 449 4955 simul
481 4889 612 4955 cum
655 4871 871 4955 duobus
894 4871 1593 4955 _Capitu|is_hicmomiss—i§,
1639 4875 1712 4955 de
1757 4875 1886 4931 falsa

274 4944 607 5025 penitentia
655 4952 722 5025 et_
751 4945 821 5025 de
861 4943 1495 5025 electione_Pontiﬁcum
1537 4948 1889 5025 reperiuntur

277 5015 551 5090 impressa
578 5015 726 5090 apud
755 5017 1048 5072 Baronium
1079 5015 1149 5072 ad
1187 5032 1276 5072 an.
1315 5023 1474 5084 1080,
1504 5015 1632 5072 nam
1656 5019 1804 5090 quod
1831 5018 1886 5072 in

279 5089 538 5159 Registro
566 5087 713 5159 unde
740 5097 958 5156 accepta
987 5097 1115 5144 sunt
1142 5097 1364 5159 notetur
1395 5105 1574 5144 annus
1607 5087 1764 5156 1079,
1787 5090 1891 5145 ori-

281 5157 444 5212 tur'a
483 5158 700 5231 ratione
743 5166 1042 5229 przenotata
1084 5157 1211 5214 anni
1254 5159 1556 5214 Florentiui
1606 5177 1777 5231 usque
1820 5161 1890 5216 ad

282 5230 788 5302 Annuntiatinnem
821 5231 1171 5302 protrahendi
1209 5248 1222 5284 :
1257 5247 1492 5302 cumque
1524 5230 1730 5286 Pascha
1766 5231 1891 5285 anni

294 5304 436 5373 1080
483 5300 775 5373 bissextilis
817 5301 1152 5373 celebratum
1181 5303 1256 5356 sit
1310 5307 1373 5356 12
1408 5300 1645 5373 Aprilis,
1690 5303 1890 5357 intelli-

287 5370 444 5444 gitur
468 5372 631 5426 etiam
654 5371 1050 5444 hiecSynodus
1077 5372 1249 5443 prima
1281 5370 1638 5428 hebdomade
1654 5375 1896 5442 Quadra-

285 5442 521 5522 gesitnai
552 5442 910 5522 ςοονθιιίεέθ,
950 5442 1464 5514 ροεῐῡοηιὶιιὶοεη]
1503 5460 1627 5516 quae
1671 5445 1899 5502 cadebat

289 5515 350 5566 in
383 5517 452 5568 29
485 5515 782 5570 Februarii.

369 5584 512 5658 (187)
529 5586 668 5640 Haec
694 5593 778 5640 est
794 5586 886 5642 lib.
912 5599 1034 5642 VIII
1050 5587 1224 5658 Epist.
1251 5593 1305 5654 5,
1331 5588 1462 5643 data
1484 5589 1672 5644 Cicani
1690 5603 1780 5645 xu
1805 5592 1902 5644 Ka-

291 5657 480 5710 lendas
511 5659 774 5726 Augusti.

373 5727 518 5802 (188)
569 5729 852 5802 Εῇιιξᾴθῐιι
882 5730 1001 5785 libri
1055 5727 1232 5800 EpiSt.
1291 5736 1384 5794 l4,
1415 5732 1619 5802 scripta
1662 5732 1904 5786 omnibus

292 5800 598 5872 Episcopis,
632 5800 962 5864 Abbatibus,
992 5802 1286 5859 Comitibus
1318 5806 1478 5872 atque
1516 5800 1802 5868 Militibus,
1848 5805 1906 5855 in

289 5871 558 5956 ματ-(ζώω
609 5872 907 5927 Ravennati
941 5879 1098 5943 atque
1131 5871 1451 5944 Pentapoli,
1500 5889 1591 5929 nec
1619 5891 1725 5930 non
1772 5875 1908 5928 etin

604 5959 833 6018 ΡΔτιιοι..
873 5959 1126 6034 CXLVIII.

1909 4595 1960 4659 D
1991 4590 2239 4647 Marchia
2286 4591 2542 4645 Firmana
2590 4592 2640 4642 et
2679 4590 2738 4640 in
2781 4590 2997 4643 Ducatu

1981 549 2179 597 caetera
2231 541 2584 612 (sententiam
2632 540 2988 613 depositionis
3038 545 3571 618 archiepiscoporum

1977 635 2308 690 Arelatensis
2339 644 2393 690 et
2423 635 2822 704 Narbonensis,
2853 648 3016 707 atque
3044 640 3568 697 excommunicatio-

1975 730 2057 784 nis
2100 745 2192 800 per
2236 729 2438 800 legatos
2482 730 2799 799 apostolicae
2847 731 3008 786 Sedis
3053 735 3451 805 promulgatam
3498 740 3565 790 D.

1974 839 2147 894 papa,
2195 823 2280 877 his
2334 823 2428 894 qui
2477 822 2712 878 aderant
2753 825 3226 894 collaudantibus,
3279 827 3565 894 ﬁrmavit).

1977 916 2278 972 Henricum
2318 932 2534 986 quoque
2562 917 2768 973 dictum
2813 934 2996 989 regem
3025 929 3081 974 et
3108 936 3302 976 omnes
3331 921 3572 978 fautores

1975 1011 2122 1082 ejus,
2169 1010 2262 1082 qui
2309 1010 2367 1065 in
2405 1010 2665 1083 praedicta
2711 1012 3276 1069 excommunicatione
3321 1015 3570 1071 animum

1972 1103 2384 1170 induraverant,
2416 1104 2610 1160 iterum
2635 1105 3129 1162 excommunicavit
3157 1115 3214 1163 et
3250 1108 3569 1164 anathema-

1974 1197 2196 1265 tizavit;
2225 1197 2356 1252 item
2405 1197 2786 1254 Ildimundum
2832 1207 2887 1254 et
2915 1198 3170 1254 Landum
3201 1202 3598 1273 Campaninos'

1971 1299 2255 1362 tyrannos,
2283 1307 2584 1363 omnesque
2607 1292 2887 1364 adjutores
2916 1308 3126 1348 eorum.
3161 1295 3427 1350 Praeterea
3455 1311 3573 1352 sus-

1973 1385 2158 1456 pendit
2183 1385 2252 1440 ab
2293 1384 2474 1441 ofﬁcio
2501 1385 2770 1456 quosdam
2811 1386 3124 1458 episcopos,
3156 1388 3249 1458 qui
3287 1387 3357 1443 ad
3387 1389 3571 1443 conci-

1973 1477 2107 1533 lium
2147 1477 2390 1546 invitati,
2436 1494 2616 1551 neque
2660 1479 2762 1551 ipsi
2804 1495 2982 1552 neque
3024 1480 3208 1536 nuntii
3251 1497 3443 1537 eorum
3475 1497 3573 1553 pro

1971 1571 2102 1643 ipsis
2131 1581 2416 1628 venerunt.

2048 1674 2132 1723 14.
2184 1670 2345 1722 Anno
2397 1667 2724 1724 duodecimo
2791 1668 3140 1738 pontiﬁcatus
3206 1669 3453 1741 ejusdem
3503 1674 3570 1725 D.

1972 1761 2246 1832 Gregorii,
2273 1761 2341 1815 ab
2373 1761 2750 1816 lncarnatione
2783 1762 3004 1816 Domini
3033 1769 3159 1826 194,
3183 1779 3275 1818 xn
3296 1762 3576 1818 Kalendas
3607 1785 3609 1788 ·

1973 1853 2283 1910 decembris
2304 1893 2318 1919 ,
2349 1854 2668 1924 praesidente
2710 1855 2904 1910 eodem
2947 1856 3276 1924 apostolico,
3307 1857 3577 1912 celebrata

1975 1956 2058 2004 est
2087 1947 2261 2003 tribus
2289 1947 2480 2003 diebus
2508 1949 2564 2002 in
2595 1949 2948 2005 Lateranensi
2977 1949 3194 2004 basilica
3222 1950 3485 2018 synodus,
3519 1950 3578 2006 in

1977 2057 2083 2114 qua
2112 2040 2332 2097 fuerunt
2361 2041 2777 2113 archiepiscopi,
2808 2043 3042 2113 episcopi
3070 2052 3125 2098 et
3153 2042 3380 2100 abbates
3406 2044 3577 2100 Cam-

1979 2134 2184 2206 paniae,
2214 2142 2269 2189 et
2305 2133 2374 2190 de
2404 2134 2797 2206 principatibus
2833 2135 3094 2191 Calabria:
3132 2144 3300 2206 atque
3329 2137 3573 2206 Apuliae,

1978 2227 2247 2300 paucique
2289 2227 2587 2294 Gallicani;
2618 2243 2746 2283 nam
2791 2228 3058 2299 plurimos
3100 2227 3328 2295 perﬁdia
3357 2229 3578 2285 Henrici

1979 2321 2187 2394 tyranni
2222 2321 2325 2376 iter
2353 2329 2624 2376 revertere
2644 2322 2950 2393 compulit;
2978 2322 3070 2392 qui
3097 2321 3403 2378 Ostiensem
3431 2326 3578 2389 (190)

1978 2415 2319 2486 episcopum,
2351 2413 2419 2469 de
2447 2414 2713 2485 legatione
2742 2415 3037 2485 apostolica
3065 2414 3411 2482 redeuntem,
3442 2431 3579 2471 con-

1980 2518 2063 2564 tra
2090 2506 2174 2562 fas
2201 2516 2257 2562 et
2276 2507 2572 2577 jurameuti
2602 2507 2801 2575 ﬁdem,
2833 2509 2953 2578 capi
2980 2508 3144 2579 jussit
3167 2509 3278 2564 sive
3309 2509 3572 2578 permisit.

1978 2605 2109 2657 Tres
2161 2609 2347 2656 autem
2393 2601 2635 2673 synodos
2681 2601 3189 2674 Quadragesimales
3236 2607 3382 2668 (191)
3431 2602 3575 2674 ejus-
3670 2591 3674 2598 λ

1979 2695 2106 2751 dem
2150 2695 2372 2750 Heurici
2417 2695 2720 2765 persecutio
2772 2670 3259 2765 prmpedivit;.qui
3301 2696 3465 2750 semel
3511 2698 3577 2752 B.

1984 2788 2231 2854 Paulum,
2259 2788 2342 2842 bis
2376 2791 2440 2842 B.
2464 2790 2689 2841 Petrum
2710 2803 3021 2858 aggressus,
3042 2789 3268 2842 demum
3294 2797 3412 2858 post
3436 2789 3578 2843 mul-

1979 2890 2099 2936 tum
2129 2878 2316 2935 fusum
2347 2881 2690 2949 sanguinem,
2721 2897 2832 2934 non
2860 2889 2974 2934 tam
2995 2896 3222 2935 suorum
3256 2881 3580 2937 fortitudine

1980 2990 2143 3045 quam
2176 2974 2500 3045 negligentia
2533 2971 2757 3037 civium,
2787 2981 2970 3042 portas
2995 2982 3047 3026 et
3077 2988 3265 3026 muros
3291 2974 3574 3041 surripuit.

1980 3070 2295 3122 Romanum
2325 3066 2593 3137 siquidem
2621 3067 2811 3138 vulgus
2832 3108 2846 3128 ,
2877 3082 3001 3137 pars
3031 3065 3281 3121 videlicet
3311 3066 3580 3137 copiosior

1927 3219 1942 3239 η
1981 3162 2242 3225 civitatis,
2280 3161 2513 3216 bienuali
2555 3160 2698 3214 bello
2731 3157 3044 3230 fatigatum,
3075 3159 3187 3214 acri
3217 3160 3392 3214 inedia
3426 3159 3578 3214 labo-

1982 3255 2165 3322 rabat;
2210 3270 2338 3309 cum
2391 3270 2492 3310 nec
2517 3253 2649 3325 ipsis
2694 3252 2762 3308 ad
2807 3253 2977 3308 vicina
3030 3251 3228 3325 oppida
3282 3253 3361 3307 vel
3406 3261 3581 3308 castra

1982 3349 2186 3414 liceret,
2219 3365 2320 3403 nec
2345 3347 2510 3418 jurati
2538 3346 2763 3401 Henrici
2793 3346 2863 3402 ad
2895 3346 3085 3401 urbem
3113 3345 3311 3400 vellent
3343 3347 3584 3417 negotia-

1985 3450 2104 3496 tum
2144 3441 2362 3507 venire;
2394 3440 2553 3494 multi
2593 3448 2778 3494 autem
2808 3437 2956 3494 fame
2995 3437 3172 3494 adacti
3219 3438 3410 3493 urbem
3455 3438 3580 3493 reli-

1983 3542 2242 3605 querant;
2277 3532 2503 3603 proinde
2525 3531 2714 3597 ceteri,
2747 3531 2891 3586 bello
2921 3531 3202 3585 remissius
3230 3531 3431 3586 attenti
3458 3546 3581 3586 rem

1981 3644 2043 3683 ex
2075 3626 2267 3683 animo
2297 3626 2479 3680 minus
2507 3619 2796 3698 gerebant,
2831 3633 2885 3680 et
2914 3640 2946 3680 a
2978 3623 3240 3680 custodiis
3271 3631 3433 3695 prout
3460 3623 3583 3680 cui-

1981 3737 2087 3793 que
2117 3719 2320 3775 libebat
2349 3720 2465 3774 sine
2495 3719 2691 3774 timore
2722 3717 3088 3789 negligentius
3115 3718 3367 3773 aberant.

2056 3820 2140 3869 15.
2175 3815 2308 3869 Haec
2350 3829 2512 3884 super
2551 3812 2774 3867 Henrici
2815 3810 3136 3884 tyrannide,
3167 3811 3293 3881 quia
3334 3826 3393 3866 se
3422 3826 3582 3866 occa-

1980 3906 2061 3963 sio
2088 3906 2340 3979 praabuit,
2368 3905 2750 3978 perstrinxisse
2780 3904 3037 3960 sufﬁciat.
3071 3905 3348 3972 (Ceterum
3384 3905 3586 3959 Domi-

1982 4018 2086 4057 nus
2113 3999 2460 4071 Apostolicus
2489 3999 2545 4054 in
2574 3998 2772 4054 eadem
2802 3997 3047 4070 Synodo,
3073 3996 3141 4053 de
3170 3996 3296 4053 ﬁdei
3323 3995 3499 4052 forma
3527 4006 3584 4052 et

1983 4094 2311 4150 Christianae
2352 4093 2631 4163 religionis
2676 4092 3124 4159 conversatione,
3163 4089 3261 4146 sed
3309 4098 3365 4144 et
3393 4090 3463 4145 de
3490 4106 3582 4145 ro-

1982 4187 2115 4243 bore
2143 4186 2416 4257 animique
2445 4185 2783 4253 constantia,
2815 4185 2882 4240 ad
2915 4192 3236 4256 praesentem
3267 4198 3582 4254 pressuram

1984 4279 2321 4344 necessaria,
2351 4295 2447 4334 ore
2473 4295 2586 4334 non
2616 4278 2861 4334 humano
2907 4276 3003 4333 sed
3042 4277 3304 4348 Angelico
3337 4284 3584 4346 patenter

1985 4373 2321 4440 edisserens,
2349 4372 2435 4429 die
2473 4373 2632 4428 tertia
2659 4379 2838 4428 totum
2869 4370 2985 4426 fere
3025 4371 3368 4426 Conventum
3404 4371 3456 4424 in
3487 4385 3583 4440 ge-

3033 4584 3300 4654 Spoletino
3313 4624 3328 4649 ,
3361 4599 3586 4638 commo-

1993 4662 2280 4724 rantibus;
2312 4661 2419 4714 illis
2443 4659 2685 4713 videlicet
2705 4661 2802 4726 qui
2819 4660 2878 4712 B.
2906 4659 3117 4710 Petrum
3137 4655 3393 4723 diligunt,
3422 4671 3588 4724 neque

1988 4732 2213 4786 uinculis
2239 4731 2803 4784 emcommunicatiom’s
2834 4732 3103 4781 tenentur.
3135 4727 3206 4780 Et
3235 4726 3318 4780 his
3345 4726 3475 4781 solis
3497 4742 3584 4780 sa-

1993 4806 2156 4857 lutem
2173 4807 2223 4855 et
2241 4802 2601 4870 Apostolicam
2615 4799 3028 4870 benedictionem
3045 4797 3380 4868 impertiens,
3398 4799 3589 4870 datan

1995 4875 2122 4930 Idus
2161 4869 2479 4938 Decembris,
2511 4869 2861 4925 commendat
2889 4869 2954 4924 iis
2996 4871 3355 4924 Ravennatem
3398 4869 3593 4924 Archi-

1996 4947 2300 5014 episcapum
2328 4945 2392 4998 R.
2418 4958 2572 5012 quem
2596 4948 2715 5011 post
2731 4941 2920 5011 longas
2945 4945 2996 5014 et
3013 4942 3322 5014 innumeras
3347 4955 3595 5014 peruasu-

1996 5011 2119 5070 rum
2149 5011 2546 5084 occupationes,
2576 5015 2904 5083 nuperrime,
2948 5013 3082 5084 sicut
3111 5011 3237 5084 olim
3265 5027 3300 5064 a
3337 5013 3399 5066 B.
3434 5013 3594 5066 Petro

1995 5083 2406 5158 Appollinarem
2429 5088 2510 5140 ita
2537 5087 2978 5158 huncBavennas
3006 5083 3074 5158 ab
3101 5083 3336 5158 Ecclesia
3354 5085 3595 5137 Romana

1997 5153 2192 5214 meruit
2215 5160 2472 5227 accipere.
2498 5155 2761 5210 Baronius
2783 5153 3113 5212 szha-rdum
3137 5155 3281 5227 legit,
3305 5161 3359 5206 et
3382 5167 3595 5220 magna:

1999 5225 2372 5284 (estimationis
2400 5231 2580 5282 uirum
2609 5228 2870 5295 appellat:
2895 5240 3072 5295 neque
3098 5225 3275 5278 minus
3306 5238 3595 5292 possumus

2001 5302 2068 5356 de
2110 5314 2174 5354 eo
2205 5301 2445 5367 credere,
2474 5298 2572 5353 etsi
2597 5293 2726 5352 nihil
2774 5293 2999 5369 uspiam
3025 5293 3092 5349 ab
3121 5312 3184 5349 eo
3225 5303 3409 5349 actum
3438 5295 3594 5348 inve-

2003 5387 2241 5426 niamus.

2076 5449 2224 5507 (189)
2263 5441 2329 5496 Si
2357 5440 2476 5496 haec
2506 5454 2658 5509 aeque
2687 5455 2750 5494 ac
2796 5438 2916 5494 alia:
2956 5435 3450 5509 Quadragesimalis
3479 5435 3596 5499 fuit,

2007 5513 2173 5586 quod
2209 5527 2541 5586 praesumere
2572 5507 2739 5570 licet.
2785 5507 3174 5586 coacta'fuerit
3203 5517 3324 5586 post
3367 5508 3598 5586 primam

2009 5577 2388 5648 ﬁominicam,
2420 5583 2700 5637 cadentem
2749 5596 2893 5636 anno
2943 5581 3071 5634 1081
3117 5577 3171 5631 in
3205 5577 3351 5634 diem
3380 5583 3450 5632 21'
3498 5580 3603 5632 Fe—

1926 5698 1928 5700 -
2010 5655 2238 5720 bruarii,
2270 5654 2492 5725 quando
2524 5653 2726 5708 Pascha
2755 5652 2864 5708 fuit
2892 5657 2928 5725 4_
2957 5649 3177 5725 Aprilis.

2083 5709 2237 5793 (ωοῇ
2286 5709 2420 5782 ’Otho
2473 5725 2858 5783 Castillionwus
2917 5709 3020 5777 hic'
3048 5720 3176 5786 fuit,
3227 5727 3413 5791 postea
3465 5720 3496 5774 r
3591 5709 3594 5711 ’

2021 5799 2267 5854 Urbanus
2297 5799 2367 5853 II.
2627 5821 2630 5826 τ

2088 5870 2230 5940 (191)
2263 5873 2550 5923 Annorum
2581 5864 2785 5923 scilicet
2814 5867 2974 5930 1082,
3010 5865 3169 5928 1083,
3204 5863 3358 5916 1084.

3227 5963 3258 6000 ῧ
