4138 6190
559 298 656 351 139
1080 300 1085 309 ‘
1260 346 1261 349 η
1791 288 1846 341 S.
1887 286 2143 343 GREGOF

2252 287 2264 339 ς
2300 286 2387 340 vn
2429 286 2625 367 ΡΑΡΑ.

1572 412 1755 483 sicque
1808 412 2141 479 Concilium,
2175 419 2227 480 Α
2254 418 2491 467 vestram
2522 426 2708 466 curam
2735 410 2913 467 trado.
2941 410 3215 481 Quoniam
3242 408 3379 491 mihi
3408 423 3590 481 operae
3612 407 3854 481 pretium

560 419 730 475 mitus
781 427 837 475 et
881 418 1150 488 lacrymas
1193 413 1461 485 compulit
1510 431 1523 469 :

554 513 872 585 Apostolica
900 509 1276 567 benedictione
1302 506 1660 571 laetiﬁcatum,
1682 509 1738 562 in
1758 522 1887 578 pace
1907 506 2151 572 dimisit.)

562 611 696 665 Tres
724 615 903 662 autem
944 605 1086 659 vices
1117 602 1416 670 Henricus,
1448 611 1509 657 ut
1536 602 1739 657 dictum
1770 610 1849 655 est
1870 643 1885 669 ,
1916 603 2152 655 Romam

560 710 797 757 venerat.
839 697 944 754 Sed
976 713 1145 753 unum
1186 707 1269 751 est
1296 696 1445 768 quod
1480 712 1606 751 cum
1638 694 1851 750 silentio
1880 694 2152 764 praeterire

558 811 671 850 non
711 801 925 865 oportet
956 810 969 847 :
1001 792 1054 847 iu
1103 791 1293 847 ultima
1328 806 1567 861 namque
1604 805 1791 844 secum
1820 767 2151 845 Guibertum

558 887 981 944 Raventinatem
1000 928 1014 954 ,
1035 886 1153 956 jam
1178 885 1464 940 multoties
1495 883 1818 939 damnatum
1850 891 1904 937 et
1932 881 2149 953 deposi-

558 970 711 1050 tdm,
758 980 1017 1046 deduxit;
1066 988 1120 1033 et
1147 978 1453 1033 invasorem
1500 994 1663 1049 super
1709 981 1777 1032 D.
1824 976 2149 1047 Gregorium

554 1077 762 1146 Papam
795 1073 1111 1145 praposuit.
1140 1072 1243 1128 Sed
1270 1072 1400 1144 quid
1425 1071 1674 1127 diabolus
1702 1078 1757 1127 et
1786 1068 2152 1125 Antichristus

558 1171 758 1225 Romae
788 1177 845 1223 et
867 1168 923 1222 in
951 1166 1210 1222 omnibus
1239 1167 1357 1238 ejus
1382 1165 1581 1221 ﬁnibus
1605 1173 1687 1221 est
1713 1173 1995 1236 operatus,
2026 1164 2148 1218 lon-

558 1279 692 1335 gum
721 1270 807 1317 est
844 1276 1084 1317 narrare.
1130 1264 1196 1316 In
1237 1268 1414 1315 castro
1460 1276 1697 1331 namque
1738 1260 1792 1314 S.
1835 1257 2062 1329 Angeli,
2094 1274 2151 1313 se

559 1372 686 1411 cum
730 1356 913 1427 paucis
941 1354 1209 1411 Dominus
1233 1358 1377 1425 Papa
1419 1355 1671 1419 reclusit,
1700 1352 1961 1424 quoniam
1999 1351 2151 1406 aliter

555 1452 754 1505 Romae
780 1465 1060 1504 remanere
1083 1466 1192 1504 non
1216 1458 1430 1520 poterat
1462 1467 1473 1503 :
1506 1448 1744 1503 Romani
1774 1463 1899 1503 vero
1926 1448 2146 1513 malam,

558 1560 721 1615 quam
766 1543 1072 1599 habuerunt
1116 1560 1147 1599 a
1192 1542 1481 1614 principio,
1522 1541 1975 1597 consuetudinem
2024 1557 2147 1611 per-

558 1638 717 1693 ﬁcere
761 1646 823 1693 ut
868 1638 1018 1709 prius
1047 1646 1330 1708 cmperunt
1363 1656 1374 1691 :
1408 1646 1651 1691 castrum
1693 1636 1933 1707 undique
1976 1635 2151 1690 muris

556 1733 966 1795 obseraverunt,
1002 1732 1073 1785 ita
1106 1732 1249 1803 quod
1282 1731 1411 1785 nulli
1450 1730 1528 1784 fas
1558 1739 1701 1785 esset
1738 1728 2044 1784 introeundi
2071 1728 2149 1782 vel

3753 283 3857 337 MO

2260 505 2318 560 in
2351 504 2787 577 Longobardiam
2814 514 3023 560 vertere
3052 505 3176 573 iter,
3208 504 3469 576 promitto
3500 502 3651 558 vobis
3680 501 3853 575 quod,

2257 599 2300 654 si
2340 615 2583 670 unquam
2618 598 2860 665 rediero,
2887 607 3071 654 totum
3114 598 3389 669 meipsum
3434 606 3490 652 et
3517 598 3700 652 omnia
3730 611 3858 668 quae

2258 692 2429 747 habeo
2459 703 2515 748 et
2548 692 2751 748 habere
2778 701 2969 765 potero
2997 692 3177 748 modis
3205 691 3457 747 omnibus
3485 690 3715 746 tradam.
3743 688 3857 745 Sed

2259 788 2380 859 pius
2421 797 2475 843 et
2499 788 2743 843 clemens
2781 788 3082 855 Dominus,
3112 789 3205 858 qui
3229 786 3381 842 novit
3404 785 3662 842 omnium
3706 784 3859 856 cogi-

2258 883 2508 950 tationes,
2530 881 2621 937 diu
2648 898 2742 953 per
2767 898 2893 937 eum
2919 898 3029 937 non
3058 890 3141 936 est
3164 894 3351 952 passus
3372 879 3667 936 Ecclesiam
3692 894 3857 935 suam

2260 976 2436 1031 vexari
2468 994 2479 1029 :
2510 976 2603 1047 qui
2634 976 2701 1032 ad
2739 976 2881 1031 hanc
2922 976 3197 1031 civitatem
3242 976 3382 1031 ultra
3410 991 3523 1031 non
3564 981 3649 1029 est
3674 989 3856 1029 rever-

2259 1086 2368 1125 sus.
2400 1070 2676 1126 Robertus
2701 1069 3015 1139 Guichardi,
3050 1074 3245 1126 Romae
3273 1068 3715 1141 apprOpinquans
3740 1067 3855 1123 die-

2260 1164 2359 1219 bus
2387 1163 2468 1218 his
2502 1165 2567 1219 ad
2608 1164 2953 1219 liberandum
2984 1167 3052 1218 D.
3085 1167 3320 1235 Papam,
3353 1160 3601 1234 primitus
3630 1178 3742 1217 non
3769 1161 3856 1216 in-

2256 1257 2419 1312 travit
2450 1277 2462 1311 :
2494 1258 2592 1313 sed
2636 1257 2728 1313 diu
2759 1274 2870 1313 non
2916 1258 3102 1325 stetit,
3132 1257 3309 1313 donec
3347 1257 3566 1313 intravit
3594 1276 3607 1312 :
3640 1255 3855 1312 aditum

2258 1368 2501 1423 namque
2526 1368 2623 1423 per
2640 1362 2857 1423 portam
2880 1352 3218 1408 Flumineam
3246 1351 3459 1407 habuit.
3486 1350 3745 1417 Romani,
3766 1367 3860 1406 au-

2258 1446 2375 1502 dito
2404 1462 2531 1502 eum
2574 1446 2831 1513 intrasse,
2878 1447 3086 1502 bellum
3134 1456 3467 1502 erexerunt:
3498 1444 3591 1501 sed
3627 1443 3757 1499 nihil
3806 1444 3857 1499 ei

2257 1541 2438 1596 facere
2462 1549 2778 1613 potuerunt,
2806 1540 2917 1595 imo
2938 1540 3051 1611 ipse
3075 1556 3201 1595 cum
3221 1540 3331 1595 suis
3350 1548 3523 1594 totam
3548 1539 3857 1610 Regionem

2260 1634 2428 1702 illam,
2461 1634 2515 1690 in
2544 1652 2650 1707 qua
2679 1635 2918 1691 ecclesiae
2947 1636 3002 1690 S.
3036 1634 3273 1690 Silvestri
3302 1641 3357 1689 et
3401 1636 3456 1689 S.
3490 1632 3767 1688 Laurentii
3800 1633 3855 1687 in

2263 1728 2463 1783 Lucina
2506 1730 2626 1785 sita
2658 1737 2807 1797 sunt,
2839 1729 3051 1800 penitus
3078 1727 3339 1784 destruxit
3368 1737 3421 1783 et
3458 1726 3572 1782 fere
3612 1725 3681 1782 ad
3710 1726 3855 1781 nihi-

550 1826 853 1883 redeundi.‘
882 1830 1001 1880 Rex
1042 1825 1363 1896 Capitolium
1413 1825 1686 1889 ascendit,
1718 1824 1914 1879 domos
1956 1839 2150 1877 omnes
2183 1808 2230 1871 Β
2262 1824 2374 1877 111111
2431 1824 2657 1896 redegit.
2715 1823 2930 1879 Dehinc
2978 1823 3073 1878 ivit
3118 1822 3184 1878 ad
3234 1831 3476 1879 castrum
3526 1822 3582 1877 S.
3632 1821 3854 1892 Angeli,

552 1923 850 1978 Corsorum
879 1921 1101 1987 evertit,
1132 1923 1370 1975 Romam
1396 1928 1454 1975 ut
1481 1920 1756 1990 propriam
1788 1920 2014 1973 domum
2044 1934 2150 1973 coe-

551 2016 631 2086 pit
678 2015 900 2068 habere.
952 2014 1165 2068 Dehinc
1207 2016 1353 2083 (I92)
1400 2012 1818 2084 Septem-solia,
1853 2012 1910 2067 in
1950 2012 2148 2083 quibus

552 2109 814 2164 Rusticus
842 2114 1007 2175 (I93),
1036 2123 1205 2177 nepos
1236 2106 1477 2178 praedicti
1504 2106 1780 2171 Prwsulis,
1810 2106 2146 2173 considebat,

554 2202 840 2269 obsidens,
882 2218 1009 2257 cum
1056 2201 1243 2256 multis
1284 2200 1786 2256 machinationibus
1829 2200 2142 2267 attentavit,

551 2298 753 2369 quibus
783 2312 945 2367 quam
979 2297 1235 2367 plurimas
1262 2296 1543 2351 columnas
1570 2294 1851 2350 subvertit.
1886 2294 1984 2351 Cui
2012 2310 2150 2349 nun-

551 2392 658 2447 tius
687 2390 933 2459 advenit,
965 2392 1005 2444 si
1036 2406 1142 2445 non
1181 2389 1249 2445 de
1294 2390 1575 2445 obsidione
1606 2396 1941 2459 exsurgeret,
1975 2406 2002 2442 a
2030 2391 2145 2445 Ro-

551 2485 706 2541 berto
752 2484 1050 2540 Guichardi
1082 2487 1233 2539 Duce
1277 2484 1491 2555 Apuliae
1523 2483 1775 2554 expulsus
1811 2491 1974 2551 esset,
1998 2491 2053 2537 et
2080 2481 2147 2537 de

551 2580 665 2650 ejus
705 2578 960 2633 manibus
991 2595 1155 2633 nemo
1192 2594 1317 2633 eum
1362 2578 1588 2632 liberare
1631 2584 1811 2648 posset
1842 2594 1854 2630 :
1888 2576 2145 2648 quoniam

550 2672 841 2744 praedictus
889 2662 1011 2727 Dux
1063 2671 1236 2727 ﬁdelis
1278 2681 1332 2727 et
1372 2671 1598 2727 devotus
1643 2680 1762 2727 erat
1808 2673 1871 2725 B.
1906 2672 2048 2725 Petri
2095 2679 2149 2725 et

550 2765 757 2838 prmfati
800 2766 1102 2834 Pontiﬁcis,
1137 2774 1191 2821 et
1229 2766 1454 2838 dignum
1498 2774 1617 2821 erat
1658 2774 1719 2820 ut
1756 2765 1897 2820 ﬁlius
1935 2773 2145 2836 patrem

546 2861 614 2915 de
647 2870 793 2916 tanta
826 2861 1076 2932 captione
1106 2856 1358 2931 eriperet.

625 2962 705 3010 16.
742 2958 859 3010 Rex
892 2971 1048 3021 vero,
1091 2966 1312 3025 accepto
1342 2970 1465 3009 cum
1497 2954 1609 3009 suis
1638 2953 1864 3009 consilio
1884 2991 1901 3020 ,
1932 2958 2144 3009 Roma-

545 3065 648 3104 nos
688 3065 883 3104 omnes
919 3048 995 3103 sic
1033 3048 1301 3102 allocutus
1345 3058 1426 3103 est
1459 3067 1470 3101 :
1504 3051 1689 3102 Patres
1732 3056 1785 3101 et
1830 3047 1956 3112 ﬁlii,
1988 3047 2141 3102 vobis

546 3157 808 3198 coronam
862 3141 1079 3211 imperii
1136 3149 1189 3195 et
1247 3141 1395 3210 regni
1466 3140 1825 3211 gubernacula
1884 3140 2142 3196 manibus

547 3236 737 3290 vestris
766 3243 820 3289 et
856 3233 1111 3306 potestati
1138 3234 1465 3303 committo,
1499 3233 1849 3306 animamque
1881 3250 2056 3293 meam
2090 3234 2142 3290 in

620 3408 767 3471 (192)
790 3401 1131 3470 Ciacconius,
1163 3400 1219 3459 in
1242 3405 1362 3460 Vita
1392 3404 1642 3475 Gregorii
1674 3405 1773 3471 IX,
1808 3416 2051 3461 creatum
2072 3406 2146 3461 ait

537 3490 705 3547 prope
742 3478 1139 3547 Septizonium,
1171 3480 1231 3531 in
1275 3481 1533 3533 Dtaconia
1572 3479 1627 3534 S.
1676 3480 1854 3533 Lucio:
1880 3481 1938 3533 in
1972 3482 2145 3549 Septi-

542 3550 690 3604 solio.
733 3550 1033 3604 Alexander
1066 3551 1312 3603 Donatus
1342 3566 1462 3605 eam
1493 3565 1611 3603 esse
1640 3562 1819 3605 censet
1849 3566 1971 3620 quae
2001 3567 2144 3605 nunc

543 3620 742 3676 dicitur
772 3623 827 3675 S.
851 3623 1027 3675 Lucio:
1055 3622 1115 3673 in
1142 3621 1319 3687 Silice,
1352 3630 1404 3674 et
1432 3622 1482 3674 in
1518 3620 1769 3688 Esquiliis
1796 3622 1954 3676 sitam
1978 3620 2143 3677 fuisse

541 3691 619 3746 ait
653 3712 663 3745 :
697 3700 779 3743 est
809 3701 995 3764 autem
1041 3691 1346 3764 verosimile
1375 3692 1748 3760 Septz'solium,
1781 3702 2036 3764 corrupte
2064 3693 2143 3749 di-

542 3770 693 3814 ctum
723 3776 751 3813 a
784 3762 958 3831 plebe,
993 3776 1093 3830 pro
1120 3762 1446 3830 Septizonio.

613 3832 759 3907 (r93)
800 3830 1129 3907 Praefectura
1161 3835 1281 3888 haec
1324 3834 1449 3904 fuit,
1482 3842 1543 3889 ut
1578 3843 1820 3907 apparet,
1855 3836 2138 3903 militaris;

541 3901 773 3973 proinde
803 3918 832 3956 a
866 3903 1147 3979 nobilitate
1178 3901 1440 3979 muneris
1461 3901 2018 3979 qurod'g'essit'uepos,
2055 3901 2140 3962 ar-

542 3982 866 4101 alimentum
916 3974 1040 4030 duci
1090 3986 1270 4046 posset
1325 3978 1392 4032 ad
1454 3974 1797 4032 nobilitatem
1857 3974 2140 4048 ipsiusmet

598 4049 796 4101 regorit
850 4047 1023 4101 natrui
1077 4048 1157 4101 Vel
1190 4048 1476 4101 avunculi.
1522 4048 1577 4101 in
1609 4048 1850 4101 favorem
1882 4051 2138 4101 Petraccii

598 4045 796 4115 regorii
850 4047 1023 4115 patrui
1077 4045 1157 4102 vel
1190 4048 1476 4117 avunculi,
1522 4048 1577 4102 in
1609 4048 1850 4105 favorem
1879 4045 2139 4106 Petraccii

541 4118 795 4170 eamdem
829 4118 1175 4172 adstruentis.

612 4188 905 4265 (I_9I)~Hic
950 4205 1013 4265 ex
1070 4190 1371 4265 Bertholdo
1417 4192 1728 4263 ponendum
1775 4200 1945 4262 esset,
1996 4209 2132 4265 quo-

541 4259 709 4339 modo
756 4262 956 4339 Romae
1079 4260 1217 4339 festo
1242 4264 1295 4319 S.
1326 4259 1553 4339 Joannis
1592 4266 1878 4335 Baptista},
1910 4259 2033 4336 puta
2067 4272 2132 4320 24

538 4332 707 4409 Junii.
733 4347 856 4386 cum
875 4334 969 4409 ibi
991 4334 1459 4409 Henricusiadhnc
1483 4352 1636 4391 mora
1648 4332 1811 4397 retur.
1841 4332 2138 4409 Gregorius

537 4405 827 4479 anathema
872 4405 1096 4479 iuA'eum
1139 4417 1203 4479 et
1242 4408 1566 4479 Guibertuim
1618 4412 1897 4463 renovavit
1932 4405 2138 4479 z'quod

536 4471 733 4562 iterum
782 4484 905 4547 post
946 4474 1117 4562 Regis
1155 4477 1452 4562 discessum
1499 4478 1625 4562 fecit
1655 4480 1707 4533 in
1738 4471 2137 4562 Synodofcolf

2259 1920 2326 1971 Ι).
2366 1920 2569 1989 Papam
2617 1918 2685 1973 ab
2726 1935 2791 1972 eo
2833 1918 3130 1985 abstraxit,
3180 1931 3474 1987 secumque
3519 1917 3853 1971 Lateranum

2257 2010 2477 2067 deduxit
2520 2034 2530 2067 :
2579 2028 2878 2083 omnesque
2918 2015 3205 2067 Romanos
3245 2010 3545 2081 depraedari
3594 2009 3759 2080 ccepi!
3800 2016 3859 2064 et

2257 2107 2576 2177 exspoliare,
2605 2116 2769 2179 atque
2794 2104 2962 2178 (quod
2986 2105 3313 2177 iujuriosum
3336 2112 3417 2160 est
3440 2102 3705 2176 nuntiare)
3734 2119 3857 2159 mu-

2257 2199 2418 2255 lieres
2464 2200 2826 2257 dehonestare
2848 2241 2862 2267 ,
2901 2200 3255 2272 regionesque
3302 2198 3420 2254 illas
3447 2197 3589 2254 circa
3625 2200 3856 2253 Latera-

2256 2310 2389 2349 num
2421 2301 2475 2349 et
2498 2296 2798 2351 Colisseum
2831 2295 3034 2366 positas
3064 2294 3185 2367 igne
3215 2294 3541 2350 comburere
3570 2294 3744 2360 (194).

2331 2397 2414 2445 17.
2445 2388 2653 2444 Eodem
2697 2405 2839 2444 anno
2883 2404 2977 2460 per
3006 2398 3185 2443 totum
3216 2388 3409 2443 orbem
3455 2403 3648 2459 magna
3678 2385 3856 2442 fames

2256 2482 2383 2553 fuit,
2428 2483 2575 2554 quod
2613 2482 2807 2538 exinde
2858 2483 3016 2539 multi
3063 2481 3315 2538 homines
3345 2482 3550 2537 mortui
3595 2488 3751 2546 sunt,
3798 2488 3857 2536 et

2255 2577 2334 2632 sol
2376 2583 2523 2643 (I95)
2554 2576 2802 2649 eclipsim
2846 2592 3037 2648 passus
3065 2584 3145 2632 est
3191 2593 3204 2631 :
3248 2585 3395 2632 terra
3426 2584 3576 2631 mota
3607 2584 3722 2643 est,
3754 2590 3855 2630 ca-

2255 2680 2429 2727 strum
2460 2674 2515 2727 S.
2546 2672 2742 2743 Angeli
2769 2677 2915 2737 (196)
2942 2680 3162 2739 captum
3193 2679 3294 2725 est.
3328 2674 3454 2725 Dux
3484 2686 3611 2725 vero
3639 2668 3855 2740 Apulia:

2253 2782 2443 2822 secum
2480 2772 2546 2821 D.
2582 2768 2784 2835 Papam
2809 2766 3103 2834 deducens,
3131 2765 3270 2836 apud
3300 2765 3584 2821 Salernum
3612 2762 3850 2831 dimisit;

2250 2860 2434 2932 ibique
2463 2860 2714 2916 amabilis
2750 2864 2859 2915 Deo
2888 2860 2970 2915 vir
2999 2858 3336 2929 Catholicus,
3369 2867 3422 2914 et
3452 2867 3643 2914 contra
3672 2857 3851 2914 haere-

2254 2954 2493 3011 ticorum
2531 2971 2683 3009 arma
2725 2954 2987 3010 defensor
3030 2952 3312 3022 Ecclesiae,
3360 2954 3613 3009 liberator
3651 2968 3854 3025 paupe-

2250 3065 2405 3116 rum,
2457 3048 2797 3120 captivorum
2858 3048 3190 3115 consolator,
3242 3046 3617 3120 orphanorum
3680 3045 3853 3101 mise-

2251 3150 2419 3210 rator,
2468 3143 2637 3198 vitam
2684 3142 2895 3210 ﬁnivit,
2944 3152 3107 3216 atque
3154 3144 3272 3199 Deo
3325 3143 3564 3198 animam
3613 3138 3853 3197 reddidit

2253 3245 2442 3293 octavo
2474 3236 2754 3293 Kalendas
2778 3237 2947 3293 Junii.

2254 3406 2328 3461 ait
2358 3406 2558 3461 Paulus
2586 3422 2740 3461 num.
2778 3413 2906 3472 I00,
2951 3408 3093 3463 circa
3128 3404 3395 3465 Kalendas
3431 3402 3687 3463 Januarii
3707 3414 3854 3476 pra!-

2251 3495 2398 3534 nosse
2422 3481 2581 3552 carpit
2622 3481 3021 3552 dissolutionem
3066 3483 3297 3552 corporis
3325 3482 3432 3535 sui.
3461 3479 3641 3552 Potuit
3664 3488 3854 3532 tamen

2252 3552 2422 3633 etiam
2458 3551 2611 3632 initio
2653 3551 2925 3633 sequentis
2950 3549 3421 3633 (Quadragesimte
3460 3549 3643 3633 habita
3671 3552 3851 3623 Syno-

2251 3622 2352 3704 dus
2377 3619 2746 3704 fuisseupost:
2756 3630 2788 3679 9
2821 3619 3025 3686 Martii,
3059 3640 3185 3704 cum
3212 3622 3414 3704 Pascha
3459 3619 3731 3703 agendum
3760 3636 3851 3676 es-

2250 3701 2334 3747 set
2362 3699 2429 3747 20
2460 3693 2672 3764 Aprilis.
2705 3695 2846 3750 Cum
2877 3703 3060 3750 autem
3092 3693 3421 3750 Bertholdus
3452 3694 3693 3764 priorem
3720 3708 3851 3748 ana-

2249 3764 2589 3837 thematismi
2612 3768 3023 3822 renovationem
3053 3776 3167 3822 tam
3199 3780 3450 3837 expresse
3477 3765 3609 3837 dicit
3645 3764 3849 3837 factam

2250 3838 2469 3903 Romae,
2510 3835 2722 3912 videtur
2748 3837 2989 3912 indicare
3017 3835 3301 3912 Synodum
3347 3837 3488 3912 hanc
3531 3835 3603 3912 ibi
3647 3835 3851 3912 factam

2247 3923 2359 3962 non
2387 3923 2535 3982 esse,
2566 3907 2663 3963 sed
2708 3909 2871 3982 alibi,
2914 3906 3127 3982 puta'in
3178 3911 3369 3982 Monte
3409 3909 3669 3977 Cassiuo,
3699 3906 3852 3981 prius

2248 3994 2413 4051 quam
2441 3981 2733 4035 Salernum
2764 3978 3125 4037 deduceretur
3150 3978 3417 4036 Pontifex.

2314 4050 2459 4123 (I95)
2491 4054 2645 4107 Hanc
2683 4053 2920 4123 eclipsim
2966 4069 3129 4109 nemo
3152 4052 3291 4108 alius
3337 4050 3625 4107 historicus
3656 4049 3842 4123 adno-

2246 4122 2420 4205 tavitl
2454 4126 2597 4205 unde
2645 4122 3108 4205 ejusﬁ’accuratius
3134 4124 3444 4205 deﬁnienda
3488 4122 3701 4205 occasio
3746 4122 3850 4179 de-

2247 4192 2352 4249 fuit
2381 4195 2610 4251 Calvisio
2658 4192 2715 4249 in
2745 4198 2925 4267 Opere
2970 4196 3388 4268 chronologico,
3422 4193 3668 4251 omnium
3713 4209 3851 4265 quas

2248 4268 2451 4348 reperit.
2471 4268 2739 4337 eclipseon
2758 4270 3005 4348 calculos
3031 4269 3335 4324 subducere
3363 4268 3547 4335 solito,
3576 4282 3642 4321 ex
3666 4275 3847 4321 astro-

2247 4339 2481 4392 nomicis
2512 4339 2823 4409 praeceptis.

2320 4412 2464 4479 (196)
2493 4416 2578 4483 An
2608 4427 2643 4483 a7
2664 4408 2933 4466 Romanis
2962 4410 3251 4479 seditiosis,
3278 4420 3420 4483 post
3449 4408 3698 4483 Gregorii
3726 4408 3849 4466 dis-

2248 4495 2462 4536 cessum
2493 4482 2575 4535 vel
2618 4482 2929 4546 deceSsum,
2959 4483 3224 4538 Guiberto
3264 4482 3612 4538 faventibus?
3638 4484 3719 4538 Ita
3745 4497 3847 4539 su-

535 4542 675 4602 lecta
719 4541 909 4604 ménse
954 4541 1281 4619 Decembri,
1311 4559 1372 4607 ut
1398 4550 1710 4621 credimus;
1742 4541 2014 4624 siquidem
2036 4593 2049 4620 ,
2081 4560 2142 4607 ut
2167 4541 2217 4606 D
2248 4552 2426 4624 spicor
2459 4570 2472 4608 :
2500 4552 2775 4610 residebat
2800 4541 2944 4611 enim
2972 4563 3105 4610 tunc
3132 4558 3330 4611 Romae
3358 4554 3675 4611 Guibertus.

1456 4873 2131 4968 PROOEMIUM
2213 4876 2923 4971 MABILLONII

895 5056 997 5119 Ad
1038 5054 1233 5119 Vitam
1268 5059 1462 5119 sancti
1491 5057 1763 5134 Gregorii
1806 5056 1931 5117 νη
1945 5101 1962 5134 ,
1995 5060 2285 5139 scriptam
2317 5073 2355 5122 α
2394 5060 2591 5125 Paulo
2626 5057 3089 5138 Βενηνίοάεηεί,
3125 5053 3472 5141 σαὸέεᾳααῖἱ.

1463 5217 1629 5287 (Acta
1656 5218 1755 5276 SS.
1788 5216 2005 5290 Bened.,
2037 5227 2190 5292 parte
2218 5234 2269 5279 11
2298 5218 2494 5280 Saeculi
2516 5223 2625 5293 VI,
2653 5239 2711 5297 p.
2744 5223 2899 5290 403.)

610 5490 663 5549 1.
699 5492 911 5564 Magnis
954 5492 1337 5551 controversiis
1383 5497 1729 5554 occasionem
1776 5498 2011 5571 praebuit
2049 5502 2128 5558 in-

535 5598 667 5658 gens
694 5586 782 5641 illa
820 5587 1191 5643 sacerdotium
1223 5589 1365 5645 inter
1408 5600 1460 5647 et
1498 5592 1787 5663 imperium
1828 5594 2125 5667 discordia,

533 5695 656 5751 quae
702 5682 803 5736 sub
832 5682 1098 5755 Gregorio
1139 5683 1370 5756 septimo
1399 5701 1537 5759 papa
1566 5696 1623 5742 et
1648 5674 1887 5744 Henrico
1931 5699 2128 5763 quarto

532 5772 865 5847 imperatore
910 5776 1128 5835 exarsit.
1171 5780 1257 5836 De
1298 5778 1381 5839 his
1408 5779 1496 5838 alii
1534 5780 1690 5838 aliter
1730 5781 1993 5856 scripsere
2034 5800 2128 5841 au-

531 5876 711 5930 ctores
754 5869 1141 5945 historiarum,
1191 5882 1312 5934 tum
1362 5884 1570 5938 veteres
1612 5876 1741 5937 cum
1777 5878 2128 5949 recentiores,

2239 5508 2402 5575 prout
2428 5495 2633 5558 scilicet
2671 5502 2915 5574 partibus
2956 5497 3157 5559 addicti
3182 5497 3427 5557 fuerunt.
3464 5501 3582 5558 Nec
3625 5497 3844 5555 animus

2244 5605 2327 5652 est
2375 5596 2645 5667 ejusmodi
2701 5596 3029 5669 quaestiones
3078 5593 3368 5663 refricare,
3417 5611 3542 5667 qua:
3588 5593 3718 5649 nihil
3769 5591 3844 5648 ad

2238 5699 2491 5747 nostrum
2522 5690 2832 5747 institutum
2862 5690 3151 5764 pertinent,
3178 5697 3234 5745 et
3257 5704 3323 5745 ex
3361 5690 3484 5746 aliis
3516 5686 3844 5745 auctoribus

2238 5782 2398 5842 facile
2430 5784 2617 5842 haberi
2657 5794 2904 5859 possunt.
2938 5783 3076 5842 Satis
3112 5782 3219 5842 erit
3257 5783 3415 5841 nobis
3454 5783 3636 5841 Vitam
3676 5779 3844 5852 hujus

2243 5879 2518 5953 pontiﬁcis
2575 5879 2820 5953 proferre
2838 5919 2855 5950 ,
2903 5894 3076 5963 quam
3128 5895 3159 5939 a
3200 5878 3371 5938 Paulo
3430 5873 3840 5943 Bemriedensi,
