4122 6180
254 360 345 415 fail

1248 365 1765 421 PROLEGOMENA.
1811 394 1880 403 --
1914 365 2086 420 ACTA
2229 368 2568 423 GHEGORII.

3458 378 3558 431 142

245 488 445 560 aequali
495 497 744 557 auctore,
774 490 937 561 paulo
963 498 1089 561 post
1115 491 1287 561 ipsius
1324 491 1573 563 Gregorii
1603 499 1843 547 mortem
1870 496 1922 558 Α
1951 491 2117 547 domo
2159 492 2559 549 Brunswicensi
2597 492 2979 562 oriundorum,
3011 494 3106 551 ubi
3158 496 3214 553 in
3243 496 3361 553 Vita
3400 499 3556 554 Hen-

244 583 441 638 litteris
483 582 802 639 mandatam
832 601 897 640 ex
926 585 1188 641 Gretsero
1232 593 1287 641 et
1314 585 1583 642 Bollando
1614 586 1845 642 mutuati

244 692 452 733 sumus.
474 679 651 733 Porro
672 678 889 743 Paulus,
908 679 1043 735 Vitae
1060 678 1222 751 hujus
1246 688 1454 747 auctor,
1473 678 1578 735 fuit
1607 680 1847 751 primum

243 770 665 843 Ratisponensis
705 773 961 829 Ecclesiae
1012 774 1325 841 canonicus,
1374 774 1463 845 qui
1521 791 1647 830 cum
1687 790 1759 831 ex
1784 790 1847 831 ea

244 865 383 921 urbe
408 866 475 921 ab
494 856 734 922 Henrico
750 870 849 935 1V,
874 867 1025 938 quod
1054 868 1173 939 ejus
1202 868 1441 939 partibus
1466 884 1577 923 non
1606 868 1843 936 faveret,

245 959 445 1016 fuisset
469 961 693 1032 ejectus,
727 961 783 1015 in
812 961 1122 1017 ccenobium
1170 962 1455 1030 Bernried,
1492 978 1682 1019 recens
1714 980 1843 1018 con—

242 1062 542 1123 structum,
576 1072 696 1112 sese
727 1056 959 1127 recepit,
997 1056 1111 1122 ubi,
1143 1066 1398 1128 suscepto
1444 1058 1842 1113 canonicorum

238 1148 573 1220 regularium
612 1149 885 1219 instituto,
927 1149 1135 1221 aliquot
1162 1151 1319 1206 annis
1352 1150 1521 1222 degit.
1570 1152 1700 1207 Inde
1742 1155 1844 1207 Ro-

238 1257 388 1297 mam
442 1242 728 1314 profectus
771 1244 1111 1315 pontiﬁcibus
1160 1244 1436 1301 familiaris
1484 1245 1603 1301 fuit.
1638 1249 1843 1302 Prwter

236 1337 490 1409 Gregorii
522 1338 708 1393 Vitam
736 1338 838 1393 alia
857 1338 993 1395 item
1015 1339 1279 1410 opuscula
1299 1339 1648 1410 conscripsit,
1667 1355 1698 1395 θ
1718 1340 1838 1412 qui-

233 1430 333 1486 bus
354 1432 596 1503 ipsemet
615 1431 789 1488 beatae
812 1433 1064 1489 Herlucze
1085 1433 1264 1488 Vitam
1282 1432 1423 1488 infra
1451 1433 1658 1501 laudat,
1675 1449 1840 1506 quam

234 1525 300 1580 ab
327 1524 538 1581 eodem
570 1528 828 1583 Gretsero
858 1526 1065 1583 editam
1096 1527 1434 1583 Bollandiani
1460 1526 1549 1583 die
1582 1533 1649 1583 18
1679 1528 1839 1599 Apri-

230 1619 293 1674 lis
320 1619 637 1677 ediderunt.

299 1721 353 1770 2.
386 1715 755 1772 Recentiores
796 1717 1044 1773 nonnulli
1087 1718 1415 1791 Gregorium
1444 1733 1510 1773 ex
1550 1716 1835 1789 praenobili

233 1809 787 1867 Aldobrandinorum
808 1810 1015 1867 familia
1044 1820 1230 1868 ortum
1260 1813 1427 1868 fuisse
1466 1812 1734 1881 scribunt,
1764 1812 1836 1867 ad

1958 585 2052 640 rici
2072 588 2118 639 II
2148 587 2514 657 imperatoris,
2542 596 2911 658 cognomento
2940 588 3114 661 Nigri,
3145 600 3331 646 narrat
3359 592 3554 649 Hilde-

1958 679 2249 748 brandum,
2278 680 2372 751 qui
2397 688 2527 737 tunc
2557 682 2768 737 Henrici
2796 682 2891 737 ﬁlii
2910 682 3042 755 ejus
3066 683 3395 758 paedagogus
3415 695 3551 753 erat,

1958 774 2129 828 visum
2167 773 2331 829 fuisse
2368 773 2423 829 in
2457 776 2672 844 isomnis
2699 775 2798 846 ipsi
2826 776 3140 848 imperatori
3177 794 3305 833 cum
3346 795 3447 835 suo
3479 780 3555 852 ip-

1955 867 2071 923 sius
2100 868 2213 924 ﬁlio
2237 868 2309 923 ad
2348 883 2594 925 mensam
2630 869 2891 937 assidere,
2920 886 3125 927 cornua
3152 870 3450 929 habentem
3482 874 3552 930 ad

1954 962 2155 1017 caelum
2192 978 2363 1033 usque
2411 962 2685 1030 sublimia,
2707 964 2903 1034 quibus
2948 964 3209 1021 eumdem
3252 967 3551 1023 Henricum

1956 1056 2130 1111 ﬁlium
2163 1056 2217 1110 in
2246 1057 2426 1112 lutum
2455 1056 2761 1127 dejiciebat,
2792 1073 2957 1128 quam
2981 1058 3253 1115 visionem
3283 1076 3412 1117 cum
3440 1068 3550 1118 Au-

1952 1158 2109 1222 gusta
2134 1150 2201 1206 de
2230 1151 2473 1207 Henrico
2490 1150 2601 1207 ﬁlio
2621 1166 2714 1222 per
2737 1151 3172 1209 Hildebrandum
3193 1169 3258 1210 ex
3284 1154 3550 1226 Imperiali

1950 1244 2079 1301 sede
2132 1244 2471 1301 exturbando
2538 1245 2889 1317 interpretata
2966 1244 3181 1304 fuisset.
3252 1247 3549 1320 imperator

1951 1338 2209 1395 eumdem
2246 1339 2683 1396 Hildebrandum
2727 1340 2780 1395 in
2818 1340 3031 1397 vincula
3064 1340 3361 1413 conjecisse
3398 1341 3545 1397 fame

1950 1435 2287 1490 enccandum
2337 1441 2614 1502 narratur,
2665 1449 2831 1505 quem
2860 1443 3045 1506 postea
3099 1443 3307 1503 tamen,
3357 1434 3546 1491 uxoris

1950 1527 2360 1597 intercessione,
2420 1527 2654 1584 liberum
2697 1528 2849 1583 abire
2904 1528 3176 1599 permisit,
3226 1544 3295 1584 ne
3342 1536 3545 1586 temere

1950 1622 2180 1677 somniis
2200 1621 2368 1679 ﬁdem
2395 1620 2732 1689 adhibendo,
2764 1621 3067 1678 innocuum
3084 1622 3266 1694 perire
3305 1621 3543 1694 juberet,

1946 1716 2044 1771 sed
2072 1718 2188 1772 haec
2212 1716 2416 1772 incerta
2440 1724 2589 1784 sunt,
2619 1715 2759 1772 sicut
2782 1723 2838 1771 et
2869 1715 2974 1772 alia
3001 1716 3178 1773 multa
3214 1732 3247 1772 a
3275 1717 3545 1775 recentio-

1944 1810 2096 1867 ribus
2122 1811 2376 1879 conﬁcta,
2410 1825 2533 1882 quae
2562 1809 2790 1881 proinde
2810 1808 3061 1866 omittere
3078 1810 3256 1866 visum
3276 1819 3378 1867 est.

229 1903 378 1975 quod
409 1904 765 1976 probandum
822 1904 908 1960 vix
961 1906 1108 1962 aliud
1137 1905 1437 1978 quidquam
1464 1905 1707 1978 proferre
1744 1922 1833 1962 va-
1872 1888 1918 1950 B
2018 1912 2070 1959 4.
2103 1906 2325 1960 Certum
2368 1912 2451 1960 est
2494 1904 2723 1959 omnino
2751 1904 3081 1976 Gregorium
3106 1903 3176 1959 ab
3209 1905 3323 1977 ipsa
3358 1904 3541 1976 pueri—

230 1998 357 2065 lent,
390 2006 603 2070 praeter
645 1999 936 2056 nominum
964 1999 1398 2057 similitudinem.
1432 2000 1838 2057 Hildebrandus

228 2092 435 2164 quippe
466 2092 767 2149 vocabatur
797 2094 1114 2167 priusquam
1169 2095 1485 2151 eveheretur
1540 2095 1609 2151 ad
1666 2096 1836 2167 ponti-

226 2186 479 2252 ﬁcatum,
509 2195 573 2242 ut
602 2188 860 2244 omnibus
888 2198 1084 2246 notum
1104 2198 1203 2245 est.
1233 2190 1337 2245 Sed
1358 2206 1527 2261 quam
1549 2190 1618 2246 sit
1641 2189 1837 2245 frivola

226 2280 511 2351 ejusmodi
551 2282 713 2347 ratio,
742 2298 909 2338 nemo
944 2299 1056 2338 non
1079 2284 1248 2340 videt.
1283 2284 1553 2341 Baronius
1572 2300 1602 2339 e
1625 2292 1837 2340 contra-

223 2375 300 2429 rio
328 2376 675 2447 Gregorium
697 2376 890 2432 humili
918 2377 1059 2442 loco,
1086 2387 1236 2450 patre
1251 2377 1457 2434 scilicet
1482 2377 1633 2434 fabro
1660 2378 1831 2449 ligna-

220 2468 323 2533 rio,
344 2475 552 2524 natum
584 2468 757 2526 fuisse
810 2471 904 2539 ait,
950 2471 1097 2542 quod
1127 2472 1398 2543 Gregorio
1450 2473 1651 2542 probro
1695 2472 1832 2527 verti

222 2578 330 2618 non
365 2578 567 2636 posse,
624 2566 752 2620 Jesu
799 2565 1001 2621 Christi
1050 2566 1277 2622 Domini
1330 2568 1502 2622 nostri
1554 2567 1829 2638 exemplo,

224 2656 443 2713 evincit.
474 2657 584 2727 Qui
614 2674 741 2714 cum
771 2659 1014 2716 Verbum
1041 2660 1220 2717 Patris
1244 2669 1298 2716 et
1326 2677 1489 2718 verus
1524 2661 1624 2717 Dei
1662 2660 1832 2717 Filius

225 2760 382 2819 esset,
408 2768 479 2807 ex
512 2768 752 2825 paupere
782 2754 1007 2826 Virgine
1048 2755 1218 2825 nasci,
1246 2763 1301 2810 et
1337 2754 1553 2811 fabrum
1598 2763 1832 2826 patrem,

226 2853 280 2899 ut
300 2844 634 2917 putabatur,
665 2846 868 2903 habere
918 2864 1033 2904 non
1058 2858 1141 2905 est
1158 2848 1504 2921 dedignatus.
1553 2847 1829 2919 Papebro-

225 2938 376 2995 chius
404 2956 545 2995 vero
590 2939 719 2998 licet
763 2942 993 3012 primam
1040 2943 1350 3014 opinionem
1388 2942 1621 3015 rejiciat,
1672 2941 1829 2997 alteri

224 3041 408 3090 tamen
437 3050 557 3089 non
590 3036 888 3091 assentitur
918 3037 972 3092 in
994 3037 1287 3108 praemissis
1326 3036 1394 3093 ad
1417 3037 1596 3093 Vitam
1622 3037 1827 3108 Grego-

221 3127 283 3181 n'i
312 3130 443 3197 VII,
481 3127 572 3184 die
598 3135 666 3183 25
709 3130 834 3185 Maii
874 3130 1246 3200 Bollandiani,
1290 3130 1385 3187 ubi
1428 3131 1764 3203 Gregorium
1796 3147 1825 3186 e

222 3221 386 3277 nobili
430 3220 649 3278 familia
680 3222 949 3295 prodiisse
976 3225 1189 3296 probari
1212 3241 1370 3297 posse
1398 3225 1593 3281 exinde
1623 3232 1827 3294 censet,
1860 3266 1905 3329 Ο

225 3316 370 3386 quod
398 3317 458 3371 in
491 3316 645 3372 Actis
674 3318 995 3389 pontiﬁcum
1046 3320 1450 3392 manuscriptis,
1504 3335 1627 3392 quae
1666 3334 1831 3391 penes

222 3426 277 3465 se
300 3411 577 3467 asservari
624 3410 777 3480 dicit,
833 3413 1046 3485 legatur
1104 3414 1354 3485 Gregorii
1386 3420 1625 3485 nepotem
1660 3413 1829 3470 fuisse

222 3507 505 3558 Rusticum
534 3508 855 3575 praefectum
892 3508 1295 3577 Septem-soliis,
1333 3523 1427 3563 seu
1450 3509 1634 3563 domui
1658 3524 1829 3581 quam

218 3597 392 3654 instar
440 3598 588 3653 arcis
634 3601 908 3655 munitam
960 3600 1164 3657 frustra
1189 3601 1463 3657 machinis
1496 3601 1702 3658 bellicis
1727 3618 1825 3657 ex-

221 3708 472 3765 pugnare
526 3702 761 3749 conatus
810 3693 912 3750 fuit
972 3696 1239 3752 Henricus
1289 3696 1606 3767 imperator.
1667 3696 1827 3767 Quod

218 3786 453 3857 quidem
480 3785 749 3855 ofﬁcium,
773 3788 949 3861 inquit
978 3789 1084 3858 ille,
1117 3790 1328 3862 plebeio
1343 3790 1825 3847 hominicommis-

218 3896 341 3935 sum
356 3880 1093 3938 minimefuisset.Eamdem
1123 3886 1459 3940 sententiam
1496 3901 1653 3941 suam
1693 3901 1826 3941 con-

216 3974 406 4030 ﬁrmat
433 3975 591 4030 Pauli
622 3976 791 4047 ipsius
826 3978 1170 4045 auctoritate,
1202 3979 1295 4049 qui
1325 3979 1378 4033 in
1401 3979 1650 4051 Gregorii
1680 3979 1821 4047 Vita,

217 4068 481 4124 observat
518 4068 778 4127 eumdem
826 4072 1141 4143 pontiﬁcem
1174 4072 1433 4128 habuisse
1494 4074 1824 4128 avunculum

220 4162 485 4219 abbatem
515 4165 835 4221 monasterii
860 4174 1062 4222 sanctae
1083 4166 1275 4223 Mariae
1311 4166 1368 4221 in
1401 4166 1694 4223 Aventino.
1722 4169 1823 4223 Ve-

218 4274 347 4313 rum
384 4274 519 4313 cum
546 4258 603 4313 in
624 4259 862 4332 antiquis
882 4261 1256 4317 monumentis
1280 4260 1413 4316 nihil
1461 4262 1598 4317 certi
1636 4260 1705 4317 ad
1732 4261 1821 4317 di-

218 4351 505 4408 rimendas
559 4353 830 4424 ejusmodi
893 4356 1306 4424 controversias,
1363 4355 1676 4412 auctoribus
1722 4357 1820 4411 mi-

213 4447 370 4502 nime
420 4446 529 4503 sibi
604 4448 1090 4517 consentientibus,
1143 4449 1464 4518 inveniatur,
1511 4450 1715 4507 frustra
1756 4450 1822 4505 iis

210 4539 393 4596 fusius
412 4541 681 4613 agitandis
733 4559 921 4599 vacare
952 4560 1067 4600 non
1116 4542 1261 4600 licet.
1302 4544 1576 4601 Eumdem
1606 4545 1659 4599 in
1687 4547 1823 4601 Tus-

1946 1999 2019 2054 tia
2050 1998 2367 2056 monasticae
2403 1997 2729 2070 professioni
2764 2012 2972 2054 nomen
3005 1997 3241 2067 dedisse,
3268 2014 3435 2071 quam
3460 2016 3543 2057 re.

1947 2093 2097 2163 liquo
2137 2093 2264 2149 vitae
2308 2102 2559 2164 tempore
2615 2100 2669 2148 et
2708 2091 2919 2160 dilexit,
2977 2099 3034 2147 et
3078 2092 3197 2163 ejus
3246 2092 3541 2161 exercitiis,

1946 2197 2215 2258 quantum
2260 2186 2565 2258 patiebatur
2590 2202 2778 2243 rerum
2802 2184 3167 2258 gerendarum
3222 2187 3539 2253 necessitas,

1945 2281 2209 2338 incubuit.
2241 2284 2382 2337 Eum
2407 2297 2435 2336 a
2456 2298 2624 2351 puero
2644 2281 2960 2336 monachum
2999 2280 3169 2336 fuisse
3184 2278 3403 2337 disertis
3427 2296 3543 2337 ver-

1946 2376 2030 2431 bis
2074 2375 2240 2431 tradit
2265 2375 2558 2432 Ordericus
2594 2374 2805 2444 Vitalis,
2851 2382 3045 2431 auctor
3072 2374 3295 2431 illorum
3323 2381 3541 2447 tempo-

1945 2486 2070 2526 rum
2100 2470 2565 2536 accuratissimus,
2598 2468 2736 2525 libro
2770 2485 2834 2525 1v
2864 2468 3119 2525 Historiae
3142 2467 3537 2526 ecclesiasticis.

1947 2563 2098 2619 Idem
2119 2565 2312 2636 repetit
2349 2564 2490 2620 libro
2520 2577 2633 2631 vn,
2666 2563 2756 2619 ubi
2786 2561 2904 2619 fuse
2924 2563 3043 2635 ejus
3068 2562 3357 2619 historiam
3406 2580 3537 2636 pro-

1944 2658 2213 2731 sequitur.
2244 2658 2536 2727 [Eumdem
2564 2660 2896 2728 professione
2941 2659 3259 2714 monachum
3302 2658 3541 2730 appellat

1944 2752 2403 2824 Chronographus
2425 2760 2612 2808 noster
2637 2752 2934 2808 Saxonicus
2958 2767 3063 2808 ms.
3086 2751 3535 2817 Adolescentiam,

1940 2847 2113 2919 inquit
2136 2849 2301 2918 Hugo
2334 2845 2751 2902 Flaviniacensis
2796 2845 2852 2900 in
2880 2845 3154 2902 Chronico
3182 2845 3537 2916 Virdunensi,

1942 2946 2215 3011 assumpto
2248 2942 2556 2995 sanctitatis
2606 2940 2893 3009 preposito,
2958 2942 3105 2994 inter
3170 2941 3363 2994 mundi
3410 2958 3536 2996 con-

1940 3041 2238 3105 temptores,
2260 3051 2366 3089 non
2380 3036 2497 3089 sine
2510 3036 2724 3102 magnis
2751 3034 3097 3102 perfectionis
3118 3033 3332 3089 indiciis
3352 3036 3539 3104 perdo-

1935 3133 2090 3185 muit.
2122 3129 2224 3185 His
2260 3128 2471 3184 accedit
2518 3126 2789 3184 Domnizo
2820 3126 2875 3182 in
2923 3127 3041 3183 Vita
3090 3126 3388 3196 Mathildis,
3446 3127 3536 3184 ubi

1939 3222 2190 3296 Gregorii
2243 3230 2481 3279 mortem
2509 3220 2810 3277 monachos
2840 3236 2953 3293 pra:
2980 3220 3213 3289 caeteris,
3238 3220 3388 3292 quod
3422 3221 3537 3293 ipse

1939 3316 2244 3373 monachus
2286 3315 2498 3378 fuisset,
2540 3314 2822 3371 deﬂevisse
2878 3314 3149 3371 observat.
3210 3317 3281 3371 Et
3308 3314 3535 3387 quidem

1936 3413 2128 3468 Petrus
2152 3410 2404 3466 Damiani
2429 3408 2487 3464 in
2529 3408 2798 3479 Opusculo
2830 3414 2919 3473 32,
2956 3409 3104 3479 quod
3137 3407 3321 3464 adhuc
3346 3424 3536 3465 mona-

1936 3505 2071 3561 chus
2100 3504 2203 3576 ipsi
2242 3500 2619 3558 Hildebrando
2644 3500 2999 3572 nuncupavit,
3035 3517 3165 3558 eum
3182 3517 3403 3573 semper
3418 3506 3536 3569 fra-

1938 3605 2073 3655 trem
2100 3595 2531 3668 suumappellat,
2562 3604 2682 3651 tum
2718 3595 2774 3650 in
2808 3593 3148 3666 praefatione,
3192 3603 3314 3651 tum
3343 3594 3398 3650 in
3442 3602 3531 3651 to-

1934 3694 2040 3749 tius
2060 3692 2245 3764 operis
2272 3690 2523 3746 decursu.
2549 3688 2876 3745 Omittimus
2900 3686 3307 3745 Theodoricum
3344 3704 3529 3760 supra,

1935 3802 2090 3843 num.
2121 3792 2174 3857 3,
2224 3783 2521 3853 laudatum,
2554 3781 2925 3839 Trithemium
2971 3790 3027 3839 et
3084 3782 3221 3839 alios
3261 3782 3530 3855 ejusmodi

1936 3890 2205 3937 auctores.
2234 3880 2449 3935 Locum
2500 3891 2629 3933 vero
2681 3875 2735 3931 in
2769 3892 2878 3948 quo
2923 3875 3287 3932 monasticam
3316 3875 3529 3948 profes-

1936 3977 2151 4032 sionem
2173 3973 2339 4039 vovit,
2369 3971 2635 4028 indicasse
2664 3969 2881 4026 videtur
2902 3970 3015 4041 ipse
3042 3969 3261 4037 Paulus,
3281 3986 3439 4026 num.
3471 3978 3525 4040 9,

1935 4068 2028 4125 ubi
2073 4067 2259 4124 scribit
2305 4063 2742 4122 Hildebrandum
2794 4079 2826 4119 a
2864 4062 3097 4135 pueritia
3127 4065 3390 4120 avunculo
3428 4080 3528 4120 suo

1932 4162 2117 4219 abbati
2145 4168 2347 4217 sanctae
2388 4158 2577 4215 Mariae
2622 4156 2678 4214 in
2727 4165 2915 4214 monte
2944 4158 3219 4214 Aventino
3238 4172 3526 4214 commen-

1933 4257 2122 4313 datum
2159 4255 2346 4321 fuisse,
2386 4253 2456 4309 ad
2509 4254 2715 4309 litteras
2744 4251 2906 4308 simul
2954 4259 3009 4307 et
3037 4268 3261 4308 morum
3283 4251 3525 4322 discipli-

1931 4368 2061 4407 nam
2097 4348 2471 4413 addiscendas,
2504 4345 2655 4418 quod
2706 4345 2857 4402 brevi
2910 4344 2979 4401 ab
3016 4361 3083 4402 eo
3117 4344 3323 4402 factum
3355 4345 3525 4401 fuisse

1931 4451 2353 4502 commemorat.

2003 4544 2057 4594 5.
2083 4537 2356 4594 Eumdem
2386 4536 2441 4591 in
2474 4532 2769 4609 percelebri
2806 4532 3143 4590 monasterio
3183 4529 3523 4589 Cluniacensi

211 4636 293 4691 eia
322 4644 523 4691 natum
565 4635 765 4692 diserte
812 4638 1009 4694 asserit
1060 4639 1280 4705 Paulus,
1313 4638 1457 4709 quod
1499 4638 1588 4694 alii
1636 4639 1815 4707 Senis,
1847 4651 1896 4712 Ι)
1925 4632 2288 4690 monasticam
2320 4631 2489 4687 vitam
2518 4630 2692 4702 egisse
2733 4629 2979 4684 sentiunt
3008 4626 3253 4699 plerique
3294 4627 3524 4700 scripto-

209 4729 298 4783 alii
346 4728 496 4800 apud
524 4730 763 4785 Soanam
788 4731 1081 4804 contigisse
1108 4733 1315 4787 volunt.
1347 4733 1451 4787 His
1499 4732 1817 4789 adversatur

210 4823 378 4894 Hugo
424 4824 850 4881 Flaviniacensis
896 4826 954 4881 in
1006 4826 1279 4882 Chronico
1333 4825 1682 4894 Virdunensi,
1721 4827 1813 4882 ubi

216 4917 551 4988 Gregorium
603 4922 779 4974 Bonus
816 4926 1006 4974 natum
1055 4938 1121 4975 ac
1141 4922 1459 4991 parentibus
1491 4922 1691 4975 civibus
1720 4924 1817 4977 Ro-

216 5014 407 5078 manis,
439 5010 665 5067 disertis
690 5013 864 5069 verbis
896 5013 1207 5070 afﬁrmavit.

283 5111 338 5160 3.
372 5105 602 5177 Aliquot
644 5105 824 5163 futura
874 5107 992 5180 ejus
1028 5108 1335 5164 sanctitatis
1387 5110 1650 5181 praesagia
1684 5124 1813 5181 pro-

213 5195 320 5253 fert
358 5199 598 5255 Paulus:
632 5209 687 5256 at
723 5200 844 5256 silet
867 5202 1015 5272 quod
1052 5204 1096 5257 ei
1126 5203 1313 5259 adhuc
1340 5202 1612 5258 infantulo
1646 5202 1819 5258 conti-

212 5291 365 5363 gisse
397 5292 542 5348 aiunt
582 5293 637 5349 in
681 5293 844 5362 fabri,
898 5310 1063 5367 quem
1094 5297 1317 5368 quidam
1362 5298 1571 5363 volunt,
1599 5304 1658 5352 ut
1689 5312 1817 5352 mox

211 5383 563 5454 dicebamus,
588 5388 759 5458 ipsius
796 5396 1016 5461 patrem
1064 5388 1253 5461 fuisse,
1315 5389 1564 5459 ofﬁcina;
1618 5390 1709 5445 ubi
1752 5407 1814 5446 ex

213 5480 511 5550 segmentis
551 5481 874 5553 rejectaneis
901 5500 1031 5539 cum
1078 5484 1256 5540 adhuc
1311 5485 1549 5541 nesciret
1589 5484 1813 5554 litteras,

212 5578 402 5627 tamen
434 5573 672 5631 ludendo
702 5593 794 5633 eas
830 5579 905 5633 ita
954 5580 1328 5649 composuisse
1368 5588 1733 5647 memoratur,
1756 5587 1817 5635 ut

210 5660 541 5723 Davidicum
556 5669 687 5725 illud
704 5672 1077 5743 exprimerent
1098 5673 1383 5729 oraculum
1408 5692 1421 5729 :
1440 5675 1815 5730 Dominabitur

214 5776 244 5812 α
269 5764 421 5816 mari
438 5779 606 5833 usque
654 5766 727 5820 ad
756 5782 924 5820 mare.
956 5766 1122 5823 Aliud
1176 5767 1290 5838 ejus
1315 5766 1512 5824 futura:
1553 5766 1812 5839 potentia}

215 5854 378 5923 priori
419 5856 611 5929 adjicit
652 5860 979 5933 praesagium
1017 5860 1400 5917 Theodoricus
1446 5860 1813 5934 Eugelhusius

214 5950 519 6008 canonicos
544 5952 1041 6011 Hildesheimensis
1074 5956 1134 6011 in
1159 5950 1296 6013 Vitis
1325 5956 1719 6027 imperatorum
1747 5970 1810 6010 ex

1926 4744 2033 4795 res,
2076 4727 2427 4799 potissimum
2465 4723 2818 4789 recentiores,
2850 4721 2941 4794 qui
2963 4737 3094 4778 eum
3125 4726 3394 4778 testantur
3421 4722 3521 4778 ibi-

1924 4823 2049 4880 dem
2078 4821 2275 4894 prioris
2307 4817 2489 4875 ofﬁcio
2531 4815 2693 4873 fuisse
2721 4815 3008 4872 donatum.
3045 4815 3107 4873 Id
3130 4815 3331 4872 diserte
3352 4816 3520 4873 tradit

1925 4919 2056 4973 Otto
2110 4911 2467 4987 Frisingensis
2490 4910 2807 4983 episcopus,
2846 4910 3079 4983 scriptor
3121 4909 3270 4968 haud
3299 4910 3519 4982 ignobi-

1922 5011 2007 5081 lis,
2041 5010 2132 5083 qui
2162 5008 2327 5065 refert
2352 5011 2595 5063 Leonem
2625 5007 2709 5061 IX
2751 5005 2817 5061 ab
2845 5005 3177 5077 imperatore
3200 5003 3519 5075 pontiﬁcem

1923 5105 2267 5178 designatum
2313 5102 2369 5157 in
2410 5100 2620 5157 Italiam
2662 5108 3046 5172 properantem
3091 5099 3411 5155 Cluniacum
3436 5098 3519 5155 di-

1922 5201 2168 5267 vertisse,
2219 5196 2312 5254 ubi
2370 5206 2499 5253 tunc
2551 5193 2959 5251 Hildebrandus
2986 5192 3132 5265 prior
3180 5201 3318 5262 erat,
3368 5191 3522 5264 cujus

1923 5294 2151 5351 consilio
2174 5291 2456 5358 eumdem,
2488 5288 2753 5345 abdicatis
2773 5287 3175 5359 pontiﬁcalibus
3198 5286 3518 5359 insignibus,

1923 5389 2024 5446 sub
2063 5386 2333 5460 peregrini
2378 5383 2569 5440 habitu
2601 5385 2843 5441 Romam
2872 5381 3173 5453 perrexisse
3211 5380 3310 5449 ait,
3341 5379 3519 5437 oomi-

1923 5491 2074 5538 tante
2111 5496 2238 5537 eum
2282 5477 2475 5535 eodem
2520 5475 2916 5546 Hildebrando,
2971 5476 3062 5547 qui
3108 5477 3397 5531 Romanos
3451 5472 3522 5530 ad

1922 5575 2234 5647 eligendum
2266 5573 2446 5645 ipsum
2468 5571 2687 5645 jam_ab
2732 5570 3059 5643 imperatore
3090 5568 3328 5626 electum
3355 5568 3517 5624 indu-

1922 5678 2088 5727 ceret.
2120 5671 2281 5726 Certe
2330 5667 2668 5739 Gregorium
2720 5681 2848 5737 erga
2891 5661 3277 5720 Cluniacenses
3321 5662 3521 5733 optime

1921 5763 2188 5821 affectum
2240 5762 2410 5819 fuisse
2447 5776 2617 5816 nemo
2661 5759 2715 5814 in
2757 5757 2992 5814 dubium
3028 5771 3284 5811 revocare
3314 5761 3515 5826 potest.

1919 5862 2040 5931 Ipse
2068 5857 2251 5928 etiaml
2274 5863 2464 5912 sancto
2511 5856 2742 5925 Hugone
2784 5848 3125 5905 familiariter
3151 5847 3432 5918 .utebatur,
3458 5852 3523 5899 ut

1920 5969 1985 6010 ex
2028 5952 2145 6024 ejus
2194 5950 2320 6008 Vita
2346 5946 2663 6022 patethub
2712 5942 2885 5999 sancti
2938 5938 3145 6008 Maioli,
3177 5953 3275 5993 seu
3320 5937 3519 6009 potius,
