4122 6180
635 376 733 433 143

1861 367 1917 422 s.
1944 346 2340 422 Caesonius
2374 365 2463 421 vn
2498 367 2689 422 ΡΑΡΑ.

3822 370 3925 425 144

628 515 760 556 nam
794 497 868 555 ibi
894 494 1159 554 memoria
1181 494 1393 565 lapsum
1431 489 1598 547 fuisse
1643 490 1872 548 Paulum
1902 504 2217 559 censemus,
2246 496 2302 559 Α
2328 492 2486 549 dium
2535 490 2809 555 adversus.
2822 491 3134 549 sacerdotes
3171 490 3609 560 concubinarios,
3651 500 3710 549 et
3747 493 3927 550 Simo-

629 593 733 651 sub
760 591 935 648 sancti
956 586 1200 647 Odilonis
1223 584 1509 657 disciplina
1566 584 1622 640 in
1650 585 1820 641 rebus
1843 585 2223 657 spiritualibus
2327 586 2530 653 niacos,
2576 601 2700 657 quae
2739 585 2849 643 duo
2916 585 3043 642 vitia
3094 593 3228 642 tunc
3293 585 3559 658 temporis
3615 586 3923 644 Ecclesiam

632 701 759 744 eum
801 682 1077 740 eruditum
1106 678 1276 736 fuisse
1322 678 1503 751 colligi
1538 686 1719 751 potest
1760 696 1823 735 ex
1871 680 2009 736 Vitae
2050 678 2224 745 initio,

633 777 968 848 ubi-legitur,
995 772 1355 829 scintillarum
1396 770 1664 829 visionem
1712 773 1915 844 saepius
1942 781 2223 828 ostensam

518 856 523 863 ’
628 869 878 945 primitus
909 868 964 924 in
1020 865 1396 924 Hildebrando
1454 865 1828 923 Cluniacensis
1910 865 2225 921 monasterii

629 970 841 1035 patrem
884 970 1135 1019 sanctum
1186 960 1452 1018 Maiolum
1511 961 1824 1027 adnotasse,
1878 960 2044 1031 eique
2084 956 2224 1015 illud

627 1056 851 1114 Joannis
911 1055 1175 1129 Baptistae
1218 1054 1502 1126 adaptasse
1554 1071 1570 1110 :
1617 1056 1728 1110 Iste
1790 1068 1926 1125 puer
1992 1068 2225 1124 magnus

627 1150 731 1207 erit
772 1165 963 1207 coram
987 1150 1251 1206 Domino.
1302 1147 1570 1205 Observat
1614 1146 1759 1203 idem
1807 1154 2001 1203 auctor
2036 1145 2224 1202 Hilde-

630 1243 898 1300 brandum
946 1243 1355 1299 adolescentiam
1385 1244 1683 1311 ingressum
1712 1244 1771 1295 in
1793 1243 2080 1296 Franciam
2094 1255 2222 1310 pro-

631 1340 833 1406 fectum
858 1335 1048 1403 fuisse,
1077 1338 1410 1392 domituram
1462 1336 1541 1389 ibi
1570 1337 1751 1389 carnis
1774 1335 2141 1404 petulantiam
2175 1338 2225 1387 et

631 1432 877 1487 molestia
887 1432 1343 1501 peregrinationis
1364 1433 1416 1484 et
1430 1430 1697 1484 instantia
1722 1428 2067 1483 eruditionis.
2089 1429 2225 1499 Quae

634 1522 865 1581 fortasse
900 1524 956 1579 in
992 1522 1325 1580 monasterio
1375 1521 1734 1588 Cluniacensi,
1778 1529 1913 1577 tunc
1961 1518 2224 1592 temporis

635 1616 1018 1686 celeberrimo,
1071 1615 1316 1689 perfecit.
1363 1619 1607 1673 Romam
1658 1629 1929 1681 reversus,
1982 1613 2224 1684 indeque

633 1726 762 1769 cum
783 1711 1051 1784 Gregorio
1068 1713 1168 1778 Vl,
1185 1709 1435 1767 exsulare
1461 1716 1703 1778 coactus,
1729 1707 1894 1766 rediit
1912 1707 2102 1781 procul
2121 1706 2227 1763 du-

631 1804 726 1861 bio
753 1803 1096 1875 Cluniacum,
1124 1804 1217 1861 ubi
1268 1803 1466 1876 prioris
1519 1802 1700 1859 ofﬁcio
1728 1802 1964 1858 donatus
2011 1801 2135 1869 fuit,
2178 1801 2224 1856 si

2330 678 2757 752 pessumdabant
2797 679 2853 736 in
2896 680 3196 736 Germania
3225 679 3577 751 potissimum
3616 688 3670 736 et
3697 680 3755 735 in
3781 682 3930 736 Lon-

2329 772 2607 845 gobardia.
2639 772 2679 829 Ii
2725 788 2854 830 cum
2900 772 3199 829 Henricum
3273 774 3674 838 Germanorum
3708 788 3923 845 regem,

2331 867 2616 924 occasione
2675 866 3112 923 investiturarum
3151 866 3268 938 jam
3323 867 3380 921 in
3434 865 3756 938 pontiﬁcem
3783 867 3927 923 male

2330 960 2590 1018 affectum
2618 975 2745 1017 suas
2778 961 2835 1016 in
2866 969 3048 1033 partes
3071 961 3379 1028 traxissent,
3421 975 3523 1016 nec
3552 960 3609 1017 id
3633 959 3777 1017 ferre
3803 972 3928 1032 pos-

2331 1064 2416 1111 set
2441 1054 2764 1125 Gregorius,
2794 1069 3056 1125 magnum
3092 1052 3149 1109 in
3175 1054 3412 1110 Ecclesia
3440 1052 3714 1110 catholica
3737 1052 3926 1110 incen-

2331 1148 2483 1205 dium
2512 1148 2850 1214 excitarunt;
2901 1162 3030 1202 cum
3082 1147 3171 1203 alii
3196 1146 3458 1219 pontiﬁci,
3502 1146 3593 1203 alii
3626 1147 3745 1218 regi
3783 1145 3927 1203 fave-

2332 1250 2473 1299 rent.
2505 1240 2762 1298 Pontifex
2783 1256 2972 1313 regem
2992 1249 3257 1313 tanquam
3297 1241 3600 1297 multorum
3622 1240 3925 1296 criminum

2331 1351 2510 1403 reum,
2542 1343 2597 1391 et
2616 1334 2822 1392 frustra
2863 1334 3058 1407 saepius
3109 1350 3204 1406 per
3241 1333 3454 1391 litteras
3499 1341 3554 1390 et
3576 1334 3785 1406 legatos
3820 1332 3924 1389 ad-

2332 1430 2603 1485 monitum
2629 1429 3040 1498 communione,
3062 1436 3185 1485 tum
3201 1443 3369 1501 regno
3389 1426 3640 1500 privavit.
3666 1429 3801 1497 Quae
3826 1441 3920 1482 res

2332 1522 2458 1580 ideo
2498 1521 2801 1579 Henricum
2845 1522 3072 1594 ejusque
3090 1530 3394 1579 sectatores
3423 1520 3751 1587 commovit,
3776 1528 3843 1575 ut
3871 1528 3930 1575 et

2334 1616 2451 1687 ipse
2503 1616 2823 1688 pontiﬁcem
2872 1632 2903 1672 e
2931 1616 3060 1673 sede
3103 1615 3409 1674 disturbare
3462 1622 3698 1672 conatus
3741 1612 3926 1679 fuerit,

2334 1717 2618 1781 procurata
2672 1726 2771 1784 per
2818 1711 3098 1783 episcopos
3138 1710 3240 1767 sibi
3280 1708 3631 1789 adhaerentes
3664 1706 3928 1775 adversus

2338 1803 2670 1875 Gregorium
2715 1805 2969 1862 Guiberti
3006 1803 3341 1861 Ravennatis
3363 1801 3647 1870 electione,
3679 1799 3769 1871 qui
3799 1799 3925 1857 Cle-

631 1906 819 1955 tamen
886 1897 991 1954 hac
1053 1914 1296 1970 unquam
1339 1896 1607 1970 dignitate
1658 1897 1842 1968 potius
1896 1895 2017 1952 fuit.
2074 1897 2233 1951 Certe
2261 1878 2309 1940 Β
2339 1898 2542 1953 mentis
2569 1900 2647 1954 111
2677 1913 2886 1956 nomen
2909 1897 3201 1972 usurpavit.
3254 1897 3401 1953 Hinc
3424 1904 3620 1954 natum
3668 1891 3929 1967 gravissi-

633 1991 889 2048 eumdem
935 1991 992 2046 in
1044 1991 1360 2048 monasticis
1396 1989 1701 2061 disciplinis
1743 1989 2025 2046 eruditum
2061 1987 2227 2044 fuisse

634 2084 760 2142 inde
784 2084 964 2157 colligi
988 2092 1191 2156 potest,
1220 2083 1370 2155 quod
1397 2098 1427 2138 a
1471 2086 1655 2139 Leone
1695 2085 1797 2150 1X,
1831 2090 1953 2154 post
1985 2081 2228 2138 reditum

633 2178 689 2233 in
714 2178 952 2249 Urbem,
977 2177 1307 2234 monasterio
1329 2176 1502 2236 sancti
1531 2177 1680 2233 Pauli
1720 2175 2012 2248 praefectus
2039 2175 2223 2241 fuerit,

635 2279 789 2328 uteo
818 2271 875 2327 in
921 2272 1043 2327 loco
1084 2271 1389 2343 regularem
1435 2269 1798 2341 disciplinam,
1853 2284 1979 2341 qua:
2016 2269 2092 2325 ibi
2139 2278 2226 2325 te-

638 2371 847 2437 puerat,
891 2364 1225 2421 restitueret.
1260 2366 1315 2419 ls
1342 2372 1429 2420 est
1477 2363 1593 2435 ipse
1642 2363 1733 2434 qui
1760 2378 1825 2418 eo
1852 2362 2074 2418 nomine
2098 2363 2228 2418 Vin-

632 2457 1026 2515 docinensibus
1063 2457 1349 2514 ecclesiam
1400 2463 1605 2513 sanctas
1669 2455 1873 2512 Priscae
1932 2456 1989 2511 in
2040 2464 2227 2512 monte

634 2551 906 2608 Aventino
935 2555 1135 2608 Romae
1164 2550 1323 2607 sitam
1351 2566 1418 2606 eo
1445 2558 1606 2621 pacto
1646 2550 1829 2617 cessit,
1860 2558 1922 2605 ut
1960 2549 2034 2605 ibi
2078 2565 2225 2606 sem-

630 2659 729 2717 per
750 2643 1048 2702 duodecim
1068 2642 1322 2701 monachi
1351 2642 1804 2711 Vindocinenses,
1839 2658 1945 2700 nec
1974 2658 2224 2715 unquam

633 2737 819 2795 minus
844 2753 1014 2810 quam
1043 2745 1169 2794 octo
1195 2738 1519 2807 regulariter
1545 2738 1734 2792 vivant
1761 2779 1772 2791 .
1802 2736 1865 2792 Id
1882 2737 2144 2795 discimus
2162 2752 2225 2793 ex

634 2831 825 2888 litteris
857 2830 1146 2888 Alexandri
1171 2845 1346 2903 papae,
1377 2831 1568 2903 quinto
1591 2829 1939 2902 pontiﬁcatus
1966 2830 2049 2888 sui
2077 2845 2225 2887 anno

633 2923 799 2993 datis,
824 2923 1021 2996 quibus
1061 2925 1479 2980 convenientiam
1508 2924 1800 2980 conﬁrmat
1835 2940 1897 2980 ea
1942 2923 2011 2981 de
2050 2939 2110 2981 re
2136 2922 2222 2979 fa-

633 3027 783 3075 ctam
802 3020 946 3073 inter
974 3018 1404 3075 Hildebrandum
1423 3018 1857 3072 archidiaconum
1882 3022 2044 3088 atque
2065 3034 2227 3073 emno-

632 3112 714 3166 bii
737 3097 923 3167 sancti
952 3111 1107 3166 Pauli
1151 3125 1471 3165 ceconomum
1514 3124 1607 3164 seu
1635 3114 1910 3172 rectorem,
1945 3118 2003 3166 et
2027 3110 2223 3167 Oderi-

629 3219 758 3261 cum
782 3201 1248 3260 Vindocinensem
1276 3202 1554 3258 abbatem.
1579 3202 1698 3271 Qua
1728 3202 1942 3259 ratione
1975 3204 2225 3259 nonnulli

629 3312 759 3354 eum
785 3296 1245 3352 Vallumbrosano
1280 3294 1458 3352 ordini
1491 3309 1667 3367 nuper
1689 3295 2057 3367 ascripserint,
2100 3296 2219 3354 fuse

627 3390 854 3462 exponit
879 3396 938 3445 et
956 3388 1204 3446 confutat
1221 3388 1641 3462 Papebrocbius,
1689 3389 2024 3462 paragrapho
2044 3397 2099 3458 4,
2128 3390 2224 3448 sed

631 3484 781 3540 nulla
802 3499 864 3540 ea
905 3481 977 3539 de
1003 3498 1065 3540 re
1091 3482 1240 3556 apud
1268 3481 1514 3541 eruditos
1567 3491 1821 3540 auctores
1875 3492 2055 3556 potest
2108 3501 2227 3542 esse

627 3576 941 3635 difﬁcultas.
975 3576 1407 3649 Distinguendus
1459 3584 1545 3633 est
1584 3585 1766 3633 tamen
1809 3587 2000 3635 noster
2037 3579 2226 3636 Hilde-

629 3669 872 3726 brandus
899 3669 968 3725 ab
985 3670 1092 3726 alio
1126 3668 1375 3740 ejusdem
1396 3669 1635 3725 nominis
1662 3659 2014 3728 Cluniacensi
2042 3674 2224 3744 priore

629 3763 742 3818 sive
766 3762 1078 3834 praeposito,
1114 3762 1207 3834 qui
1253 3762 1313 3817 in
1341 3762 1465 3818 Vita
1492 3762 1669 3819 sancti
1701 3763 1914 3822 Odonis
1944 3765 2219 3823 laudatur.

627 3857 841 3926 Quanta
887 3869 1019 3911 vero
1065 3854 1225 3910 fuerit
1267 3854 1441 3912 nostri
1488 3872 1614 3927 erga
1668 3855 2063 3928 professionem
2100 3876 2221 3917 mo-

626 3946 908 4016 nasticam,
930 3962 1057 4004 cum
1083 3948 1152 4004 ad
1189 3947 1566 4020 pontiﬁcatum
1587 3959 1807 4006 evectus
1835 3950 1960 4020 fuit,
1992 3968 2224 4025 prapen-

625 4041 731 4110 sio,
762 4056 830 4097 ex
847 4040 1008 4097 variis
1034 4040 1155 4113 ejus
1178 4042 1423 4113 epistolis
1484 4042 1679 4114 liquet,
1706 4042 1763 4098 in
1797 4043 1995 4115 quibus
2023 4047 2222 4118 passim

625 4134 1028 4191 monachorum
1049 4133 1469 4190 sanctimoniam
1486 4134 1687 4192 laudat
1707 4151 2010 4209 eorumque
2031 4139 2218 4210 quieti,

626 4226 887 4284 adversus
936 4225 1211 4301 quoslibet
1256 4227 1336 4284 eis
1390 4226 1651 4297 infensos,
1690 4238 1920 4302 paterno
1948 4231 2218 4301 providet.

624 4319 884 4394 Legenda
929 4329 1014 4378 est
1047 4335 1112 4377 ea
1135 4319 1206 4377 de
1242 4336 1303 4377 re
1348 4320 1471 4395 ejus
1513 4323 1744 4395 epistola
1775 4329 1865 4393 13,
1917 4324 2012 4382 lib.
2044 4341 2089 4396 ι,
2126 4326 2219 4383 ubi

624 4415 936 4470 Manassem
999 4417 1304 4473 Remorum
1367 4414 1846 4488 archiepiscopum
1919 4418 2222 4476 monachos

621 4507 796 4564 sancti
823 4506 1062 4579 Remigii
1095 4516 1380 4565 vexantem
1411 4509 1756 4580 comprimit;
1780 4509 1965 4581 plures
1979 4511 2048 4568 ad
2071 4514 2217 4567 Lan-

2336 2008 2493 2048 mum
2530 1992 2795 2061 schisma;
2835 2001 2891 2048 et
2929 1993 3311 2065 episcoporum
3364 2003 3761 2063 procerumque
3797 2001 3928 2044 con-

2338 2095 2534 2143 ventus
2556 2086 2870 2158 frequentes
2888 2095 3017 2143 tunc
3035 2086 3302 2159 temporis
3328 2084 3503 2142 fuere.

2407 2186 2462 2236 7.
2488 2180 2674 2237 Placet
2698 2179 2947 2236 ‘omnino
2987 2179 3241 2253 Gregorii
3281 2180 3483 2248 cautio,
3508 2192 3673 2250 quam
3713 2176 3769 2233 in
3792 2192 3930 2232 con-

2335 2274 2456 2330 cilio
2486 2276 2740 2331 Romano
2779 2290 2923 2331 anno
2968 2280 3105 2331 1078
3158 2273 3343 2329 habito
3382 2270 3633 2329 adhibuit
3668 2270 3725 2326 in
3747 2268 3929 2327 feren-

2335 2367 2404 2423 da
2428 2367 3016 2424 excommunicatione.
3040 2368 3133 2424 Ut.
3150 2367 3301 2423 enim
3325 2364 3722 2438 simpliciorum
3753 2362 3931 2418 homi-

2335 2476 2472 2516 num
2500 2461 2594 2533 qui
2621 2459 2694 2517 ad
2725 2459 2995 2533 ejusmodi
3019 2459 3418 2516 dissensionum
3447 2473 3640 2515 causas
3678 2455 3931 2529 apprime

2333 2552 2723 2612 discernendae
2764 2570 2876 2610 non
2920 2561 3078 2611 erant
3150 2552 3508 2621 sufﬁcientes,
3576 2548 3931 2608 conscientia:

2335 2647 2503 2718 quieti
2531 2647 2860 2718 provideret,
2897 2647 3192 2704 declaravit
3236 2646 3373 2703 tales
3402 2644 3659 2702 homines
3701 2658 3928 2699 excom-

2332 2740 2716 2798 municationis
2752 2741 2969 2797 vinculo
3002 2739 3298 2797 innodatos
3325 2755 3435 2796 non
3461 2753 3615 2807 esse;
3645 2736 3787 2793 sicut
3821 2752 3927 2793 ne-

2336 2850 2444 2906 que
2469 2835 2592 2891 illos
2621 2834 2818 2907 quibus
2869 2849 2969 2907 pro
3010 2833 3348 2903 conditione,
3373 2841 3554 2899 aetate,
3594 2838 3693 2887 aut
3728 2838 3927 2886 natura

2334 2929 2943 2986 excommunicatorum
2959 2926 3414 2986 consuetudinem
3441 2925 3613 2982 vitare
3655 2940 3767 2980 nou
3798 2922 3927 2979 lice-

2334 3023 2447 3079 bat.
2498 3022 2749 3095 Gregorii
2802 3022 2970 3079 verba
3016 3020 3343 3094 proferenda
3391 3028 3523 3077 sunt
3568 3034 3633 3074 ex
3678 3015 3929 3089 Hugonis

2335 3115 2756 3172 Flaviniacensis
2778 3115 3045 3172 Chronico
3073 3112 3403 3171 Virdunensi
3427 3112 3496 3169 ad
3524 3126 3734 3168 annum
3765 3114 3924 3165 1078.

2336 3214 2407 3268 Et
2426 3212 2683 3281 quoniam
2705 3210 2919 3272 multos,
2961 3212 3190 3280 peccatis
3216 3210 3412 3265 nostris
3438 3207 3794 3276 exigentibus,
3820 3221 3929 3275 pro

2335 3320 2499 3360 causa
2544 3305 3106 3359 emcommunicationis
3146 3303 3391 3373 quotidie
3425 3302 3605 3372 perire
3638 3301 3929 3367 cemimus,

2332 3402 2539 3470 partim
2574 3398 2900 3467 ignorantia,
2944 3398 3147 3467 partim
3187 3399 3348 3452 etiam
3372 3398 3542 3450 nimia
3560 3394 3923 3464 simplicitate,

2331 3495 2537 3564 partim
2579 3494 2792 3555 timore,
2814 3493 3025 3561 partim
3062 3492 3223 3545 etiam
3252 3491 3420 3544 nim-ia
3467 3490 3796 3555 necessitate,
3836 3487 3932 3542 de-

2333 3589 2467 3641 victi
2500 3586 2889 3648 misericordia,
2947 3584 3309 3639 anathematis
3367 3585 3710 3649 smtentiam,
3757 3584 3931 3651 prout

2327 3696 2629 3750 possumus,
2661 3679 2735 3734 ad
2761 3683 2966 3748 tempus
3008 3682 3303 3748 opportune
3351 3682 3727 3747 temperamus.
3775 3676 3928 3744 Apo-

2330 3775 2517 3829 stolica
2529 3775 2715 3842 itaque
2738 3774 3060 3827 auctoritate
3081 3770 3151 3825 ab
3179 3771 3543 3826 anathematis
3569 3770 3779 3824 vinculo
3805 3768 3931 3823 sub-

2333 3869 2595 3922 trahimus
2641 3867 2885 3921 videlicet
2928 3880 3140 3929 umores,
3186 3864 3393 3926 liberos,
3434 3878 3633 3927 servos,
3674 3863 3923 3925 ancillas,

2330 3975 2422 4015 seu
2448 3960 2741 4030 mancipia,
2761 3974 2855 4013 nec
2876 3974 2981 4013 non
3002 3960 3229 4013 rusticos
3248 3963 3299 4013 et
3333 3960 3639 4026 servientes,
3672 3962 3725 4012 et
3748 3971 3928 4012 omnes

2329 4055 2463 4109 alios
2491 4056 2590 4123 qui
2641 4068 2745 4108 non
2783 4053 2915 4107 adeo
2962 4052 3191 4107 curiales
3224 4055 3368 4115 sunt,
3407 4056 3472 4107 ut
3494 4067 3677 4107 eorum
3704 4052 3926 4105 consilio

2329 4146 2523 4202 scelera
2539 4150 2934 4217 perpetrentur,
2954 4150 3005 4200 et
3020 4146 3139 4201 illos
3163 4147 3264 4216 qui
3288 4147 3598 4215 ignoranter
3622 4160 3925 4200 excommu-

2327 4242 2523 4295 nicatis
2551 4241 2957 4302 communicant,
2984 4254 3078 4294 seu
3100 4240 3221 4294 illos
3261 4240 3359 4310 qui
3393 4240 3784 4294 communicant
3805 4252 3930 4292 cum

2330 4336 2405 4388 eis
2428 4335 2526 4403 qui
2548 4333 2936 4388 communicant
2964 4334 3446 4388 excommunicatis.
3486 4333 3795 4401 Quicunque
3831 4346 3929 4387 au-

2330 4430 2433 4481 tem
2461 4430 2660 4489 orator,
2686 4426 2798 4480 sive
2818 4429 3141 4496 peregrinus
3165 4430 3263 4481 aut
3281 4428 3458 4481 uiator
3483 4428 3542 4480 in
3560 4430 3707 4481 terra
3725 4439 3929 4480 excom-

2327 4521 2717 4573 municatorum
2752 4521 2979 4589 venerit,
3010 4521 3107 4573 ubi
3127 4535 3234 4574 non
3270 4521 3443 4589 possit
3469 4534 3657 4587 emere,
3697 4523 3793 4573 aut
3815 4534 3927 4573 non

623 4598 873 4657 francum
921 4600 1140 4673 scripsit
1177 4601 1233 4657 in
1273 4601 1509 4673 gratiam
1543 4602 1942 4660 monachorum
1979 4606 2212 4678 Angliaa.
2246 4619 2295 4682 ι)
2324 4613 2483 4668 habet
2522 4613 2667 4667 unde
2703 4618 2865 4675 emat,
2905 4614 2973 4667 ab
3003 4614 3485 4683 excommunicatis
3507 4612 3805 4682 accipiendi
3851 4612 3924 4666 li-

624 4693 833 4751 Eorum
858 4695 1151 4767 plerosque
1176 4694 1232 4750 in
1259 4695 1620 4753 cardinalium
1652 4696 1948 4769 collegium
1974 4698 2208 4771 adlegit;

621 4786 811 4843 statim
858 4794 1024 4859 atque
1052 4786 1293 4859 pontifex
1335 4788 1442 4845 fuit
1469 4789 1832 4859 renuntiatus,
1867 4793 2213 4849 Casinensem

620 4878 882 4935 abbatem
907 4879 1012 4937 sibi
1039 4879 1233 4938 adesse
1260 4882 1448 4951 voluit,
1475 4899 1539 4939 ac
1575 4884 1742 4940 morti
1779 4886 2060 4956 proximus
2092 4888 2211 4943 Hu-

618 4987 825 5044 gonem
848 4972 1128 5043 Diensem,
1151 4974 1420 5031 Ottonem
1449 4990 1515 5030 ex
1530 4977 1794 5033 Remensi
1820 4978 2081 5035 canonico
2092 4995 2215 5036 mo-

619 5064 1028 5133 nachum,tunc
1053 5066 1386 5124 cardinalem
1408 5068 1742 5139 Ostiensem,
1767 5084 1833 5125 ac
1860 5071 2210 5130 Desiderium

617 5157 998 5227 Casinensem,
1026 5158 1175 5215 solos
1222 5168 1287 5215 ut
1313 5158 1416 5216 sibi
1454 5159 1854 5219 substituantur
1890 5162 2085 5236 dignos
2111 5166 2210 5222 de-

616 5250 873 5324 signavit,
926 5266 993 5307 ex
1031 5250 1234 5323 quibus
1263 5251 1374 5309 duo
1414 5252 1592 5309 uln‘mi
1628 5255 1964 5313 Benedictini
1994 5259 2211 5331 pontiﬁ-

614 5358 706 5401 ces
725 5343 893 5401 fuere.
913 5344 1187 5416 Denique,
1210 5352 1276 5402 ut
1297 5344 1372 5401 ait
1388 5344 1678 5404 0rdericus
1702 5348 1917 5420 Vitalis,
1950 5350 2091 5408 libro
2121 5368 2208 5422 1v,

613 5438 748 5492 alios
776 5452 984 5507 quoque
1017 5439 1318 5502 monachos,
1360 5445 1527 5509 prout
1564 5444 1705 5497 ratio
1751 5443 1977 5499 ducebat
1992 5461 2204 5515 promo-

614 5532 714 5598 vit,
741 5534 794 5587 et
828 5530 1172 5588 diversarum
1217 5533 1556 5591 ecclesian
1584 5536 1762 5593 tutela:
1802 5537 2039 5608 digniter
2072 5556 2206 5611 prce-

612 5625 764 5691 fecit.

682 5724 737 5774 6.
786 5718 1144 5776 Auctoritatis
1167 5726 1227 5777 et
1254 5719 1552 5795 disciplinae
1582 5724 1961 5784 ecclesiastica:
1999 5729 2199 5785 acerri-

611 5826 735 5868 mus
773 5810 969 5869 vindex
1002 5810 1105 5869 fuit
1155 5813 1477 5886 Gregorius,
1515 5823 1632 5873 tam
1677 5824 1804 5873 ante
1856 5834 2025 5890 quam
2078 5830 2203 5891 post

608 5903 804 5961 initum
833 5905 1233 5978 pontiﬁcatum.
1256 5907 1528 5965 Fervebat
1552 5908 1901 5993 potissimum
1936 5910 2057 5983 ejus
2086 5921 2201 5971 stu-

2321 4708 2549 4761 centiam
2572 4707 2784 4762 damus.
2810 4709 2890 4762 Et
2916 4708 2966 4761 si
3001 4708 3123 4775 quis
3152 4706 3619 4762 ercemmunicatis
3665 4721 3768 4761 non
3803 4720 3926 4761 sus-

2321 4802 2610 4854 tentatione
2636 4800 2921 4870 superbire,
2952 4800 3045 4854 sed
3088 4800 3439 4855 humanitatis
3481 4814 3645 4855 causa
3676 4798 3922 4868 .aliquid

2321 4893 2456 4948 dare
2491 4894 2742 4960 voluerit,
2789 4907 2896 4946 non
2926 4892 3290 4964 prohibemus.
3338 4892 3500 4966 Idem;
3521 4899 3756 4949 testatur
3780 4893 3918 4947 Ber-

2320 4985 2549 5041 tholdus
2617 4983 3047 5041 Constantiensis
3097 4986 3379 5059 presbyter
3428 4985 3486 5041 in
3539 4984 3815 5042 Chronico
3847 4983 3921 5042 ad

2320 5093 2527 5134 annum
2560 5084 2720 5136 1078.
2776 5080 2911 5135 Haec
2937 5078 3126 5151 procul
3171 5078 3344 5137 dubio
3393 5078 3666 5136 didicerat
3696 5078 3918 5149 Grego-

2318 5171 2430 5228 rius
2479 5187 2549 5229 ex
2579 5172 2721 5229 beati
2752 5172 2932 5229 Patris
2962 5172 3243 5229 Benedicti
3262 5173 3469 5245 regula,
3498 5171 3590 5245 qui
3642 5170 3811 5228 semel
3856 5178 3915 5227 et

2319 5267 2514 5321 iterum
2543 5274 2706 5338 vetat,
2755 5281 2826 5322 ne
2878 5264 2979 5335 illi,
3027 5265 3119 5339 qui
3146 5275 3351 5339 quanta
3381 5266 3451 5323 sit
3474 5262 3918 5346 excommunica-

2315 5358 2481 5413 tionis
2510 5374 2672 5429 pmna
2713 5358 2987 5431 ignorant,
3016 5375 3080 5416 ea
3110 5358 3394 5417 feriantur.
3426 5362 3495 5415 Et
3529 5357 3753 5431 quidem
3782 5371 3918 5413 eum

2317 5450 2589 5522 ejusmodi
2621 5467 2865 5510 censura:
2908 5453 3126 5511 nonnisi
3175 5452 3246 5508 ad
3286 5450 3717 5510 aediﬁcationem
3759 5448 3918 5529 adhi-

2313 5542 2507 5601 bendae
2560 5545 2687 5613 sint,
2738 5545 2895 5605 aliter
2932 5545 3167 5620 agendo,
3204 5544 3261 5601 in
3330 5543 3762 5603 destructionem
3818 5556 3921 5599 eas

2311 5636 2653 5711 frequentius
2698 5639 2945 5713 usurpari
2992 5638 3271 5709 contingit.
3322 5640 3488 5696 Plura
3534 5637 3804 5695 habentur
3828 5650 3922 5692 va-

2313 5732 2408 5788 riis
2434 5732 2488 5788 in
2507 5732 2777 5801 conciliis,
2802 5748 2924 5807 qua;
2941 5732 3009 5788 ab
3030 5746 3095 5788 eo
3121 5731 3380 5804 pontiﬁce
3404 5739 3730 5805 congregata
3753 5737 3914 5795 sunt.

2309 5824 2381 5881 ad
2410 5824 2714 5896 disciplinae
2751 5825 3125 5883 ecclesiasticae
3162 5825 3587 5891 restitutionem,
3618 5825 3914 5882 vitiorum-

2309 5932 2415 5989 que
2444 5916 2887 5989 exstirpationem
2938 5920 3195 5991 praeclare
3238 5919 3469 5987 sancita,
3498 5933 3625 5991 qua:
3680 5916 3772 5975 hic
3801 5913 3899 5975 fu-
