4122 6180
239 262 341 318 HS

1233 219 1754 320 PROLEGOME‘NA.
1799 293 1888 306 —--
1906 265 2082 321 ACTA
2123 265 2179 320 S.
2219 263 2562 318 GREGORII.

3385 296 3396 318 ,ι
3439 264 3540 317 146

235 388 352 444 sius
380 386 691 442 describere
734 401 850 443 non
895 395 980 443 est
1027 387 1197 444 nostri
1238 388 1493 456 instituti,
1524 397 1578 444 et
1618 389 1836 460 quidem
1865 394 1916 456 A
1947 389 2220 456 Roderici,
2250 405 2361 444 non
2407 394 2731 443 servaretur.
2758 386 2936 458 Typis:
2963 385 3187 442 tandem
3231 385 3407 442 editus
3438 394 3539 452 est,

236 482 513 536 habentur
535 480 586 535 in
609 480 836 552 vulgatis
858 481 1216 537 conciliorum
1232 481 1656 537 collectionibus.

308 578 363 628 8.
399 573 553 629 [dem
599 572 962 629 reformanda
1018 575 1294 642 Ecclesia,
1345 576 1664 646 virtutisque
1708 591 1835 647 pro-

238 667 532 723 movenda
584 667 779 723 ardens
830 667 1094 735 studium,
1151 669 1416 739 plerisque
1479 669 1532 723 in
1596 668 1834 739 ejusdem

235 761 383 816 beati
435 760 709 832 pontiﬁcis
733 760 976 832 epistolis
1004 760 1201 817 elucet.
1243 765 1390 817 Inter
1417 778 1558 833 quas
1585 762 1838 833 complu-

235 871 325 910 res
354 863 484 911 snnt
538 853 608 910 ad
657 855 833 910 varios
878 854 1047 910 totius
1088 855 1236 910 orbis
1280 855 1563 911 Christiani
1610 871 1762 927 reges
1785 865 1840 911 et

235 949 536 1021 principes,
565 947 764 1019 quibus
807 948 983 1004 bonos
1027 947 1276 1004 laudibus
1318 957 1371 1004 et
1388 949 1840 1020 gratulationibus

236 1043 308 1098 ad
341 1043 555 1113 majora
583 1057 683 1113 pro
726 1041 985 1098 Ecclesia
1016 1041 1246 1099 utilitate
1277 1042 1616 1114 suscipienda
1640 1042 1834 1098 adhor-

234 1143 422 1202 tatur;
481 1135 706 1191 vitiosos
752 1150 881 1191 vero
929 1135 1118 1191 nititur
1167 1135 1330 1192 minis
1368 1137 1436 1191 ‘et
1474 1136 1842 1192 ecclesiasticis

235 1229 486 1285 censuris
515 1228 586 1284 ad
623 1229 906 1284 meliorem
956 1226 1171 1301 frugem
1215 1244 1488 1285 revocare.
1545 1227 1838 1285 Alfonsum

237 1322 494 1378 Castella
524 1338 734 1394 regem,
789 1322 880 1392 qui
911 1322 1095 1377 uxoris
1146 1337 1260 1381 sua
1297 1323 1758 1394 consanguineam
1787 1323 1841 1378 in

233 1416 532 1487 conjugem
581 1423 945 1486 assumpserat
988 1415 1057 1470 ab
1107 1415 1418 1471 incestuoso
1447 1414 1723 1472 connubio
1751 1415 1841 1472 de-

235 1509 462 1574 terruit;
499 1507 811 1564 Robertum
839 1508 1241 1564 Guisehardum
1277 1511 1741 1565 Nortmaunorum
1786 1511 1838 1565 in

232 1603 380 1659 Italia
424 1600 906 1673 principem,,qui
964 1602 1220 1658 Ecclesia
1272 1611 1445 1658 terras
1504 1603 1834 1671 devastabat,

230 1695 631 1752 communione
674 1695 922 1767 privavit,
961 1711 1024 1750 ac
1063 1703 1248 1766 postea
1312 1695 1437 1752 facti
1489 1696 1837 1768 panitentem

229 1790 472 1847 restituit
500 1788 880 1845 communioni
898 1788 1294 1845 ecclesiastica.
1336 1792 1571 1845 Econtra
1607 1791 1843 1861 optimos

232 1885 510 1956 principes
562 1882 738 1939 modis
774 1882 1032 1940 omnibus
1069 1881 1265 1954 quibus
1317 1883 1544 1950 valebat,
1597 1883 1700 1938 sibi
1731 1892 1839 1939 sat-

229 1977 426 2049 agebat
472 1976 930 2033 devincire.Hinc
965 1978 1145 2033 mitra
1194 1992 1356 2032 usum
1386 1977 1666 2033 Bohemia
1693 1976 1840 2043 duci,

229 2072 294 2126 ab
315 2069 639 2127 Alexandro
672 2073 724 2125 II
757 2071 876 2143 jam
908 2071 1254 2142 permissum,
1285 2070 1650 2126 conﬁrmavit.
1683 2072 1837 2126 Suei-

229 2181 299 2220 no
328 2167 632 2219 Danorum
652 2163 762 2236 regi
797 2164 1002 2219 litteras
1038 2180 1150 2220 non
1175 2164 1342 2220 semel
1389 2163 1620 2235 scripsit,
1647 2164 1842 2236 quibus

229 2257 351 2329 ipsi,
401 2257 483 2312 ob
511 2257 994 2329 propensissimam
1031 2257 1086 2312 in
1118 2257 1306 2314 sedem
1363 2258 1718 2329 apostolicam
1749 2274 1841 2313 vo-

231 2351 510 2410 luntatem
551 2351 859 2422 gratulatus
905 2359 1006 2416 est,
1070 2357 1231 2422 atque
1283 2351 1350 2405 ab
1404 2366 1469 2406 eo
1512 2351 1727 2422 expetiit
1781 2360 1841 2406 ut

233 2460 406 2499 unum
441 2460 476 2499 e
502 2444 619 2500 suis
643 2444 767 2499 ﬁliis
790 2445 848 2499 in
868 2444 1080 2500 Italiam
1104 2444 1366 2510 mitteret,
1397 2444 1490 2516 qui
1512 2446 1648 2508 dux,
1689 2447 1841 2514 prin-

233 2554 344 2607 ceps
374 2554 442 2592 ac
472 2537 728 2604 defensor
764 2539 1195 2594 Christianitatis
1238 2547 1397 2594 esset.
1459 2538 1546 2594 Ad
1597 2538 1838 2609 ejusdem

233 2631 371 2702 regis
411 2630 608 2686 Sueini
660 2629 857 2698 ﬁlium,
887 2630 1002 2702 jam
1055 2630 1192 2702 patri
1216 2630 1471 2686 defuncto
1518 2629 1839 2703 suffectum,

235 2725 469 2796 scripsit,
502 2733 569 2780 ut
595 2739 723 2778 eum
762 2725 926 2795 patris
961 2723 1042 2779 sui
1073 2725 1290 2780 virtutis
1328 2725 1594 2781 amulum
1636 2724 1703 2780 ad
1742 2727 1837 2780 Ec-

236 2818 525 2873 clesiarum
556 2815 932 2873 defensionem
962 2818 1231 2873 invitaret.

303 2917 357 2965 9.
391 2913 601 2983 Ingens
628 2910 787 2965 etiam
827 2910 902 2965 illi
938 2911 1264 2967 desiderium
1303 2911 1477 2967 inerat
1518 2927 1711 2967 omnes
1737 2914 1838 2967 Ec-

238 3005 426 3060 clesias
456 3004 515 3058 in
539 3019 710 3059 unam
748 3003 871 3059 ﬁdei
908 3005 1198 3060 concordia
1217 3004 1547 3074 irevocandi;
1578 3013 1842 3076 quantum

239 3114 371 3154 vero
419 3097 804 3169 efﬁagitaverit
855 3097 1113 3152 unionem
1164 3096 1419 3154 Ecclesia
1476 3099 1668 3154 Greca
1714 3114 1839 3153 cum

236 3195 520 3255 Romana,
543 3190 755 3247 discere
774 3189 897 3246 licet
931 3207 997 3246 ex
1023 3191 1140 3263 ejus
1159 3191 1381 3262 epistola
1417 3191 1624 3248 decima
1654 3200 1840 3248 octava

240 3285 355 3340 libri
401 3300 448 3350 ι,
486 3299 612 3355 qua
637 3291 720 3339 est
735 3282 802 3338 ad
838 3283 1161 3340 Michaelcm
1185 3285 1426 3340 Orientis
1453 3285 1840 3356 imperatorem

239 3379 378 3435 data.
405 3377 556 3448 Quin
581 3385 637 3432 et
692 3377 749 3432 in
803 3377 1084 3433 Orientem
1139 3377 1407 3448 proﬁcisci
1453 3377 1837 3445 meditabatur,

239 3473 389 3546 quod
441 3470 683 3526 Henrico
731 3473 1112 3526 Romanorum
1146 3470 1258 3543 regi
1285 3471 1513 3542 epistola
1545 3475 1614 3526 30
1645 3472 1762 3527 libri
1792 3488 1840 3528 ιι

241 3573 477 3621 testatus
505 3557 609 3632 est,
632 3580 746 3620 non
767 3564 951 3619 solum
980 3573 1041 3619 ut
1079 3563 1324 3631 Gracos,
1356 3569 1631 3620 Armenos
1676 3565 1840 3620 alios-

241 3675 344 3731 que
371 3658 667 3714 bareticos
710 3657 963 3714 Ecclesia:
1013 3657 1404 3727 reconciliaret,
1452 3657 1549 3715 sed
1591 3658 1754 3714 etiam
1783 3666 1844 3716 ut

243 3752 586 3808 Christianos
611 3751 864 3823 eriperet,
893 3750 984 3822 qui
1013 3751 1114 3806 sub
1161 3752 1558 3820 Saracenorum
1583 3753 1844 3808 servitute

245 3846 555 3918 gemebant.

320 3946 404 3995 10.
443 3941 656 3995 Omnes
702 3939 776 3995 ita
812 3941 1081 3997 Romana
1109 3939 1367 3996 Ecclesia
1396 3941 1845 3997 communionem

245 4033 457 4088 ambire
483 4033 721 4101 volebat,
762 4041 822 4089 ut
849 4033 1012 4089 etiam
1032 4033 1238 4090 rituum
1263 4033 1675 4105 discrepantiam
1705 4051 1847 4106 agre

250 4127 444 4183 ferret:
486 4125 611 4183 hinc
640 4135 922 4200 tantopere
955 4126 1255 4197 desudavit,
1303 4135 1363 4183 ut
1391 4129 1560 4182 ritum
1603 4129 1848 4183 Mozara-

245 4221 457 4290 bicum,
490 4235 600 4291 quo
626 4237 654 4275 a
692 4221 1064 4294 compluribus
1091 4220 1303 4277 saculis
1331 4219 1712 4292 Hispaniarum
1745 4225 1845 4277 Ec-

245 4315 422 4371 clesia
456 4315 769 4383 utebantur,
822 4315 1036 4387 penitus
1070 4313 1327 4370 auferret.
1375 4317 1608 4370 Exstant
1668 4330 1728 4370 ea
1780 4314 1848 4371 de

245 4424 305 4465 re
332 4409 454 4480 ejus
487 4409 727 4479 epistola
763 4415 832 4464 63
883 4417 937 4465 et
996 4415 1064 4465 64
1094 4409 1212 4464 libri
1257 4423 1279 4463 1
1327 4408 1394 4464 ad
1424 4407 1716 4465 Alfonsum
1755 4409 1844 4464 Ca-

1874 1749 1921 1809 Β

1941 482 2167 554 jubeute
2195 481 2464 536 cardinale
2505 480 2794 548 Ximenio,
2825 479 2915 550 qui
2963 479 3019 534 in
3057 479 3259 550 capella
3306 479 3542 551 quadam

1949 575 2200 631 Ecclesiae
2239 575 2541 640 Toletana,
2594 573 2980 644 nonnullisquc
3023 572 3077 626 in
3119 572 3357 632 ecclesiis
3385 588 3543 644 paro-

1947 669 2207 724 chialibus
2261 667 2526 737 hodieque
2571 666 2844 721 observari
2888 664 3104 721 dicitur.
3134 668 3406 723 Caeterum
3450 681 3542 722 eo-

1947 762 2076 820 dem
2107 761 2369 834 ﬁagrabat
2394 759 2658 816 desiderio
2678 759 2972 831 Gregorius
2994 775 3120 815 cum
3147 761 3208 815 F.
3260 762 3539 816 Sueonum

1950 858 2057 928 regi
2105 855 2405 928 gratulatus
2446 860 2547 918 est,
2581 851 2725 924 quod
2756 852 3063 908 Gallicanos
3091 852 3359 923 quosdam
3388 853 3536 908 verbi

1948 951 2050 1007 Dei
2082 949 2430 1006 administros
2470 947 2813 1018 suscepisset,
2849 961 2881 1001 a
2908 945 3104 1016 quibus
3121 946 3255 1002 ritus
3275 949 3540 1002 Romana

1947 1044 2205 1100 Ecclesia
2245 1049 2553 1112 acceperat;
2584 1039 2761 1110 ipsum
2793 1053 2918 1094 vero
2964 1037 3270 1110 interpellat
3311 1039 3538 1110 epistola

1955 1144 2011 1192 11
2045 1137 2141 1192 lib.
2165 1151 2309 1204 vm,
2346 1143 2408 1191 ut
2436 1132 2727 1190 nonnullos
2753 1147 2783 1187 e
2811 1131 2922 1187 suis
2959 1131 3182 1186 clericos
3209 1139 3305 1187 aut
3336 1132 3540 1203 episco-

1949 1247 2048 1303 pos
2083 1232 2323 1285 Romam
2354 1229 2561 1297 mittat,
2600 1226 2711 1297 qui,
2739 1225 2853 1281 sedi
2881 1223 3191 1296 apostolica
3237 1227 3406 1292 gentis
3434 1241 3542 1279 mo-

1948 1327 2099 1379 ribus
2128 1330 2183 1380 et
2203 1328 2360 1378 terra
2385 1320 2798 1376 habitudin-ibus
2825 1318 3106 1390 expositis,
3131 1316 3254 1373 inde
3289 1317 3540 1372 mandata

1951 1418 2001 1472 in
2040 1416 2268 1488 patriam
2313 1414 2594 1482 referrent,
2637 1414 2792 1484 queis
2837 1421 2954 1468 tota
3010 1426 3142 1484 gens
3185 1409 3538 1466 imbueretur.

1950 1511 2036 1566 Ad
2067 1510 2212 1566 idem
2238 1509 2468 1581 pertinet
2487 1507 2708 1580 epistola
2743 1505 2942 1561 13libri
2972 1520 3111 1571 vm,
3134 1504 3185 1559 in
3207 1519 3315 1577 qua
3345 1503 3544 1560 Olaum

1949 1605 2233 1676 Norvegia
2264 1618 2446 1674 regem
2473 1610 2661 1657 monet
2690 1599 2856 1672 (quod
2881 1615 2937 1655 se
2964 1598 3084 1670 jam
3121 1601 3404 1652 Danorum
3433 1597 3544 1668 regi

1948 1699 2221 1769 scripsisse
2264 1697 2408 1762 dicit)
2440 1704 2500 1751 ut
2523 1694 2590 1750 de
2614 1692 2919 1766 junioribus
2942 1699 2996 1746 et
3012 1690 3368 1746 nobilioribus
3395 1690 3546 1762 regni

1951 1793 2032 1848 sui
2061 1792 2268 1861 aliquot
2303 1790 2370 1846 ad
2396 1789 2577 1844 aulam
2608 1789 2920 1841 Romanam
2949 1784 3148 1851 mittat,
3178 1783 3270 1854 qui
3305 1783 3404 1839 sub
3441 1785 3546 1838 alis

1951 1885 2308 1956 apostolorum
2331 1884 2476 1938 Petri
2499 1887 2549 1936 et
2583 1882 2742 1936 Pauli
2761 1878 2976 1945 eruditi,
2998 1887 3182 1950 postea
3229 1877 3286 1932 in
3316 1876 3545 1948 patriam

1951 1978 2198 2044 reduces,
2225 1985 2398 2032 totam
2440 1974 2718 2046 regionem
2743 1973 2795 2027 in
2834 1974 3104 2028 Romana
3128 1969 3382 2026 Ecclesia
3417 1985 3546 2025 con-

1949 2070 2324 2128 suetudinibus
2351 2067 2563 2125 erudire
2605 2074 2846 2139 possent.
2898 2065 3167 2121 Nonnulla
3197 2064 3264 2119 ab
3303 2079 3367 2120 eo
3406 2063 3546 2119 circa

1950 2165 2084 2220 ritus
2114 2163 2506 2220 ecclesiasticos
2533 2161 2779 2216 instituta
2826 2157 2992 2214 refert
3019 2165 3213 2214 auctor
3242 2156 3544 2228 Micrologi,

1950 2274 2076 2332 qua
2095 2274 2125 2313 a
2164 2258 2400 2314 Baronio
2428 2255 2719 2312 laudantur
2735 2254 2806 2310 ad
2831 2268 3037 2308 annum
3069 2257 3226 2308 1085.

2025 2359 2108 2408 11.
2147 2350 2533 2423 Berengarium
2572 2348 2889 2406 hareticum
2959 2353 3085 2418 post
3138 2345 3364 2401 itcratas
3412 2359 3543 2400 con-

1949 2446 2322 2502 dcmnationes
2369 2444 2569 2516 sapius
2595 2441 2666 2498 ad
2716 2441 2983 2498 vomitum
3025 2438 3342 2496 redeuntem
3395 2453 3546 2494 com-

1949 2539 2144 2611 pressit
2179 2537 2615 2610 vigilantissimus
2649 2533 2910 2606 pontifex,
2937 2541 2991 2588 et
3017 2548 3185 2605 quem
3209 2549 3354 2589 anno
3385 2538 3546 2601 1055,

1949 2634 2050 2689 sub
2077 2633 2293 2688 Victore
2321 2633 2371 2686 II
2403 2638 2530 2686 tunc
2567 2628 2709 2685 sedis
2735 2626 3048 2699 apostolica
3091 2628 3296 2699 legatus
3340 2627 3395 2682 in
3420 2641 3550 2682 con-

1949 2727 2070 2782 cilio
2100 2724 2424 2792 Turonensi,
2477 2723 2545 2778 ad
2592 2722 2909 2793 ejurandam
2966 2736 3124 2777 suam
3159 2719 3413 2776 haresim
3430 2721 3546 2791 jam

1950 2819 2306 2891 compulerat,
2338 2815 2578 2890 pontifex
2609 2815 2781 2870 factus
2810 2813 3068 2869 eumdem
3096 2816 3336 2868 Romam
3364 2829 3547 2870 accer-

1947 2915 2113 2970 situm
2161 2911 2328 2966 semel
2403 2918 2458 2964 et
2498 2909 2694 2963 iterum
2755 2907 2807 2961 in
2845 2906 3059 2962 duobus
3100 2905 3360 2973 conciliis,
3428 2914 3550 2976 post

1949 3007 2120 3064 editas
2171 3005 2306 3061 duas
2349 3002 2473 3058 ﬁdei
2531 3000 2903 3056 confessiones
2974 2998 3230 3055 Ecclesia
3289 2998 3542 3055 restituit.

1950 3101 2056 3156 Sed
2097 3100 2164 3155 de
2194 3098 2297 3154 hac
2345 3113 2403 3152 re
2442 3103 2625 3152 actum
2673 3103 2755 3150 est
2789 3093 2844 3148 in
2887 3091 3202 3165 prafatione
3239 3091 3367 3148 huic
3393 3100 3546 3149 tomo

1953 3194 2194 3266 praeﬁxa.

2031 3293 2116 3342 12.
2145 3290 2220 3342 At
2248 3286 2334 3341 hic
2380 3284 2637 3341 omittere
2685 3298 2797 3338 non
2840 3280 2988 3347 licet,
3027 3295 3304 3336 summam
3345 3279 3460 3353 ejus
3492 3280 3548 3336 in

1955 3380 2281 3438 sacrosancti
2339 3377 2678 3434 eucharistia
2731 3375 3052 3431 sacramenti
3118 3373 3549 3446 frequentatione

1955 3475 2321 3533 devotionem,
2365 3488 2428 3526 ac
2470 3470 2725 3541 pietatem
2765 3468 2818 3522 in
2864 3467 3232 3524 beatissimam
3286 3465 3548 3540 virginem

1955 3569 2205 3635 Mariam,
2245 3580 2371 3637 qua
2426 3563 2536 3620 duo
2582 3573 2840 3634 tanquam
2887 3559 3193 3616 ﬁrmissima
3240 3559 3294 3614 in
3324 3559 3547 3615 humani

1955 3662 2166 3736 generis
2215 3659 2432 3716 hostem
2474 3654 2898 3730 propugnacula,
2954 3652 3200 3709 Mathildi
3251 3648 3561 3708 comitissa'

1955 3757 2025 3812 ita
2046 3753 2464 3820 commendavit,
2492 3759 2552 3806 ut
2578 3749 2738 3806 simul
2757 3765 2844 3820 _ea
2872 3763 2999 3805 cum
3029 3747 3232 3819 peccati
3261 3746 3409 3815 odio,
3450 3746 3551 3802 hu-

1957 3849 2178 3921 milique
2230 3845 2408 3902 cordis
2444 3844 2772 3900 contritione
2810 3841 3102 3914 conjuncta
3145 3854 3264 3896 esse
3291 3839 3546 3896 voluerit.

1956 3941 2208 4015 Legenda
2238 3947 2321 3995 est
2347 3955 2410 3994 ea
2450 3937 2515 3993 de
2564 3952 2623 3992 re
2674 3936 2790 4008 ejus
2818 3934 3044 4006 epistola
3071 3939 3138 3988 47
3199 3932 3322 3988 libri
3366 3931 3546 4004 primi.

1957 4040 2098 4092 Inter
2117 4039 2322 4096 cratera,
2347 4031 2537 4102 inquit,
2567 4046 2686 4100 qua
2721 4030 2824 4083 tibi
2851 4031 3037 4083 contra
3059 4028 3361 4098 principem
3388 4041 3551 4080 mun-

1958 4131 2018 4185 di
2055 4145 2230 4191 arma,
2261 4132 2370 4183 Deo
2397 4128 2632 4194 favente,
2665 4124 2885 4191 contuli,
2917 4121 3060 4191 quod
3087 4121 3429 4190 potissimum
3454 4123 3550 4183 est,

1956 4229 2018 4278 ut
2042 4237 2229 4292 corpus
2249 4221 2583 4276 Domi-nicum
2607 4220 2919 4286 frequenter
2938 4217 3199 4285 acciperes
3219 4213 3482 4274 indicaui,
3504 4217 3555 4268 et

1956 4323 2017 4372 ut
2073 4321 2229 4370 certa:
2265 4315 2479 4383 ﬁducia:
2498 4313 2690 4368 Matr-is
2719 4311 2938 4365 Domini
2964 4313 3012 4362 te
3034 4309 3245 4362 omnino
3270 4309 3555 4360 committe-

1957 4426 2039 4464 res
2071 4409 2324 4479 prwcepi.
2354 4409 2499 4461 Tum
2546 4402 2751 4475 profert
2795 4402 2988 4457 sclecta
3006 4416 3069 4454 ex
3091 4398 3290 4454 sanctis
3318 4397 3555 4453 Ambro-

248 4503 443 4568 stella,
471 4510 529 4557 et
568 4501 822 4558 Sancium
860 4501 1178 4575 Arragonia
1239 4517 1412 4575 reges.
1455 4502 1720 4559 Miraculo
1752 4503 1852 4557 hac
1880 4503 1932 4564 D
1959 4502 2062 4570 sio,
2087 4501 2374 4574 Gregorio,
2431 4507 2486 4555 et
2523 4500 2736 4554 Joanne
2785 4494 3178 4565 Chrysostomo
3217 4491 3554 4558 testimonia,

246 4595 542 4651 occasione
581 4595 986 4651 Mozarabicum
1018 4595 1182 4650 ritum
1212 4594 1466 4650 divinitus
1496 4596 1857 4668 approbatum

247 4688 419 4745 fuisse
450 4689 605 4744 aiunt
657 4688 852 4760 vulgati
881 4697 1132 4745 auctores
1184 4687 1482 4760 Hispanici,
1530 4689 1600 4743 ita
1628 4699 1687 4745 ut
1729 4705 1855 4761 pro-

244 4784 392 4854 jecto
427 4783 488 4837 in
542 4782 728 4853 ignem
772 4781 910 4838 libro
942 4781 1284 4838 Mazarabico
1330 4782 1490 4842 simul
1520 4798 1647 4838 cum
1666 4799 1731 4838 eo
1761 4783 1852 4854 qui

253 4878 428 4932 ritum
483 4876 800 4931 Romanum
853 4875 1340 4948 complectebatur,
1397 4875 1501 4931 isto
1549 4876 1604 4931 in
1655 4875 1860 4932 favillas

257 4970 442 5026 statim
461 4967 709 5037 redacto,
735 4969 881 5041 prior
914 4970 1112 5027 illasus
1135 4979 1381 5026 servatus
1414 4968 1596 5025 fuerit.
1657 4973 1731 5025 At
1763 4985 1857 5025 ne-

256 5080 351 5120 mo
410 5064 519 5119 hoc
547 5063 770 5135 scripsit
825 5070 950 5119 ante
1005 5062 1336 5120 Rodericum
1393 5061 1861 5135 archiepiscopum

254 5158 613 5225 Toletanum,
656 5165 720 5212 ut
745 5156 1001 5213 observat
1044 5157 1320 5229 piissimus
1365 5156 1649 5214 cardinalis
1686 5159 1860 5227 Bona,

261 5251 359 5322 qui
408 5249 711 5308 Rodericus
756 5251 901 5307 circa
959 5251 1140 5306 saculi
1183 5250 1377 5307 decimi
1425 5251 1564 5305 tertii
1621 5250 1864 5306 medium

261 5343 500 5399 vivebat.
549 5347 663 5400 Nec
711 5343 1006 5400 verisimile
1032 5352 1112 5400 est
1142 5344 1316 5400 ritum
1342 5343 1488 5400 hunc
1516 5344 1584 5400 ab
1610 5343 1866 5414 Hispanis

260 5437 433 5494 fuisse
478 5436 767 5494 dimissum
821 5453 886 5493 eo
939 5437 1056 5508 ipso
1118 5445 1364 5508 tempore
1393 5453 1501 5508 quo
1538 5446 1648 5493 tam
1678 5445 1864 5508 aperto

263 5531 536 5587 miraculo
566 5530 636 5587 ab
664 5531 779 5604 ipso
799 5535 923 5587 Deo
947 5529 1339 5601 comprobatus
1363 5529 1568 5586 fuisset.
1608 5530 1867 5602 Quamvis

265 5641 380 5681 non
408 5625 485 5680 ita
527 5624 583 5679 in
614 5625 1004 5698 Hispaniarum
1032 5621 1303 5692 Ecclesiis,
1335 5624 1449 5696 ejus
1476 5639 1606 5680 usus
1633 5619 1866 5680 abolitus

263 5717 450 5788 fuerit,
502 5727 562 5774 ut
605 5717 660 5773 in
703 5717 973 5791 plerisque
1011 5717 1377 5786 monasteriis,
1431 5717 1542 5773 imo
1598 5718 1758 5774 etiam
1811 5717 1866 5772 in

1964 4596 2163 4670 quibus
2192 4595 2267 4650 illi
2297 4589 2620 4651 sanctissimi
2669 4589 2762 4646 viri
2803 4588 2870 4644 ad
2929 4584 3314 4657 frequentanda
3374 4600 3557 4640 sacra-

1967 4697 2174 4758 menta,
2220 4688 2304 4744 sui
2330 4687 2429 4743 avi
2487 4684 2670 4740 ﬁdeles
2722 4681 3049 4748 invitabant;
3090 4677 3313 4734 tandem
3340 4677 3556 4735 laudata

1964 4781 2292 4840 beatissima
2339 4777 2568 4851 Virginis
2615 4792 2740 4850 erga
2778 4780 3080 4846 peccatores
3120 4787 3394 4828 conversos
3453 4772 3562 4826 cle-

1970 4875 2192 4944 mentia,
2216 4874 2293 4930 sic
2319 4870 2591 4929 concludit
2621 4889 2634 4924 :
2667 4873 2811 4926 Pone
2861 4871 3048 4939 itaque
3104 4871 3261 4938 ﬁnem
3288 4869 3345 4920 in
3371 4867 3559 4920 volun-

1973 4975 2086 5026 tate
2105 4968 2388 5039 peccandi,
2416 4970 2466 5032 et
2475 4969 2766 5036 prostrata
2794 4979 2971 5018 coram
2994 4963 3115 5031 illa,
3140 4977 3208 5015 ea:
3244 4960 3404 5015 corde
3437 4975 3562 5014 con-

1971 5066 2094 5118 trito
2119 5068 2167 5117 et
2190 5062 2478 5118 humil-iato
2521 5060 2785 5128 lacrymas
2814 5055 3055 5125 effunde,
3096 5055 3335 5111 invenies
3408 5055 3564 5109 illam

1974 5158 2348 5213 indubitanter
2372 5155 2776 5226 promptiorem,
2807 5158 2908 5207 etc.

2049 5257 2132 5306 13.
2165 5248 2488 5321 Gregorium
2527 5245 2691 5302 etiam
2726 5252 2851 5299 ante
2876 5251 3114 5300 mortem
3160 5239 3436 5297 miraculis
3460 5240 3568 5296 cla-

1974 5344 2150 5400 ruisse
2179 5342 2352 5397 innuit
2379 5340 2708 5395 Lambertus
2763 5335 3244 5410 Scafnaburgensis
3265 5334 3570 5390 monachus

1976 5435 2044 5492 ad
2073 5451 2275 5490 annum
2310 5439 2470 5502 1077,
2509 5432 2598 5487 ubi
2636 5431 2711 5486 ait
2735 5430 2885 5503 signa
2916 5437 2971 5485 et
3000 5429 3272 5501 prodigia,
3305 5442 3431 5499 qua
3472 5441 3568 5498 per

1975 5528 2089 5599 ejus
2137 5527 2406 5584 orationes
2447 5524 2783 5606 frequentius
2827 5523 3052 5593 ﬁebant,
3087 5521 3245 5578 simul
3277 5536 3404 5575 cum
3455 5520 3569 5574 zelo

1977 5621 2399 5687 ferventissimo,
2426 5635 2534 5690 quo
2564 5635 2663 5692 pro
2699 5622 2818 5675 Deo
2867 5625 2923 5673 et
2949 5613 3322 5673 ecclesiasticis
3367 5611 3573 5683 legibus

1977 5713 2332 5783 exastuabat,
2377 5713 2694 5769 sufﬁcientia
2734 5712 2902 5767 fuisse
2947 5709 3016 5766 ad
3047 5704 3412 5779 explodcndas
3457 5703 3574 5772 ejus

267 5810 549 5868 nonnullis
591 5811 831 5870 ecclesiis
895 5811 1329 5880 cathedralibus,
1386 5810 1563 5868 adhuc
1621 5821 1878 5882 tempore.
1981 5809 2326 5866 inimicorum
2371 5814 2661 5863 venenatas
2705 5802 3088 5861 detractiones.
3141 5796 3295 5852 Obiit
3345 5793 3532 5850 Salern
3556 5832 3573 5861 ,
