4122 6180
570 272 674 329 147

1800 258 1859 313 S.
1899 256 2278 343 GREGORIUS
2314 256 2407 312 Vll
2443 255 2641 311 PAPA.

3768 248 3879 303 iis.
3912 206 3917 209 ’

464 360 471 363 ⁷
568 412 701 470 quo,
732 402 794 453 ut
825 392 1047 452 Henrici
1068 390 1292 450 insidias
1329 386 1577 453 evitaret,
1626 382 1965 457 confugerat.
2005 382 2167 439 Nulla
2195 387 2246 452 Α
2274 381 2515 454 gularem
2555 394 2656 452 pro
2702 377 2821 451 ejus
2875 375 3195 434 defensione
3238 344 3440 431 librum
3490 373 3659 431 edidit
3683 382 3873 433 contra

573 501 658 549 est
681 491 823 547 circa
861 490 981 562 ejus
1012 485 1204 543 mortis
1248 493 1469 554 tempus
1507 478 1773 536 dissensio
1805 478 1947 550 apud
1979 485 2165 533 aucto-

573 601 661 643 res
704 583 969 656 vulgatos,
1028 579 1119 652 qui
1148 591 1339 633 omnes
1382 574 1622 631 fatentur
1672 587 1799 629 eum
1829 587 1971 628 anno
2003 576 2164 638 1085,

573 679 659 737 die
689 683 757 734 25
784 675 978 742 Maii,e
1006 671 1142 728 vivis
1169 668 1482 726 excessisse.
1506 666 1714 724 Ibidem
1741 666 1980 739 sepultus
2006 673 2090 722 est
2112 665 2167 720 in

574 769 792 829 ecclesia
836 765 1271 839 metropolitana.
1306 766 1381 821 At
1432 762 1698 817 memoria
1736 760 1920 832 lapsus
1950 767 2033 815 est
2060 761 2165 816 0r-

574 862 786 922 derieus
813 859 1006 918 Vitalis
1060 859 1154 918 lib.
1187 872 1326 928 vm,
1362 857 1455 914 ubi
1483 854 1672 913 scribit
1697 854 2027 927 Gregorium
2064 855 2169 909 Be-

570 955 786 1015 neventi
839 954 1130 1011 excessisse
1167 968 1198 1009 e
1250 951 1408 1018 vivis,
1462 948 1644 1022 ibique
1699 948 1862 1005 fuisse
1898 947 2170 1019 sepultum

569 1053 631 1107 in
648 1049 971 1122 confessione
1001 1048 1152 1103 beati
1190 1044 1579 1103 Bartholomrei
1603 1043 1847 1115 apostoli.
1880 1041 2174 1097 Miraculo-

569 1160 695 1201 rum
716 1144 934 1217 copiam
971 1141 1040 1198 ad
1062 1139 1307 1214 ejusdem
1356 1136 1629 1211 pontiﬁcis
1671 1136 1946 1193 tumulum
1971 1134 2170 1191 factam

572 1238 740 1295 fuisse
764 1245 994 1294 testatur
1037 1234 1184 1292 idem
1233 1240 1466 1302 auctor.
1517 1232 1637 1301 Ubi,
1705 1229 1900 1303 inquit,
1961 1231 2174 1285 meritis

573 1335 687 1403 ejus
706 1332 838 1403 ﬁdet
858 1332 1154 1402 petentium
1190 1328 1571 1384 miraculorum
1597 1326 1748 1396 copia
1783 1325 2057 1379 divinitus
2098 1339 2171 1379 os-

574 1432 725 1484 tensa
748 1429 844 1480 est.
894 1426 1040 1481 Tum
1083 1422 1363 1495 subjungit
1411 1440 1426 1477 :
1466 1423 1604 1477 Nam
1647 1421 1842 1489 leprosi
1895 1419 1962 1473 de
2026 1433 2172 1488 aqua

571 1521 717 1575 unde
737 1535 929 1591 corpus
954 1518 1070 1589 ejus
1094 1518 1340 1572 ablutum
1367 1517 1555 1585 fuerat
1570 1517 1861 1585 petierunt.
1898 1514 2013 1581 Qua
2046 1528 2169 1568 con-

574 1618 755 1670 secuta
781 1614 1012 1685 fideliter
1055 1613 1153 1667 Iott
1178 1614 1324 1674 sunt,
1358 1614 1409 1665 et
1451 1609 1750 1680 opitulante
1780 1610 1885 1663 Deo
1925 1608 2172 1678 protinus

573 1708 829 1764 mundati
853 1711 1003 1763 sunt.
1052 1703 1270 1761 Laudes
1319 1703 1438 1775 ejus
1481 1709 1730 1758 auctores
1784 1699 2046 1773 plerique,
2087 1715 2171 1755 re-

573 1802 842 1859 centiores
890 1799 1051 1857 simul
1088 1806 1144 1855 et
1216 1772 1445 1870 antiqui,
1511 1788 1689 1853 fusius
1743 1772 2169 1867 prosequuntur.
2201 1772 2249 1835 Β

574 1896 866 1953 Gretserus
915 1895 974 1950 in
1024 1892 1141 1966 ejus
1189 1890 1436 1965 apologia
1494 1889 1884 1963 quinquaginta
1943 1888 2172 1944 omnino

574 1996 821 2046 recenset
844 1988 963 2061 ejus
1003 1985 1339 2043 laudatores.
1388 1987 1584 2041 Petrus
1632 1983 1885 2039 Damiani
1914 1999 2038 2039 eum
2060 1998 2176 2038 san-

574 2084 802 2139 ctissimi
829 2098 892 2137 ac
913 2082 1207 2153 purissimi
1259 2080 1471 2135 consilii
1507 2081 1691 2133 virum
1716 2075 1967 2149 appellat.
2016 2075 2173 2131 Desi-

574 2176 762 2234 derius
788 2174 957 2232 abbas
986 2173 1319 2241 Casinensis,
1358 2172 1449 2245 qui
1474 2171 1523 2229 ei
1558 2172 1658 2228 sub
1682 2170 1919 2227 Victoris
1948 2173 2026 2226 Ill
2070 2185 2172 2225 no-

574 2271 722 2327 mine
770 2268 1051 2335 successit,
1105 2267 1245 2324 libro
1293 2267 1457 2324 tertio
1521 2265 1876 2338 Dialogorum
1919 2262 2172 2321 eumdem

578 2366 788 2423 Christi
810 2364 1099 2420 Ecclesium
1117 2363 1294 2418 verbis
1319 2361 1487 2417 simul
1509 2364 1561 2416 et
1594 2360 1849 2430 ememplis
1876 2359 2175 2414 illustrasse

576 2457 782 2517 scribit.
826 2458 1054 2515 Sanetus
1104 2457 1398 2513 Anselmus
1445 2453 1707 2512 Lucensis
1742 2453 2027 2525 episcOpus
2065 2451 2174 2507 sin-

2281 474 2603 531 Guibertum
2632 472 2959 544 antipapam.
3004 471 3247 527 Caeteros
3273 469 3495 537 omitto,
3520 485 3756 542 quorum
3786 471 3874 526 vel

2280 558 2501 626 nomina
2572 565 2921 627 solummodo
2994 579 3273 621 recensere
3331 563 3405 619 ob
3463 564 3873 623 multitudinem

2280 662 2440 720 facile
2460 679 2573 719 non
2598 670 2759 718 esset.
2781 661 3288 727 Eum‘confessorem
3313 663 3363 713 et
3385 662 3678 729 martyrem
3706 658 3873 715 obiis-

2282 773 2342 814 se
2363 756 2495 814 dicit
2534 754 2697 827 Hugo
2725 752 3143 812 Flaviniacensis
3176 752 3230 807 in
3269 751 3562 821 Chronico,
3595 752 3685 809 ubi
3720 753 3876 825 plura

2280 850 2348 908 de
2366 851 2487 923 ejus
2513 850 2679 922 gestis
2702 857 2759 906 et
2781 846 2932 905 obitu
2958 846 3286 903 referuntur.

2357 950 2439 1001 14.
2459 942 2707 1016 Gregorii
2746 950 2932 998 tamen
2979 939 3178 997 festum
3206 947 3330 997 ante
3353 940 3537 998 smeuli
3573 940 3739 1014 hujus
3770 940 3877 998 ini-

2279 1039 2417 1095 tium
2446 1037 2662 1111 publieo
2708 1036 2859 1092 cultu
2904 1034 3238 1091 celebratum
3275 1049 3551 1109 nusquam
3576 1035 3699 1105 fuit,
3725 1036 3878 1109 quod

2280 1133 2517 1206 primum
2544 1130 2659 1187 ﬁeri
2687 1128 2935 1203 permisit
2957 1128 3157 1185 Paulus
3185 1130 3232 1183 V
3259 1143 3510 1187 summus
3523 1127 3791 1202 pontifex,
3814 1139 3880 1187 ut

2280 1242 2346 1282 ex
2365 1226 2482 1298 ejus
2513 1225 2659 1281 bulla
2683 1229 2848 1297 patet,
2870 1222 2995 1279 data
3024 1238 3166 1279 anno
3200 1228 3363 1291 1609,
3408 1239 3574 1296 quam
3603 1224 3876 1297 integram

2281 1319 2449 1377 refert
2477 1316 2971 1392 Papebrochiusin
3016 1316 3309 1389 praemissis
3347 1317 3417 1374 ad
3449 1318 3692 1390 ejusdem
3734 1318 3877 1375 beati

2286 1414 2383 1470 viri
2410 1412 2593 1471 Vitam
2618 1410 2952 1486 paragrapho
2975 1416 3030 1479 2,
3068 1409 3161 1466 ubi
3194 1418 3246 1466 et
3261 1409 3423 1469 habet
3475 1411 3677 1468 litteras
3706 1416 3876 1468 Joan-

2282 1509 2368 1566 nis
2398 1509 2635 1566 Beltrani
2674 1508 2744 1565 de
2799 1510 3044 1565 Guevara
3102 1506 3487 1581 archiepiscopi
3536 1506 3876 1576 Salernitani,

2280 1605 2373 1678 qui
2402 1604 2648 1678 ejusdem
2671 1603 2814 1661 beati
2851 1603 3127 1676 pontiﬁcis
3159 1601 3403 1659 ofﬁcium
3422 1600 3655 1658 solemni
3684 1601 3791 1657 ritu
3819 1601 3878 1656 in

2279 1708 2395 1756 tota
2422 1715 2518 1755 sua
2545 1698 2761 1755 dioecesi
2811 1697 3023 1754 recitari
3070 1696 3344 1770 praecepit.
3402 1695 3652 1767 Gregorii
3691 1703 3880 1751 tamen

2280 1794 2543 1851 memoria
2562 1794 2681 1866 jam
2704 1800 2860 1848 antea
2882 1791 2939 1847 in
2982 1791 3378 1865 Martyrologio
3410 1793 3664 1847 Romano
3694 1790 3875 1846 consi-

2280 1897 2443 1961 gnata
2471 1885 2668 1955 fuerat,
2694 1901 2836 1941 anno
2882 1885 3084 1942 scilicet
3123 1890 3283 1952 1584,
3316 1900 3428 1958 quo
3484 1883 3732 1954 Gregorii
3773 1881 3873 1939 de-

2281 1982 2406 2037 cimi
2440 1980 2586 2037 tertii
2623 1980 2941 2036 auctoritate
2982 1979 3115 2036 illud
3169 1978 3344 2035 fuerat
3383 1976 3755 2035 emendatum.
3812 1980 3880 2033 In

2281 2091 2421 2131 nova
2450 2073 2697 2147 ejusdem
2728 2072 2963 2131 editione
3004 2088 3034 2127 a
3081 2072 3318 2128 Baronio
3367 2078 3658 2144 procurata
3695 2079 3884 2127 aucto-

2281 2167 2439 2225 ritate
2490 2167 2626 2225 Sixti
2677 2169 2748 2235 V,
2793 2165 2940 2223 idem
2979 2165 3171 2221 beatus
3221 2164 3461 2238 pontifex
3514 2164 3765 2221 laudatur
3792 2162 3880 2221 his

2282 2263 2461 2320 verbis
2494 2261 2583 2319 die
2629 2267 2696 2317 25
2727 2259 2859 2318 Maii
2890 2280 2903 2315 :
2934 2261 3155 2316 Salerni
3186 2260 3443 2330 depositio
3469 2260 3616 2315 beati
3637 2260 3885 2328 Gregorii

2278 2374 2439 2431 papa:
2464 2358 2700 2427 septimi,
2757 2355 3119 2411 ecelesiastiece
3145 2356 3413 2410 libertatis
3460 2355 3879 2428 propugnatoris

2285 2468 2348 2507 ac
2376 2453 2673 2522 defensoris
2699 2453 2967 2510 acerrimi.

574 2615 3884 2649 Μ

1234 2766 1584 2890 VITA
1667 2765 2163 2885 SANCTI
2258 2765 2929 2884 GREGORII
3019 2766 3222 2887 VII

1753 2988 2007 3049 Auctore
2035 2985 2231 3050 Paulo
2263 2987 2707 3049 Bernriedensi.

1315 3147 1487 3218 (Vide
1515 3161 1680 3222 supra
1706 3148 1765 3204 in
1787 3147 1937 3204 Actis
1962 3148 2079 3221 jam
2114 3147 2275 3206 editis
2302 3128 2466 3220 hujus
2513 3147 2835 3219 voluminis,
2866 3150 2972 3208 col.
3008 3151 3130 3225 39.)

593 3327 3883 3359 m

1454 3473 1613 3565 DE
1678 3472 2099 3567 GESTIS
2164 3471 2760 3567 GREGORII
2825 3475 3005 3569 VII

1192 3669 1422 3730 Contra
1454 3664 1830 3729 investituras
1857 3671 1917 3728 et
1955 3666 2318 3745 Simoniam,
2349 3670 2408 3727 et
2447 3683 2559 3747 pro
2595 3664 2865 3727 caelibatu
2899 3665 3273 3729 clericorum.

1268 3828 1583 3897 (Mam...
1603 3828 1745 3887 Acta
1763 3829 1861 3886 SS.
1890 3828 2115 3891 Bened.,
2145 3826 2309 3884 Praef.
2336 3827 2403 3884 ad
2428 3834 2567 3901 part.
2599 3842 2668 3896 ιι,
2702 3828 2837 3886 Saec.
2868 3828 2967 3897 Ill,
2997 3844 3055 3903 p.
3083 3827 3200 3899 4t.)

642 4143 973 4223 Gregorium
995 4143 1099 4198 VII
1117 4156 1381 4215 magnum
1420 4141 1603 4199 virum
1635 4141 1817 4211 fuisse,
1860 4150 1916 4199 et
1942 4157 2172 4215 magnos
2208 4152 2253 4215 ο
2281 4145 2464 4201 saeculi
2505 4144 2863 4218 principibus,
2891 4143 3333 4216 obstrepentibus
3358 4142 3598 4216 undique
3617 4139 3885 4198 insultan-

573 4240 630 4296 in
679 4237 873 4311 exiguo
920 4251 1149 4310 corpore
1194 4233 1423 4310 gessisse
1469 4235 1712 4309 spiritus,
1767 4236 1866 4293 etsi
1896 4252 2007 4292 non
2036 4253 2171 4293 con-

571 4332 833 4391 sentirent
863 4346 1074 4400 omnes,
1110 4339 1260 4397 certe
1310 4331 1442 4387 satis
1488 4346 1760 4403 superque
1803 4338 2173 4388 contestaren-

573 4436 664 4485 tur
702 4426 963 4501 praeclara
1004 4422 1148 4482 facta
1180 4440 1307 4499 quae
1354 4440 1455 4498 pro
1483 4424 1870 4481 instauratione
1913 4425 2169 4481 ecclesia-

572 4522 723 4580 sticae
754 4521 1049 4595 disciplina:
1086 4527 1475 4593 aggressusest
1525 4526 1580 4575 et
1636 4518 1876 4575 maxima
1905 4534 1969 4574 ex
2021 4527 2172 4592 parte

571 4614 816 4689 perfecit.
855 4614 1020 4689 Quod
1065 4614 1109 4671 si
1162 4614 1216 4669 in
1250 4612 1578 4687 quibusdam
1626 4611 1840 4670 videtur
1879 4614 2173 4670 excessisse

572 4708 824 4778 modum,
855 4715 916 4765 ut
941 4706 1158 4765 difﬁcile
1182 4714 1266 4764 est
1299 4723 1428 4764 eum
1460 4708 1514 4763 in
1548 4707 1711 4764 rebus
1737 4706 1923 4764 arduis
1942 4715 1996 4763 et
2023 4705 2171 4763 difﬁ—

572 4801 787 4859 cillimis
831 4816 1049 4877 semper
1088 4809 1294 4874 tenere,
1325 4817 1581 4859 excusare
1608 4802 1789 4874 ipsum
1821 4800 2023 4859 debent
2049 4810 2169 4857 tan-

574 4903 758 4951 torum
785 4893 1058 4952 factorum
1082 4895 1308 4962 merita;
1338 4911 1462 4967 quae
1486 4895 1542 4950 in
1569 4910 1686 4951 rem
1710 4895 1983 4967 publicam
2011 4893 2170 4952 Chri-

573 4988 805 5045 stianam
854 4987 1250 5057 redundarunt,
1293 5003 1324 5042 a
1352 4988 1568 5044 nemine
1614 4988 1741 5061 jure
1786 4987 2166 5061 improbanda.

573 5081 718 5153 Quid
741 5080 888 5138 enim
941 5080 1293 5154 probabilius,
1345 5080 1473 5153 quid
1520 5097 1651 5138 vero
1708 5081 1979 5137 difﬁcilius
2007 5097 2171 5154 quam

574 5174 1065 5233 ecclesiasticarum
1113 5174 1558 5232 investiturarum
1592 5175 1820 5243 abusus,
1858 5182 2011 5231 tanto
2040 5182 2173 5230 tem-

571 5285 772 5344 porum
798 5268 1053 5338 decursu,
1090 5275 1241 5324 tanta
1275 5266 1617 5324 saecularium
1644 5267 1950 5341 principum
1984 5276 2172 5324 aucto-

569 5362 732 5420 ritate
778 5361 1121 5431 obﬁrmatos,
1173 5360 1385 5433 penitus
1415 5360 1665 5427 evellere,
1710 5361 2008 5418 Simoniam
2055 5361 2168 5419 fere

572 5457 778 5530 ubique
834 5464 1171 5528 grassantem
1225 5455 1547 5528 exstirpare,
1596 5454 1903 5513 cailibatum
1952 5456 2170 5513 clerico-

2282 4238 2537 4311 tibusque
2570 4238 2911 4307 adversariis,
2965 4236 3021 4294 id
3083 4245 3165 4293 est
3200 4236 3478 4293 Nicolaitis
3524 4244 3577 4292 et
3609 4234 3882 4292 Simonia-

2280 4333 2378 4401 cis,
2421 4332 2511 4404 qui
2539 4331 2846 4404 principum
2896 4331 3108 4388 animos
3147 4331 3202 4387 in
3234 4346 3364 4387 cum
3413 4328 3783 4386 accendebant
3824 4328 3883 4384 in

2282 4425 2468 4498 primis
2515 4426 2735 4482 Henrici
2773 4425 3114 4498 imperatoris
3168 4424 3323 4497 cujus
3353 4424 3594 4496 partibus
3623 4421 3887 4478 adhaere-

2281 4519 2432 4587 bant,
2456 4528 2518 4575 ut
2542 4519 2689 4592 ipsos
2744 4518 3003 4576 adversus
3034 4518 3362 4592 Gregorium
3409 4518 3635 4592 ejusque
3660 4516 3885 4572 decreta

2279 4621 2568 4670 tutaretur.
2621 4615 2763 4671 Sane
2804 4613 3131 4687 Gregorium
3180 4621 3377 4688 su0pte
3406 4613 3565 4686 genio
3591 4610 3778 4686 potius
3805 4609 3881 4666 ad

2281 4704 2673 4781 indulgentiam
2686 4724 2857 4787 quam
2895 4708 2964 4766 ad
2992 4707 3417 4765 immoderatum
3437 4704 3715 4763 fervorem
3749 4718 3880 4777 pro-

2280 4816 2511 4874 pensum
2539 4800 2706 4858 fuisse
2754 4802 2991 4874 probant
3012 4787 3135 4859 tum
3161 4817 3223 4858 ea
3253 4816 3376 4875 quae
3402 4815 3505 4874 pro
3533 4799 3881 4857 restitutione

2280 4897 2580 4952 multorum
2620 4895 3003 4967 episcoporum
3054 4896 3218 4969 gessit
3247 4896 3462 4963 (Gnm.
3492 4896 3619 4961 VII,
3665 4893 3760 4948 lib.
3810 4907 3880 4962 v,

2279 5002 2362 5060 ep.
2410 4992 2519 5057 l7),
2556 4994 2679 5045 tum
2727 4988 2925 5045 litterae
2978 5003 3115 5061 quas
3155 4988 3416 5061 principio
3469 4987 3539 5043 ad
3576 4986 3881 5043 Henricum

2276 5080 2664 5153 imperatorem
2707 5082 2923 5155 scripsit
2953 5081 3072 5150 (lib.
3114 5096 3212 5152 III,
3256 5082 3415 5156 epist.
3456 5087 3565 5138 7et
3605 5085 3694 5148 to,
3721 5080 3879 5147 etc.).

2276 5176 2482 5231 Verum
2520 5175 2791 5249 pontiﬁcis
2853 5176 3105 5233 animum
3160 5176 3500 5250 exasperavit
3556 5175 3699 5231 illius
3750 5188 3879 5246 per-

2277 5269 2477 5327 vicaeia
2538 5269 2701 5327 simul
2756 5278 2811 5327 et
2878 5271 3240 5329 inconstantia
3315 5291 3329 5327 :
3404 5268 3705 5343 pervicacia
3758 5266 3881 5340 qui-

2275 5361 2407 5419 dem
2461 5363 2518 5419 in
2575 5363 2875 5421 resistendo
2935 5364 3180 5438 Gregorii
3248 5362 3501 5437 piissimis
3557 5379 3624 5420 ac
3681 5374 3876 5417 neces-

2279 5458 2437 5515 sariis
2463 5457 2657 5516 studiis
2683 5474 2781 5532 pro
2803 5455 3168 5516 reformandis
3207 5456 3454 5526 clericis;
3505 5454 3877 5513 inconstantia

570 5564 864 5647 rum-pene
888 5547 1233 5647 pednteritu
1288 5551 1577 5647 revocare?
1632 5550 1698 5647 Et
1745 5557 1929 5647 tamen
2003 5550 2169 5647 (quod
2197 5536 2246 5597 Ῑ)
2274 5569 2423 5621 vero,
2463 5552 2659 5625 quippe
2712 5552 2805 5625 qui
2854 5552 3015 5609 toties
3067 5552 3249 5609 datam
3308 5549 3473 5607 ﬁdem
3532 5549 3738 5608 fefellit.
3771 5546 3877 5604 His

568 5645 685 5703 Leo
705 5645 791 5700 IX
813 5641 1099 5716 eaetérique
1127 5650 1254 5716 post
1289 5658 1417 5699 eum
1444 5642 1679 5699 Romani
1709 5643 1992 5716 pontiﬁces
2015 5645 2167 5702 nullo

572 5736 971 5817 propemodum
1009 5735 1192 5794 fruotu
1248 5742 1604 5806 tentaverant)
1644 5736 1762 5795 haec
1806 5740 1988 5796 omnia
2024 5754 2163 5811 pra:-

2277 5648 2499 5705 aceessit
2520 5646 2666 5720 quod
2691 5646 3002 5719 pontiﬁcem
3038 5647 3214 5718 ipsum
3257 5647 3457 5702 Romae
3487 5645 3541 5701 in
3558 5641 3875 5701 custodiam

2274 5741 2511 5810 retrusit,
2564 5741 2830 5797 Guiberto
2873 5741 3122 5812 antipapa
3164 5739 3219 5794 in
3248 5739 3451 5809 locum,
3477 5738 3593 5812 ejus
3634 5738 3871 5793 intruso.

572 5830 704 5887 stitit
745 5830 1181 5905 strenuissimus]
1224 5829 1487 5915 pontifex,
1540 5832 1895 5891 renitentibus
1924 5833 2162 5907 gpassim
2266 5824 2337 5890 In
2379 5834 2460 5890 bis
2491 5849 2657 5905 porro
2685 5832 2910 5905 aliisque
2935 5833 3008 5889 ita
3035 5832 3260 5891 modum
3300 5847 3518 5904 semper
3570 5839 3780 5899 tenere,
3807 5835 3873 5884 ut
