4122 6180
263 274 366 330 M9

1252 271 1778 331 PROLEGOMENA.
1818 301 1886 313 —
1921 273 2194 330 ACTAS.
2232 273 2578 332 GREGORII.

3461 281 3563 336 1ὄο

254 399 308 454 ἰιι
349 398 544 472 aliquo
564 412 676 454 non
701 397 1020 467 excedatur,
1051 364 1384 471 impossibile
1411 406 1512 455 est.
1546 402 1620 454 At
1643 398 1850 471 Grego-
1876 402 1926 466 A
1956 398 2148 471 purius
2192 400 2451 458 viverent.
2483 402 2622 474 Quae
2669 401 2855 458 omnia
2915 402 3036 459 fuse
3076 403 3427 475 prosequitur
3467 409 3557 460 Pe-

252 492 427 560 rium,
455 493 502 549 si
532 493 622 566 qui
657 493 906 550 conviciis
947 493 1335 550 lacessiverunt
1371 495 1488 566 ejus
1529 493 1846 560 adversarii,

253 587 386 644 satis
438 603 709 660 superque
782 587 1138 645 vendicarunt
1183 587 1325 645 illius
1385 589 1650 661 temporis
1706 587 1851 645 haud

256 681 525 754 ignobiles
559 690 834 751 auctores,
864 682 933 740 ad
953 698 1092 754 quos
1113 684 1371 740 lectorem
1399 684 1680 742 remittere
1705 699 1844 757 prat-

257 785 363 832 stat
384 792 553 848 quam
575 776 644 833 de
658 792 717 834 re
745 778 868 834 trita
887 785 944 834 et
966 777 1175 834 lubrica
1203 779 1356 850 plura
1385 778 1587 836 dicere.

327 871 459 932 Jam
485 871 608 927 anni
637 873 873 944 amplius
897 879 1115 928 centum
1158 871 1481 929 efﬂuxerant
1505 889 1567 928 ex
1596 889 1706 946 quo
1755 872 1851 928 cle-

255 974 500 1032 ricorum
526 967 805 1025 caelibatus
831 981 1008 1033 sacer,
1037 969 1105 1022 ad
1156 965 1213 1022 id
1239 975 1455 1040 tempus
1477 967 1852 1034 intaminatus,

255 1075 342 1125 tot
375 1062 706 1124 saeculorum
734 1075 858 1128 usu,
888 1067 972 1116 tot
998 1067 1390 1133 tantorumque
1410 1061 1658 1117 virorum
1689 1061 1857 1134 pudi-

251 1161 374 1218 citia
406 1168 463 1215 et
495 1155 825 1214 auctoritate
872 1161 1244 1223 consecratus,
1275 1155 1344 1211 ab
1392 1155 1856 1212 incontinentibus

250 1251 582 1327 quibusdam
622 1259 678 1308 et
695 1249 972 1322 corruptis
1003 1248 1262 1307 Ecclesia
1283 1249 1548 1306 ministris
1560 1257 1856 1306 attentatus

248 1352 449 1416 iuerat,
482 1363 614 1403 cum
637 1343 903 1402 nimirum
923 1343 1128 1417 indigni
1156 1346 1473 1400 Romanam
1503 1343 1691 1400 sedem
1719 1359 1852 1415 pon-

251 1444 423 1501 tiﬁces
448 1448 814 1514 occuparent;
845 1455 1022 1512 eoque
1049 1455 1136 1496 res
1178 1438 1471 1496 devenerat
1497 1447 1560 1494 ut
1582 1439 1851 1510 quosdam

249 1537 605 1613 presbyteros
625 1533 837 1606 publice
859 1548 1063 1589 uxores
1093 1533 1289 1590 ducere
1308 1550 1419 1589 non
1451 1533 1692 1606 puderet.
1723 1533 1854 1605 Ejus

247 1633 317 1691 rei
359 1646 540 1687 unum
569 1644 598 1684 e
630 1627 824 1701 primis
874 1628 1186 1699 exemplum
1219 1628 1483 1684 habemus
1523 1629 1576 1683 in
1615 1628 1854 1698 quodam

251 1726 581 1802 presbytero
615 1724 882 1793 (Analect.
911 1731 951 1778 t.
1008 1724 1110 1790 III,
1161 1739 1214 1795 p.
1245 1729 1371 1783 438)
1399 1721 1674 1794 parochias
1699 1723 1854 1778 Cata-

1955 495 2336 550 trusDamiani
2372 496 2427 550 in
2444 497 2672 568 epistola
2689 496 2756 553 ad
2787 497 3248 564 Hildebrandum,
3282 505 3414 554 tunc
3452 501 3572 554 Ro-

1957 604 2135 646 manae
2191 590 2448 646 Ecclesiae
2499 591 2967 659 archidiaconum,
3018 591 3170 666 cujus
3216 591 3332 649 sine
3388 591 3560 650 dubio

1958 683 2219 740 instinctu
2266 693 2320 739 et
2362 685 2593 741 consilio
2640 685 2694 740 id
2747 685 2948 742 factum
2994 695 3096 744 est.
3139 689 3348 743 Verum
3383 686 3477 744 ubi
3515 686 3560 742 is

1959 793 2212 834 summus
2241 778 2482 849 pontifex
2503 780 2692 844 evasit,
2725 796 2844 837 rem
2868 789 3141 854 utcunque
3169 765 3404 855 emptam
3435 781 3556 838 ubi-

1961 889 2066 946 que
2090 873 2380 946 promovit,
2408 889 2469 928 ac
2512 871 2735 930 demum
2776 874 3020 948 perfecit,
3079 875 3452 933 frendentibus
3503 876 3558 931 in

1962 981 2091 1023 eum
2133 967 2423 1039 impudicis
2450 968 2679 1037 clericis,
2725 977 2779 1024 et
2800 969 3103 1026 calumnias
3145 970 3204 1026 in
3233 970 3352 1042 eius
3393 969 3556 1042 pudi-

1962 1061 2146 1116 citiam
2167 1062 2515 1135 jactantibus,
2545 1061 2647 1119 sed
2686 1069 2803 1118 tam
2844 1078 2983 1118 vano
3008 1071 3204 1119 conatu
3233 1069 3296 1119 ut
3337 1081 3431 1119 nec
3451 1066 3557 1120 mi-

1963 1157 2167 1210 nimam
2197 1158 2410 1211 sinistri
2432 1160 2661 1213 mmoris
2686 1159 2957 1214 maculam
2999 1160 3415 1214 conuersationis
3441 1159 3556 1228 ejus

1965 1253 2267 1306 sublimitas
2302 1252 2632 1320 admitteret,
2662 1252 2834 1322 inquit
2866 1251 3200 1308 Lambertus
3233 1250 3558 1324 Scafnabur-

1963 1345 2159 1416 gensis.
2183 1345 2340 1400 Certe
2363 1345 2498 1402 adeo
2523 1354 2839 1418 portentosa
2862 1355 2918 1401 et
2945 1353 3094 1400 extra
3134 1361 3360 1400 omnem
3394 1343 3559 1400 ﬁdem

1963 1439 2075 1495 visa
2126 1446 2208 1494 est
2251 1440 2416 1496 etiam
2458 1441 2727 1506 Bennoni,
2779 1439 3128 1496 schismatico
3184 1437 3448 1495 cardinali
3507 1448 3562 1495 ct

1967 1535 2214 1607 Gregorii
2245 1533 2386 1591 hosti
2432 1534 2818 1603 infensissimo,
2859 1535 2978 1592 haec
3007 1534 3276 1590 calumnia
3319 1543 3400 1603 ut,
3432 1535 3563 1591 licet

1962 1629 2132 1684 multa
2171 1629 2227 1684 in
2256 1645 2382 1684 eum
2410 1628 2752 1696 conﬁnxerit,
2782 1630 2887 1685 hoc
2933 1630 3142 1685 crimen
3176 1644 3455 1699 nunquam
3486 1628 3559 1683 illi

1965 1723 2238 1794 olijecerit.
2279 1725 2361 1778 De.
2387 1723 2472 1778 his
2514 1725 2665 1795 plura
2713 1723 2891 1780 dicere
2938 1721 3386 1796 supersedemus,
3431 1737 3558 1779 cum

249 1820 534 1880 launensis
555 1819 612 1874 in
638 1818 832 1884 Gallia,
862 1817 1084 1873 nomine
1110 1817 1428 1889 Angelrico,
1449 1817 1540 1887 qui
1574 1815 1850 1872 feminam
1888 1805 1935 1868 Β
1963 1818 2219 1872 omnibus
2237 1817 2398 1873 obvia
2428 1817 2553 1873 sint.

245 1913 552 1989 quamdam
607 1927 796 1969 coram
849 1911 1180 1984 paroecianis
1239 1911 1349 1966 suis
1411 1910 1850 1982 desponsaverat.

243 2013 403 2067 Hanc
435 2017 626 2064 autem
657 2021 787 2062 cum
816 2003 1014 2060 ducere
1065 2004 1295 2060 domum
1325 2012 1594 2077 pergeret,
1648 2007 1852 2059 restite-

246 2111 375 2160 runt
416 2104 746 2173 nequissimo
783 2102 1002 2154 conatui
1037 2099 1155 2168 ejus
1187 2099 1311 2154 boni
1353 2105 1403 2154 et
1446 2101 1534 2169 pii
1563 2100 1854 2170 ﬁdelesque

243 2201 511 2259 homines,
542 2196 636 2268 qui
677 2209 804 2250 eum
855 2192 997 2264 apud
1025 2193 1367 2248 Mantionem
1399 2193 1716 2266 episcopum
1764 2209 1852 2248 ac-

244 2298 538 2350 cusarunt.
593 2287 802 2344 Citatus
843 2286 934 2342 ille
976 2284 1045 2342 ad
1101 2285 1335 2358 episcopi
1392 2287 1742 2358 praesentiam
1801 2286 1853 2341 in

238 2387 458 2461 synodo
499 2383 675 2440 Nonis
699 2380 852 2445 Maii,
885 2380 1197 2437 Catalaunis
1225 2379 1431 2446 habita,
1461 2383 1679 2452 culpam
1730 2397 1853 2437 con-

242 2483 428 2538 fessus
471 2486 579 2545 est,
630 2476 940 2546 missusque
993 2474 1060 2530 ab
1106 2476 1367 2546 episcopo
1427 2474 1496 2530 ad
1550 2475 1849 2531 Fulconem

244 2573 684 2646 metropolitam,
728 2571 941 2625 incerto
970 2585 1032 2625 ac
1076 2568 1359 2625 dubitante
1387 2585 1492 2641 qua
1531 2573 1855 2638 correptione

244 2679 296 2727 et
330 2683 504 2741 pana
557 2680 758 2722 novam
802 2664 952 2720 illam
1001 2679 1063 2718 ac
1117 2665 1318 2717 malam
1378 2667 1852 2744 praesumptionem

246 2765 566 2820 mulctaret.
619 2758 766 2829 Quid
796 2757 899 2813 hac
935 2757 1004 2813 de
1033 2773 1091 2812 re
1120 2758 1287 2813 Fulco
1330 2757 1699 2829 rescripserit,
1740 2775 1852 2812 non

247 2859 453 2931 liquet;
482 2854 584 2911 sed
609 2862 793 2909 tamen
820 2868 887 2907 ex
917 2852 1213 2907 Mantiouis
1245 2852 1468 2923 epistola
1505 2851 1856 2922 intelligimus

246 2968 454 3009 novum
483 2948 621 3006 illud
649 2946 864 3006 facinus
911 2946 1076 3002 fuisse
1105 2953 1161 3001 et
1206 2945 1274 3002 ad
1318 2945 1374 3002 id
1425 2945 1686 3018 temporis
1717 2946 1857 3002 inau-

244 3046 450 3104 dimm.
495 3047 712 3101 Verum
736 3042 940 3098 sensim
979 3056 1044 3096 eo
1098 3040 1362 3112 processit
1415 3040 1693 3096 abnormis
1738 3041 1854 3096 haec

250 3142 464 3198 Ticentia
494 3147 556 3196 ut
608 3137 810 3196 saeculo
858 3135 1151 3192 undecimo
1187 3135 1416 3207 publica:
1457 3134 1702 3191 infamim
1743 3152 1856 3190 me-

248 3237 410 3294 ritum
441 3234 688 3292 dedecus
716 3247 852 3304 pene
875 3231 1130 3286 exuisset.
1163 3232 1340 3286 Tanto
1369 3230 1619 3286 ecclesia
1651 3230 1852 3301 probro

248 3330 506 3388 Nicolaus
553 3329 608 3383 Il
654 3324 1058 3382 occurrendum
1092 3324 1309 3379 censuit
1360 3324 1657 3379 constituto
1701 3323 1852 3379 edito

249 3420 739 3479 inconcubinarios
792 3418 1046 3484 clericos;
1074 3425 1130 3472 et
1168 3417 1292 3490 quia
1320 3417 1374 3472 in
1403 3417 1549 3473 clero
1590 3416 1848 3472 Mediola-

247 3518 400 3576 nensi
432 3514 676 3572 maxime
706 3512 918 3585 vigebat
943 3512 1062 3568 haec
1091 3513 1277 3584 pestis,
1305 3528 1370 3568 eo
1405 3511 1602 3568 direxit
1629 3514 1851 3566 Petrum

249 3610 504 3668 Damiani
532 3607 864 3665 cardinalem
894 3613 949 3660 et
993 3605 1316 3677 episcopum
1366 3606 1681 3662 Ostiensem
1723 3621 1849 3660 cum

251 3707 518 3763 Anselmo
563 3701 806 3758 Lucensi
839 3700 1116 3772 episcopo,
1148 3707 1210 3755 ut
1258 3715 1382 3755 eam
1426 3699 1743 3768 emendare,
1782 3701 1853 3754 si-

249 3802 475 3871 mulque
495 3796 858 3854 Simoniacam
883 3794 1082 3862 labem,
1108 3809 1231 3865 quae
1261 3792 1400 3848 illius
1434 3794 1697 3848 Ecclesia:
1749 3792 1854 3846 mi-

251 3895 451 3949 nistros
480 3891 760 3955 iniecerat,
814 3889 1006 3945 tollere
1062 3888 1487 3943 conniterentur.
1533 3888 1850 3942 Convenere

249 3987 315 4043 ad
342 3984 616 4059 synodum
657 3983 841 4042 clerici
871 3998 1058 4038 coram
1089 3981 1286 4053 legatis
1330 3988 1482 4035 tanto
1526 3980 1765 4035 tumultu
1793 3987 1854 4034 ut

250 4082 330 4136 vix
380 4094 581 4135 manus
603 4077 670 4133 ab
723 4078 801 4133 eis
845 4075 1237 4143 abstinuerint;
1280 4073 1376 4129 sed
1428 4073 1653 4128 tandem
1710 4073 1851 4129 Petri

247 4174 516 4234 Damiani
542 4173 791 4229 oratione
843 4187 907 4228 ac
962 4169 1247 4244 prudentia
1306 4168 1608 4240 composita
1654 4167 1853 4224 seditio

248 4279 330 4328 est
345 4311 363 4341 ,
404 4270 766 4342 juratumque
804 4282 835 4321 a
882 4265 1084 4321 clericis
1129 4271 1191 4320 ut
1238 4263 1489 4335 deinceps
1541 4263 1743 4318 castius
1793 4279 1854 4318 ac

254 4418 660 4434 —_—_————-.-

663 4419 726 4430 ’.ον

2032 1911 2119 1967 Ad
2141 1911 2493 1966 investituras
2529 1911 2674 1982 quod
2698 1911 2914 1979 attinet,
2944 1911 3040 1968 diu
3071 1927 3200 1968 cum
3220 1908 3559 1982 imperatori-

1960 2005 2064 2061 bus
2107 2005 2426 2061 luctandum
2455 2003 2576 2073 fuit,
2609 2015 2668 2062 ut
2689 2006 2912 2062 tandem
2944 2007 3157 2078 utrique
3188 2005 3434 2077 imperio,
3479 2019 3561 2059 sa-

1961 2115 2056 2155 cro
2089 2108 2143 2155 et
2187 2099 2438 2170 profano,
2473 2115 2570 2156 sua
2604 2100 2726 2171 jura
2766 2109 3133 2156 servarentur.
3180 2099 3291 2156 Sed
3331 2097 3559 2158 tandem

1962 2203 2088 2266 post
2133 2194 2338 2250 multas
2389 2195 2791 2261 altercationes,
2840 2195 3114 2267 inquibus
3164 2193 3236 2250 ad
3289 2203 3559 2261 extrema,

1961 2305 2076 2345 non
2101 2289 2216 2345 sine
2246 2288 2529 2362 utriusque
2557 2289 2724 2362 partis
2765 2289 2920 2361 culpa
2949 2298 3167 2344 ventum
3207 2296 3308 2354 est,
3335 2287 3562 2344 tandem

1962 2384 2062 2440 sub
2083 2384 2304 2440 Callisto
2358 2387 2405 2439 ll
2446 2400 2535 2440 res
2572 2384 2645 2440 ita
2670 2383 2975 2456 composita
3017 2382 3121 2441 fuit
3158 2392 3219 2440 ut
3257 2383 3559 2454 imperato-

1959 2493 2051 2532 res
2079 2477 2204 2532 loco
2231 2477 2417 2532 annuli
2462 2485 2516 2532 et
2544 2477 2742 2541 baculi,
2772 2491 2909 2550 quos
2937 2477 3095 2532 novis
3125 2477 3393 2550 episc0pis
3431 2477 3562 2533 dare

1962 2579 2373 2637 consueverant,
2413 2587 2509 2626 eos
2555 2581 2770 2644 sceptro
2823 2580 3037 2627 tantum
3085 2572 3284 2628 tradito
3333 2571 3555 2626 investi-

1962 2675 2110 2733 rent;
2143 2682 2252 2738 quo
2298 2666 2699 2734 signiﬁcaretur
2733 2683 2828 2722 eos
2885 2667 3208 2737 temporalia
3245 2666 3370 2739 jura
3420 2665 3562 2721 acci-

1964 2776 2089 2832 pere
2117 2759 2184 2814 ah
2222 2760 2576 2831 imperatore,
2633 2760 2779 2831 quod
2821 2760 2910 2815 ille
2943 2776 3036 2831 per
3066 2761 3420 2816 investituras
3459 2760 3561 2816 sibi

1963 2852 2234 2907 vindicare
2266 2852 2662 2919 contendebat;
2701 2863 2755 2908 et
2798 2853 3092 2925 spiritualia
3141 2871 3252 2909 non
3294 2855 3557 2925 recipere,

1963 2945 2112 3018 quod
2138 2946 2418 3017 pontiﬁces
2447 2947 2645 3002 merito
2681 2947 2778 3019 ipsi
2825 2947 3182 3018 denegabant.
3233 2949 3369 3016 Quae
3397 2947 3562 3018 hujus

1963 3040 2071 3096 litis
2126 3040 2520 3112 componenda:
2572 3041 2708 3096 ratio
2736 3042 2780 3097 si
2831 3040 2902 3096 ab
2960 3040 3076 3112 ipso
3118 3040 3377 3111 principio
3430 3041 3559 3096 inita

1963 3133 2171 3200 fuisset,
2201 3133 2392 3190 multis
2432 3143 2487 3190 et
2523 3135 2779 3190 maximis
2826 3132 3118 3201 scandulis,
3157 3134 3314 3191 bellis
3363 3150 3427 3190 ac
3455 3151 3560 3191 cae-

1964 3228 2124 3284 dibus
2161 3228 2375 3284 obviam
2420 3228 2558 3284 itum
2593 3236 2752 3285 esset.
2813 3231 3009 3297 Breve,
3039 3226 3135 3284 sed
3157 3227 3436 3284 eruditum
3495 3244 3561 3283 ac

1963 3323 2202 3378 solidum
2233 3322 2335 3378 hac
2364 3321 2432 3377 de
2456 3338 2514 3377 re
2538 3322 2864 3393 opusculum
2887 3321 3059 3377 edidit
3077 3321 3370 3379 Gol‘fridus
3393 3321 3564 3378 abbas

1962 3415 2395 3482 Vindocinensis,
2429 3415 2484 3470 in
2534 3431 2642 3486 quo
2689 3417 2970 3487 rectejura
3019 3415 3272 3471 Ecclesia:
3324 3431 3386 3470 ac
3413 3417 3564 3488 regni

1963 3509 2267 3580 distinguit.
2309 3508 2470 3564 Morti
2527 3510 2811 3582 proximus
2860 3509 3182 3580 Gregorius,
3247 3508 3564 3578 rogantibus

1962 3603 2325 3660 cardinalibus
2364 3603 2655 3659 consilium
2695 3602 2848 3658 dedit
2869 3612 2950 3671 ut,
2984 3603 3027 3658 si
3052 3602 3252 3656 vellent
3277 3602 3560 3660 hominem

1965 3700 2021 3754 in
2061 3697 2263 3754 saeculo
2302 3705 2600 3770 potentem,
2630 3697 2893 3770 eligerent
2917 3697 3264 3754 Desiderium
3309 3696 3559 3752 abbatem

1960 3793 2314 3850 Casinensem
2340 3793 2428 3863 qui
2463 3791 2774 3848 violentiam
2807 3793 3038 3849 Wiberti
3070 3792 3338 3865 antipapze
3369 3790 3559 3847 infrin-

1963 3897 2142 3960 geret;
2192 3887 2278 3942 sin
2315 3887 2739 3943 ecclesiasticum
2779 3895 2835 3942 et
2881 3888 3229 3961 eloquentem
3258 3888 3564 3960 acciperent

1964 3982 2282 4054 episcopum
2313 3982 2628 4036 Ostiensem
2669 3980 2942 4037 Odonem.
2971 3984 3061 4036 Ita
3104 3983 3237 4036 obiit
3278 3984 3364 4035 vir
3413 3981 3562 4050 apud

1965 4081 2130 4133 Deum
2203 4077 2379 4143 felicis
2431 4077 2644 4145 gratiae,
2707 4076 2856 4145 apud
2921 4077 3153 4130 homines
3220 4078 3559 4130 austeritatis

1964 4173 2212 4239 fortass-is
2252 4172 2454 4233 nimiae,
2493 4168 2668 4240 inquit
2704 4169 3020 4225 Willelmus
3065 4168 3560 4224 Malmesburiensis

1968 4263 2310 4333 (WILLELM.
2347 4259 2436 4315 lib.
2472 4274 2571 4326 ιιι,
2604 4260 2671 4315 de
2703 4262 2833 4328 Reg.
2873 4261 3083 4328 Angl.).

907 4503 1592 4616 SANCTI
1665 4502 2562 4618 GREGORII
2634 4501 2922 4612 VII

1584 4684 1954 4741 PONTIFICIS
1993 4686 2232 4742 MAXIM!

838 4814 1244 4966 VITA,
1336 4815 1987 4967 ELECTIO,
2081 4814 2340 4928 RES
2424 4811 2971 4928 GESTE.

1343 5009 1673 5066 AUCTORE
1718 5010 1817 5065 ON
1826 5009 2084 5065 UPHBIO
2136 5006 2478 5064 PANVINO.

1211 5135 1372 5217 (Lib.
1409 5153 1467 5198 ιν
1499 5139 1581 5198 De
1621 5135 1787 5197 varia
1819 5111 2135 5196 creatione
2167 5138 2349 5196 Rom.
2390 5135 2605 5207 Poni.)

821 5271 1014 5330 Edidit
1044 5271 1425 5339 GRBTSBBUS,
1457 5273 1686 5342 Operam
1725 5275 1863 5325 tome
1891 5272 1964 5339 II,
1987 5285 2120 5340 pag.
2151 5273 2242 5334 91,
2274 5286 2342 5323 ea:
2371 5267 2682 5323 bibliotheca
2699 5265 3008 5334 ,Bava-rica.

1689 5501 2134 5580 LECTORI.

325 5650 524 5726 Paucis
547 5657 625 5714 te,
642 5647 946 5705 Christiane
974 5645 1170 5726 lector,
1209 5647 1480 5726 monitum
1519 5648 1666 5726 volo,
1714 5646 2092 5726 Onuphrium,
2121 5645 2264 5726 dum
2295 5645 2577 5726 Sigeberti,
2605 5644 3012 5726 Urspergensis.
3037 5649 3091 5726 et
3116 5641 3368 5726 Aventini
3397 5639 3560 5726 vesti-

253 5721 337 5794 gia
375 5722 548 5794 nimis
577 5713 810 5794 propere
837 5719 1103 5794 sequitur,
1137 5713 1196 5794 ac
1234 5727 1377 5794 recta
1410 5720 1554 5794 linea
1571 5713 2174 5794 aliquando‘excidisse,
2211 5713 2629 5794 utcontingere
2657 5717 2800 5772 solet
2827 5713 3024 5794 iis__qui_
3053 5714 3217 5794 duces
3256 5713 3561 5794 schismati-

255 5781 372 5860 Eos,
405 5781 731 5866 qualiii'ui't
751 5781 1421 5866 Sigebertus,'ve_l_alioqui
1461 5781 1988 5866 parum-sana:_iidei
2019 5798 2077 5845 et
2122 5781 2387 5866 doctrina;
2414 5781 2754 5866 scriptores,
2789 5781 2964 5866 qualis
2997 5784 3322 5851 Aventinus,
3352 5781 3558 5853 absque

256 5857 519 5921 accurato
550 5857 904 5936 singulorum
959 5857 1080 5932 qua?
1130 5857 1370 5916 afferunt
1414 5857 1660 5916 examine
1696 5862 1795 5916 sibi
1829 5860 2090 5935 deligunt.
2138 5862 2240 5917 Sed
2299 5861 2488 5926 habes,
2517 5857 2674 5929 cujus
2701 5857 3034 5920 ﬁlo’duetus,
3067 5872 3096 5909 a
3126 5867 3252 5906 vero
3275 5867 3556 5922 nunquam
