4122 6180
297 264 400 318 153

1283 256 1814 315 PROLEGOMENA.
1851 289 1920 301 -
1955 258 2133 316 ACTA
2170 258 2222 316 s.
2266 242 2631 314 GREGORII.’

3497 264 3603 319 154

292 385 468 442 nobio
493 382 865 451 Cluniacensi,
894 382 1024 439 viris
1073 381 1430 449 sanctissimis
1482 399 1576 455 per
1623 399 1686 440 ea
1740 391 1885 440 tem-
1917 389 1972 453 Α
1999 391 2328 440 moreretur.
2360 384 2545 455 Quare
2564 382 2748 437 statim
2778 381 2847 438 ab
2876 382 3094 452 abbate,
3124 385 3599 444 etmonachorum

295 494 428 551 pora
455 477 835 544 refertissimo,
889 473 994 533 sub
1047 476 1299 537 0dilone,
1347 475 1549 534 abbate
1610 476 1893 549 professus

295 580 399 629 est.

362 666 505 722 Sunt
542 666 636 736 qui
677 664 863 723 dicant
902 667 1075 734 (197),
1132 678 1258 721 eum
1294 664 1487 721 inﬁmo
1513 680 1580 722 ac
1608 670 1746 737 pene
1772 680 1893 722 sor-

296 758 428 816 dido
456 760 581 815 loco
607 766 826 828 natum,
852 756 1105 831 fabrique
1148 758 1358 831 lignarii
1391 758 1561 815 ﬁlium
1593 757 1780 827 fuisse,
1810 767 1897 815 at-

294 869 403 926 que
429 852 607 909 adhuc
635 867 868 924 puerum
901 851 970 908 ad
998 851 1183 908 aulam
1204 851 1548 924 imperialem
1593 850 1898 924 profectum

296 947 358 1004 in
385 945 611 1003 Caesaris
634 944 946 1013 Chunradi,
982 953 1039 1001 et
1079 945 1200 1017 ejus
1235 944 1332 1001 ﬁlii
1360 944 1585 1001 Henrici
1625 947 1705 1001 ΠΙ
1750 945 1899 1001 curia

291 1039 611 1096 adolevisse.
646 1042 734 1097 De
774 1054 885 1109 quo
912 1037 1351 1094 comminiscitur
1383 1038 1566 1095 nescio
1599 1037 1721 1110 quis
1751 1036 1902 1095 fabu-

290 1133 438 1189 lator
471 1133 836 1189 inconcinnus
887 1130 1152 1188 fabellas:
1184 1131 1339 1204 quod
1386 1146 1514 1187 cum
1559 1131 1703 1188 ﬁlius
1757 1139 1900 1188 esset

288 1224 429 1281 fabri
474 1224 717 1297 lignarii,
767 1240 834 1280 ex
858 1224 1150 1280 sarmentis
1200 1223 1396 1281 ordine
1441 1222 1762 1296 compositis
1813 1224 1899 1279 in-

283 1318 465 1373 scium
513 1319 696 1389 ipsum
748 1316 850 1373 has
879 1316 1089 1373 litteras
1153 1316 1348 1374 ordine
1374 1316 1737 1384 conseruisse,
1768 1317 1891 1388 qui-

282 1412 387 1467 bus
415 1420 606 1467 astans
634 1412 806 1467 homo
841 1410 1111 1467 litteratus
1162 1410 1370 1484 legerit,
1427 1426 1492 1465 ex
1524 1425 1587 1467 ea
1614 1411 1893 1482 composi-

280 1506 436 1562 tione
474 1505 886 1573 scandularum,
936 1506 1265 1562 Dominabor
1312 1521 1350 1559 α
1402 1506 1549 1559 mari
1599 1520 1766 1574 usque
1820 1505 1895 1559 ad

280 1615 475 1663 atare;
519 1598 628 1665 vel,
680 1608 742 1654 ut
790 1597 877 1653 alii
902 1597 1110 1665 dicunt,
1140 1597 1335 1670 spiritu
1367 1596 1687 1669 prophetico
1718 1598 1891 1670 magis

2002 492 2294 544 consensu,
2327 477 2670 549 magistratus
2702 475 2814 542 ille,
2842 476 3216 535 Hildebrando
3244 479 3602 537 demandatus
3672 477 3686 491 ’

2003 578 2104 626 est.
2132 570 2278 641 (202)
2310 572 2429 639 Quo
2454 578 2703 641 tempore
2746 571 3085 639 Brunonem,
3117 574 3439 629 Romanum
3469 590 3602 645 pon-

2008 663 2214 719 tiﬁcem
2243 664 2481 719 electum
2511 662 2791 731 Cluniaco,
2842 665 2922 720 vel
2958 679 3058 735 per
3087 664 3400 722 Bisuntium
3424 674 3599 723 trans-

2007 758 2084 814 ire
2135 756 2415 829 contigit:
2448 771 2639 829 quem,
2668 758 2812 812 clam
2857 766 3213 827 conventum,
3262 760 3383 816 zelo
3434 760 3601 818 hono-

2006 852 2083 908 ris
2113 850 2216 907 Dei
2254 851 2442 922 plenus
2474 848 2887 905 Hildebrandus
2918 852 3362 910 constantissime
3388 854 3455 910 de
3483 854 3599 925 ipsa

2007 944 2253 1002 novitate
2270 942 2570 1015 redarguit,
2588 943 2980 998 inconveniens
2999 945 3221 1001 omnino
3246 961 3365 1002 esse
3384 945 3602 1016 dicens,

2008 1046 2065 1094 et
2089 1045 2278 1095 contra
2299 1046 2615 1094 sanctorum
2636 1038 2863 1091 Patrum
2900 1035 3167 1105 instituta,
3197 1054 3228 1094 a
3257 1054 3425 1095 manu
3462 1039 3599 1096 laica

2006 1132 2310 1188 maximum
2340 1130 2629 1187 Christiani
2678 1129 2829 1185 orbis
2858 1129 3175 1201 pontiﬁcem
3205 1132 3276 1187 ad
3296 1133 3470 1189 totius
3501 1136 3599 1190 Ec-

2004 1225 2185 1282 clesia
2223 1224 2468 1296 regimen
2497 1224 2547 1279 vi
2574 1223 2834 1279 immitti:
2867 1239 3078 1292 verum,
3131 1224 3175 1279 si
3206 1225 3318 1281 suis
3361 1227 3600 1301 consiliis

2004 1318 2354 1392 acquiescere
2392 1317 2570 1383 vellet,
2612 1332 2670 1372 se
2711 1324 3005 1388 utrumque
3047 1317 3339 1389 pollicetur
3380 1318 3602 1376 effectae

2002 1427 2150 1480 rum,
2190 1420 2244 1467 et
2266 1410 2414 1484 quod
2469 1410 2820 1483 Imperatoris
2856 1410 3286 1482 indignationem
3317 1419 3601 1491 propterea

2000 1521 2113 1560 non
2142 1505 2466 1571 incurreret,
2507 1502 2764 1576 quodque
2795 1503 3017 1561 libertas
3052 1503 3415 1561 ecclesiastica
3449 1504 3509 1560 in
3536 1506 3603 1561 le-

2001 1598 2224 1670 gitima,
2270 1599 2529 1671 justaque
2567 1597 2839 1669 pontiﬁcis
2876 1596 3216 1654 ordinatione
3261 1598 3426 1655 illaesa
3478 1614 3613 1679 con-g

279 1692 488 1748 ductus
513 1706 682 1762 quam
729 1690 1055 1759 instructus,
1116 1689 1499 1747 monstraverit
1550 1706 1609 1747 se
1634 1689 1893 1749 futurum
1996 1702 2324 1775 servataque
2348 1702 2619 1749 maneret.
2652 1691 2819 1762 Cujus
2859 1692 3085 1748 monitis
3110 1692 3190 1747 vir
3232 1691 3382 1764 pius,
3404 1700 3460 1749 et
3488 1708 3605 1763 san:

279 1784 585 1841 dominum
636 1800 668 1840 a
695 1785 835 1840 mari
875 1800 1048 1857 usque
1089 1783 1159 1840 ad
1186 1799 1356 1840 mare.
1397 1782 1531 1840 lude
1572 1782 1889 1856 conjectans
1925 1777 1973 1839 B
2000 1796 2122 1843 ctus
2148 1787 2432 1843 humiliter
2469 1784 2683 1857 parens,
2712 1801 3041 1858 purpuream
3072 1794 3278 1841 vestem
3309 1786 3519 1851 statim,
3546 1795 3602 1843 et

282 1880 360 1934 vir
408 1878 507 1934 ille
554 1878 823 1935 litteratus
869 1878 1111 1937 divinum
1147 1877 1350 1949 aliquid
1388 1877 1444 1932 in
1486 1893 1677 1950 puero,
1720 1877 1891 1933 suasit
1997 1881 2097 1936 alia
2126 1880 2467 1937 Pontiﬁcalia
2518 1878 2841 1935 indumenta
2887 1877 3175 1950 deposuit;
3219 1879 3599 1951 peregrinique

278 1973 418 2043 patri
473 1981 537 2028 ut
589 1988 718 2029 eum
748 1972 943 2028 litteris
970 1970 1251 2028 traderet:
1296 1970 1546 2041 traditus,
1587 1970 1659 2026 ita
1708 1968 1888 2043 profe-

276 2067 352 2122 cit
395 2072 463 2122 nt
495 2067 553 2123 in
574 2067 955 2123 cancellariam
984 2065 1329 2138 imperatoris
1357 2065 1661 2138 pervenerit
1693 2083 1707 2121 :
1740 2068 1887 2132 (198)

278 2159 373 2217 ubi
426 2160 652 2217 somnio
689 2159 1007 2217 admonitus
1056 2159 1353 2232 imperator
1408 2158 1477 2216 de
1521 2157 1717 2215 eodem
1769 2168 1888 2215 tum

278 2253 578 2310 scriniario
618 2269 740 2322 suo,
780 2252 931 2327 quod
977 2252 1497 2325 comuaﬂideretur
1543 2251 1746 2310 habere
1772 2252 1891 2324 qui-

276 2348 381 2403 bus
434 2347 613 2404 ﬁlium
669 2347 790 2420 ejus
832 2353 1161 2412 contereret,
1208 2346 1496 2402 hominem
1566 2345 1621 2401 in
1677 2345 1889 2402 vincula

276 2441 612 2514 conjecisse,
641 2440 737 2498 sed
788 2442 858 2498 ab
901 2440 1242 2512 imperatrice
1277 2442 1529 2512 Hagnete
1572 2427 1797 2495 viticulis
1826 2439 1887 2495 li-

274 2535 562 2601 beratum,
605 2534 969 2591 Cluniacense
1005 2533 1397 2590 monasterium
1442 2533 1683 2606 petiisse,
1743 2531 1889 2589 inde-

273 2645 378 2700 que
410 2628 715 2701 prol'ecisse
742 2628 986 2699 primum
1038 2627 1097 2684 in
1140 2626 1561 2694 subdiaconum,
1592 2626 1789 2682 deinde
1833 2627 1886 2682 in

274 2720 642 2786 eardinalem,
698 2720 995 2775 novissime
1052 2719 1106 2775 in
1154 2719 1491 2792 Gregorium
1529 2735 1724 2792 papam
1765 2721 1890 2774 Vll.

274 2814 380 2871 Sed
416 2830 530 2886 ego
562 2813 901 2870 levissimum
928 2813 1211 2869 hominem
1240 2812 1537 2869 ridendum
1568 2811 1715 2867 dico.
1753 2811 1893 2868 Satis

274 2917 470 2964 tanien
488 2918 714 2963 conSLat
741 2922 869 2963 eum
895 2923 963 2963 ex
1005 2906 1127 2963 aula
1164 2906 1430 2978 imperiali
1483 2906 1551 2962 ad
1578 2905 1893 2964 coenobium

274 3001 643 3058 Cluniacense
672 2999 978 3073 proiectum
1009 3019 1023 3056 :
1060 2999 1118 3055 in
1147 3016 1280 3073 quo,
1320 3014 1448 3055 cum
1492 2998 1570 3055 vir
1602 2999 1886 3068 evasisset,

1996 1973 2189 2030 habitu
2217 1982 2499 2045 suscepto,
2535 1988 2725 2029 secum
2765 1972 2948 2043 ipsum
3006 1970 3433 2027 Hildebrandum
3488 1988 3599 2029 mo-

1999 2067 2259 2134 nachum,
2294 2067 2389 2140 qui
2427 2065 2641 2122 salubre
2666 2064 2954 2122 consilium
3004 2064 3109 2120 sibi
3156 2063 3409 2132 dederat,
3436 2066 3599 2121 comi-

1997 2169 2115 2218 tem
2135 2160 2456 2232 assumpsit,
2486 2167 2541 2216 et
2565 2168 2808 2231 emptum
2849 2158 2950 2214 iter
2975 2160 3220 2214 Romam
3252 2174 3441 2215 versus
3468 2174 3597 2216 cum

2000 2256 2190 2328 legatis
2236 2254 2524 2320 Romanis,
2556 2263 2611 2310 et
2657 2253 2777 2309 aliis
2830 2252 3130 2308 comitibus
3172 2251 3442 2325 episcopis
3465 2253 3597 2310 arri-

1995 2349 2134 2420 puit.
2186 2351 2384 2404 Romae
2428 2346 2977 2404 honoriﬁcentissime
3055 2354 3367 2418 susceptus,
3416 2344 3594 2413 altero

1995 2452 2119 2515 post
2154 2442 2451 2519 adventum
2498 2456 2661 2497 suum
2701 2440 2820 2504 die,
2882 2439 3229 2513 congregatis
3271 2438 3328 2495 in
3381 2438 3600 2496 basilica

1995 2538 2051 2594 S.
2080 2536 2225 2613 Petri
2255 2535 2639 2599 cardinalibus,
2684 2534 2854 2601 clero,
2897 2542 3124 2601 senatu,
3155 2533 3468 2606 populoque
3488 2535 3599 2590 Ro-

1998 2618 2187 2696 mano,
2219 2643 2317 2685 eos
2346 2628 2433 2684 his
2458 2629 2641 2684 verbis
2668 2627 2736 2684 ab
2767 2626 3143 2684 Hildcbrando
3187 2626 3486 2685 instructus
3525 2626 3600 2681 al-

2000 2725 2221 2779 locutus
2246 2730 2353 2778 est.

2070 2819 2312 2884 Fratres,
2343 2820 2394 2871 et
2414 2818 2579 2871 amici
2594 2817 2653 2869 in
2686 2815 2903 2870 Christo
2926 2815 3062 2868 mihi
3087 2814 3412 2880 charissimi,
3447 2813 3598 2885 lega-

2001 2912 2144 2965 tione
2174 2914 2350 2963 uestra
2373 2910 2603 2976 cognita,
2647 2908 2722 2960 ad
2748 2909 3121 2976 imperatorem
3152 2910 3433 2977 profectus
3456 2925 3597 2979 sum,

1995 3008 2057 3058 ut
2080 3004 2408 3057 uoluntatem
2439 3006 2491 3056 et
2512 3002 2850 3071 propositum
2875 3016 3033 3054 suum
3061 3004 3393 3070 requirerem
3424 3020 3441 3055 :
3467 3017 3595 3065 non,
3688 2992 3689 2995 “

274 3093 443 3151 rebus
479 3093 736 3166 gerendis
786 3093 1023 3151 maxime
1067 3092 1322 3162 idoneus,
1375 3101 1538 3161 atque
1579 3091 1887 3148 admodum
1927 3148 1966 3166 η
1994 3103 2054 3151 ut
2096 3098 2165 3151 ab
2194 3112 2251 3151 eo
2270 3099 2539 3152 Romanus
2553 3096 2809 3165 pontifex
2829 3096 3059 3163 eligerer
3079 3096 3223 3163 (203)
3248 3112 3266 3148 :
3313 3098 3597 3165 quemscio

275 3203 467 3260 gax,
499 3194 558 3242 et
600 3186 838 3260 prudens
879 3187 948 3242 ab
977 3185 1235 3243 omnibus
1283 3186 1693 3243 existimaretur
1725 3205 1739 3240 :
1776 3188 1891 3240 Ro-
1923 3185 1969 3213 υ
1994 3192 2137 3246 nihil
2166 3191 2314 3260 juris
2337 3191 2397 3245 in
2445 3188 2758 3258 hujusmodi
2778 3188 3024 3244 electione
3070 3187 3267 3243 habere
3293 3206 3311 3239 :
3351 3188 3444 3244 sed
3480 3204 3596 3243 eam

275 3297 429 3337 mam
460 3281 533 3337 ab
555 3281 753 3336 eodem
776 3280 970 3336 abbate
997 3295 1100 3336 suo
1128 3278 1336 3335 missus
1366 3286 1470 3348 est,
1518 3287 1581 3336 ut
1609 3286 1888 3334 monaste-
1995 3285 2069 3339 ad
2092 3299 2180 3338 vos
2212 3283 2373 3338 libere
2385 3274 2678 3354 pertinere.
2708 3285 2824 3337 Huc
2857 3285 3032 3336 autem
3059 3297 3165 3336 non
3198 3283 3261 3336 ob
3289 3283 3454 3336 aliam
3481 3298 3599 3337 cau-

272 3375 337 3430 rii
393 3383 453 3433 et
507 3373 949 3446 congregationis
1023 3372 1394 3429 Cluniacensis
1450 3371 1676 3445 negotia
1743 3369 1889 3443 apud
1996 3393 2110 3432 sam
2136 3379 2277 3439 veni,
2301 3392 2465 3445 quam
2492 3380 2557 3428 ut
2587 3376 2947 3444 apostolorum
2970 3376 3163 3428 limina
3186 3377 3486 3431 visitarem.
3529 3380 3600 3432 Et

276 3468 651 3540 apostolicam
701 3466 890 3523 sedem
921 3474 1259 3540 percuraret.
1292 3467 1407 3527 Diu
1435 3473 1620 3521 autem
1661 3465 1717 3520 in
1759 3480 1887 3521 mo-

275 3561 522 3618 nasterio
581 3560 832 3633 ejusdem
890 3559 1331 3634 congregationis
1382 3567 1700 3615 sanctorum
1758 3561 1892 3614 Lau-

278 3656 447 3711 rentii
490 3663 548 3711 et
595 3655 855 3724 Stephani
894 3662 1048 3710 extra
1103 3668 1294 3710 muros
1330 3652 1501 3710 Urbis
1548 3650 1893 3709 laudabiliter

281 3749 458 3806 vitam
496 3748 765 3820 transegit
792 3746 1086 3804 Benedicto
1118 3750 1265 3815 (199)
1304 3748 1387 3802 IX
1418 3748 1585 3802 Rom.
1610 3746 1886 3819 pontifice,

282 3860 391 3915 quo
416 3851 673 3916 tempore
717 3840 956 3898 maxima
985 3840 1365 3896 familiaritate
1393 3856 1525 3896 usus
1555 3849 1637 3896 est
1664 3839 1893 3895 Joannis

284 3937 532 3994 Gratiani
583 3937 637 3993 S.
700 3938 773 3992 R.
823 3937 888 3992 E.
941 3934 1266 4003 cardinalis,
1319 3942 1375 3990 et
1425 3933 1880 4007 archipresbyteri

284 4032 338 4086 S.
386 4030 619 4087 Joannis
667 4038 796 4086 ante
844 4037 1057 4101 portam
1106 4028 1386 4094 Latinam,
1413 4028 1533 4099 -qui
1567 4035 1757 4098 postea
1786 4029 1897 4082 Ro.

283 4140 483 4180 manus
527 4121 792 4197 pontifex,
854 4120 1030 4177 tribus
1080 4120 1447 4177 schismaticis
1489 4119 1891 4189 abdicantibus,

282 4216 483 4285 factus,
510 4223 654 4283 (200)
685 4215 987 4288 Gregorius
1016 4216 1091 4270 VI
1142 4213 1443 4287 appellatus
1490 4221 1591 4271 est.
1643 4214 1749 4268 Hic
1784 4214 1896 4268 Hil-

287 4310 632 4369 dehrandum
678 4310 793 4382 jam
832 4308 1186 4377 monachum,
1233 4316 1457 4381 propter
1500 4307 1618 4380 ejus
1641 4305 1893 4364 suavissi-

287 4420 408 4461 mos
449 4419 656 4470 mores,
682 4402 1037 4475 prudentiam
1083 4410 1246 4473 atque
1279 4400 1662 4457 admirabilem
1692 4400 1892 4457 doctri-

284 4514 443 4564 nam,
484 4497 727 4554 maxime
775 4495 1053 4569 diligebat.
1087 4498 1169 4552 Eo
1194 4503 1380 4550 autem
1408 4495 1461 4550 in
1486 4494 1722 4551 concilio
1744 4497 1892 4562 (201)

1995 3472 2251 3540 quoniam
2281 3470 2391 3523 lucc
2422 3467 2719 3537 apostolica
2751 3467 2914 3533 sedes,
2954 3466 3078 3536 jam
3125 3468 3223 3521 diu
3251 3472 3469 3537 pastore
3514 3485 3599 3522 va-

1998 3566 2156 3629 carit,
2184 3578 2300 3617 eam
2328 3561 2560 3630 amplius
2585 3562 2661 3614 sic
2700 3574 2913 3614 manere
2944 3574 3049 3613 non
3076 3560 3313 3629 expedit.
3362 3562 3600 3631 Quapro-

1993 3662 2118 3728 pter
2143 3671 2232 3711 uos
2254 3670 2431 3710 omnes
2461 3655 2669 3717 hortor,
2694 3658 2745 3708 et
2763 3668 2964 3715 moneo,
2996 3657 3077 3720 ut,
3109 3653 3260 3707 nulla
3283 3654 3599 3723 tnterpbsita

1996 3766 2171 3813 mora,
2195 3750 2445 3803 idoneum
2461 3747 2608 3801 vobis
2636 3748 3043 3818 quamprimum
3064 3747 3279 3816 eligatis
3301 3751 3596 3816 pastorem,

2000 3850 2049 3900 et
2070 3845 2391 3914 episcopum.
2425 3840 2621 3897 Statim
2649 3848 2837 3896 autem
2876 3838 3231 3896 Hildebrandi
3280 3839 3509 3896 consilio
3531 3840 3601 3896 ab

2001 3936 2258 3994 omnibus
2287 3933 2557 4008 episcopis
2586 3931 2994 4000 cardinalibus,
3042 3932 3365 4004 caeterisque
3414 3933 3600 3990 nobili-

2001 4031 2104 4086 bus
2151 4030 2200 4086 ei
2238 4042 2569 4100 reSponsum
2607 4035 2691 4082 est
2718 4046 2730 4081 :
2762 4034 2818 4081 te
2850 4041 3023 4081 unum
3056 4035 3109 4081 et
3134 4041 3248 4082 non
3286 4025 3453 4081 alium
3502 4042 3598 4081 vo-

1984 4123 2204 4191 .lumus,
2257 4129 2423 4193 atque
2470 4121 2527 4175 in
2592 4122 2916 4175 Romanum
2970 4117 3282 4191 pontiﬁcem
3325 4118 3597 4191 eligimus.

2002 4218 2263 4288 Tuncque
2313 4213 2730 4271 archidiaconus
2775 4214 2831 4268 S.
2882 4212 2953 4267 R.
2998 4214 3063 4267 Ε.
3117 4227 3276 4268 more
3319 4212 3599 4284 majorum

2001 4309 2294 4365 clamavit:
2344 4312 2645 4365 Brunonem
2692 4308 2995 4379 episcopum
3057 4309 3102 4362 B
3125 4347 3139 4360 .
3178 4308 3367 4361 Petrus
3420 4307 3619 4376 elegit.‘

2000 4406 2260 4475 Dumque
2291 4400 2474 4456 omnis
2516 4400 2716 4462 clerus,
2748 4407 2804 4453 et
2848 4398 3083 4470 pOpulus
3118 4397 3223 4453 hoc
3245 4397 3422 4469 ipsum
3463 4414 3596 4453 cou—

1999 4496 2281 4563 clamaret,
2305 4494 2487 4551 statim
2517 4493 2584 4548 ab
2628 4491 2884 4548 omnibus
2936 4499 3125 4563 raptus
3186 4490 3241 4545 in
3294 4490 3598 4547 Pontiﬁcali

285 4592 459 4648 Sutrii
490 4597 848 4663 congregato,
872 4555 944 4647 ex
970 4588 1305 4646 auctoritate
1338 4587 1563 4644 Henrici
1592 4590 1892 4659 lmperato-
1919 4555 1971 4616 D
2000 4588 2138 4659 solio
2168 4555 2468 4644 collocatus
2492 4595 2604 4654 est;
2649 4555 3104 4641 consecratus-est
3122 4590 3304 4639 autem
3335 4581 3598 4641 Pontifex

283 4686 361 4741 ris
385 4687 467 4741 lll
495 4683 818 4757 pontiﬁcatu
849 4684 1081 4756 privato,
1121 4682 1240 4755 ejus
1267 4697 1379 4737 non
1416 4681 1719 4737 immemor
1745 4681 1887 4736 ami-

283 4779 454 4847 (sitia,
499 4786 557 4834 et
590 4776 1015 4846 beneﬁciorum,
1044 4777 1226 4849 ipsum
1255 4781 1478 4831 secutus
1506 4782 1588 4830 est
1613 4789 1787 4846 usque
1817 4773 1886 4831 ad

285 4888 451 4929 suum
477 4869 833 4928 Cluniacense
856 4870 1278 4936 monasterium,
1299 4866 1450 4941 quod
1470 4867 1889 4939 ablmperatore

286 4965 553 5034 Henrico,
581 4964 791 5020 vitandi
818 4963 1129 5020 schismatis
1173 4977 1361 5031 causa,
1391 4961 1660 5033 relegatus
1690 4959 1888 5029 fuerat,

287 5060 378 5116 ubi
405 5075 522 5115 non
571 5058 732 5131 longe
775 5066 920 5129 post,
958 5055 1258 5130 Gregorius
1302 5056 1421 5128 ipse
1465 5054 1633 5110 animi
1694 5053 1888 5110 dolore

287 5151 570 5211 confectus
587 5150 731 5208 diem
762 5149 960 5207 clausit
985 5156 1318 5206 extremum.

358 5246 603 5319 Contigit
636 5260 769 5301 vero
798 5252 863 5301 ut
901 5243 1097 5315 eodem
1139 5258 1287 5298 anno
1314 5240 1465 5313 prior
1502 5239 1739 5296 emnobii
1768 5239 1893 5297 Clu-

290 5339 733 5411 niacensis,quae
775 5335 1017 5393 secunda
1062 5344 1187 5406 post
1225 5334 1480 5391 abbatem
1520 5333 1761 5405 dignitas
1787 5341 1890 5403 est,

364 5522 509 5595 (197',
532 5523 617 5595 Ita
635 5523 866 5595 Raron.,
892 5534 1023 5595 ann.
1052 5523 1211 5595 1073)
1235 5533 1393 5595 num.
1429 5521 1518 5573 16.

363 5587 505 5665 (198)
548 5594 635 5649 De
661 5593 768 5665 hoc
792 5591 1014 5665 somnio
1065 5589 1145 5665 nil_
1172 5590 1467 5665 Baronius;
1517 5587 1762 5645 fabulam
1805 5603 1890 5645 re-

286 5661 552 5747 εῖρῖειέιε
571 5663 951 5747 faciundis!
964 5661 1303 5747 οηιέριιῐὲξεο

360 5734 507 5806 (199)
532 5734 664 5790 lniit
699 5732 1029 5790 Benedictus
1054 5732 1439 5789 Pontiﬁcatum
1474 5746 1620 5788 anno
1650 5736 1814 5787 1040'

358 5810 507 5874 (200)
534 5807 754 5863 Electus
776 5820 920 5862 anno
943 5808 1100 5861 1044.

597 5820 754 5863 ectus
776 5820 920 5862 anno
943 5820 1100 5861 1044.

1996 4682 2063 4738 ab
2115 4680 2387 4753 episcopis
2432 4678 2825 4747 cardinalibus,
2856 4686 2914 4733 et
2965 4675 3272 4732 diademate
3312 4679 3365 4733 S.
3416 4679 3487 4733 R.
3526 4680 3594 4733 E.

1996 4774 2282 4830 redimitus
2329 4776 2530 4828 Romae
2584 4771 2641 4826 in
2680 4770 2899 4826 basilica
2926 4771 2982 4826 S.
3031 4770 3176 4825 Petri
3223 4769 3282 4825 in
3314 4770 3596 4840 Vaticano,

1996 4866 2300 4923 astantibus
2351 4865 2498 4921 clero
2555 4872 2614 4923 et
2665 4864 2893 4937 populo,
2942 4862 3029 4919 die
3079 4863 3372 4919 Dominica
3427 4864 3598 4935 prima

1995 4960 2442 5034 Quadragesimaa
2482 4957 2658 5031 pridie
2706 4956 2829 5013 idus
2872 4956 3177 5027 Februarii,
3208 4973 3355 5012 anno
3376 4957 3598 5013 Domini

1999 5061 2160 5121 1059,
2191 5056 2416 5126 Leoque
2461 5054 2545 5108 1X
2583 5051 2887 5124 appellatus
2931 5059 3033 5107 est.
3089 5050 3247 5107 Sedit
3301 5059 3487 5107 autem
3540 5050 3597 5108 in

1994 5148 2285 5221 apostolica
2300 5145 2430 5203 sede
2453 5161 2627 5202 annos
2649 5160 2708 5212 v,
2737 5160 2953 5201 menses
2977 5159 3045 5213 ιι,
3074 5143 3191 5200 dies
3212 5159 3343 5202 vm.

2066 5243 2427 5297 Consecratus
2451 5239 2617 5311 igitur
2642 5237 2913 5305 Pontifex,
2939 5238 3121 5309 ipsum
3158 5237 3596 5294 Hildebrandum

1995 5335 2354 5403 monachum,
2403 5333 2559 5405 cujus
2621 5346 2756 5388 sano
2802 5331 3028 5388 consilio
3071 5329 3190 5388 haec
3217 5331 3401 5386 omnia
3452 5330 3597 5387 facta

2070 5518 2214 5591 (201)
2243 5516 2377 5591 Vide
2398 5518 2597 5591 Baron.
2625 5519 2783 5570 1046.

2065 5586 2211 5659 (202)
2241 5590 2386 5659 Lege
2414 5590 2806 5659 Baron.,_anno
2837 5586 2993 5659 1049.

2063 5652 2214 5731 (203)
2248 5652 2397 5714 Nihil
2446 5658 2587 5731 juris
2620 5652 2809 5714 'habet
2876 5656 3170 5725 imperator
3219 5654 3274 5710 in
3326 5652 3585 5709 electione

1994 5730 2281 5804 pontiﬁcis.
