4122 6180
482 228 582 282 155

1710 222 1764 278 S.
1807 219 2188 279 GREGORIUS
2227 220 2318 276 VII
2354 219 2549 276 PAPA.

3671 219 3770 274 156

477 351 714 419 fuerant,
755 333 1148 408 subdiaconum
1177 347 1532 415 cardinalem,
1575 346 1862 404 custodem
1891 346 2074 403 altaris
2101 351 2150 414 Α
2179 362 2242 402 ex
2287 313 2372 401 his
2409 359 2468 400 se
2505 319 3038 401 Simoniacosifuisse
3067 339 3298 398 confessi
3333 338 3442 398 sint
3467 346 3524 396 et
3565 338 3776 412 episco-

478 447 535 504 S.
560 444 701 501 Petri
731 445 958 516 apostoli
997 446 1054 502 S.
1085 445 1158 497 R.
1189 445 1250 498 Ε.
1296 457 1675 509 ωοοηοωυπι,
1707 449 1872 514 atque
1910 441 2068 497 abba-

477 546 590 595 tem
639 536 953 595 monasterii
997 538 1050 592 S.
1101 535 1253 591 Pauli
1305 541 1458 590 extra
1527 551 1718 592 muros
1773 535 1939 593 Urbis
1985 535 2065 590 via

479 633 709 688 Ostiensi
739 631 940 687 creavit
969 646 983 685 :
1038 629 1195 700 cujus
1251 637 1438 701 postea
1468 629 1725 696 consiliis,
1782 637 1838 685 et
1874 638 2066 685 aucto-

475 727 636 782 ritate
664 725 720 780 in
745 723 1000 779 omnibus
1029 731 1208 779 totum
1236 722 1345 778 fere
1379 722 1725 795 pontiﬁcatus
1749 724 1833 779 sui
1852 733 2070 796 tempus

473 819 748 892 transegit.
783 818 869 874 Ab
897 833 962 874 eo
1011 818 1160 873 enim
1185 817 1521 883 admonitus,
1567 819 1758 874 beatus
1799 817 2068 891 pontifex,

472 914 611 969 inter
653 911 755 968 alia
783 912 976 981 multa,
1003 927 1128 985 quae
1171 911 1312 979 fecit,
1351 911 1627 984 synodum
1661 928 1882 985 quoque
1923 912 2063 968 cele-

472 1006 666 1075 bravit,
715 1007 769 1062 in
798 1022 902 1078 qua
933 1007 1191 1079 pleraque
1226 1015 1414 1063 contra
1441 1015 1699 1063 uxoratos
1737 1005 2068 1074 sacerdotes,

473 1108 525 1156 et
546 1100 889 1158 Simoniacos
920 1100 1208 1173 episcopos
1227 1101 1442 1157 decreta
1463 1109 1664 1158 statuta
1690 1109 1840 1157 sunt.

544 1196 622 1251 Eo
678 1210 806 1250 vero
855 1203 1100 1272 mortuo,
1154 1195 1552 1252 Hildebrandus
1631 1195 2002 1252 subdiaconus
2044 1211 2074 1250 a

473 1289 640 1357 clero,
656 1295 865 1355 senatu,
891 1287 1202 1360 populoque
1223 1292 1480 1345 Romano
1501 1289 1731 1361 legatus,
1762 1288 1830 1344 ad
1853 1288 2077 1360 impera-

471 1391 649 1438 torem
695 1382 902 1438 missus
955 1390 1056 1449 est,
1116 1390 1176 1438 ut
1223 1399 1427 1439 novum
1483 1383 1551 1438 ab
1592 1383 1710 1455 ipso
1761 1381 2073 1454 pontiﬁcem

475 1475 775 1548 postularet
806 1495 819 1529 :
853 1491 882 1532 a
908 1492 1018 1548 quo
1052 1491 1181 1532 cum
1214 1481 1360 1541 (204)
1386 1476 1744 1533 Gebehardus
1785 1477 2075 1548 episcopus

471 1569 862 1626 Aichstatensis
893 1570 1120 1638 electus,
1183 1571 1483 1643 Victorque
1536 1574 1591 1628 ΙΙ
1649 1570 1948 1643 appellatus
1999 1586 2080 1626 es-

479 1671 583 1731 set,
635 1678 759 1719 eum
824 1666 1064 1722 Romam
1113 1664 1540 1741 consecrandum
1589 1663 1815 1720 adduxit
1869 1685 1881 1720 :
1936 1665 2080 1737 apud

2175 441 2411 513 patibus,
2435 438 2583 513 quod
2605 445 2871 507 emerant,
2891 435 3275 494 abdicaverint.

2245 534 2522 592 Celebrata
2564 532 2796 607 synodo,
2818 541 2873 588 et
2890 530 3270 590 ecclesiasticis
3317 529 3548 602 negotiis
3575 545 3773 603 magna

2179 645 2307 687 cum
2338 628 2676 702 providentia
2703 625 2990 694 ordinatis,
3021 625 3088 682 ad
3133 625 3347 681 Urbem
3383 639 3629 680 reversus
3668 632 3770 680 est.

2179 727 2334 781 Tunc
2357 740 2388 780 a
2409 739 2544 796 papa
2571 722 2715 794 (207)
2748 722 3024 793 Stephano
3048 721 3130 776 IX
3161 728 3283 791 post
3306 719 3550 776 solemne
3594 733 3774 774 sacra-

2180 827 2452 884 mentum,
2483 816 2550 872 de
2579 832 2688 889 quo
2734 816 2790 870 in
2818 815 2934 889 ejus
2983 815 3109 870 Vita
3135 815 3469 870 mentionem
3517 811 3773 880 fecimus,

2180 913 2228 968 ei
2275 912 2348 968 ab
2399 910 2657 968 omnibus
2696 909 2964 981 episcopis
3019 907 3389 964 cardinalibus
3443 907 3772 979 prmtitum,

2183 1006 2250 1062 de
2273 1021 2387 1061 non
2415 1002 2662 1077 eligendo
2689 1007 2946 1060 Romano
2995 1001 3268 1075 pontiﬁce,
3299 1001 3344 1056 si
3390 1015 3449 1056 se
3476 1001 3616 1056 mori
3645 1015 3778 1056 eon-

2180 1099 2406 1173 tigisset,
2437 1098 2611 1156 donec
2645 1095 3072 1162 Hildebrandus,
3125 1095 3218 1168 qui
3265 1102 3397 1151 tunc
3423 1093 3491 1150 ad
3543 1093 3777 1166 impera-

2181 1204 2355 1252 torem
2375 1209 2540 1265 super
2568 1192 2672 1248 hoe
2708 1191 2923 1264 negotio
2951 1188 3289 1257 mittebatur,
3321 1187 3590 1257 rediisset,
3615 1201 3776 1259 apos-

2183 1290 2364 1345 tolicae
2401 1287 2541 1344 sedis
2559 1286 2767 1358 legatus
2801 1284 2870 1341 ad
2899 1284 3314 1356 imperatorem,
3346 1290 3401 1338 et
3442 1281 3558 1354 ejus
3603 1281 3775 1337 ﬁlium

2183 1383 2585 1440 adolescentem
2617 1380 2920 1436 Henricum
2948 1380 3023 1434 IV
3045 1378 3244 1434 missus
3267 1385 3368 1433 est.

2255 1478 2396 1532 Cum
2441 1484 2621 1531 autem
2651 1474 2830 1530 audita
2873 1471 3128 1544 Stephani
3176 1473 3259 1527 IX
3302 1477 3478 1527 morte
3511 1468 3774 1537 rediisset,

2185 1570 2477 1626 Benedicto
2508 1572 2582 1636 X,
2609 1568 2702 1642 qui
2753 1576 2875 1640 post
2907 1583 3036 1623 eum
3083 1565 3436 1638 apostolicam
3483 1563 3665 1619 sedem
3705 1564 3780 1618 in-

2187 1673 2417 1730 vaserat,
2447 1664 2563 1736 ejus
2592 1661 2916 1718 auctoritate
2944 1661 3226 1732 abrogato,
3263 1659 3410 1731 (208)
3449 1659 3704 1714 Nicolaus
3723 1659 3777 1715 II

477 1773 640 1830 quem
667 1757 833 1812 etiam
871 1759 1188 1830 plurimum,
1239 1767 1298 1814 ut
1328 1767 1382 1814 et
1432 1758 1578 1830 apud
1612 1761 1984 1820 Leonele,
2026 1759 2082 1813 in
2112 1753 2157 1815 B
2184 1759 2424 1832 pontifex
2483 1757 2756 1814 maximus
2827 1755 3171 1812 renuntiatus
3214 1762 3336 1810 est:
3371 1752 3464 1824 qui
3535 1750 3777 1807 beneﬁcii

475 1851 741 1908 omnibus
767 1851 964 1918 valuit;
987 1860 1105 1908 erat
1144 1853 1294 1908 enim
1351 1851 1434 1908 vir
1468 1867 1657 1910 rerum
1715 1851 2078 1925 gerendarum

476 1945 668 2018 peritia
694 1945 851 2001 valde
877 1946 1091 2002 clarus:
1115 1947 1201 2002 cui
1221 1947 1381 2002 etiam
1407 1947 1706 2002 maximam
1735 1947 2073 2021 religionem,

475 2038 704 2111 vitaeque
717 2037 1118 2096 observantiam
1135 2041 1472 2113 adjunxerat.

547 2137 679 2190 Post
706 2134 913 2188 obitum
932 2135 1170 2190 Victoris
1192 2137 1236 2190 II
1267 2134 1461 2207 dignus
1484 2138 1738 2193 Romano
1758 2135 2077 2207 pontiﬁcatu

473 2227 659 2284 adhuc
695 2227 1059 2284 subdiaconus
1111 2228 1455 2284 existimatus
1476 2238 1577 2284 est.
1621 2233 1823 2284 Verum
1870 2245 2000 2285 cum
2030 2230 2077 2286 ei

475 2321 782 2394 Stephanus
812 2337 945 2394 papa
978 2325 1060 2379 IX
1113 2323 1256 2392 (205)
1290 2319 1568 2395 praelatus,
1599 2326 1884 2379 Romanus
1933 2339 2073 2394 pon-

472 2416 602 2473 tifex
641 2425 855 2472 creatus
895 2425 1058 2489 esset,
1113 2416 1257 2488 apud
1313 2432 1445 2473 eum
1493 2433 1718 2490 quoque
1762 2418 1816 2474 in
1841 2418 2075 2473 maxima

475 2510 797 2567 auctoritate
817 2508 957 2578 fuit;
991 2526 1020 2565 a
1051 2526 1181 2582 quo,
1232 2510 1547 2567 Simoniaca
1597 2513 1717 2567 labe
1765 2511 1978 2566 Italiam
2025 2521 2079 2566 et

474 2604 708 2662 Galliam
751 2612 1091 2675 pervagante,
1138 2604 1284 2676 (206)
1331 2604 1648 2676 apostolicae
1690 2604 1831 2662 sedis
1871 2606 2078 2677 legatus

475 2697 678 2755 missus
719 2707 802 2753 est
841 2699 899 2753 in
936 2699 1138 2755 Gallias
1169 2714 1297 2754 cum
1326 2698 1679 2770 'quibusdam
1703 2699 1985 2772 episcopis,
2015 2708 2080 2755 ut

476 2791 712 2866 synodo,
743 2807 914 2862 quam
953 2799 1142 2848 contra
1183 2791 1438 2863 prmlatos
1462 2792 1799 2848 Simoniacos
1827 2792 2080 2864 Lugduni

474 2901 800 2958 congregare
833 2885 1092 2956 jusserat,
1137 2885 1437 2956 apostolica
1476 2885 1593 2942 vice
1638 2886 1965 2957 praesideret.
2017 2889 2077 2942 In

477 2995 585 3051 quo
633 2978 848 3052 synodo
881 2980 1122 3036 maxime
1176 2978 1532 3034 Hildebrandi
1572 2979 1749 3034 virtus
1779 2981 1977 3034 enituit
2023 2988 2077 3034 et

2185 1869 2418 1918 memor,
2463 1851 2610 1924 qubd
2662 1851 2808 1907 enim
2864 1849 3109 1922 pontifex
3167 1850 3454 1903 Romanus
3495 1853 3658 1912 esset,
3701 1844 3777 1901 illi

2184 1958 2466 2020 acceptum
2492 1945 2783 2013 referebat,
2813 1945 2992 2017 ipsum
3030 1951 3156 2015 post
3201 1941 3488 2010 Mincium,
3522 1942 3580 1996 S.
3603 1941 3673 1996 R.
3709 1941 3773 1996 E.

2185 2041 2627 2098 archidiaconum
2657 2039 2874 2095 creavit.
2917 2037 3074 2110 Apud
3102 2036 3389 2094 Nicolaum
3418 2035 3599 2106 ipsum
3628 2041 3776 2090 tanta

2184 2136 2356 2209 gratia
2412 2143 2466 2191 et
2519 2135 2842 2190 auctoritate
2868 2132 3054 2199 valuit,
3095 2139 3156 2188 ut
3200 2129 3333 2190 nihil
3377 2145 3442 2186 eo
3471 2128 3778 2186 inconsulto

2185 2247 2430 2302 unquam
2457 2228 2700 2302 pontifex
2720 2228 3034 2285 decreverit.

2257 2328 2378 2398 Quo
2403 2332 2648 2392 mortuo,
2682 2321 3058 2378 ecclesiastica;
3099 2319 3365 2376 libertatis
3411 2317 3628 2386 anxius,
3665 2321 3780 2375 Ro-

2186 2419 2337 2476 mani
2371 2418 2638 2490 pontiﬁcis
2665 2417 3014 2484 electionem,
3060 2431 3124 2471 ex
3173 2429 3338 2470 manu
3385 2413 3776 2486 imperatorum

2186 2515 2392 2584 eripere
2426 2511 2536 2583 jam
2590 2511 2859 2583 aSpirans,
2913 2510 3188 2565 maximus
3238 2516 3437 2564 auctor
3465 2506 3587 2574 fuit,
3627 2514 3688 2562 ut
3725 2506 3779 2560 in

2186 2608 2449 2665 electione
2486 2605 2722 2662 Romani
2766 2602 3037 2676 pontiﬁcis
3067 2601 3305 2659 Ecclesia
3344 2606 3589 2658 Romana
3618 2599 3778 2654 liber-

2185 2711 2356 2758 tatem
2376 2716 2532 2756 suam
2552 2700 2669 2771 jam
2697 2697 2793 2755 diu
2829 2699 2883 2754 in
2911 2698 3172 2754 electione
3193 2711 3417 2753 suorum
3455 2693 3776 2766 pontiﬁcum

2189 2796 2447 2853 amissam
2493 2809 2819 2866 recuperare
2871 2791 3149 2864 inceperit.
3193 2789 3396 2847 Cadolo
3447 2788 3594 2844 enim
3647 2789 3781 2842 Par-

2190 2890 2364 2946 mensi
2398 2887 2671 2961 episcopo,
2703 2889 2796 2960 qui
2843 2887 2911 2942 ab
2951 2887 3282 2958 imperatore
3325 2885 3530 2940 electus
3581 2881 3777 2951 fuerat,

2187 2984 2467 3054 abrogato,
2512 2987 2658 3048 (209)
2717 2981 3042 3036 Anselmum
3104 2980 3418 3052 episcopum
3473 2979 3779 3034 Lucensem

479 3071 692 3144 religio.
715 3072 1109 3128 Residentibus
1164 3072 1309 3126 enim
1341 3071 1597 3127 omnibus
1637 3072 2075 3144 archiepiscOpis,
2114 3105 2158 3168 Ο
2187 3080 2384 3132 Romae
2427 3074 3013 3130 liberis-cardinalium
3043 3072 3316 3144 suffragiis
3353 3071 3478 3144 eligi
3531 3086 3780 3160 procura-

475 3165 763 3239 episcopis,
807 3165 1092 3221 abbatibus
1140 3165 1196 3220 in
1267 3164 1498 3220 consilio
1557 3185 1571 3222 ε
1639 3164 2076 3238 archiepiscopus

475 3259 699 3333 quidam
727 3258 1101 3315 virlitteratus
1129 3267 1184 3314 et
1212 3260 1497 3331 eloquens,
1523 3258 1671 3331 quod
1699 3257 2072 3331 episcopatum

477 3352 701 3409 emisset
736 3361 1025 3409 accusatus
1053 3359 1154 3409 est.
1203 3354 1328 3424 Qui,
1371 3353 1630 3409 omnibus
1672 3352 2075 3408 accusatoribus

475 3447 586 3503 suis
616 3445 835 3520 profusa
862 3445 1153 3518 largitione
1173 3448 1468 3520 corruptis,
1487 3447 1540 3503 in
1565 3447 1837 3520 synodum
1866 3446 1970 3502 alia
1992 3446 2077 3502 die

475 3521 745 3608 reveiisus,
776 3556 977 3613 magna
1031 3557 1160 3597 cum
1204 3541 1430 3617 audacia
1457 3540 1589 3596 dixit
1620 3561 1634 3598 :
1683 3541 1924 3596 Ubinam
1953 3550 2080 3596 sunt

476 3642 816 3689 accusatores
841 3634 990 3689 mei?
1013 3636 1248 3706 Surgant
1272 3635 1330 3689 in
1376 3633 1660 3704 publicum
1704 3643 1894 3690 contra
1945 3651 2073 3692 me:

478 3725 643 3781 modo
684 3725 968 3797 prodeant.
1025 3726 1244 3782 Cunctis
1291 3733 1483 3782 autem
1526 3727 1860 3795 tacentibus,
1889 3728 2076 3784 Hilde-

475 3817 718 3876 brandus
747 3833 976 3891 surgens
1015 3828 1071 3874 et
1117 3834 1174 3874 se
1203 3819 1271 3874 ad
1320 3819 1475 3874 illum
1504 3828 1860 3876 convertens:
1899 3823 2080 3877 Credis

476 3912 672 3984 inquit,
712 3905 1118 3983 archiepiscole
1149 3915 1413 3984 Spiritum
1433 3919 1673 3968 sanctum
1713 3914 1949 3983 ejusdem
1972 3930 2078 3971 esse

479 4023 598 4062 cum
627 4010 807 4074 Patre,
856 4008 1098 4077 Filioque
1150 4007 1487 4074 substantiae,
1519 4013 1572 4063 et
1599 4008 1939 4077 divinitatis?
1959 4009 2074 4076 Cui,

477 4115 534 4156 se
554 4099 800 4168 credere,
825 4099 1197 4171 respondenti,
1223 4100 1383 4165 dixit;
1419 4099 1518 4156 Dic
1544 4118 1556 4153 :
1588 4103 1771 4158 Gloria
1820 4104 1978 4157 Patri
2030 4108 2080 4157 et

476 4194 635 4260 Filio,
692 4199 740 4248 et
778 4195 1020 4264 Spiritui
1072 4199 1269 4249 sancto.
1336 4194 1585 4264 Cumque
1646 4195 2079 4268 archiepiscopus

478 4285 806 4342 versiculum
835 4286 1164 4354 inchoasset,
1218 4289 1404 4344 Gloria
1443 4295 1493 4343 et
1533 4292 1692 4344 Patri
1739 4296 1788 4345 et
1814 4291 1952 4346 Filio
1982 4306 2079 4346 ex-

480 4379 656 4450 pedite
683 4379 897 4436 dicebat
930 4396 942 4432 :
971 4379 1090 4450 sed,
1117 4381 1354 4451 Spiritus
1384 4386 1558 4437 sancti
1582 4399 1771 4439 vocem
1805 4383 1950 4440 nulla
1993 4400 2076 4439 ra-

2185 3170 2298 3225 vit:
2333 3169 2557 3241 ejusque
2600 3168 2714 3240 jam
2743 3168 2895 3224 electi
2928 3175 2983 3223 et
3039 3166 3338 3223 consecrati
3375 3171 3554 3238 partes
3613 3151 3778 3236 quam

2182 3263 2420 3320 maxime
2443 3270 2646 3319 tutatus
2671 3271 2771 3318 est.
2800 3265 2865 3316 Et
2894 3262 3065 3335 ipsius
3085 3260 3308 3316 tandem
3331 3275 3495 3332 opera
3523 3257 3780 3314 effectum

2185 3366 2289 3424 est,
2317 3366 2379 3412 ut
2425 3361 2569 3423 (210)
2626 3355 2861 3412 Cadolus
2903 3355 3038 3428 ipse,
3091 3355 3181 3428 qui
3228 3360 3439 3410 armata
3479 3367 3650 3408 manu
3696 3351 3780 3406 bis

2183 3454 2425 3508 Romam
2469 3459 2715 3518 venerat,
2765 3449 2948 3507 sedem
2989 3452 3055 3505 B.
3089 3449 3233 3505 Petri
3278 3455 3657 3520 occupaturus,
3699 3444 3782 3502 bis

2184 3547 2352 3601 armis
2389 3545 2589 3601 auxilio
2642 3543 2795 3600 ducis
2833 3541 3102 3601 Gotefridi
3153 3559 3432 3614 repressus
3479 3541 3569 3609 sit,
3619 3547 3782 3613 atque

2185 3639 2340 3696 Urbe
2369 3638 2623 3711 fugatus:
2655 3645 2713 3694 et
2751 3637 2978 3694 demum
3033 3637 3089 3693 in
3117 3636 3348 3692 concilio
3400 3639 3661 3702 Mantuae,
3709 3633 3780 3689 ob

2186 3749 2304 3789 eam
2335 3748 2557 3788 causam
2604 3740 2961 3804 congregato,
3016 3730 3362 3803 pontiﬁcatus
3408 3728 3458 3785 ei
3486 3745 3553 3785 ex
3584 3727 3779 3801 synodi

2183 3826 2446 3883 sententia
2473 3826 2768 3899 abrogatus
2794 3824 2979 3892 fuerit,
3026 3824 3372 3882 ordinatione
3413 3822 3702 3881 Alexandri
3731 3823 3778 3880 lI

2186 3937 2339 3992 papae
2370 3921 2693 3994 approbata,
2736 3929 2994 3993 tanquam
3038 3935 3161 3992 quae
3205 3917 3461 3990 legitimis
3504 3915 3782 3987 suffragiis

2186 4014 2328 4071 facta
2387 4014 2601 4083 fuisset;
2644 4014 2958 4072 Alexandro
2998 4029 3127 4069 vero
3165 4015 3238 4079 II,
3285 4010 3666 4085 patrimonium
3713 4013 3778 4067 B.

2186 4109 2332 4164 Petri
2387 4109 2441 4164 in
2475 4109 2795 4180 Campania,
2827 4107 2976 4180 quod
3017 4107 3346 4164 Nortmanni
3386 4111 3784 4178 occupaverant

2187 4203 2355 4258 accito
2382 4202 2521 4258 duce
2538 4202 2843 4268 Gotel'rido,
2870 4217 2998 4258 cum
3025 4201 3294 4274 ejusdem,
3315 4209 3369 4256 et
3395 4198 3673 4255 Mathildis
3695 4213 3781 4253 co-

2187 4297 2412 4352 mitissaa
2439 4296 2786 4362 exercitibus,
2808 4295 3004 4367 fugatis
3019 4295 3400 4362 Nortmannis,
3423 4291 3776 4366 recuperavit.

2257 4395 2400 4456 (211)
2458 4389 2770 4446 Alexandro
2815 4390 3045 4446 demum
3115 4388 3368 4445 Laterani
3398 4389 3506 4444 vita
3566 4385 3778 4450 functo,

479 4473 628 4529 Ῑίοηθ
654 4475 896 4546 Promre
937 4489 1175 4546 ιιηιιυειπι
1219 4475 1415 4547 Ροωίῖο
1467 4477 1717 4548 Cumque
1761 4477 2069 4549 frequenter
2104 4483 2155 4545 D
2180 4483 2265 4541 die
2309 4483 2486 4540 obitus
2522 4483 2659 4554 ejus,
2684 4499 2810 4539 cum
2853 4492 2998 4540 esset
3037 4484 3090 4539 in
3119 4483 3288 4540 sacris
3316 4482 3504 4538 litteris
3528 4479 3782 4536 eruditis-

481 4575 748 4638 repeteret
777 4576 832 4623 et
851 4567 978 4622 nihil
1006 4567 1314 4638 proﬁceret,
1346 4584 1682 4641 cognoscens
1708 4585 1765 4626 se
1785 4570 1967 4626 divino
1986 4571 2075 4641 ju-

475 4659 616 4716 dicio
645 4659 980 4728 convictum,
1012 4659 1079 4715 ad
1110 4660 1274 4732 legati
1309 4661 1475 4733 pedes
1499 4679 1557 4718 se
1585 4663 1894 4736 projiciens,
1929 4680 2077 4720 erro-

475 4768 596 4810 rem
647 4768 810 4809 suum
854 4768 949 4825 per
989 4752 1233 4810 ordinem
1279 4754 1564 4812 confessus
1603 4767 1722 4827 est;
1767 4773 1895 4814 cum
1948 4773 2073 4813 vero

370 4896 382 4905 .
477 4845 723 4902 omnium
750 4846 961 4918 judicio
991 4848 1180 4903 statim
1209 4847 1493 4919 episcopali
1528 4865 1754 4907 munere
1777 4853 2078 4909 mulctatus

478 4949 635 5004 esset,
670 4939 853 4997 Gloria
896 4943 1050 4998 Patri
1089 4946 1139 4996 et
1183 4943 1340 5003 Filio,
1395 4947 1444 4995 et
1494 4945 1730 5013 Spiritui
1778 4951 1986 5015 sancto,
2027 4946 2082 5002 li-

481 5035 610 5092 bera
640 5049 790 5102 voce,
821 5041 873 5088 et
897 5033 1143 5105 expedita
1184 5035 1514 5091 decantavit.
1550 5037 1711 5105 Quod
1743 5036 1946 5094 factum
1991 5055 2075 5095 re-

478 5127 657 5203 liquos
688 5127 941 5202 praelatos
970 5125 1307 5184 Simoniacos
1344 5127 1482 5183 adeo
1516 5131 1826 5202 perterruit,
1858 5140 1917 5186 ut
1940 5148 2077 5188 xvn

546 5360 694 5430 (204)
736 5359 1106 5431 LegeiBaron.
1136 5358 1300 5412 Anno
1337 5358 1478 5413 1054
1507 5368 1561 5415 et
1592 5365 1750 5419 1055.

549 5433 694 5500 (205)
715 5430 943 5486 X.Vide
966 5433 1168 5485 Baron.
1198 5435 1357 5485 Anno
1389 5437 1543 5487 1058.

549 5507 696 5568 (206)
745 5505 877 5557 Haec
909 5501 1228 5556 acciderunt
1266 5503 1366 5556 sub
1418 5503 1633 5560 Victore
1665 5508 1735 5562 ΙΙ.
1766 5508 1886 5562 Bar.
1933 5523 2077 5564 anno

484 5578 644 5641 1055,
675 5589 833 5628 num.
868 5578 931 5627 15
956 5581 1010 5627 et
1033 5588 1186 5643 seqq.

550 5649 694 5712 (207)
718 5647 842 5717 Bar_.
891 5647 1051 5700 Anno
1092 5649 1250 5712 1058,
1285 5645 1375 5717 qui
1420 5663 1537 5704 rem
1584 5649 1739 5706 aliter
1779 5666 1846 5706 ex
1892 5652 2078 5707 Leone

481 5716 716 5772 Ostiensi
745 5714 929 5772 refert.

549 5792 697 5856 (208)
729 5790 852 5845 Bar.
889 5803 1032 5843 anno
1066 5793 1203 5844 1058
1235 5795 1288 5844 et
1313 5793 1471 5844 1059.

2186 4577 2378 4646 simus,
2404 4585 2459 4633 et
2491 4578 2542 4632 in
2572 4579 2823 4633 Romana
2853 4577 3113 4647 Ecclesia,
3160 4586 3244 4634 tot
3273 4575 3601 4650 pontiﬁcum
3623 4589 3779 4646 supe-

2183 4671 2397 4728 riorum
2452 4679 2721 4745 tempore,
2769 4673 2923 4730 omni
2953 4672 3217 4728 virtutum
3268 4685 3462 4744 genere
3497 4667 3782 4725 celeberri-

2183 4780 2330 4832 mus,
2379 4767 2627 4822 omnium
2714 4766 3088 4834 cardinalium,
3163 4775 3218 4821 et
3267 4763 3418 4829 cleri,
3488 4761 3780 4836 populique

2186 4859 2424 4914 Romani
2456 4859 2728 4931 suffragiis
2776 4861 2981 4930 ingenti
3007 4859 3229 4930 gaudio,
3259 4867 3314 4914 et
3359 4873 3599 4925 summa,
3645 4871 3778 4910 con-

2187 4952 2449 5038 cordique
2495 4952 2744 5008 omnium
2785 4953 3060 5008 voluntate
3089 4952 3330 5025 pontifex
3367 4951 3640 5007 maximus
3690 4965 3780 5005 re-

2189 5047 2466 5101 nuntiatus
2533 5055 2647 5113 cst,
2709 5046 2859 5102 nullo
2926 5047 3273 5118 imperatoris
3345 5060 3615 5102 consensu
3686 5052 3780 5098 aut

2187 5139 2851 5215 voluntatecxspectatis.
2918 5145 3064 5209 (212)
3136 5144 3215 5197 Ex
3263 5155 3367 5214 qua
3433 5155 3490 5194 re
3541 5137 3780 5194 schisma

2259 5367 2403 5438 (209)
2427 5370 2553 5422 Bar.
2579 5382 2724 5423 anno
2767 5373 2925 5424 1061.

2262 5440 2404 5510 (210)
2441 5438 2576 5494 Aliis
2606 5440 2889 5496 Cadalous.

2261 5514 2405 5580 (211)
2434 5512 2560 5566 Bar.
2596 5516 2756 5566 Anno
2791 5517 2948 5566 1073.

2258 5579 2399 5652 (212)
2429 5584 2562 5637 Haec
2606 5599 2716 5636 non
2754 5581 2855 5637 fuit
2903 5597 3027 5636 vera
3097 5596 3261 5638 causa
3308 5580 3639 5647 schismatis,
3681 5579 3780 5636 sed

2186 5651 2498 5778 obstinaltiob
2524 5654 2746 5734 Henrici
2802 5654 2892 5726 qui
2955 5653 3104 5708 initio
3146 5653 3472 5710 electionem
3523 5652 3777 5724 Gregorii

2187 5732 2362 5778 ratam
2413 5741 2459 5776 ia
2505 5733 2596 5777 mt.

2187 5732 2362 5778 ratam
2394 5732 2596 5778 habuit.
