4122 6180
297 269 402 320 457

1285 267 1810 325 PROLEGOMENA.
1851 296 1924 309 -—
1959 267 2132 327 ACTA
2170 269 2225 325 S.
2266 269 2609 326 GREGOR".

3481 279 3596 333 158

295 400 486 464 postea
514 391 898 465 gravissimum
923 399 1174 449 exortum
1201 400 1285 449 est
1323 411 1338 450 :
1371 395 1655 450 occasione
1679 403 1895 467 accepta
1923 399 1976 463 Α
2003 403 2185 451 autem
2214 395 2383 452 fuerit
2407 403 2640 465 creatus,
2667 403 2721 451 ct
2749 403 2967 468 quanta
2997 396 3079 453 vir
3106 402 3238 454 tunc
3261 398 3317 454 in
3345 401 3595 458 Romana

294 486 443 558 quod
476 483 683 559 absque
726 486 1066 558 imperatoris
1119 503 1388 544 consensu
1440 505 1535 560 per
1576 489 1892 545 electionem

297 588 518 636 tantum
541 581 672 636 cleri
697 581 935 637 Romani
977 583 1300 639 constitutus
1321 582 1506 639 fuerit.
1538 587 1660 655 Ipse
1684 592 1891 652 autem,

295 677 386 749 qui
447 675 627 731 multo
677 682 924 748 tempore
977 676 1048 732 ad
1102 677 1407 734 libertatem
1471 676 1892 734 ecclesiasticam

298 768 677 836 obtinendam,
699 769 816 842 jam
844 769 969 826 inde
997 786 1026 826 a
1073 772 1323 844 Gregorii
1365 787 1520 845 papae
1551 774 1624 828 Vl
1657 772 1891 845 abroga~

299 864 447 918 tione
489 862 737 935 privatus
790 864 1159 933 laboraverat,
1204 866 1321 938 jam
1372 866 1440 922 ad
1515 866 1893 938 pontificatum

304 965 610 1030 promotus,
633 973 664 1012 a
691 965 872 1030 capto
899 957 1161 1015 desistere
1207 959 1495 1032 indignum
1524 960 1748 1027 ducens,
1776 969 1892 1017 tam

303 1051 376 1107 ob
420 1052 556 1107 hanc
601 1067 722 1109 rem
773 1069 946 1124 quam
1005 1069 1105 1126 pro
1163 1054 1401 1110 Simonia
1441 1055 1808 1128 exstirpanda,
1841 1063 1896 1112 et

301 1147 630 1202 clericorum
653 1146 1044 1204 incontinentis
1077 1148 1442 1220 reprimenda,
1473 1149 1773 1220 plurimum
1805 1150 1897 1207 de-

296 1238 548 1296 sudabat.
605 1241 877 1313 Denique,
931 1257 1043 1297 non
1123 1243 1304 1299 solum
1353 1243 1738 1315 imperatorem
1794 1261 1893 1318 pro

296 1334 565 1405 ejusmodi
597 1334 764 1390 rebus
801 1335 869 1391 ad
898 1335 1181 1408 synodalia
1211 1353 1468 1410 responsa
1497 1337 1690 1393 crebro
1729 1354 1893 1396 voca-

296 1430 370 1484 vit
404 1449 418 1484 :
452 1429 551 1484 sed
580 1429 766 1495 etiam,
793 1427 949 1485 editis
979 1429 1232 1498 decretis,
1262 1431 1590 1488 clericorum
1621 1449 1650 1488 a
1676 1433 1891 1489 subdia-

292 1531 491 1578 conatu
553 1521 621 1578 ad
669 1524 1046 1595 episcopatum
1117 1525 1410 1593 connubia,
1479 1526 1535 1581 in
1580 1534 1699 1582 toto
1761 1528 1894 1585 orbe

296 1619 559 1674 Romano
594 1616 914 1689 prohibuit;
960 1616 1248 1692 formaque
1301 1620 1478 1692 gregis
1507 1620 1699 1692 lactus,
1749 1621 1895 1692 quod

295 1711 462 1766 verbo
485 1711 698 1778 docuit,
747 1712 994 1784 exemplo
1045 1711 1444 1771 demonstravit
1475 1736 1487 1771 :
1533 1731 1595 1770 ac
1621 1716 1771 1771 fortis
1799 1733 1894 1788 per

2003 490 2241 546 Ecclesia
2278 490 2697 546 existimationis
2749 490 2936 558 fuerit,
2989 492 3258 564 subjicere
3302 493 3498 566 placet,
3529 510 3593 551 ex

2001 584 2119 656 ejus
2162 583 2440 639 electionis
2487 583 2701 650 forma,
2747 599 2870 657 qua
2918 584 2974 640 in
2997 585 3143 642 libro
3190 586 3428 659 Registri
3480 588 3598 662 ejus

2001 686 2260 734 annotata
2295 684 2377 733 est
2413 677 2468 732 in
2500 676 2648 732 hunc
2699 679 2933 734 modum
2967 696 2983 734 :

2073 775 2356 843 Regnante
2401 773 2641 827 Domino
2679 777 2858 828 nostro
2883 776 3008 829 Iesu
3047 775 3331 835 Christo...
3364 777 3594 850 Reliqua

1999 868 2124 922 vide
2142 869 2202 920 in
2231 869 2498 937 Registro.

2072 964 2226 1018 Tunc
2281 963 2438 1032 Hugo
2465 958 2743 1016 Candidus
2787 960 3068 1039 presbyter
3119 963 3406 1020 cardinalis
3456 963 3597 1020 tituli

2001 1055 2182 1112 Sancti
2207 1055 2522 1121 Clementis,
2567 1071 2692 1110 cum
2714 1063 2916 1126 prater
2947 1056 3272 1112 sententiam
3303 1059 3418 1130 ejus
3461 1059 3594 1117 Gre-

2001 1150 2342 1222 goriuslipse
2372 1166 2402 1205 a
2446 1147 2818 1204 cardinalibus
2866 1165 3003 1222 papa
3059 1152 3402 1207 renuntiatus
3428 1162 3591 1221 esset,

2001 1243 2243 1316 deposita
2270 1244 2570 1308 simultate,
2601 1253 2654 1298 et
2675 1243 2909 1299 amicitia
2929 1243 2998 1300 ad
3020 1252 3235 1316 tempus
3263 1250 3406 1312 (214)
3428 1246 3595 1302 simu-

1999 1338 2124 1408 lata,
2144 1338 2290 1410 quod
2312 1345 2455 1394 esset
2475 1339 2528 1393 S.
2559 1339 2630 1392 R.
2649 1339 2710 1396 Ε.
2732 1337 3318 1412 archipresbyter,vice
3348 1339 3597 1397 omnium

2001 1432 2361 1488 cardinalium
2391 1433 2508 1505 ejus
2534 1433 2873 1488 creationem
2921 1431 3224 1490 honoriﬁco
3268 1432 3467 1504 elogio,
3491 1448 3599 1504 quo

1999 1526 2045 1582 ei
2076 1526 2490 1598 gratiﬁcaretur,
2530 1525 2617 1582 his
2671 1526 2846 1582 verbis
2871 1541 3049 1582 more
3101 1526 3381 1599 majorum
3419 1524 3588 1582 fecit:

1998 1621 2350 1683 Nobilissimi,
2394 1620 2591 1693 inquit,
2644 1623 2800 1688 ciues,
2843 1622 3050 1676 nemini
3087 1625 3322 1674 vestrum
3370 1620 3596 1674 dubium

1998 1731 2236 1785 unquam
2284 1717 2420 1784 fuit,
2468 1717 2600 1786 quin
2645 1715 3054 1770 Hildebrandus
3101 1719 3300 1769 nostrae
3350 1715 3595 1770 Ecclesia

296 1805 482 1860 omnia
529 1804 729 1861 athleta
767 1821 989 1863 murum
1019 1822 1078 1862 se
1117 1823 1215 1880 pro
1244 1807 1411 1865 domo
1442 1809 1662 1865 Domini
1689 1826 1890 1882 ponere
1924 1805 1971 1869 Β
2004 1809 2430 1876 archidiaconus,
2461 1811 2546 1863 vir
2582 1809 3060 1880 prudentissimus,
3091 1814 3143 1863 et
3175 1813 3432 1879 spectatae
3456 1811 3600 1863 inter

293 1914 402 1955 non
426 1900 663 1972 expavit.

363 1993 545 2066 Igitur
571 2010 714 2051 anno
745 1995 972 2052 Domini
1008 2001 1169 2060 1073,
1206 2005 1428 2052 mortuo
1462 2013 1599 2070 papa
1645 1999 1892 2056 Alexan-

291 2085 397 2143 dro
429 2089 504 2154 II,
533 2104 707 2160 eoque
735 2089 791 2145 in
819 2091 1172 2147 Lateranensi
1221 2091 1447 2147 Basilica
1479 2091 1778 2150 honoriﬁce
1806 2110 1894 2150 se-

290 2182 472 2253 pulto,
498 2181 696 2238 eodem
728 2183 846 2254 eius
883 2184 1064 2240 obitus
1099 2193 1155 2240 et
1189 2185 1480 2258 sepultura
1508 2185 1617 2254 die,
1647 2187 1894 2244 videlicet

289 2276 483 2332 xKal.
527 2276 686 2344 Maii,
745 2277 880 2333 dum
930 2278 1109 2334 adhuc
1151 2288 1294 2336 esset
1332 2280 1389 2335 in
1443 2280 1560 2354 ejus
1615 2281 1893 2354 obsequiis

291 2373 356 2438 (f.
403 2371 695 2442 exsequiis)
726 2371 1115 2428 Hidebrandus
1131 2371 1548 2429 archidiaconus
1577 2386 1890 2447 occupatus,

292 2473 526 2535 repente
551 2463 732 2522 factus
759 2473 844 2521 est
885 2465 941 2522 in
968 2466 1084 2538 ipsa
1122 2467 1347 2523 ecclesia
1375 2468 1650 2524 maximus
1687 2469 1816 2526 cleri
1843 2480 1895 2526 et

289 2557 478 2631 populi
498 2558 737 2614 Romani
759 2575 1061 2616 concursus
1099 2560 1454 2617 clamantium
1482 2571 1537 2618 et
1563 2563 1854 2619 dicentium
1878 2586 1890 2621 :

290 2651 736 2710 Hildebrandum
765 2655 1202 2709 archidiaconum
1222 2656 1278 2711 S.
1303 2658 1494 2711 Petrus
1529 2657 1704 2725 elegit.
1734 2657 1894 2728 Quod

290 2744 524 2801 audiens
568 2745 680 2816 ipse
708 2746 1144 2816 archidiaconus,
1187 2765 1353 2821 quam
1395 2750 1638 2805 maxime
1668 2751 1892 2821 timuit;

291 2840 469 2895 multa
518 2839 726 2896 veritus
781 2845 920 2906 (erat
972 2842 1118 2898 enim
1159 2843 1240 2898 vir
1265 2843 1744 2915 prudentissimus)
1771 2860 1894 2916 qua

293 2933 347 2989 in
375 2932 702 3006 hujusmodi
757 2935 1126 2991 tumultuariis
1161 2937 1512 2993 electionibus
1546 2937 1894 2995 incommoda

291 3029 508 3083 evenire
531 3029 730 3085 solent.
754 3027 841 3084 Ad
860 3029 1128 3101 pulpitum
1146 3030 1498 3104 igitur,'quod
1514 3039 1630 3087 erat
1644 3030 1699 3087 in
1719 3031 1893 3088 media

293 3122 521 3178 ecclesia
537 3123 916 3191 Lateranensi,
933 3139 1178 3192 currens,
1195 3125 1455 3197 populum
1484 3126 1666 3197 ipsum
1692 3126 1895 3198 alloqui

2001 1918 2178 1959 omnes
2204 1903 2353 1968 ﬁdei,
2385 1907 2435 1957 et
2449 1904 2759 1972 probitatis,
2789 1919 2906 1956 eam
2925 1901 3048 1972 jam
3078 1902 3206 1956 inde
3235 1919 3268 1956 a
3300 1905 3485 1958 Leonis
3513 1905 3594 1958 IX

2003 2003 2234 2068 tempore
2251 2000 2455 2052 mirum
2470 2001 2526 2052 in
2547 1998 2768 2052 modum
2788 1999 2898 2051 suis
2910 1997 3206 2051 virtutibus
3227 1998 3596 2068 emanauerit,

1999 2093 2276 2148 laboribus
2303 2095 2538 2153 auxerit,
2583 2091 2784 2159 studio,
2835 2095 2885 2145 et
2913 2090 3194 2145 industria
3240 2094 3454 2144 tutatus
3483 2092 3592 2152 sit,

2001 2192 2164 2259 atque
2192 2204 2226 2241 α
2245 2188 2431 2241 multis
2449 2187 2709 2256 periculis
2735 2186 3018 2255 eripuerit.
3069 2183 3426 2252 Quamobrem
3472 2199 3591 2238 cum

2002 2285 2186 2338 Patres
2227 2283 2490 2334 neminem
2537 2296 2592 2335 eo
2618 2282 2882 2351 aptiorem
2912 2278 3284 2349 judicaverint
3328 2277 3403 2331 ad
3445 2278 3598 2332 urbis

1999 2381 2219 2443 nostra,
2266 2379 2318 2430 et
2354 2377 2605 2430 Romanae
2635 2375 2855 2429 ecclesiae
2896 2375 3133 2444 regimen
3162 2372 3480 2440 obeundum,
3506 2387 3599 2440 ego

1999 2471 2178 2540 ipsum
2214 2470 2450 2523 omnium
2489 2470 2866 2539 episcoporum,
2899 2467 3356 2539 presbyterorum,
3393 2470 3443 2520 et
3474 2465 3597 2520 dia-

2001 2579 2246 2618 conoru—m
2299 2564 2355 2618 S.
2406 2565 2472 2618 Β.
2525 2566 2588 2618 Ε.
2641 2561 3006 2616 cardinalium
3067 2563 3294 2622 nomine,
3353 2560 3597 2615 omnibus

2001 2657 2244 2711 electioni
2301 2657 2767 2719 consentientibus,
2848 2655 3023 2722 nobis,
3081 2654 3331 2724 vobisque
3405 2656 3600 2725 episco-

1996 2767 2130 2821 pum
2180 2755 2496 2818 Romanum,
2545 2755 2595 2805 et
2635 2751 2940 2804 animarum
2971 2753 3298 2817 inostrarum
3328 2754 3598 2820 pastorem

1998 2847 2312 2916 pronuntio.

2071 2938 2193 3007 Quo
2231 2935 2394 3005 facto,
2451 2935 2638 2992 statim
2694 2942 2963 3007 arreptus,
3017 2942 3074 2990 et
3113 2949 3269 2990 more
3321 2934 3597 3005 majorum

2002 3041 2152 3088 veste
2194 3045 2460 3103 purpurea
2523 3029 2776 3099 indutus,
2834 3027 3252 3101 Pontificalique
3288 3026 3596 3084 diademate

2003 3124 2308 3191 redimitus,
2340 3124 2587 3196 _invitus,
2639 3131 2693 3179 et
2721 3123 2992 3179 reluctans
3029 3122 3085 3178 in
3131 3120 3430 3194 apostolica
3471 3121 3599 3177 sede

292 3224 345 3271 et
399 3215 605 3272 sedare
653 3215 872 3273 volebat
899 3239 912 3273 :
941 3224 1016 3284 et,
1061 3226 1124 3274 ut
1150 3217 1219 3274 ab
1270 3220 1372 3274 hac
1400 3219 1716 3276 desisterent
1745 3219 1898 3276 novi-
1927 3200 1972 3262 δ
2004 3219 2313 3292 magniﬁce,
2344 3233 2566 3275 summo
2619 3233 2747 3275 cum
2776 3199 2984 3290 gaudio.
3025 3224 3080 3273 et
3129 3216 3320 3274 latitia
3353 3214 3455 3272 fuit
3479 3215 3598 3272 col-

291 3317 425 3377 tate,
453 3325 688 3367 monere
731 3318 895 3383 atque
937 3311 1219 3368 adhortari
1268 3331 1280 3368 :
1313 3313 1532 3385 quippe,
1558 3329 1680 3385 qua
1710 3323 1898 3369 contra

293 3419 556 3472 canones,
589 3403 682 3475 qui
702 3405 900 3476 jubent
936 3420 1006 3460 ne
1049 3415 1173 3461 ante
1202 3405 1348 3462 diem
1379 3396 1602 3462 tertium
1646 3407 1713 3462 ab
1742 3407 1898 3464 obitu

294 3499 537 3571 pastoris
581 3515 756 3556 novus
784 3499 1027 3571 pontifex
1070 3501 1380 3572 eligeretur,
1437 3508 1492 3556 et
1519 3508 1712 3556 contra
1766 3517 1896 3557 con-

293 3590 676 3659 suetudinem,
702 3609 830 3667 qua
860 3610 956 3666 per
990 3610 1050 3650 ea
1098 3602 1345 3666 tempora
1376 3595 1772 3667 usurpabatur,
1805 3595 1893 3651 in-

293 3687 552 3743 consulto
630 3687 881 3744 videlicet
935 3688 1282 3760 imperatore,
1359 3687 1415 3744 in
1468 3689 1596 3744 novi
1654 3689 1894 3745 Romani

298 3780 576 3851 pontiﬁcis
609 3781 894 3849 electione,
929 3789 1086 3838 erat:
1119 3781 1289 3854 quod,
1333 3798 1463 3838 cum
1493 3798 1604 3854 pra
1630 3783 1894 3852 tumultu,

297 3882 350 3929 et
380 3876 570 3946 p0puli
599 3874 836 3931 furentis
875 3875 1146 3931 celeritate
1174 3875 1354 3931 facere
1385 3891 1498 3932 non
1534 3885 1716 3948 posset
1746 3877 1896 3948 (sua-

297 3967 461 4024 dente
495 3969 733 4024 maxime
759 3969 901 4041 (213)
929 3971 1164 4042 Hugone
1194 3970 1396 4025 Blanco
1416 3970 1732 4028 Tridentino
1754 3970 1897 4026 tituli

295 4062 352 4116 S.
381 4062 690 4118 Clementis
734 4063 1032 4131 cardinale,
1079 4062 1545 4136 archipresbytero
1568 4065 1624 4119 S.
1671 4068 1743 4120 Β.
1803 4067 1896 4135 E.,

295 4155 414 4228 qui,
447 4155 540 4210 ubi
591 4156 843 4213 omnium
884 4165 1008 4212 vota
1059 4157 1112 4212 in
1142 4158 1401 4213 eumdem
1456 4144 1896 4214 iliidebrandum

295 4249 508 4305 directa
538 4266 656 4306 esse
704 4249 982 4323 cognovit,
1019 4252 1086 4306 ab
1115 4251 1333 4324 incepto
1379 4251 1607 4319 destitit,
1629 4261 1688 4308 ut
1717 4252 1896 4308 archi-

296 4344 513 4400 diaconi
563 4343 884 4400 electionem
913 4334 1233 4416 impediret,
1266 4353 1320 4400 ct
1367 4345 1746 4417 pontiﬁcatum
1787 4349 1899 4403 Ro-

299 4453 524 4493 manum
542 4481 558 4506 ,
585 4454 751 4510 quem
781 4439 1024 4494 maxime
1049 4439 1330 4506 ambierat,
1355 4440 1577 4512 peteret)
1613 4441 1662 4495 vi
1691 4448 1896 4512 raptus,

2006 3313 2248 3379 locatus;
2283 3313 2504 3385 quippe,
2551 3311 2646 3383 qui
2681 3327 2807 3367 eum
2835 3327 3010 3368 unum
3052 3318 3269 3366 tantum
3314 3325 3434 3365 esse
3482 3325 3598 3366 cre-

2004 3407 2225 3472 debant,
2271 3407 2361 3478 qui
2416 3421 2533 3461 rem
2585 3405 3016 3460 ecclesiasticam
3075 3404 3383 3472 restituere,
3437 3411 3601 3476 atque

2002 3503 2313 3557 Romanam
2362 3497 2661 3555 Ecclesiam
2731 3497 2827 3553 diu
2873 3513 3109 3564 servam,
3179 3495 3598 3568 inigpristinam

2003 3594 2309 3651 libertatem
2337 3607 2402 3649 ex
2429 3591 2778 3665 imperatoris
2805 3606 2970 3646 manu
3000 3605 3213 3658 eruere,
3245 3596 3300 3646 et
3326 3588 3597 3645 vindicare

2001 3688 2246 3756 auderet,
2297 3695 2353 3743 et
2392 3694 2597 3760 posset.
2639 3685 2858 3742 Electus
2897 3693 3086 3739 autem
3125 3686 3417 3740 Romanus
3450 3685 3592 3740 Pon-

2001 3782 2139 3838 tifex
2187 3795 2343 3838 more
2411 3779 2688 3852 majorum
2747 3778 2924 3834 abbati
2997 3776 3326 3846 Cassinensi,
3397 3784 3455 3833 et
3508 3791 3599 3832 ar-

2004 3875 2346 3948 chiepiscopo
2379 3873 2677 3931 Ravennati
2715 3873 2930 3944 scripsit
2966 3871 3224 3944 epistolas
3277 3871 3444 3942 (215),
3473 3870 3600 3942 qui-

1999 3971 2106 4028 bus
2145 3985 2241 4026 eos
2278 3969 2346 4026 de
2395 3967 2667 4025 electionis
2705 3981 2821 4026 sua
2874 3965 3053 4024 forma
3101 3973 3156 4022 et
3183 3964 3350 4022 modo
3399 3964 3598 4021 certio-

2005 4081 2092 4122 res
2119 4063 2265 4120 l‘acit.
3407 4128 3414 4132 _

2076 4160 2291 4214 Electus
2355 4157 2516 4230 igitur
2586 4154 2995 4213 Hildebrandus
3078 4152 3492 4210 archidiaconus
3545 4152 3600 4208 in

2004 4257 2323 4310 Romanum
2365 4251 2696 4324 pontificem,
2731 4259 2948 4322 tempus
2979 4257 3350 4322 opportunum
3381 4246 3597 4302 venisse

2005 4357 2154 4404 ratus
2189 4355 2290 4412 est,
2323 4361 2432 4417 quo
2473 4344 2893 4401 ecclesiasticam
2921 4343 3225 4399 libertatem
3249 4350 3365 4397 tam
3396 4344 3603 4398 Roma-

2004 4458 2090 4498 na
2141 4440 2418 4506 Ecclesia,
2471 4455 2638 4513 quam
2691 4438 2944 4504 aliarum,
3010 4452 3107 4508 pro
3159 4452 3265 4507 qua
3310 4443 3597 4506 tantopere

294 4539 463 4603 atque
506 4532 577 4588 ad
599 4533 842 4589 Titulum
870 4535 928 4589 S.
966 4533 1110 4588 Petri
1153 4534 1220 4588 ad
1266 4535 1512 4603 Vincula,
1566 4535 1657 4606 qui
1705 4535 1902 4591 dicitur
1929 4559 1980 4621 ι)
2012 4537 2247 4608 privatus
2270 4534 2630 4602 laboraverat,
2665 4532 2783 4604 jam
2820 4529 3064 4604 pontifex
3091 4529 3370 4585 maximus
3397 4543 3601 4584 renun-

295 4627 592 4694 Eudoxia,
637 4625 922 4695 deductus,
960 4626 1160 4682 ibidem
1213 4627 1328 4700 ipso
1373 4628 1479 4697 die,
1513 4643 1576 4683 ex
1601 4629 1896 4697 monacho,

295 4729 352 4776 et
376 4723 433 4776 S.
457 4723 733 4777 Romana
750 4721 1010 4777 Ecclesia
1035 4721 1438 4790 archidiacono,
1460 4737 1488 4776 a
1510 4722 1896 4793 cardinalibus,

297 4816 473 4881 clero,
496 4823 708 4884 senatu,
726 4816 1038 4888 populoque
1057 4819 1336 4884 Romano,
1359 4817 1412 4871 in
1437 4832 1588 4888 papa
1611 4817 1898 4874 Alexandri

294 4909 486 4966 locum
505 4925 728 4966 summo
749 4912 1000 4967 omnium
1025 4925 1299 4966 consensu
1320 4913 1605 4968 Romanus
1619 4911 1892 4992 pontifex,

295 5012 493 5059 contra
539 5003 689 5059 illius
735 5004 1003 5076 temporis
1044 5004 1522 5071 consuetudinem,
1572 5004 1897 5078 imperatore

297 5097 639 5165 inconsulto,
661 5098 919 5170 nullaque
945 5097 1080 5170 ejus,
1120 5106 1217 5154 aut
1269 5098 1576 5154 Germania
1618 5100 1900 5172 episcopo-

298 5206 450 5258 rum,
475 5198 532 5246 et
557 5192 870 5265 principum
903 5191 1214 5264 interposita
1243 5199 1341 5248 aut
1371 5200 1679 5264 exspectata
1705 5203 1892 5250 aucto-

302 5283 485 5352 ritate,
520 5286 867 5342 renuntiatus
910 5295 1011 5342 est.
1065 5285 1216 5343 Sedit
1270 5295 1454 5342 autem
1499 5286 1554 5340 in
1600 5287 1895 5358 apostolica

298 5376 428 5434 sede
449 5368 788 5452 imperatore
817 5382 1031 5437 Caesare
1048 5380 1291 5438 Henrico
1321 5384 1394 5437 ιν
1422 5384 1692 5453 Augusto,
1725 5363 1897 5438 annos

305 5469 628 5543 duodecim,
656 5490 908 5532 mensem
938 5489 1133 5541 unum,
1174 5482 1228 5530 et
1254 5475 1369 5531 dies
1381 5482 1515 5530 tres.
1549 5478 1667 5548 Qua
1691 5475 1898 5532 ratione

300 5637 331 5702 ‘_
372 5624 519 5702 (213)
579 5620 685 5690 Qui
755 5623 948 5693 poStea
1007 5634 1039 5675 a
1090 5617 1355 5692 Gregorio
1405 5617 1475 5674 ad
1514 5616 1899 5676 schismaticos

298 5689 630 5829 δεῗὲιᾶξύι
680 5761 895 5834 nullum
945 5743 1250 5820 iriolentum
1303 5771 1662 5834 perpetuum;
1694 5762 1772 5834 sic
1807 5759 1894 5818 ‘nil

300 5833 650 5907 mutatum,
703 5832 1053 5907 diuturnum.
1083 5832 1357 5905 Quocirca
1383 5832 1544 5907 paulo
1575 5842 1700 5907 post
1725 5833 1891 5906 depo-

304 5907 411 5963 suit
439 5906 748 5979 iste_Hugo
777 5904 1003 5963 larvam.

2009 4632 2206 4698 tiatus,
2236 4645 2476 4685 asserere
2523 4636 2728 4700 posset,
2759 4625 3053 4697 omniaque
3082 4624 3137 4679 in
3165 4623 3446 4695 pristinam
3469 4637 3601 4679 ven-

2009 4724 2187 4782 dicare
2218 4724 2543 4779 libertatem.
2577 4722 2783 4775 Verum
2810 4719 3049 4774 maxime
3076 4717 3222 4790 apud
3249 4717 3604 4791 semetipsum

2008 4817 2331 4883 contristari,
2366 4824 2418 4872 et
2452 4823 2683 4872 astuare
2711 4813 2894 4885 capit,
2940 4819 3102 4885 atque
3154 4810 3516 4879 considerare,
3548 4812 3604 4868 in

2009 4921 2142 4986 quot
2187 4910 2371 4983 gravia
2452 4908 2756 4966 schismatis
2825 4915 2881 4963 et
2931 4907 3162 4963 aliarum
3227 4905 3598 4962 calamitatum

2009 5006 2265 5079 pericula,
2292 5003 2337 5061 si
2380 5003 2755 5077 pontiﬁcatum
2781 5001 2947 5058 semel
2995 5008 3342 5073 assumptum
3368 4999 3597 5056 retinere

2008 5101 2191 5170 vellet,
2232 5114 2311 5166 se,
2365 5107 2419 5154 et
2470 5100 2790 5155 Romanam
2844 5095 3150 5151 Ecclesiam
3206 5095 3525 5168 conjecissct
3579 5113 3593 5148 :

2009 5195 2205 5268 quippe
2233 5193 2323 5264 qui
2370 5192 2578 5264 absque
2624 5189 2986 5262 imperatoris,
3029 5196 3082 5245 et
3113 5189 3422 5246 Germania
3453 5188 3599 5260 prin-

2005 5289 2188 5360 cipum
2218 5303 2504 5353 consensu,
2543 5288 2824 5343 Romanus
2859 5282 3102 5356 pontifex
3144 5292 3334 5338 contra
3376 5297 3604 5338 consue-

2007 5383 2252 5440 tudinem
2278 5390 2491 5437 creatus
2518 5388 2680 5436 esset.
2706 5377 3122 5435 Recordabatur
3142 5377 3283 5432 enim
3301 5375 3602 5443 malorum,

2008 5476 2359 5543 seditionum,
2387 5482 2442 5530 et
2480 5472 2809 5540 schismatis,
2837 5487 2960 5544 qua
2983 5472 3038 5527 in
3076 5471 3350 5527 creatione
3380 5469 3603 5528 Alexan-

2081 5623 2229 5686 (215)
2258 5619 2474 5675 Recitat
2503 5617 2818 5690 Onuphrius
2855 5617 2956 5673 bas
2982 5614 3252 5690 epistolas.
3275 5615 3603 5690 Nosomisi-

2008 5707 2131 5747 mus
2156 5691 2438 5747 brevitatis
2470 5686 2653 5746 causa:
2702 5693 2990 5744 Habentur
3015 5686 3154 5742 tom.
3205 5689 3282 5742 ΙΙΙ
3309 5686 3602 5756 Epistolar.

2003 5763 2355 5820 decretalium
2373 5777 2637 5818 summor.
2668 5760 2863 5832 pontii.
2890 5760 3235 5832 edit.ARom._,
3259 5773 3381 5827 pag.
3413 5762 3519 5810 550
3548 5762 3603 5832 e_t

2007 5841 2134 5902 551,
2167 5842 2220 5890 et
2249 5842 2386 5889 tom.
2421 5837 2502 5892 ιιι
2533 5827 2739 5888 Concil.
2771 5845 2932 5887 nova
2960 5829 3093 5886 edit.
3118 5828 3336 5892 Colon.,
3371 5836 3426 5882 et
3454 5827 3600 5898 apud

2005 5909 2132 5963 Bar.
2148 5913 2286 5961 tom.
2318 5907 2423 5974 XI,
2449 5919 2595 5960 anno
2627 5908 2784 5957 1073.
