4122 6180
502 301 599 355 459
1725 293 1778 349 s.
1823 288 2202 346 cessamus
2237 290 2329 344 vn
2368 289 2559 344 PAPA.

3636 284 3639 287 ’
3689 290 3789 343 160

501 423 583 478 dri
637 425 688 478 II
727 426 820 494 per
865 422 1281 493 imperatorem,
1344 427 1400 474 et
1435 416 1705 474 Cadolum
1750 416 2165 487 [Cadaloum1A
2200 424 2286 469 tos
2335 429 2467 470 suos
2511 428 2737 469 causam
2777 422 2832 469 et
2880 413 3107 470 modum
3158 412 3435 470 electionis
3474 413 3543 469 de
3593 426 3652 467 se
3698 427 3791 483 per

502 516 641 572 facta
667 514 900 572 fuerant.
930 515 1176 570 Timebat
1207 514 1591 582 imperatorem
1625 510 2088 582 potentissimum,

491 610 774 681 juvenem,
826 608 1110 672 audacem,
1141 605 1376 660 maxime
1402 604 1643 660 ferocem
1669 604 1967 660 Henricum
1994 605 2086 669 ιν,

499 718 659 775 quem
694 700 837 756 haud
894 714 1203 771 passurum,
1231 707 1291 753 ut
1318 698 1526 770 imperii
1572 704 1718 765 (216)
1745 698 1869 770 jura
1899 699 2088 767 deper-

464 786 662 861 deret,
724 792 1107 849 arbitrabatur.
1168 792 1424 863 Angebat
1479 800 1739 864 praeterea
1787 790 2088 857 hominem,

496 903 657 959 quem
678 887 911 941 invisum
932 901 989 942 se
1020 892 1162 951 (217)
1186 886 1368 940 multis
1397 886 1709 957 Germania:
1738 884 2086 956 principibus,

494 990 547 1036 et
591 979 769 1051 magni
834 979 1072 1035 nominis
1110 980 1376 1051 episcopis
1431 994 1489 1035 se
1537 995 1655 1035 esse
1704 978 2086 1049 cognoscebat.

495 1074 649 1145 Saepe
682 1073 827 1128 enim
856 1074 956 1129 sub
986 1072 1473 1144 praadecessoribus
1502 1073 1617 1129 suis
1646 1072 1716 1128 ad
1746 1072 2090 1143 imperatoris

494 1168 671 1223 aulam
698 1167 908 1238 legatus
932 1166 1155 1233 missus,
1190 1166 1483 1221 maximam
1526 1166 2090 1237 Episcoporum'con-

496 1269 734 1316 traxerat
758 1260 1123 1326 inimicitiam,
1159 1275 1464 1330 eorumque
1500 1260 1554 1315 in
1584 1276 1641 1315 se
1675 1259 1796 1315 odia
1845 1259 2087 1314 concita-

496 1363 666 1423 verat,
700 1353 790 1423 qui
815 1353 976 1408 nimis
1002 1368 1178 1424 asper,
1209 1352 1400 1421 durus,
1433 1361 1487 1409 et
1515 1353 1858 1409 ecclesiastici
1897 1352 2092 1424 rigoris

498 1446 649 1502 valde
696 1454 854 1502 tenax
885 1462 1004 1502 esse
1034 1446 1389 1503 crederetur:
1423 1455 1586 1518 atque
1623 1462 1687 1502 eo
1729 1447 1905 1518 magis
1958 1462 2088 1501 con.

499 1538 835 1607 tristabatur,
858 1539 1006 1611 quod
1042 1540 1085 1595 si
1115 1541 1327 1596 occasio
1360 1542 1410 1596 in
1461 1540 1739 1611 pristinam
1786 1540 2088 1595 libertatem

500 1631 792 1689 reducendi
828 1632 1126 1689 Ecclesiam
1171 1633 1289 1703 ,hoc
1338 1642 1587 1705 tempore
1664 1634 1877 1690 sublata
1928 1641 2088 1699 esset,

496 1741 843 1797 nequaquam
874 1727 1105 1797 amplius
1130 1737 1317 1798 postea
1346 1736 1564 1799 tempus
1612 1728 1691 1783 sic
1720 1735 2091 1799 opportunum

497 1820 676 1875 venire
737 1835 896 1890 posse
953 1820 1333 1877 arbitrabatur.
1396 1798 1534 1876 Nam
1602 1829 1731 1876 tunc
1764 1798 2095 1891 imperator
2128 1798 2176 1859 Β

496 1912 807 1969 adolescens
831 1922 965 1981 erat,
996 1924 1049 1968 et
1075 1913 1322 1969 nondum
1348 1914 1505 1985 plane
1535 1914 1589 1969 in
1623 1915 1850 1986 imperio
1883 1912 2088 1968 conﬁr-

498 2014 679 2061 matus
730 2027 745 2073 ς
800 2007 1045 2062 maximis
1089 2008 1616 2078 quoque-bellorum
1669 2007 1977 2062 turbinibus
2038 2006 2092 2060 in

498 2100 727 2155 Saxonia
761 2102 1053 2155 vexabatur
1100 2120 1110 2155 :
1167 2116 1310 2171 quae,
1358 2109 1419 2156 ut
1456 2101 1524 2156 ad
1573 2101 1673 2156 alia
1706 2101 1952 2157 animum
2006 2100 2088 2154 in-

502 2192 771 2261 tenderet,
815 2209 945 2250 cum
996 2193 1231 2250 maxime
1276 2194 1636 2265 prohibebant
1688 2195 1853 2266 (218).
1902 2194 2095 2249 Plures

499 2287 645 2341 enim
677 2287 834 2358 primi
885 2286 1088 2343 ordinis
1116 2288 1211 2342 viri
1265 2290 1506 2343 Saxones
1546 2287 1615 2342 ab
1652 2303 1717 2343 eo
1757 2286 2089 2353 defecerant,

500 2379 819 2435 rebelliones
851 2380 1121 2437 maximas
1169 2381 1375 2445 moliti;
1408 2381 1507 2436 sibi
1547 2396 1673 2437 vero
1702 2397 1804 2437 nec
1845 2380 2091 2435 animum

499 2488 600 2529 nec
646 2474 782 2529 vires
809 2473 1095 2530 defuturas
1124 2474 1478 2530 existimabat
1507 2473 1577 2529 ad
1601 2474 1717 2531 haec
1748 2475 1933 2530 omnia
1965 2489 2091 2545 per-

499 2566 743 2622 ficienda.
805 2570 874 2622 Et
906 2568 1130 2639 quidem
1163 2568 1367 2638 optime
1409 2577 1632 2624 noverat
1678 2576 1937 2639 quantam
1972 2582 2091 2623 rem

496 2660 803 2728 moliretur,
831 2676 997 2732 quam
1018 2659 1322 2727 difﬁcilem,
1348 2662 1594 2729 arduam,
1626 2669 1681 2717 et
1701 2661 2085 2732 periculosam.

500 2753 731 2809 Difﬁcile
758 2769 975 2825 quoque
1031 2754 1084 2809 in
1127 2763 1408 2825 posterum
1462 2754 1576 2810 fore
1628 2754 2001 2819 existimabat,
2033 2763 2093 2810 ut

500 2850 789 2902 Romanus
819 2846 1062 2918 pontifex
1092 2849 1357 2919 quiSpiam
1398 2856 1561 2917 esset,
1592 2850 1683 2920 qui
1736 2848 1851 2904 haec
1886 2856 2093 2903 tentare

496 2940 741 3007 auderet,
787 2941 945 3011 idque
988 2941 1334 3012 superiorum
1360 2957 1589 2998 suorum
1631 2942 1902 3014 exemplo.
1949 2944 2089 2997 Cum

497 3033 645 3089 enim
675 3033 949 3090 multoties
999 3035 1273 3106 Stephano
1305 3038 1409 3102 IX,
1440 3034 1664 3090 Nicolao
1696 3038 1746 3090 lI
1779 3044 1834 3090 et
1866 3035 2095 3090 Alexan-

494 3128 594 3184 dro
649 3131 701 3183 ll
750 3128 1105 3199 persuasisset
1143 3135 1203 3182 ut
1252 3126 1371 3183 haec
1412 3127 1761 3189 molirentur,
1814 3144 2092 3198 nunquam

497 3222 613 3276 haec
636 3221 748 3291 ipsa
777 3228 989 3275 tentare
1038 3219 1153 3275 ausi
1201 3220 1335 3288 sint,
1388 3219 1731 3291 imperatoris
1766 3220 1947 3274 omnia
1978 3236 2095 3291 pos-
2130 3204 2175 3265 (ἶ

497 3313 721 3369 sidentis
752 3313 1051 3383 potentiam
1096 3313 1262 3368 veriti.
1306 3312 1362 3368 Si
1394 3313 1541 3367 enim
1566 3328 1623 3368 se
1668 3314 1723 3368 in
1776 3316 2093 3368 Romanum

498 3405 817 3463 Pontiﬁcem
844 3406 1158 3461 conﬁrmari
1196 3422 1305 3461 non
1335 3406 1666 3479 contigisset,
1693 3406 1760 3463 de
1799 3407 2094 3462 Ecclesias-

496 3501 601 3556 tica
673 3500 941 3566 libertate,
989 3499 1058 3557 ad
1114 3516 1278 3572 quam
1328 3500 1457 3557 totis
1516 3500 1718 3557 viribus
1783 3500 2093 3568 anhelabat,

498 3602 680 3649 actum
711 3610 828 3650 esse
850 3594 1249 3661 arbitrabatur;
1280 3610 1412 3650 nam
1458 3609 1517 3649 se
1556 3611 1724 3650 unum
1747 3602 1901 3651 tanto
1936 3609 2096 3666 nego-

504 3688 579 3741 tio
617 3686 882 3743 idoneum
912 3702 1029 3742 esse
1061 3687 1304 3757 putabat.

570 3780 650 3833 Ne
671 3779 832 3850 igitur
857 3778 1149 3849 aliquando
1173 3779 1543 3835 controversia
1574 3779 1750 3850 aliqua
1786 3780 1913 3836 oriri
1965 3796 2097 3853 pos-

509 3879 613 3939 set,
647 3870 795 3941 quod
823 3871 1007 3925 minus
1030 3870 1283 3942 legitimis
1320 3870 1600 3945 suffragiis
1649 3872 1849 3929 electus
1890 3882 1944 3929 et
1970 3890 2096 3929 con-

500 3972 745 4020 secratus
770 3962 1006 4035 pontifex
1032 3972 1191 4029 esset,
1237 3973 1291 4019 et
1314 3964 1451 4020 hanc
1470 3966 1541 4021 ob
1592 3981 1811 4021 causam
1849 3966 1916 4022 de
1961 3983 2095 4037 pon-

498 4056 707 4113 tiﬁcatu
736 4072 867 4112 cum
912 4058 1262 4127 imperatore,
1302 4073 1469 4129 quem
1520 4058 1754 4130 graviter
1810 4075 2096 4130 passurum

500 4166 618 4207 esse
660 4166 773 4206 non
848 4150 1153 4221 ignorabat,
1212 4150 1362 4221 quod
1419 4166 1483 4206 eo
1526 4152 1859 4221 inconsulto,
1907 4163 2093 4209 contra

502 4242 954 4300 consuetudinem
980 4243 1363 4315 majorumque
1386 4260 1613 4300 suorum
1650 4247 1922 4318 privilegia
1950 4251 2096 4315 (219)

502 4335 920 4409 imperatoribus
985 4337 1053 4391 ab
1119 4338 1415 4409 apostolica
1459 4338 1591 4394 sede
1646 4355 1932 4409 concessa,
1982 4341 2095 4411 ipse

500 4433 787 4486 Romanus
828 4428 1078 4502 pontifex
1152 4431 1498 4489 renuntiatus
1570 4442 1733 4501 esset,
1800 4434 2094 4506 aliquando

442 4540 455 4543 ·
498 4524 858 4582 contenderet
890 4542 904 4579 :
947 4533 1023 4593 et,
1056 4532 1117 4580 ut
1161 4526 1229 4580 ab
1286 4527 1541 4581 omnibus
1577 4527 1814 4599 legitima
1852 4528 2094 4599 ejusdem

501 4618 776 4674 ordinatio
820 4618 1007 4674 haberi
1044 4628 1248 4691 posset,
1287 4635 1387 4675 nec
1418 4620 1475 4675 in
1518 4619 1753 4677 dubium
1801 4620 2095 4693 aliquando

501 4712 759 4767 vertenda
793 4733 805 4767 :
843 4716 1017 4780 (nam,
1067 4714 1111 4768 si
1141 4713 1196 4768 id
1235 4715 1519 4781 evenisset,
1547 4714 1686 4769 nihil
1729 4729 1938 4785 eorum,
1976 4731 2096 4786 quae

498 4804 846 4875 cogitaverat,
894 4804 1153 4874 perﬁcere
1192 4807 1475 4877 potuisset)
1508 4808 1654 4863 nulla
1692 4824 1937 4881 unquam
1993 4825 2091 4864 ra-

499 4898 651 4952 tione
671 4897 867 4953 adduci
889 4899 1082 4968 potuit,
1118 4907 1178 4953 ut
1206 4900 1513 4956 consecrari
1544 4901 1704 4957 vellet
1732 4911 1788 4957 et
1813 4903 2088 4969 coronari,

498 4990 677 5046 donec
720 4990 1093 5061 imperatoris,
1141 4999 1195 5046 et
1251 4994 1565 5065 principum
1608 5010 1773 5066 super
1824 4996 2091 5052 electione

499 5100 598 5139 sua
620 5084 943 5155 exquireret
966 5084 1277 5140 voluntates
1302 5090 1471 5151 (220).
1510 5088 1753 5141 Primum
1782 5088 1945 5159 igitur
1974 5098 2090 5144 sta-

497 5178 597 5233 tim
626 5184 750 5249 post
767 5176 1088 5232 electionem
1130 5193 1286 5233 suam
1316 5178 1539 5234 Praesidi
1576 5181 1826 5235 Caesareo
1859 5182 1915 5235 in
1942 5182 2090 5236 Italia

497 5270 565 5327 de
605 5285 705 5326 sua
750 5270 1023 5327 creatione
1066 5272 1302 5343 scripsit.
1353 5272 1560 5327 Eadem
1598 5273 1811 5328 ratione
1860 5274 2090 5345 impera-

499 5364 604 5419 tori
634 5363 872 5420 Henrico
902 5367 995 5433 lV,
1025 5372 1143 5421 tum
1170 5365 1225 5420 in
1270 5365 1566 5421 Germania
1594 5366 1772 5438 agenti
1819 5382 1915 5439 per
1943 5368 2088 5441 lega-

572 5607 717 5686 me
742 5603 848 5686 §ed
872 5603 997 5686 aera
1026 5603 1299 5686 mnium-

575 5680 721 5745 (217)
743 5674 848 5731 Sed
877 5674 1197 5732 Simoniacis
1225 5685 1279 5730 et
1313 5676 1732 5734 concubinariis.

571 5750 715 5818 (218)
740 5747 873 5801 Vide
912 5750 1228 5818 Brunonem
1269 5747 1335 5803 de
1366 5748 1504 5804 bello
1544 5750 1830 5805 Saxonico.

571 5824 717 5884 (219)
756 5819 937 5900 Nulla.
963 5827 1177 5900 exstant
1199 5817 1381 5900 "hujus
1428 5821 1645 5890 generis
1691 5822 2004 5893 privilegia:
2037 5830 2091 5877 et

497 5905 618 5959 qua:
640 5900 853 5946 exstare
890 5888 1162 5957 videntur,
1194 5888 1379 5946 ﬁctitia
1410 5888 1555 5948 sunt.

2201 508 2509 563 violentiam
2539 509 2922 563 Romanorum
2952 507 3110 563 factae
3139 506 3490 572 renuntiavit,
3516 520 3790 565 asserens,

2199 610 2253 656 et
2298 602 2340 656 si
2399 602 2601 657 electus
2654 606 2816 666 esset,
2848 601 2971 672 quia
3014 601 3196 672 populi
3244 600 3478 656 furentis
3524 600 3786 655 voluntati

2200 695 2449 751 resistere
2478 711 2590 750 non
2621 694 2902 765 potuisset,
2941 710 3000 749 se
3050 702 3237 749 tamen
3285 708 3567 765 nunquam
3602 707 3790 748 conse-

2200 789 2336 843 crari
2367 788 2623 856 voluisse,
2680 804 2783 843 nec
2835 788 2989 855 velle,
3036 804 3136 844 nec
3178 788 3525 859 pontiﬁcatus
3553 786 3789 842 admini-

2199 882 2520 937 strationem
2546 898 2604 937 se
2634 898 2878 953 unquam
2900 890 3278 953 accepturum,
3306 882 3411 937 nisi
3436 881 3585 953 prius
3601 880 3789 951 ipsius,

2200 976 2620 1047 Germaniaeque
2674 977 3060 1047 episcoporum
3105 984 3159 1029 et
3214 974 3521 1046 principum
3577 972 3793 1029 adesset

2199 1084 2515 1124 consensus.
2546 1076 2724 1140 Atque
2769 1068 2839 1124 ob
2863 1084 2981 1123 eam
3022 1082 3273 1133 causam,
3315 1067 3729 1139 quamprimum
3760 1082 3791 1122 a

2200 1162 2421 1234 populo,
2466 1171 2588 1239 post
2616 1162 2937 1218 electionem
2966 1177 3143 1229 suam,
3176 1162 3309 1217 liber
3357 1160 3618 1217 dimissus
3658 1159 3788 1227 fuit,

2200 1256 2384 1311 statim
2410 1256 2689 1312 Albanum
2708 1264 2859 1312 extra
2883 1254 3099 1313 Urbem
3115 1255 3471 1321 concessisse,
3494 1270 3567 1309 ne
3597 1262 3791 1309 contra

2200 1365 2410 1405 morem
2485 1350 2554 1405 ab
2614 1349 2810 1406 eodem
2867 1348 3068 1421 populo
3115 1347 3539 1405 consecrationis
3590 1362 3791 1403 munus

2198 1444 2443 1513 accipere
2472 1453 2778 1515 cogeretur.

2266 1537 2488 1592 Litteris
2522 1548 2705 1593 autem
2748 1539 2863 1593 suis
2906 1539 2975 1595 ab
3026 1539 3353 1610 imperatore
3389 1535 3647 1608 acceptis,
3678 1535 3791 1607 epi-

2199 1645 2601 1703 scoporumque
2645 1638 2913 1687 conventu
2943 1640 3297 1703 congregato,
3342 1629 3631 1702 diligenter
3655 1630 3792 1685 Gre-

2199 1724 2339 1795 gorii
2370 1727 2469 1779 Vll
2521 1724 2711 1780 electio
2759 1725 3060 1781 examinata
3115 1723 3219 1780 fuit
3258 1728 3424 1791 (221).
3474 1724 3614 1778 Cum
3666 1738 3793 1778 vero

2205 1818 2510 1888 imperator
2547 1834 2669 1873 eam
2738 1820 3045 1889 legitimam
3075 1834 3216 1887 esse,
3267 1817 3630 1889 omniumque
3676 1825 3792 1871 tam

2203 1912 2336 1967 cleri
2375 1928 2542 1983 quam
2578 1912 2761 1983 populi
2788 1912 3023 1968 Romani
3054 1911 3243 1967 liberis
3275 1909 3550 1983 suffragiis
3588 1908 3794 1965 factam

2204 2004 2368 2061 fuisse
2409 2006 2770 2077 cognovisset,
2816 2014 2928 2061 tam
2963 2006 3077 2077 ipse
3098 2020 3263 2076 quam
3309 2004 3490 2061 caeteri
3530 2004 3796 2075 principes

2202 2108 2377 2154 ratam
2426 2114 2543 2154 esse
2598 2100 2909 2166 voluerunt,
2957 2100 3113 2171 eique
3164 2104 3575 2154 consenserunt.
3621 2099 3797 2153 Fuere

2202 2201 2385 2247 autem
2435 2192 2492 2246 in
2540 2193 2629 2248 illo
2685 2201 2953 2248 conventu
2998 2191 3155 2247 multi
3200 2182 3509 2249 Germaniae
3566 2190 3794 2262 praelati,

2203 2285 2439 2358 episcopi
2477 2294 2534 2341 et
2583 2285 2825 2352 abbates,
2872 2286 2985 2357 qui,
3032 2285 3180 2356 gravi
3214 2284 3472 2355 scrupulo
3504 2282 3793 2351 commoti,

2205 2379 2458 2436 eamdem
2488 2379 2809 2435 electionem
2838 2378 3226 2452 oppugnabant
3253 2396 3267 2433 :
3295 2378 3389 2449 qui
3420 2376 3589 2448 ipsius
3608 2376 3794 2433 Hilde-

2204 2472 2395 2528 brandi
2420 2488 2623 2541 mores,
2664 2488 2749 2528 res
2774 2480 2975 2545 gestas,
3003 2471 3354 2528 inflexibilem
3402 2470 3793 2539 constantiam,

2203 2565 2668 2622 ferventissimum
2707 2565 2872 2622 divini
2923 2566 3148 2621 honoris
3194 2565 3396 2632 zelum,
3442 2572 3500 2619 et
3540 2573 3795 2619 tenacem

2201 2660 2463 2733 propositi
2515 2659 2597 2715 sui
2646 2660 2981 2715 voluntatem
3023 2675 3121 2731 per
3175 2658 3381 2713 multos
3428 2665 3574 2712 retro
3600 2672 3793 2724 annos,

2202 2754 2401 2825 quibus
2463 2753 2518 2809 in
2572 2754 2693 2809 aula
2742 2753 3014 2825 imperiali
3063 2760 3329 2817 versatus,
3380 2758 3489 2805 tam
3556 2750 3797 2821 privatus

2204 2864 2368 2919 quam
2427 2847 2485 2903 in
2547 2847 2773 2918 publicis
2811 2848 2865 2901 S.
2929 2849 3001 2901 R.
3077 2850 3143 2902 Ε.
3187 2843 3544 2917 legationibus
3600 2842 3795 2910 fuerat,

2203 2942 2407 3013 cptime
2436 2949 2722 3008 noverant.
2753 2941 3043 2996 Timebant
3066 2939 3215 2995 enim
3250 2953 3319 2994 ne
3354 2938 3433 2993 vir
3457 2936 3799 2993 vehementis

2203 3035 2428 3106 ingenii,
2457 3044 2512 3090 et
2536 3035 2675 3089 acris
2723 3049 2846 3105 erga
2898 3038 3079 3089 Deum
3113 3031 3260 3099 ﬁdei,
3307 3031 3547 3087 strictius
3581 3046 3674 3086 eos
3698 3046 3796 3102 pro

2201 3128 2544 3200 negligentiis
2573 3127 2687 3183 suis
2717 3125 3046 3199 quandoque
3076 3126 3389 3193 discuteret,
3420 3125 3797 3196 rationemque

2204 3222 2272 3275 ab
2307 3224 2383 3277 eis
2411 3221 2480 3276 de
2522 3220 2776 3293 gregibus
2823 3220 2925 3276 sibi
2944 3220 3251 3277 commissis
3286 3219 3579 3275 arctiorem
3603 3219 3791 3291 exqui-

2205 3323 2363 3370 reret.

2278 3409 2368 3475 Hi,
2398 3409 2683 3464 communi
2703 3408 2934 3464 consilio
2955 3409 3231 3465 Caesarem
3260 3406 3460 3475 adorti,
3481 3406 3583 3479 ipsi
3613 3405 3800 3463 Hilde-

2203 3501 2483 3557 brandum
2538 3503 2771 3557 maxime
2836 3502 3144 3563 cavendum
3207 3516 3325 3557 esse
3372 3501 3730 3573 suggerebant
3781 3520 3793 3555 :

2204 3596 2633 3667 persuadereque
2663 3596 2712 3652 ei
2741 3596 3101 3665 conabantur,
3129 3604 3191 3651 ut
3214 3594 3360 3651 nulla
3375 3594 3589 3651 ratione
3616 3593 3795 3649 homi-

2203 3690 2290 3744 nis
2357 3689 2461 3744 sibi
2529 3688 2875 3745 infensissimi
2940 3688 3106 3745 futuri
3178 3688 3232 3743 in
3290 3696 3403 3743 tam
3470 3703 3686 3743 summa
3742 3696 3798 3743 et

2205 3783 2439 3837 maxima
2469 3789 2734 3853 potestate
2782 3783 3027 3838 electioni
3058 3782 3368 3849 assentiret,
3400 3797 3633 3854 eamque
3678 3790 3797 3836 tan-

2206 3892 2372 3948 quam
2413 3877 2621 3947 injussu
2655 3892 2755 3932 suo
2787 3875 3009 3942 factam,
3043 3876 3254 3931 irritam
3293 3891 3431 3942 esse,
3453 3875 3792 3932 decerneret.

2204 3971 2475 4025 Futurum
2523 3970 2673 4024 enim
2719 3967 3177 4036 vaticinabantur,
3209 3970 3354 4040 quod
3393 3969 3493 4023 nisi
3529 3969 3798 4039 impetum

2206 4062 2443 4117 hominis
2477 4063 2777 4134 praevenire
2808 4070 3124 4130 maturaret,
3153 4071 3213 4117 ut
3239 4062 3307 4117 ab
3339 4062 3457 4134 ipso
3482 4065 3796 4118 Romanum

2205 4156 2497 4228 imperium
2585 4158 2881 4212 maximam
2937 4164 3079 4211 esset
3136 4157 3407 4227 jacturam
3475 4170 3789 4227 passurum,

2205 4250 2423 4320 ipseque
2453 4250 2777 4322 imperator,
2809 4249 3000 4304 multis
3052 4249 3449 4305 calamitatibus
3494 4258 3547 4304 et
3589 4248 3795 4304 incom-

2205 4343 2384 4398 modis
2413 4343 2481 4397 ab
2511 4360 2577 4398 eo
2602 4343 2967 4398 involveretur
3008 4362 3021 4397 ;

2203 4438 2257 4491 in
2281 4436 2447 4492 alium
2474 4444 2749 4507 postremo
2775 4436 2991 4507 gravius
3020 4452 3185 4507 quam
3215 4436 3269 4491 in
3310 4437 3496 4508 ipsum
3520 4436 3795 4492 Caesarem

2124 4569 2174 4631 Β
2202 4529 2657 4586 redundaturum.
2701 4528 2767 4584 1d
2825 4545 3045 4601 quoque
3104 4545 3201 4601 pro
3233 4540 3382 4585 certo
3426 4529 3792 4595 afﬁrmabant,

2204 4622 2353 4695 quod
2384 4630 2567 4694 postea
2597 4623 2873 4688 usuvenit,
2895 4623 3071 4695 ipsum
3086 4622 3219 4679 nihil
3252 4623 3424 4694 magis
3447 4632 3792 4689 curaturum,

2205 4733 2369 4790 quam
2404 4725 2465 4771 ut
2515 4718 2896 4789 episcoporum
2939 4717 3307 4788 abbatumque
3362 4716 3677 4772 collationes
3727 4732 3791 4771 ex

2203 4811 2547 4882 imperatoris
2584 4811 2839 4866 manibus
2893 4819 2948 4867 et
2991 4820 3256 4882 potestate
3303 4811 3559 4882 eriperet,
3621 4811 3793 4881 impe-

2202 4904 2458 4975 riumque
2496 4903 2676 4974 ipsum
2724 4904 2950 4959 omnino
2977 4904 3352 4975 pessundaret.

2276 4996 2374 5051 His
2407 4995 2624 5061 auditis,
2667 5011 2758 5051 rex
2782 4997 3057 5069 pauliSper
3100 5007 3479 5067 commotus,a
3502 4996 3669 5051 latere
3690 5011 3795 5052 suo

2204 5088 2579 5145 Eberhardum
2597 5089 2857 5144 comitem
2885 5089 2963 5145 ire
2988 5089 3169 5161 jussit,
3218 5090 3314 5163 qui
3346 5095 3627 5147 Romanos
3669 5105 3799 5161 pro-

2202 5199 2351 5239 ceres
2374 5183 2697 5238 conveniens
2721 5198 2951 5239 causam
2990 5183 3059 5239 ab
3090 5184 3165 5240 eis
3212 5184 3599 5251 scistitaretur,
3630 5198 3801 5254 quare

2204 5286 2403 5349 prazter
2431 5275 2884 5333 consuetudinem
2936 5278 3233 5349 majorum,
3275 5293 3401 5349 rege
3445 5280 3641 5333 saltem
3686 5291 3797 5332 non

2200 5371 2473 5441 consulto,
2512 5372 2772 5427 Romana:
2820 5370 3076 5428 Ecclesia;
3123 5370 3440 5445 pontiﬁcem
3476 5371 3789 5443 elegissent,

2279 5609 2425 5682 (220)
2450 5608 2587 5666 Vide
2614 5612 2815 5665 Baron.
2846 5614 2982 5665 1073
3012 5617 3069 5666 et
3099 5613 3262 5665 1074.

2282 5679 2449 5753 (221)
2494 5685 2706 5753 Rexet
2787 5683 3055 5753 principes
3118 5679 3425 5753 approbant
3475 5680 3801 5738 electionem

2211 5752 2477 5825 Gregorii.
2538 5752 2671 5808 Vide
2736 5754 2914 5823 Epist.
2968 5752 3190 5807 Henrici
3242 5752 3338 5807 lib.
3399 5768 3444 5819 ι,
3504 5756 3660 5826 epist.
3710 5758 3799 5807 29.

2208 5826 2407 5879 Baron.
2447 5828 2603 5878 1073.

3071 4351 3239 4413 atque
3274 4343 3379 4398 hoc
3419 4343 3645 4410 malum,
3680 4359 3793 4397 non
3886 4330 3905 4343 “
