4122 6180
342 316 435 367 161
1332 313 1850 369 PROLEGOMENA.
1893 345 1960 353 —
1999 316 2176 369 ACTA
2214 315 2271 370 S.
2314 316 2653 372 GREGORII.

3542 321 3644 373 162

334 438 652 507 ipsumque,
686 436 729 489 si
787 452 897 492 non
943 436 1168 493 ideonec
1201 437 1554 506 satisfaceret,
1591 440 1662 507 ab
1718 447 1936 509 accepta
1965 444 2017 506 Α
2047 440 2231 511 magni
2273 441 2527 512 ponderis
2555 448 2730 509 erant,
2756 448 2810 495 et
2848 438 2995 495 haud
3027 439 3100 495 ita
3141 438 3302 496 facile
3323 454 3645 495 successura

339 531 526 585 illicite
576 530 839 602 dignitate
900 531 1151 586 abdicare
1225 533 1559 603 praeciperet.
1614 536 1665 588 1s
1721 534 1939 588 veniens

340 627 604 691 Romam,
644 623 871 696 benigne
907 640 936 679 a
978 641 1113 696 papa
1153 626 1419 698 Gregorio
1476 634 1759 698 susceptus
1803 635 1928 681 est:

338 734 578 789 cumque
622 718 715 773 ille
778 718 1034 774 mandato
1100 720 1242 791 regis
1294 720 1655 791 exposuisset,
1724 720 1934 790 eadem,

342 828 461 883 qua:
483 810 597 883 regi
627 812 938 882 scripserat,
988 812 1267 884 respondit
1291 829 1369 881 se,
1418 817 1533 868 Deo
1572 822 1732 880 teste,
1761 812 1935 868 hono-

340 907 415 961 ris
448 906 612 977 hujus
669 906 876 977 apicem
933 922 1210 978 nunquam
1260 923 1355 979 per
1406 907 1760 963 ambitionem
1800 906 1940 962 affe-

346 1010 535 1066 ctasse,
559 999 657 1055 sed
686 1000 921 1056 electum
948 1015 1006 1055 se
1055 1016 1085 1055 a
1117 1001 1401 1067 Romanis,
1428 1010 1483 1056 et
1526 1001 1792 1057 violenter
1840 1000 1941 1055 sibi

344 1093 661 1164 impositam
681 1092 847 1149 fuisse
871 1094 1215 1150 ecclesiastici
1240 1094 1513 1165 regiminis
1537 1094 1937 1150 necessitatem.

340 1188 470 1258 Cogi
518 1195 707 1243 tamen
759 1186 913 1243 nullo
966 1187 1134 1244 modo
1189 1188 1451 1259 potuisse,
1502 1197 1562 1243 ut
1617 1187 1854 1243 ordinari
1885 1204 1943 1243 se

340 1281 710 1351 permitteret,
740 1280 916 1337 donec
942 1280 999 1336 in
1051 1281 1376 1336 electionem
1415 1297 1573 1337 suam
1622 1290 1737 1336 tam
1759 1297 1942 1352 regem

339 1390 505 1445 quam
565 1374 831 1446 principes
883 1375 1166 1430 Teutonici
1207 1375 1359 1446 regni
1412 1376 1757 1430 consensisse
1797 1383 1942 1428 certa

338 1468 610 1541 legatione
639 1477 1014 1540 cognosceret.
1038 1471 1160 1523 Hac
1207 1470 1415 1523 ratione
1461 1467 1734 1523 distulisse
1767 1468 1945 1522 adhuc

336 1560 743 1617 ordinationem
771 1578 951 1628 suam,
984 1569 1038 1617 et
1066 1562 1179 1617 sine
1216 1560 1393 1617 dubio
1415 1560 1734 1628 dilaturum,
1768 1560 1943 1617 donec

339 1654 439 1709 sibi
494 1656 645 1726 regis
694 1654 1033 1711 voluntatem
1082 1664 1263 1710 certus
1305 1655 1428 1711 inde
1456 1656 1678 1711 veniens
1720 1656 1943 1710 nuntius

336 1749 590 1819 aperiret.
618 1751 739 1803 Hoc
766 1749 860 1803 ubi
887 1758 970 1805 est
992 1749 1100 1820 regi
1130 1749 1520 1817 renuntiatum,
1551 1748 1732 1805 divina
1762 1749 1948 1803 volun-

2048 534 2145 589 sibi
2172 535 2444 605 sperabat,
2472 534 2663 590 statuit
2696 550 2812 590 rem
2846 533 3129 605 paulatim,
3156 539 3231 589 'et
3277 535 3480 590 sensim
3515 533 3643 587 inci-

2048 645 2198 700 pere,
2243 636 2530 700 totumque
2556 628 2666 684 fere
2686 645 2890 685 annum
2920 629 3001 685 sui
3025 629 3397 699 pontiﬁcatus,
3425 630 3478 683 in
3503 629 3647 699 ejus-

2050 722 2200 778 modi
2230 722 2487 788 consiliis,
2540 738 2714 793 usque
2770 722 2836 777 ad
2892 722 3133 778 mediam
3155 722 3643 795 Quadragesimam

2048 825 2263 887 tempus
2286 815 2681 887 congreganda
2704 814 2899 888 synodi
2926 831 2957 870 a
2998 816 3112 872 suis
3158 815 3647 888 praedecessoribus

2049 910 2426 982 praescriptum
2450 910 2809 979 consumpsit.

2120 1008 2282 1059 Anno
2329 1003 2495 1074 igitur
2526 1001 2750 1058 Domini
2778 1008 2937 1069 1074,
2962 1002 3055 1072 qui
3079 1002 3260 1058 adhuc
3286 1003 3497 1073 primus
3525 1009 3647 1058 erat

2050 1096 2131 1153 sui
2160 1096 2528 1168 pontiﬁcatus,
2572 1103 2712 1151 stato
2741 1103 2991 1166 tempore
3030 1094 3132 1150 hac
3155 1095 3359 1150 ratione
3381 1094 3645 1167 principia

2050 1191 2438 1261 recuperandae
2463 1189 2842 1245 ecclesiastica:
2870 1188 3134 1244 libertatis
3179 1188 3334 1260 jecit.
3366 1192 3425 1243 In
3469 1188 3647 1244 media

2052 1284 2199 1339 enim
2243 1283 2666 1355 Quadragesima
2695 1286 2891 1339 Romae
2919 1283 2973 1337 in
3008 1282 3225 1337 basilica
3266 1281 3645 1349 Lateranensi,

2052 1394 2173 1449 qua:
2198 1377 2642 1434 Constantiniana
2674 1377 2998 1448 appellatur,
3030 1376 3207 1447 primo
3247 1374 3518 1447 synodum
3559 1390 3649 1446 ge-

2052 1471 2295 1527 neralem
2320 1472 2611 1526 multorum
2630 1471 3017 1542 episc0porum
3036 1470 3324 1536 abbatum,
3346 1476 3399 1523 et
3417 1468 3648 1523 aliorum

2054 1566 2409 1621 Praelatorum
2456 1564 2838 1637 congregavit;
2872 1564 2925 1619 in
2955 1580 3081 1635 qua,
3124 1563 3270 1618 circa
3309 1578 3432 1617 xxx
3480 1560 3654 1617 edidit

2055 1659 2286 1731 capitula
2332 1664 2499 1725 (224),
2527 1674 2623 1714 seu
2652 1673 2910 1725 canones,
2962 1657 3111 1727 quod
3140 1658 3376 1712 dictatus
3413 1654 3650 1726 appella-

2054 1753 2162 1808 vit:
2191 1769 2426 1824 quorum
2458 1752 2632 1824 major
2654 1768 2773 1823 pars
2800 1760 2957 1808 antea
2996 1766 3191 1822 parum
3226 1750 3281 1805 in
3311 1766 3415 1806 usu
3447 1748 3644 1815 fuerat,

337 1848 445 1897 tate
481 1857 573 1897 res
629 1842 899 1898 humanas
920 1843 995 1897 ita
1037 1843 1355 1914 disponente
1389 1884 1403 1909 ,
1470 1859 1598 1897 cum
1648 1843 1941 1913 imperium
1972 1817 2020 1878 Β
2055 1855 2110 1902 et
2137 1862 2168 1902 a
2212 1834 2426 1901 nemine
2448 1845 2917 1917 praedecessorum
2940 1860 3165 1900 suorum
3197 1858 3439 1914 unquam
3465 1842 3659 1898 atten-'

334 1938 696 1991 Romannum
720 1952 750 1991 a
772 1936 1091 1992 sacerdotali
1117 1945 1385 2008 potestate
1402 1935 1762 1992 minuendum
1774 1944 1936 2000 esset,

335 2038 385 2085 et
410 2029 483 2085 ad
506 2029 743 2085 nihilum
794 2028 905 2085 fere
954 2029 1343 2102 redigendum,
1371 2031 1483 2101 ipse
1525 2030 1752 2085 libenter
1800 2029 1938 2084 hanc

334 2121 765 2178 satisfactionem
816 2114 1088 2193 susCepit;
1126 2124 1427 2194 iisdemque
1502 2123 1789 2194 episcopis,
1847 2124 1937 2193 qui

334 2233 460 2271 vera
482 2216 779 2289 prmdicare
826 2215 1168 2284 videbantur,
1226 2216 1536 2288 futuraque,
1574 2226 1635 2272 ut
1665 2216 1946 2287 praeterita

332 2310 760 2381 cognoscebant,
812 2310 1041 2366 minime
1093 2310 1548 2381 acquiescendum
1576 2310 1733 2366 duxit
1764 2330 1775 2363 :
1806 2310 1942 2365 Gre-

335 2405 555 2475 gorium
584 2418 832 2459 asserens
861 2418 979 2458 esse
1026 2404 1207 2459 virum
1243 2412 1521 2481 sanctum,
1553 2412 1608 2459 et
1661 2412 1815 2458 tanto
1844 2418 1935 2457 sa-

335 2496 584 2553 cerdotio
662 2496 1069 2569 dignissimum,
1140 2505 1307 2569 atque
1350 2513 1637 2569 nunquam
1694 2496 1939 2552 beneﬁcii

333 2591 431 2646 abs
467 2606 527 2647 se
582 2590 787 2661 accepti
843 2590 1175 2658 obliturum;
1238 2591 1547 2663 statimque,
1578 2599 1636 2646 ut
1663 2606 1940 2647 consecra-

334 2694 505 2753 retur,
566 2683 848 2740 laetissimo
891 2682 1151 2757 suffragio
1178 2685 1469 2756 rescripsit,
1517 2694 1571 2739 et
1615 2684 1939 2755 Gregorium

336 2780 653 2849 episcOpum
708 2778 1105 2833 Vercellensem
1149 2779 1314 2833 Italici
1350 2778 1503 2850 regni
1556 2776 1942 2833 cancellarium

338 2871 403 2927 ad
455 2871 678 2926 Urbem
724 2870 1051 2937 transmisit,
1105 2872 1197 2941 qui
1238 2871 1588 2943 imperatoris
1622 2870 1938 2925 auctoritate

339 2966 667 3020 electionem
705 2965 880 3036 ipsam
924 2972 1102 3021 ratam
1154 2963 1379 3034 faceret,
1411 2973 1464 3021 et
1514 2964 1630 3036 ejus
1658 2979 1941 3019 consecra-

338 3058 472 3113 tioni
500 3058 810 3115 interesset.

410 3152 719 3223 Gregorius
764 3151 928 3223 igitur
978 3159 1177 3223 praeter
1230 3167 1386 3223 spem
1446 3150 1593 3223 quod
1661 3160 1943 3222 tantopere

335 3243 680 3301 desiderabat
709 3253 1010 3313 assecutus,
1040 3253 1101 3300 ut
1140 3245 1193 3300 in
1237 3244 1356 3317 ejus
1396 3245 1657 3300 electione
1704 3245 1942 3315 impera-

340 3338 473 3393 toris
521 3347 668 3394 esset
717 3353 1039 3406 consensus,
1078 3338 1210 3393 nihil
1258 3337 1627 3394 differendum
1675 3347 1844 3405 ratus,
1888 3338 1942 3392 in

336 3433 594 3503 proximo
623 3436 968 3487 Pentecostes
999 3430 1157 3493 festo,
1192 3432 1571 3503 presbyterum
1599 3447 1657 3488 se
1702 3431 1944 3487 ordinari

340 3525 499 3594 fecit;
548 3533 605 3580 et
632 3525 800 3580 natali
842 3526 929 3581 die
954 3525 1328 3597 apostolorum
1381 3527 1529 3581 Petri
1589 3532 1646 3580 et
1698 3525 1851 3580 Pauli
1889 3524 1943 3579 in

342 3621 662 3673 Romanum
713 3619 1029 3689 pontiﬁcem
1079 3614 1451 3683 consecratus,
1482 3634 1597 3674 suae
1630 3622 1945 3673 coronatio—

342 3712 427 3767 nis
457 3710 685 3783 insignia
710 3712 965 3783 suscepit.
1014 3712 1389 3768 Conﬁrmatus
1413 3712 1577 3785 igitur
1608 3712 1663 3766 in
1688 3715 1942 3767 Romana

341 3805 507 3873 sede,
563 3805 716 3876 quasi
747 3806 896 3861 nulla
945 3806 1182 3877 amplius
1227 3804 1496 3862 haesitatio
1524 3805 1579 3860 in
1613 3804 1807 3860 animis
1837 3804 1943 3858 lio-

344 3900 564 3955 minum
596 3898 856 3971 obrepere
887 3908 1071 3971 posset
1109 3898 1180 3955 de
1210 3898 1447 3971 legitima
1479 3900 1598 3971 ejus
1624 3900 1899 3954 creatione
1927 3916 1939 3949 :

340 3994 565 4066 quippe,
592 3992 739 4065 quod
767 4008 797 4047 a
836 3992 1225 4061 cardinalibus,
1248 3993 1435 4059 clero‘,
1466 4000 1681 4059 senatu,
1712 3991 1942 4063 populo-

342 4103 445 4158 que
470 4090 750 4154 Romano,
777 4101 1070 4151 consensu,
1099 4094 1151 4141 et
1189 4085 1470 4141 voluntate
1496 4085 1857 4157 imperatoris,
1888 4091 1946 4139 et

316 4168 653 4251 principum
699 4179 1010 4249 accedente,
1059 4180 1179 4251 jam
1220 4179 1444 4246 electus,
1496 4188 1552 4234 et
1596 4186 1946 4235 consecratus

345 4281 483 4337 erat,
510 4283 677 4344 atque
708 4281 837 4329 tunc
876 4289 977 4345 pro
1029 4272 1304 4344 legitimo,
1340 4287 1495 4339 vero,
1538 4280 1593 4328 et
1634 4272 1940 4327 indubitato

344 4366 605 4438 pontiﬁce
630 4367 931 4423 habebatur
964 4386 976 4421 :
1009 4384 1120 4423 non
1160 4368 1319 4439 longe
1345 4374 1470 4438 post
1514 4366 1631 4438 ejus
1652 4381 1942 4422 consecra-

341 4460 583 4529 tionem,
600 4460 748 4531 quod
765 4459 855 4516 diu
878 4469 1003 4515 ante
1027 4460 1212 4516 animo
1233 4469 1577 4532 conceperat,
1607 4458 1941 4516 exsecutioni

343 4556 609 4610 mandare
634 4553 890 4625 disponit.
916 4556 1055 4609 Nam
1074 4554 1374 4609 nonsolum
1396 4555 1779 4624 imperatorem
1799 4554 1940 4623 (222)

343 4648 613 4703 electione
638 4647 877 4702 Romani
932 4646 1223 4718 pontiﬁcis,
1271 4647 1417 4718 quod
1461 4655 1514 4702 et
1566 4646 1838 4702 Adrianus
1866 4647 1943 4700 III

341 4740 638 4813 aliquando
687 4740 909 4808 fecerat,
937 4740 1035 4796 sed
1058 4748 1113 4797 et
1134 4740 1283 4795 omni
1304 4740 1808 4812 (223)auctoritate,
1835 4756 1943 4811 qua

344 4834 590 4906 reliquos
672 4833 941 4905 praelatos,
994 4832 1276 4905 episcopos
1323 4833 1548 4901 scilicet,
1617 4843 1672 4888 et
1723 4832 1944 4889 abbates

339 4926 739 4995 constituebat,
771 4927 979 4998 primus
1006 4927 1256 4983 omnium
1308 4930 1691 4982 Romanorum
1720 4926 1941 4997 pontiﬁ-

341 5038 473 5077 cum
522 5021 737 5093 privare
764 5021 992 5076 tentavit
1024 5040 1036 5076 :
1071 5030 1144 5089 et,
1185 5021 1229 5076 si
1285 5035 1423 5092 opus
1468 5031 1631 5091 esset,
1658 5036 1785 5076 eum
1830 5036 1942 5075 non

342 5114 824 5186 obtemperantem
854 5113 1345 5179 excommunicare,
1397 5123 1561 5186 atque
1588 5114 1818 5185 imperio
1845 5111 1941 5169 de-

344 5223 583 5278 ponere;
641 5206 1069 5280 recipientesque
1113 5207 1182 5263 ab
1211 5222 1277 5263 eo
1315 5207 1652 5278 praelaturas,
1692 5206 1941 5262 similiter

344 5300 524 5371 gladio
566 5300 935 5359 anathematis
978 5309 1276 5373 percutere.
1331 5300 1459 5365 Sed,
1519 5301 1785 5372 quoniam
1823 5300 1942 5357 haec

415 5506 563 5575 (222)
596 5506 733 5577 Quia
760 5522 873 5578 non
899 5506 1245 5578 competebat
1274 5507 1373 5563 illi.

412 5582 565 5642 (223)
593 5576 752 5632 Nulla
784 5576 837 5633 id
870 5576 1195 5650 auctoritate
1224 5578 1466 5650 legitima
1498 5576 1749 5635 faciebat.

417 5650 795 5723 (224)13aron.
828 5650 943 5723 vult
985 5649 1103 5704 hac
1152 5648 1383 5720 capitula
1414 5648 1583 5708 fuisse
1631 5650 1942 5723 conscripta

339 5730 400 5776 et
430 5720 576 5775 edita
604 5719 661 5774 in
688 5720 897 5791 synodo
932 5726 1088 5776 1076.

414 5796 568 5857 (225)
610 5794 744 5865 Hac
777 5791 963 5865 omnia
1011 5792 1231 5865 decreta
1274 5808 1351 5865 ex,
1390 5794 1514 5865 jure
1543 5793 1726 5849 divino
1770 5792 1945 5865 dedu;

340 5870 581 5932 cuntur,
606 5863 809 5935 partim
832 5860 1060 5930 directe,
1097 5863 1297 5935 partim
1340 5860 1614 5923 indirecte.
1661 5867 1777 5922 Nec
1810 5863 1944 5938 quid

2045 1949 2156 1996 tata
2190 1958 2203 1994 :
2237 1955 2425 1995 verum
2484 1939 2553 1994 ad
2601 1938 2979 1994 ﬁrmissimum
3026 1936 3278 1992 Ecclesia:
3323 1944 3530 1991 statum
3568 1935 3647 2005 ja-

2046 2032 2328 2101 ciendum,
2357 2042 2414 2088 et
2464 2032 2536 2087 ad
2566 2032 2760 2086 omnia
2788 2030 3074 2096 tentanda,
3107 2045 3230 2100 quae
3255 2029 3439 2084 animo
3466 2028 3645 2100 agita-

2048 2128 2158 2195 bat,
2191 2127 2403 2183 idonea.
2440 2128 2519 2181 Ex
2550 2126 2752 2197 quibus
2780 2124 2911 2179 illud
2949 2123 3350 2196 intelligebatur
3377 2137 3501 2194 quae
3527 2130 3643 2176 tum

2048 2222 2285 2277 Romani
2317 2219 2591 2292 pontiﬁcis
2618 2219 2913 2275 auctoritas
2961 2217 3126 2274 fuerit
3154 2234 3167 2271 :
3197 2217 3342 2273 inter
3361 2231 3506 2288 quae,
3530 2214 3645 2271 haec

2048 2315 2319 2387 praecipue
2350 2313 2587 2385 capitula
2615 2312 2787 2368 fuere.

2115 2410 2441 2475 (Omittimus
2474 2408 2747 2462 brevitatis
2789 2422 2970 2462 causa.
3024 2406 3158 2463 Vide
3210 2405 3369 2472 infra
3407 2406 3465 2458 in
3504 2420 3643 2460 conc.

2046 2505 2198 2558 Rom.
2236 2504 2369 2556 (mni
2402 2506 2585 2568 1076.)

2118 2595 2329 2663 Quibus
2361 2600 2505 2660 (225)
2531 2594 2767 2649 decretis
2796 2592 3030 2665 gradum
3064 2592 3167 2648 sibi
3214 2591 3360 2661 fecit,
3389 2600 3445 2648 et
3473 2592 3641 2659 viam,

2046 2688 2116 2744 ad
2153 2704 2214 2743 ea
2245 2688 2451 2753 omnia,
2494 2702 2615 2758 quae
2657 2688 2843 2742 animo
2899 2694 3243 2757 conceperat,
3290 2685 3645 2758 peragenda:

2046 2781 2241 2853 quibus
2261 2781 2443 2852 jactis,
2467 2790 2538 2835 .et
2568 2778 2721 2835 factis
2750 2779 3120 2835 fundamentis
3162 2778 3216 2832 in
3261 2778 3496 2850 synodo,
3531 2786 3646 2833 ten-

2046 2873 2221 2942 tandi,
2256 2873 2405 2945 quod
2458 2872 2818 2943 disposuerat,
2873 2872 3065 2943 gratia,
3102 2871 3335 2941 benigne
3375 2872 3644 2943 primum,

2048 2975 2103 3023 et
2139 2967 2447 3023 humaniter
2509 2965 2816 3020 Henricum
2867 2979 3052 3035 regem
3110 2980 3204 3034 per
3252 2964 3459 3019 litteras
3513 2979 3646 3020 suas

2047 3062 2366 3133 deprecatus
2420 3068 2522 3127 est,
2574 3066 2635 3114 ut
2661 3057 3063 3129 subjectionem
3120 3064 3325 3119 sanctae
3371 3059 3648 3112 Romanae

2054 3155 2309 3211 Ecclesia:
2334 3170 2450 3209 non
2469 3152 2753 3218 abnueret,
2782 3160 3048 3222 tanquam
3065 3150 3241 3206 bonus
3268 3159 3323 3206 et
3345 3150 3650 3205 catholicus

2054 3249 2326 3320 princeps,
2359 3256 2518 3318 atque
2546 3262 2603 3302 se
2655 3244 2837 3302 eidem
2888 3243 3147 3300 Ecclesiae
3184 3242 3449 3299 devotum
3470 3243 3645 3299 ﬁlium

2050 3343 2357 3407 exhiberet;
2393 3341 2749 3411 hortatusque
2777 3344 2857 3393 est
2895 3346 2954 3392 ut
2997 3352 3030 3392 a
3075 3337 3388 3393 Simoniaca
3430 3335 3645 3403 haeresi,

2051 3436 2104 3491 id
2148 3444 2262 3502 est,
2293 3434 2359 3489 ab
2398 3433 2773 3505 episcopatum
2828 3438 2887 3485 et
2931 3429 3275 3485 abbatiarum
3319 3430 3647 3493 venditione,

2050 3530 2163 3585 sive
2191 3535 2457 3594 mercatu,
2488 3541 2624 3597 quas
2655 3523 2937 3596 largitione
2978 3531 3263 3593 correptus
3305 3520 3646 3587 conferebat,

2052 3622 2278 3679 omnino
2303 3636 2361 3676 se
2388 3626 2718 3691 temperaret
2751 3636 2765 3672 :
2798 3625 2855 3672 et
2891 3633 2921 3671 a
2950 3615 3170 3687 reliquis
3225 3615 3389 3679 vitiis,
3417 3614 3485 3670 de
3521 3615 3650 3687 qui-

2052 3717 2154 3772 bus
2185 3714 2331 3787 apud
2374 3714 2564 3769 sedem
2613 3711 2994 3783 apostolicam,
3037 3718 3151 3764 tam
3207 3708 3308 3764 sub
3352 3708 3650 3780 praedeces-

2050 3826 2172 3866 sore
2191 3825 2292 3865 suo
2326 3806 2634 3863 Alexandro
2666 3821 2801 3876 papa
2820 3806 2867 3858 ll
2891 3818 3058 3875 quam
3083 3818 3143 3858 se
3168 3801 3423 3873 pontiﬁce
3452 3818 3653 3857 renun-

2052 3904 2207 3971 tiato,
2228 3899 2525 3957 infamatus
2551 3909 2607 3954 et
2652 3906 2940 3954 accusatus
2973 3896 3173 3963 fuerat,
3204 3911 3263 3951 se
3309 3897 3646 3962 contineret;

2051 3997 2253 4068 alioqui
2283 4012 2340 4051 se
2393 4008 2627 4050 usurum
2670 3992 2727 4048 in
2760 3991 2960 4063 ipsum-
3003 3998 3059 4046 et
3106 3988 3486 4061 delinquentes
3520 4005 3649 4045 cen-

2052 4090 2192 4146 suris
2229 4086 2630 4144 ecclesiasticis.

2120 4186 2255 4253 Qua:
2288 4183 2496 4247 omnia,
2526 4188 2587 4235 ut
2632 4178 2936 4235 accuratius
2964 4176 3358 4248 intelligantur,
3407 4180 3463 4231 et
3505 4175 3648 4231 unde

2057 4285 2139 4332 tot
2186 4276 2462 4330 malorum
2499 4282 2555 4329 et
2584 4272 2949 4328 schismatum
2973 4270 3126 4342 origo
3156 4269 3523 4334 inchoaverit,
3551 4285 3651 4325 co-

2051 4378 2362 4440 gnoscatur,
2407 4382 2601 4422 eorum
2642 4376 2959 4436 temporum
3001 4362 3466 4419 consuetudinem
3511 4362 3649 4419 refe-

2051 4479 2190 4528 ram,
2221 4461 2449 4534 ejusque
2475 4458 2779 4531 primordia
2820 4458 2979 4529 paulo
3025 4456 3189 4511 altius
3210 4463 3474 4526 repetam.

1970 4589 2020 4649 D
2124 4558 2255 4611 Erat
2299 4562 2422 4609 tum
2452 4550 2817 4617 consuetudo,
2861 4566 2893 4605 a
2926 4549 3272 4620 temporibus
3298 4549 3441 4619 (226)
3470 4548 3653 4605 Caroli

2054 4649 2231 4720 Magni
2265 4646 2627 4718 imperatoris,
2681 4644 2920 4715 primum
2950 4659 3012 4697 ex
3056 4642 3379 4697 auctoritate
3408 4642 3649 4698 Romani

2052 4742 2321 4814 pontiﬁcis
2350 4738 2573 4795 Adriani
2604 4740 2626 4792 Ι
2650 4735 2961 4792 introducta
2979 4779 2994 4803 ,
3018 4743 3077 4791 ut
3105 4735 3332 4807 alicujus
3361 4736 3533 4805 urbis,
3566 4734 3649 4791 vel

2052 4834 2282 4891 abbatize
2312 4834 2591 4904 episcopo,
2616 4840 2712 4887 aut
2726 4830 2922 4885 abbate
2943 4829 3201 4895 mortuis,
3228 4830 3419 4885 statim
3450 4830 3650 4900 clerus,
3718 4884 3721 4885 ν

2054 4928 2134 4983 vel
2173 4925 2425 4983 monachi
2456 4926 2510 4980 in
2541 4940 2712 4979 unum
2748 4924 3090 4995 congregati,
3122 4924 3330 4994 legatos
3361 4922 3431 5001 ad
3481 4922 3654 4994 impe-

2052 5029 2318 5083 ratorem,
2341 5018 2431 5091 qui
2464 5026 2596 5074 tunc
2624 5026 2765 5084 erat,
2796 5016 3121 5089 dirigerent,
3148 5016 3216 5071 ad
3245 5031 3415 5088 quem
3450 5014 3651 5072 defun-

2053 5115 2125 5170 cti
2160 5113 2365 5187 prmlati
2406 5112 2613 5185 pedum
2646 5110 2959 5184 pontiﬁcale
3007 5117 3060 5165 et
3106 5109 3374 5164 annulum
3396 5108 3651 5164 deferen-

2052 5217 2155 5279 tes,
2205 5224 2329 5263 eum
2360 5224 2458 5278 pro
2509 5222 2651 5262 novo
2694 5204 2939 5261 antistite
2969 5202 3278 5275 deligendo,
3312 5202 3537 5257 nomine
3567 5202 3652 5258 sui

2053 5301 2262 5373 collegii
2297 5298 2729 5372 interpellabant.
2784 5298 2890 5369 Qui
2935 5296 3123 5353 statim
3165 5304 3356 5352 senatu
3387 5311 3487 5352 suo
3516 5311 3647 5351 con-

2052 5522 2220 5580 quam
2246 5506 2378 5562 novi
2414 5504 2597 5560 sanxit
2621 5501 2886 5575 pontifex,
2914 5500 3011 5558 sed
3033 5515 3156 5573 quae
3182 5499 3329 5571 apud
3358 5500 3565 5557 multos
3589 5500 3643 5555 in

2054 5579 2390 5634 oblivionem
2412 5583 2689 5631 venerant.

2122 5654 2263 5716 (226)
2295 5652 2420 5723 Non
2449 5648 2645 5723 estita.
2675 5645 2904 5723 Decepit
2943 5642 3286 5723 Onu_phrium
3300 5642 3650 5723 §igebertns,

2051 5712 2216 5793 quem
2240 5721 2453 5792 egregie
2479 5717 2728 5773 confutat
2752 5712 2876 5772 Bar.
2899 5725 3034 5771 tom.
3055 5716 3261 5782 IX,an.
3292 5712 3493 5768 Christi
3524 5718 3649 5779 774,

2051 5809 2207 5849 num.
2249 5799 2310 5847 ιο
2336 5800 2391 5847 et
2416 5806 2566 5861 seqq.
