4122 6180
518 313 615 375 163
694 264 695 271 γ

1648 316 1653 331 ’
1744 314 1799 369 S.
1841 313 2219 370 GREGORIUS
2258 316 2345 370 VII
2385 314 2578 369 PAPA.

3708 310 3804 365 164

513 450 751 516 gregato,
790 458 854 522 ex
911 443 1079 515 ipsius
1116 440 1442 512 plerumque
1491 439 1785 506 sententia,
1817 454 1989 495 unum
2022 440 2100 495 vel
2131 443 2181 505 Α
2212 455 2365 512 papa
2392 442 2439 494 ll
2478 438 2696 495 sacula.
2732 441 2851 508 Quo
2868 446 3180 510 temporum
3214 442 3409 504 tractu,
3434 434 3802 506 Longobardi,

516 554 583 594 ex
636 537 763 610 ipsis
810 535 1075 607 collegiis,
1110 534 1192 589 vel
1220 549 1285 589 ex
1318 533 1526 601 amicis,
1554 541 1609 589 et
1636 533 1949 605 capellanis,
1995 549 2098 590 ca-

515 631 751 702 terisque
774 628 1103 694 domesticis,
1155 635 1211 683 et
1239 626 1599 683 familiaribus
1624 628 1755 695 suis,
1800 628 1955 701 juxta
2000 626 2102 683 loci

513 724 850 796 dignitatem,
874 729 932 777 ut
957 722 1003 777 ei
1046 720 1265 776 libitum
1308 729 1445 788 erat,
1476 738 1574 793 pro
1604 721 1832 777 arbitrio
1857 738 1888 777 a
1909 738 1965 779 se
1998 722 2106 778 ele-

511 827 682 885 ctum,
707 816 932 883 annulo,
947 824 1001 870 et
1026 815 1177 889 virga
1195 816 1451 887 pastorali
1470 816 1679 888 praelati
1692 815 1934 871 defuncti
1959 816 2027 872 ad
2048 832 2105 872 se

514 909 850 966 transmissis
873 909 1130 979 donabat,
1178 925 1414 982 eumque
1437 910 1505 966 de
1555 911 1648 967 illo
1673 910 1979 968 sacerdotio
2017 910 2103 966 di-

514 1004 754 1075 plomate
776 1020 877 1060 suo
908 1003 1175 1075 imperiali
1195 1004 1273 1076 (ut
1293 1012 1412 1059 tum
1432 1003 1735 1073 dicebatur)
1766 1005 2101 1073 investitum,

514 1096 620 1154 hoc
669 1106 773 1167 est,
825 1097 914 1153 illa
966 1097 1227 1170 dignitate
1255 1097 1548 1168 donatum,
1596 1099 1651 1154 in
1675 1099 1989 1172 episcopum
2026 1100 2105 1155 vel

512 1192 770 1250 abbatem
810 1192 1119 1248 consecrari
1147 1192 1465 1261 mandabat,
1514 1193 1722 1266 absque
1748 1194 1855 1249 alia
1894 1193 2021 1249 cleri
2053 1201 2108 1249 et

515 1286 917 1342 monachorum
938 1285 1196 1343 lectione.
1227 1288 1349 1343 Hoc
1369 1297 1554 1344 autem
1581 1303 1676 1359 per
1696 1287 1952 1355 Galliam,
1977 1289 2108 1344 Ger-

514 1379 778 1446 maniam,
809 1388 863 1436 et
890 1380 1123 1451 Italiam,
1158 1396 1282 1453 qua
1310 1389 1444 1438 tunc
1467 1381 1697 1439 Latinus
1733 1381 1881 1438 orbis
1926 1397 2108 1438 cense-

512 1473 697 1541 batur,
726 1474 973 1546 usurpari
1001 1490 1124 1531 mos
1157 1483 1292 1532 erat.

585 1567 753 1639 Cujus
774 1568 1028 1640 exemplo
1056 1569 1237 1625 cateri
1262 1585 1484 1643 quoque
1511 1586 1687 1644 reges,
1716 1580 1779 1627 ut
1799 1570 2103 1643 Hispania,

516 1662 875 1731 Francorum,
929 1664 1248 1735 Hungaria,
1298 1672 1353 1720 et
1414 1664 1682 1737 ejusmodi
1712 1664 1908 1721 imitati
1961 1672 2106 1721 sunt.

513 1757 667 1811 Hanc
722 1764 906 1811 autem
936 1755 1423 1828 consuetudinem;
1464 1774 1589 1815 cum
1621 1774 1834 1827 omnes,
1886 1768 1943 1814 ut
1976 1758 2107 1827 dixi,

2211 534 2314 589 sub
2338 534 2562 606 juniore
2607 532 2825 590 Justino
2864 536 3116 605 Augusto
3147 531 3203 587 in
3226 530 3376 588 ltalia
3416 545 3483 585 ex
3515 528 3807 584 Pannoniis

2212 626 2457 700 ingressi,
2516 627 2635 699 ejus
2684 627 2926 700 primum
2979 626 3255 699 potiorem
3306 632 3538 697 partem,
3610 621 3807 679 deinde

2215 722 2475 793 paulatim
2496 721 2610 778 fere
2635 737 2879 790 omnem,
2910 730 3106 794 prater
3126 733 3289 776 unam
3316 727 3532 775 tantum
3566 720 3807 773 Romam

2215 817 2399 887 (quam
2434 816 2492 871 in
2519 815 2635 888 ejus
2658 816 2835 889 gentis
2884 822 3249 887 potestatem,
3290 829 3411 870 eam
3452 813 3647 868 acriter
3686 815 3809 867 Ro-

2214 910 2394 966 manis
2412 910 2762 982 pontiﬁcibus
2782 911 3179 982 imperatorum
3194 906 3556 965 Orientalium
3582 905 3806 975 auxilio,

2214 1013 2269 1060 et
2326 1004 2579 1076 prasidio
2611 1003 2761 1061 fultis
2803 1003 3243 1072 defendentibus,
3269 1017 3550 1072 nunquam
3595 1000 3809 1057 venisse

2216 1098 2449 1171 constat)
2499 1099 2802 1155 obtinuere.
2835 1098 3016 1155 Graci
3066 1112 3253 1170 porro,
3284 1093 3632 1166 imperatoris
3664 1109 3808 1165 pra-

2214 1192 2367 1248 sidiis
2391 1194 2474 1248 vel
2498 1193 2686 1265 pulsis,
2714 1193 2796 1249 vel
2846 1192 3019 1256 casis,
3075 1208 3205 1248 cum
3238 1193 3518 1256 Ravenna,
3551 1197 3607 1244 et
3636 1192 3807 1244 Exar-

2216 1287 2399 1355 chatu,
2422 1303 2547 1360 qua
2591 1288 2708 1345 sola
2736 1288 2795 1343 in
2844 1286 3192 1359 imperatoris
3220 1283 3811 1355 Constantinopolitani

2216 1380 2421 1437 ditione
2470 1381 2743 1454 provincia
2790 1388 3088 1453 supererat,
3140 1379 3331 1451 captis,
3377 1381 3572 1434 Roma
3598 1391 3811 1448 quoque

2216 1476 2318 1531 sub
2348 1491 2471 1547 rege
2514 1476 2804 1547 Aistulpho
2855 1474 3211 1546 Longobardi
3255 1472 3549 1539 inhiarent,
3607 1456 3809 1525 multas

2216 1569 2502 1639 Romanis,
2551 1571 2643 1642 qui
2694 1568 3037 1626 deditionem
3085 1567 3263 1624 facere
3291 1582 3455 1623 suasu
3481 1564 3808 1621 Pontiﬁcum

2219 1664 2565 1732 recusabant,
2599 1664 2958 1731 calamitates,
3004 1670 3057 1719 et
3103 1660 3455 1717 incommoda
3485 1658 3805 1715 intulerunt.

2218 1757 2555 1814 Verebantur
2595 1758 2746 1814 enim
2768 1757 3001 1814 Romani
3022 1755 3301 1828 pontiﬁces
3313 1751 3808 1826 Longobardorum

514 1849 698 1905 Latini
727 1849 877 1906 orbis
903 1851 1184 1920 Ecclesia,
1232 1860 1355 1908 tum
1414 1868 1578 1923 sape,
1634 1862 1689 1909 et
1717 1852 1813 1909 diu
1844 1852 1901 1908 in
1922 1853 2108 1908 multis
2136 1832 2182 1895 Β
2218 1850 2495 1908 feritatem
2526 1860 2582 1908 et
2609 1850 2935 1920 barbariem;
2967 1850 3238 1923 simulque
3266 1864 3335 1904 ne
3350 1849 3545 1905 urbem
3566 1849 3805 1902 Romam

515 1959 741 1999 suorum
764 1944 1086 2016 pontiﬁcum
1115 1945 1444 2002 lectionibus
1464 1947 1700 2003 servavit
1728 1950 1981 2003 Romana
2002 1949 2109 2002 Ec-

514 2036 699 2104 clesia,
732 2045 786 2093 et
815 2039 1122 2109 prasertim
1170 2039 1227 2094 in
1271 2040 1506 2095 Joannis
1547 2043 1707 2109 Xlll,
1753 2041 1995 2113 Gregorii
2039 2043 2107 2107 V,

519 2130 785 2199 Silvestri,
814 2132 1147 2204 .Clementis,
1180 2134 1426 2201 Damasi,
1455 2134 1684 2191 Victoris
1708 2134 2028 2206 Nicolaique
2058 2136 2107 2189 ΙΙ

519 2232 574 2281 et
617 2225 818 2281 Leonis
861 2227 945 2281 ΙΧ
974 2228 1359 2299 Romanorum
1385 2228 1709 2299 pontiﬁcum
1736 2228 2062 2285 lectionibus
2091 2246 2104 2280 :

516 2319 606 2389 qui
630 2334 842 2388 omnes,
874 2327 937 2376 ut
977 2298 1140 2393 supra
1188 2320 1453 2391 vidimus,
1508 2322 1908 2394 imperatorum
1938 2321 2111 2379 Otho-

515 2412 648 2468 nisl
678 2421 733 2469 et
762 2414 859 2482 Ill,
884 2413 1107 2471 Henrici
1128 2430 1345 2487 quoque
1371 2418 1453 2471 III
1483 2424 1538 2472 et
1564 2418 1639 2473 lV
1668 2417 1957 2486 sententia,
1990 2419 2114 2472 Ro—

517 2507 673 2562 mani
705 2507 994 2579 pontiﬁces
1037 2508 1151 2564 sine
1197 2509 1327 2565 cleri
1378 2510 1616 2566 Romani
1640 2509 1919 2583 suffragiis
1966 2512 2109 2580 lecti,

519 2608 574 2656 et
606 2599 675 2656 ab
704 2599 915 2657 eisdem
944 2601 1370 2674 imperatoribus
1401 2620 1494 2675 per
1517 2606 1782 2661 annulum
1822 2614 1876 2661 et
1904 2605 2111 2677 virgam

515 2693 583 2751 de
616 2703 815 2767 papatu
836 2697 1090 2753 Romano
1122 2696 1359 2753 investiti
1388 2697 1627 2755 fuerant.
1666 2701 1819 2755 Hanc
1839 2715 1958 2755 rem
1988 2709 2113 2756 ante

515 2787 930 2861 quadringintos
988 2806 1160 2847 annos
1212 2790 1380 2847 tradit
1423 2792 1749 2850 Guillelmus
1791 2794 1987 2867 Tyrius
2044 2794 2112 2850 li—

516 2881 615 2939 bro
648 2898 693 2951 1,
726 2900 845 2956 cap.
892 2889 980 2955 13,
1009 2886 1086 2940 De
1120 2885 1263 2942 bello
1296 2902 1483 2955 sacro,
1520 2887 1593 2943 ita
1628 2888 1768 2959 (227)
1800 2905 1814 2945 :
1854 2891 2112 2945 Henricus

519 2976 833 3033 Teutonicas
863 2994 981 3046 rem,
1026 2986 1077 3035 et
1146 2980 1289 3035 idem
1337 2984 1699 3037 Romano-rum
1754 2985 2045 3051 imperator
2078 3001 2113 3037 a

517 3072 773 3141 Gregorio
792 3088 941 3142 papa
967 3073 1069 3127 VII
1084 3089 1280 3141 passus
1294 3075 1481 3140 fuerat
1516 3077 1862 3143 questionem,
1907 3081 1956 3129 et
1997 3092 2112 3129 con-

515 3168 825 3220 troversiam
862 3181 975 3218 non
1010 3166 1275 3219 modicam
1312 3182 1476 3235 super
1502 3167 1703 3222 annulo
1737 3167 2111 3233 defunctorum

514 3260 877 3329 episcoporum
905 3263 955 3313 et
1009 3259 1212 3314 baculo.
1244 3258 1546 3315 Incleverat
1574 3263 1715 3315 enim
1766 3262 2107 3325 consuetudo,

508 3353 817 3421 prasertim
847 3352 912 3407 de
942 3354 1186 3423 imperio,
1215 3354 1357 3423 quod
1377 3355 1751 3411 decedentibus
1776 3354 2111 3411 ecclesiarum

512 3446 775 3516 praelatis,
800 3448 1033 3501 ammlus
1064 3451 1114 3502 et
1138 3449 1295 3517 virga
1308 3450 1604 3519 pastoralis
1630 3451 1704 3504 ad
1731 3455 1798 3507 D.
1830 3453 2115 3521 imperato-

513 3556 631 3595 rem
659 3541 1041 3610 dirigebantur
1068 3560 1086 3611 ;
1112 3542 1255 3597 unde
1268 3544 1613 3612 postmodum
1642 3561 1808 3600 unum
1837 3546 1903 3600 de
1938 3546 2113 3612 fami-

515 3634 746 3691 liaribus
793 3640 844 3689 et
891 3637 1182 3705 capellanis
1219 3639 1332 3691 suis
1364 3639 1676 3692 investitum
1724 3640 1797 3693 ad
1837 3640 2112 3694 ecclesiam

515 3732 795 3781 vacantem
811 3727 1107 3797 dirigebat,
1124 3733 1184 3783 ut
1205 3730 1285 3782 ibi
1300 3733 1537 3799 pastoris
1570 3733 1892 3800 fungeretur
1908 3735 2109 3802 ofﬁcio,

516 3837 620 3874 non
647 3825 954 3890 ett-spectata
1000 3822 1133 3876 cleri
1161 3823 1428 3879 electione.
1464 3825 1615 3892 Quod
1636 3842 1786 3895 papa
1823 3829 2109 3894 Gregorius

516 3918 703 3969 contra
722 3930 928 3969 onmem
948 3917 1072 3984 ﬁeri
1093 3916 1415 3971 honestatem
1439 3919 1799 3987 considerans,
1823 3924 1872 3974 et
1887 3920 2023 3989 jura
2052 3923 2111 3975 in

516 4024 571 4063 eo
590 4011 737 4076 facto
756 4010 1053 4063 conculcari
1070 4010 1420 4065 ecclesiastica
1438 4013 1797 4083 perpendens,
1825 4014 2004 4079 semel,
2036 4029 2111 4070 se-

515 4102 705 4165 cundo,
735 4118 796 4156 ac
827 4104 987 4156 tertio
1007 4103 1249 4157 eumdem
1269 4104 1653 4175 imperatorem
1686 4109 2025 4175 commonuit,
2047 4113 2110 4162 ut

516 4211 551 4250 a
603 4200 712 4250 tam
763 4196 1071 4251 detestabili
1126 4197 1410 4252 desisteret
1444 4203 1859 4270 prasumptione
1889 4219 1907 4253 :
1955 4217 2110 4270 quem

416 4358 417 4361 η
508 4289 794 4359 praceptis
818 4289 1151 4344 salutaribus
1177 4294 1558 4347 commonitum
1588 4310 1709 4347 cum
1738 4309 1981 4349 revocare
2002 4311 2107 4349 non

508 4388 711 4453 posset,
772 4385 980 4439 vinculo
1028 4384 1391 4441 anathematis
1457 4388 1759 4452 inuade-vit,
1817 4389 1962 4459 quod
2014 4392 2106 4457 fa-

514 4482 657 4533 ctum
685 4479 849 4534 nimis
876 4481 1170 4549 imperator
1191 4480 1419 4549 indigne
1456 4483 1603 4551 tulit,
1633 4491 1736 4538 etc.
1761 4484 1896 4538 Hac
1926 4492 2108 4539 autem

515 4571 704 4627 omnia
781 4579 843 4627 ut
901 4572 1209 4630 accuratius
1251 4573 1477 4647 intelligi
1545 4584 1764 4647 queant,
1810 4576 1937 4648 quia
1982 4585 2111 4633 sunt

2215 1962 2330 2002 sua
2352 1946 2589 2015 ditionis,
2650 1962 2772 2003 eam
2797 1944 3194 2018 negligentibus
3232 1942 3438 2001 Gracis
3462 1941 3811 2014 imperatori-

2214 2040 2338 2109 bus,
2369 2040 2590 2107 factam,
2651 2050 2706 2097 et
2754 2040 2911 2113 cujus
2936 2048 3205 2111 tanquam
3246 2036 3451 2094 domini
3491 2045 3669 2105 erant,
3701 2034 3805 2091 sibi

2218 2135 2503 2206 eriperent.
2551 2138 2671 2207 Quo
2702 2142 2951 2205 tempore
2996 2150 3126 2190 cum
3162 2132 3376 2203 imperii
3414 2130 3662 2187 Romani
3694 2145 3809 2186 ma-

2208 2229 2381 2301 jestas
2409 2228 2463 2286 in
2485 2229 2729 2296 Oriente,
2763 2228 2943 2284 omnia
2964 2227 3067 2283 sibi
3101 2226 3348 2283 barbaris
3375 2223 3803 2293 vindicantibus,

2217 2322 2604 2390 obsolesceret,
2661 2338 2723 2377 ac
2773 2322 2975 2377 sensim
3004 2322 3296 2389 laberetur,
3343 2320 3807 2392 imperatoresque

2216 2416 2801 2489 Constantinopolitani
2840 2417 2895 2471 in
2950 2414 3206 2471 haresim
3255 2414 3389 2486 lapsi
3441 2412 3806 2470 orthodoxam

2219 2510 2405 2581 ﬁdem,
2430 2510 2863 2583 catholicamque
2888 2512 3201 2566 Romanam
3230 2509 3551 2576 Eeclesiam,
3584 2523 3707 2579 qua
3736 2507 3813 2564 eis

2220 2606 2485 2662 assentire
2524 2606 2769 2674 nolebat,
2797 2620 2959 2676 super
2994 2604 3296 2675 imaginum
3341 2602 3701 2675 depositione,
3725 2618 3812 2673 op-

2221 2708 2531 2773 pugnarent
2572 2706 2877 2772 (nunquam
2935 2699 3083 2754 enim
3141 2696 3335 2754 adduci
3377 2704 3670 2769 potuerunt
3710 2699 3816 2752 Ro-
3858 2774 3861 2779 _

2220 2795 2367 2850 mani
2398 2794 2707 2867 pontiﬁces,
2732 2802 2793 2851 ut
2835 2793 3018 2866 impiis
3073 2792 3468 2849 abolendarum
3506 2791 3805 2863 imaginum

2223 2888 2455 2945 decretis
2492 2888 2914 2957 subscriberent,
2944 2888 3060 2943 imo
3079 2902 3169 2943 eas
3205 2895 3392 2942 contra
3426 2885 3813 2957 imperatorum

2222 2982 2571 3038 orientalium
2603 2980 2847 3037 furorem
2894 2980 3128 3036 tuendas
3169 2981 3532 3051 susceperant)
3564 2982 3815 3035 Romana

2218 3074 2465 3131 Ecclesia
2490 3074 2560 3130 ob
2590 3090 2683 3130 eas
2735 3090 2929 3129 causas
2976 3072 3332 3129 orientalibus
3385 3072 3640 3128 destituta
3670 3073 3811 3128 auxi-

2218 3168 2324 3237 liis,
2355 3168 2548 3239 quibus
2591 3182 2764 3238 usque
2796 3166 2865 3223 ad
2914 3182 2977 3222 ea
3004 3175 3256 3237 tempora
3297 3165 3352 3221 in
3382 3163 3585 3220 tuenda
3616 3174 3810 3220 contra

2219 3260 2613 3332 Longobardos
2644 3276 2741 3317 sua
2766 3259 3011 3316 libertate
3036 3275 3133 3315 usa
3158 3257 3358 3325 fuerat,
3392 3258 3460 3313 ab
3504 3256 3711 3313 eisdem
3740 3258 3809 3313 ad

2219 3357 2563 3413 Francorum
2595 3354 2896 3426 potentiam
2940 3362 2995 3410 et
3028 3353 3283 3410 virtutem
3324 3361 3446 3408 tum
3477 3350 3716 3408 maxime
3754 3351 3812 3407 in

2218 3449 2514 3506 Occidente
2543 3448 2801 3505 ﬂorentes
2828 3447 3118 3520 respicere,
3161 3456 3216 3504 et
3264 3463 3322 3503 se
3357 3455 3677 3503 convertere
3706 3462 3811 3503 ca-

2226 3544 2329 3616 pit,
2359 3554 2522 3617 atque
2550 3543 2619 3599 ab
2648 3543 2726 3599 eis
2754 3542 2948 3599 auxilia
2962 3550 3152 3600 contra
3192 3540 3695 3613 Longobardorum
3723 3556 3811 3597 su-

2221 3638 2465 3709 perbiam
2488 3639 2781 3709 postulare.

2290 3732 2509 3789 Primus
2529 3732 2677 3788 enim
2699 3730 3006 3803 Stephanus
3046 3733 3120 3798 II,
3152 3746 3280 3788 cum
3303 3728 3372 3787 ab
3400 3728 3635 3787 Aistull‘o
3659 3732 3809 3786 Lon-

2219 3825 2592 3899 gobardorum
2630 3841 2757 3898 rege
2780 3825 3230 3899 ';opprimeretur,
3254 3842 3285 3881 a
3321 3824 3551 3896 Pippino
3579 3825 3815 3880 Franco-

2220 3936 2347 3977 rum
2374 3935 2522 3992 rege,
2552 3928 2607 3976 et
2634 3920 2838 3987 Caroli,
2868 3929 3052 3992 postea
3085 3920 3447 3992 imperatoris,
3479 3926 3633 3991 patre
3662 3918 3812 3973 auxi-

2217 4012 2289 4070 lia
2331 4022 2521 4071 contra
2564 4014 2962 4086 Longobardos
3000 4013 3321 4085 impetravit.
3368 4012 3474 4083 Qui
3510 4012 3565 4066 in
3596 4012 3809 4067 Italiam

2214 4107 2438 4164 veniens
2466 4107 2661 4163 urbem
2684 4110 2927 4163 Romam
2952 4107 3245 4179 sedemque
3273 4105 3635 4178 apostolicam
3657 4120 3808 4177 egre-

2215 4201 2300 4275 gie
2350 4210 2559 4258 tutatus
2586 4209 2690 4269 est,
2728 4199 3138 4273 Aistulfumque
3181 4200 3291 4256 acie
3319 4199 3527 4255 victum
3564 4206 3620 4255 et
3662 4197 3811 4271 pacis

2215 4295 2560 4352 conditiones
2584 4295 2823 4367 accipere
2848 4304 3127 4363 coactum,
3144 4294 3263 4359 diu,
3295 4292 3436 4349 dum
3465 4293 3614 4358 vixit,
3641 4293 3696 4347 in
3721 4291 3804 4348 of-

2218 4388 2341 4446 ﬁcio
2364 4390 2657 4459 continuit,
2687 4398 2741 4445 et
2764 4389 3434 4458 exarchatumRavenna,
3456 4403 3620 4460 quem
3652 4386 3813 4458 paulo

2218 4492 2344 4540 ante
2362 4482 2623 4541 Aistulfus
2636 4483 2703 4540 de
2727 4484 2930 4541 Gracis
2953 4484 3002 4539 vi
3021 4483 3345 4551 abstulerat,
3360 4483 3437 4539 eis
3456 4482 3779 4554 ademptum
3794 4520 3810 4548 ,

2218 4580 2487 4635 Romana
2512 4586 2631 4634 tum
2666 4578 2906 4650 primum
2938 4577 3193 4634 Ecclesia
3231 4577 3476 4633 donavit.

513 4666 739 4738 cognitu
782 4681 897 4721 non
952 4666 1191 4740 indigna,
1257 4684 1405 4724 nunc
1428 4640 1770 4726 vbrevissime
1808 4640 1874 4725 ab
1905 4670 2109 4744 origine
2137 4640 2187 4703 D
2289 4672 2529 4729 Aistulfo
2575 4640 3076 4745 Longobardorum,
3129 4679 3183 4727 et
3212 4670 3443 4742 Pippino
3467 4672 3813 4727 Francorum

514 4765 787 4829 repetam,
818 4759 1080 4831 brevique
1100 4775 1355 4819 sermone
1382 4778 1720 4836 percurram,
1742 4780 1867 4838 qua
1894 4764 2111 4822 duobus

518 4851 670 4909 libris
699 4868 866 4923 supra
893 4854 1104 4926 scripsi.

586 4948 720 5002 Post
742 4945 1030 5002 Iustiniani
1060 4946 1403 5020 imperatoris
1463 4959 1712 5024 tempora
1767 4952 2107 5026 Gothosque,

513 5036 692 5109 Italia,
720 5055 824 5112 qua
849 5056 948 5112 per
993 5056 1206 5098 Lxxvn
1232 5058 1407 5099 annos
1428 5045 1584 5115 potiti
1614 5044 1844 5114 fuerant,
1893 5048 1960 5103 ab
1989 5047 2109 5119 ejus

514 5132 744 5213 ducibus
796 5134 1070 5203 Belisario,
1118 5143 1174 5191 et
1207 5136 1403 5205 Narse,
1444 5136 1589 5194 bello
1626 5154 1796 5195 xvm
1832 5156 2109 5196 annorum

516 5234 794 5297 postremo
823 5236 1060 5295 exactos,
1091 5229 1343 5301 Vigilius,
1394 5231 1485 5302 qui
1530 5239 1662 5288 tunc
1708 5232 1961 5305 pontifex
1990 5236 2108 5291 Ro-

515 5336 711 5376 manus
742 5329 877 5385 erat,
905 5322 1245 5393 caterisque,
1270 5323 1361 5394 qui
1394 5333 1516 5396 post
1534 5341 1662 5381 eum
1684 5325 1929 5396 fuerant,
1955 5344 2105 5384 sum-

514 5414 593 5470 mi
642 5414 953 5483 Pontiﬁces,
981 5418 1185 5485 Roma,
1211 5425 1267 5472 et
1293 5434 1355 5474 ea
1386 5419 1551 5476 Italia
1600 5437 1743 5493 pars,
1768 5438 1890 5493 qua
1917 5439 1947 5478 a
1965 5424 2107 5479 Lon-

516 5507 768 5581 gobardis
814 5504 1068 5581 occupari
1092 5526 1203 5565 non
1235 5511 1431 5582 potuit,
1454 5512 1545 5569 diu
1576 5515 1679 5570 sub
1717 5515 1941 5587 Imperii
1967 5517 2110 5572 Con-

513 5602 980 5675 stantinopolitani
1044 5612 1312 5677 potestate
1348 5615 1403 5662 et
1447 5610 1785 5679 protectione
1862 5609 2104 5679 fuerunt,

513 5696 720 5753 scilicet
769 5713 942 5770 usque
996 5695 1069 5753 ad
1096 5699 1299 5756 Leonis
1321 5701 1693 5772 Iconomacbi,
1740 5710 1797 5760 et
1848 5704 2103 5777 Gregorii

2222 4767 2438 4839 regibus
2476 4766 2585 4821 vita
2614 4762 2833 4835 functis,
2865 4767 3092 4823 Carolus
3119 4765 3363 4833 Francis,
3407 4773 3462 4821 et
3487 4763 3806 4822 Desiderius

2220 4860 2598 4933 Longobardis
2639 4860 2920 4932 prafuere.
2977 4863 3225 4931 Quorum
3273 4858 3363 4916 ille
3403 4858 3652 4931 obsequii
3685 4873 3811 4929 erga

2221 4957 2532 5010 Romanam
2580 4953 2905 5021 Ecelesiam,
2960 4953 3051 5009 hic
3080 4968 3211 5009 vero
3268 4952 3379 5011 odii
3414 4951 3662 5009 haredes
3693 4950 3814 5005 fue-

2220 5056 2369 5103 runt.
2418 5046 2753 5117 Desiderius,
2796 5046 3041 5103 Adriano
3107 5048 3278 5120 papa‘,
3333 5047 3467 5103 adeo
3518 5049 3813 5101 Romanos

2221 5156 2413 5198 vexare
2441 5149 2495 5198 et
2523 5156 2834 5215 oppugnare
2890 5141 3076 5213 capit,
3128 5147 3188 5197 ut
3225 5139 3484 5213 pontifex,
3526 5136 3618 5211 qui
3649 5137 3811 5210 longe

2221 5234 2399 5307 impar
2453 5235 2944 5309 Longobardorum
3000 5234 3208 5291 viribus
3258 5242 3389 5301 erat,
3453 5230 3813 5287 orientalibus

2219 5329 2431 5384 auxiliis
2476 5330 2793 5397 destitutus,
2850 5338 3072 5386 coactus
3099 5329 3170 5385 sit
3191 5326 3437 5398 exemplo
3470 5325 3733 5398 Stephani
3762 5327 3811 5379 ΙΙ

2219 5424 2481 5479 Carolum
2507 5428 2771 5497 Magnum
2784 5423 2995 5496 Pippini
3026 5424 3198 5479 ﬁlium
3241 5422 3580 5476 Francorum
3605 5436 3810 5491 regem,

2220 5516 2490 5573 Saxonico
2519 5517 2662 5574 bello
2693 5527 2823 5575 tunc
2850 5516 3195 5591 implicitum,
3225 5516 3281 5570 in
3313 5514 3528 5571 Italiam
3554 5514 3811 5571 Ecclesia

2218 5615 2489 5668 Romana
2506 5611 2710 5670 auxilio
2735 5628 2981 5669 evocare.
3002 5611 3125 5683 Qui,
3146 5607 3384 5680 pontiﬁci
3406 5609 3811 5683 obtemperans,

2220 5705 2279 5761 in
2307 5706 2520 5763 Italiam
2541 5706 2746 5779 ingenti
2783 5722 2913 5763 cum
2958 5703 3218 5773 exercitu,
3271 5702 3501 5776 Alpibus
3519 5702 3809 5775 superatis,

586 5811 1288 5907 QﬂL’g‘gdigit‘uquidem
1329 5816 1436 5876 hoc
1478 5820 1697 5894 Tyrius,
1735 5820 1830 5879 sed
1851 5836 1963 5878 non
2010 5821 2363 5895 approbavit,
2399 5823 2508 5881 imo
2560 5840 2812 5897 expresse
2848 5819 3212 5907 improbavit},
3256 5828 3311 5880 et
3351 5836 3452 5893 pro
3506 5816 3807 5878 detestabili

517 5883 915 5945 consuetudine
938 5883 1150 5945 habuit.
