4122 6180
283 356 383 411 165

1268 351 1787 449 PBOLEGOMENA.
1830 386 1899 397 —
1937 360 2114 416 ACTA
2153 364 2207 417 S.
2253 356 2594 421 GREGOHII.
3062 434 3073 439 ί
3478 370 3574 425 166

277 486 448 540 venit.
498 484 607 542 Ubi
641 484 922 541 Desiderio
964 485 1077 542 acie
1122 486 1293 555 victo,
1331 496 1491 559 atque
1543 488 1702 560 paulo
1750 496 1885 559 post
1900 494 1951 555 Α
1980 490 2249 561 ejusmodi
2299 494 2642 566 privilegium
2689 493 2831 550 tueri
2882 493 3114 564 nollent,
3174 495 3268 552 sed
3321 512 3421 553 nec
3472 498 3576 553 ulla

270 587 467 650 capto,
503 579 991 651 Longobardorum
1018 596 1247 652 regnum
1296 581 1353 636 in
1396 584 1728 638 Francorum
1759 582 1877 654 ejus

272 673 567 729 transtulit.
600 673 738 744 Qui,
770 684 831 729 ut
876 690 935 730 se
965 683 1175 748 gratum
1210 679 1476 733 Romanae
1506 677 1760 732 Ecclesiae
1788 694 1879 731 ex-

271 767 501 835 hiberet,
531 768 687 839 cujus
716 767 931 824 tuendae
957 785 1118 825 causa
1149 770 1623 841 opulentissimum
1648 786 1875 842 regnum

272 862 605 933 obtinuerat,
633 870 745 918 tres
768 878 831 918 ex
858 879 1026 936 regno
1052 864 1471 935 Longobardico
1501 874 1678 936 partes
1709 865 1829 920 fecit
1858 882 1873 921 :

271 972 507 1027 quarum
555 972 749 1025 unam,
801 956 971 1028 ipsius
1018 958 1221 1014 scilicet
1272 958 1420 1031 regni
1474 958 1874 1030 Longobardici

274 1050 462 1105 sedem
484 1050 761 1117 Ticinum,
792 1059 845 1106 et
871 1052 1080 1118 omnia,
1116 1068 1239 1123 qua:
1270 1053 1619 1126 Longobardi
1648 1054 1698 1107 in
1724 1053 1874 1108 Italia

270 1144 567 1215 antiquitus
600 1144 985 1217 acquisierant,
1016 1146 1119 1202 sibi
1149 1147 1406 1213 retinuit;
1441 1147 1664 1202 alteram
1714 1163 1872 1213 vero,

268 1253 393 1310 quae
443 1254 505 1293 ea
549 1238 1077 1310 comprehendebat,
1121 1257 1243 1311 qua:
1289 1242 1448 1312 paulo
1491 1250 1615 1296 ante
1654 1244 1871 1313 Longo-

266 1330 421 1386 bardi
466 1331 522 1387 in
566 1333 718 1388 Italia
756 1333 1104 1389 orientalibus
1140 1334 1455 1390 ademerant
1492 1338 1875 1391 Romanorum

266 1426 715 1496 imperatoribus,
740 1426 798 1483 id
818 1436 918 1496 est,
943 1427 1320 1498 exarchatum,
1342 1430 1593 1485 Umbria:
1618 1437 1671 1485 et
1697 1428 1873 1484 Piceni

265 1527 477 1591 partem
512 1524 781 1577 Romana:
815 1522 1066 1579 Ecclesia
1112 1524 1485 1592 conﬁrmavit,
1516 1524 1595 1578 vel
1634 1523 1702 1579 de
1732 1538 1875 1578 novo

266 1614 499 1686 largitus
548 1625 654 1672 est.
707 1616 946 1672 Tertiam
994 1633 1155 1689 porro
1179 1661 1191 1685 ,
1240 1634 1343 1690 qua
1396 1634 1458 1673 ea
1506 1617 1675 1674 Italia:
1721 1626 1872 1689 parte

262 1710 601 1778 continetur,
650 1726 774 1781 quas
816 1710 1055 1767 Siciliam
1102 1728 1317 1780 versus,
1362 1712 1416 1767 in
1454 1728 1559 1784 qua
1589 1715 1868 1766 Beneven-

266 1811 389 1859 tum
417 1813 558 1871 erat,
592 1804 824 1876 respicit,
853 1814 909 1860 et
935 1805 1095 1861 hodie
1126 1807 1270 1879 regni
1304 1806 1631 1878 Neapolitani
1652 1805 1873 1860 nomine

1988 586 2196 657 imperii
2236 587 2359 660 jura
2390 596 2665 656 curarent,
2692 604 2812 644 eam
2836 588 3175 644 occasionem
3210 598 3400 646 nactus
3431 596 3578 657 (230)

1985 679 2257 736 Adrianus
2320 698 2455 753 papa
2520 686 2599 738 IlI
2647 682 2748 737 sub
2790 682 3117 754 imperatore
3160 685 3355 740 Carolo
3418 684 3577 740 tertio

1983 790 2124 829 anno
2168 775 2355 831 salutis
2397 780 2500 830 884
2539 774 2673 831 illud
2716 776 2939 846 quidem
2980 775 3126 848 quod
3161 776 3263 832 sub
3305 777 3578 848 prioribus

1984 868 2332 939 pontiﬁcibus
2370 869 2577 924 sensim
2620 870 2953 937 exoleverat,
2981 878 3302 943 congregata
3342 872 3575 943 synodo,

1986 963 2213 1018 omnino
2269 962 2568 1035 antiquavit
2612 971 2667 1018 et
2715 963 3022 1035 abrogavit,
3076 963 3363 1021 instituens
3413 973 3473 1020 ut
3524 965 3579 1020 in

1984 1072 2134 1128 papae
2192 1057 2452 1112 electione
2516 1058 2810 1128 imperator
2868 1073 2927 1112 se
2987 1073 3100 1112 non
3165 1058 3576 1114 intromitteret.

1980 1151 2333 1221 Privilegium
2360 1149 2586 1205 Adriani
2606 1150 2794 1221 primi,
2814 1150 3127 1221 imperatori
3149 1151 3217 1207 ab
3237 1151 3478 1207 Adriano
3501 1153 3579 1207 ΙΙΙ
3614 1226 3615 1229 η

1982 1252 2247 1315 ereptum,
2272 1250 2416 1312 (231)
2448 1247 2563 1299 Leo
2605 1261 2737 1315 papa
2766 1246 2893 1300 VIII
2933 1244 3140 1299 Othoni
3182 1245 3361 1315 primo
3397 1246 3579 1317 impe-

1982 1339 2147 1393 ratori
2172 1338 2239 1394 de
2268 1343 2514 1393 Romana
2548 1338 2783 1393 Ecclesia
2810 1337 3017 1409 optime
3046 1337 3266 1408 merito,
3300 1355 3425 1394 cum
3459 1354 3579 1395 eam

1983 1448 2048 1487 ex
2102 1440 2461 1503 tyrannorum
2505 1433 2817 1503 Berengarii
2870 1439 2923 1487 et
2994 1430 3273 1487 Adalberti
3328 1432 3581 1488 manibus

1982 1535 2214 1595 erutam,
2246 1526 2301 1581 in
2336 1526 2661 1595 libertatem,
2710 1541 2876 1597 quam
2907 1526 3187 1593 amiserat,
3229 1525 3578 1593 vindicasset,

1980 1636 2124 1676 anno
2172 1621 2401 1675 Domini
2445 1626 2551 1676 962
2594 1622 2648 1675 in
2688 1619 2895 1693 synodo
2923 1619 3180 1675 Laterani
3224 1628 3581 1692 congregata,

1981 1715 2231 1786 exemplo
2257 1715 2499 1785 ejusdem
2531 1714 2747 1773 Adriani
2771 1714 2953 1785 primi,
2976 1714 3067 1784 qui
3087 1712 3219 1769 illud
3242 1713 3355 1785 regi
3384 1714 3579 1770 Carolo
3628 1722 3633 1737 ‘

1984 1817 2353 1877 concesserat,
2382 1808 2636 1875 restituit,
2679 1808 2979 1875 renovavit,
3019 1816 3073 1863 et
3100 1807 3167 1863 de
3212 1822 3353 1862 novo
3379 1807 3579 1863 contir-

260 1899 595 1969 appellatur,
646 1898 772 1953 duci
819 1901 1231 1967 Beneventano,
1284 1900 1372 1972 qui
1420 1916 1559 1956 unus
1603 1916 1668 1955 ex
1718 1900 1867 1971 regio
1900 1879 1946 1941 Β
1978 1904 2165 1970 mavit,
2194 1910 2488 1975 utpatetex
2505 1902 2693 1958 eadem
2712 1900 3218 1972 distinctioneapud
3236 1900 3578 1957 Gratianum.

265 1991 769 2064 Langobardorum
811 1993 1072 2065 sanguine
1118 2002 1426 2065 supererat,
1472 2002 1525 2049 et
1564 1992 1871 2065 imperatori

259 2086 869 2158 Constantinopolitano
904 2104 1032 2143 cum
1060 2088 1257 2145 Siciliae
1288 2088 1460 2144 insula
1490 2088 1710 2144 dimisit.
1743 2089 1875 2159 Qui-

261 2180 368 2235 bus
414 2180 491 2235 ita
519 2180 819 2252 dispositis,
854 2181 1064 2254 primus
1106 2182 1355 2237 omnium
1395 2181 1728 2254 principum,
1764 2187 1877 2236 lto-

264 2289 499 2329 manam
548 2290 716 2347 quam
749 2276 1066 2335 maxime.et
1107 2276 1369 2348 dignitate
1394 2320 1409 2343 ,
1454 2285 1508 2333 et
1538 2275 1763 2349 profana
1793 2276 1872 2331 di-

266 2369 440 2435 tione,
474 2369 843 2440 maximisque
865 2370 1060 2443 opibus
1087 2370 1237 2426 auxit
1266 2371 1583 2426 Ecclesiam.

339 2466 453 2519 Tot
482 2463 669 2535 igitur,
696 2471 1083 2536 tantorumque
1110 2465 1503 2521 beneﬁciorum
1538 2481 1648 2520 non
1686 2464 1875 2522 inunc-

267 2573 394 2612 mor
456 2574 593 2629 papa
650 2558 946 2627 Adrianus,
1001 2558 1102 2615 sub
1152 2576 1260 2632 quo
1312 2567 1423 2615 tam
1475 2559 1761 2631 magniﬁce
1807 2559 1876 2616 de

269 2654 524 2707 Romana
556 2652 798 2709 Ecclesia
822 2652 1215 2709 Carolutbene
1245 2654 1474 2709 meritus
1504 2653 1698 2723 fuerat,
1724 2670 1879 2722 syno-

267 2744 407 2800 dum
462 2751 564 2801 153
608 2746 1026 2818 episcoporum,
1056 2747 1343 2817 abbatum,
1379 2747 1716 2819 aliorumque
1758 2748 1877 2820 plu-

269 2840 417 2895 rium
458 2842 814 2912 praalatorum
863 2858 1007 2897 anno
1053 2842 1240 2897 salutis
1284 2848 1389 2897 785
1429 2845 1577 2911 (228)
1628 2841 1881 2897 Laterani

268 2933 325 2988 in
357 2933 583 2990 basilica
612 2937 668 2990 S.
714 2935 1031 2997 Salvatoris,
1061 2952 1185 3008 quae
1232 2937 1681 2992 Constantiniana
1718 2952 1879 2992 voca-

268 3037 381 3093 tur,
404 3028 794 3101 congregavit;
828 3028 881 3084 in
906 3045 1033 3101 qua,
1065 3047 1130 3085 ex
1159 3030 1327 3086 totius
1351 3030 1543 3103 synodi
1580 3046 1867 3097 consensu,

264 3121 416 3178 dedit
465 3123 515 3177 ei
553 3123 643 3195 jus
687 3130 743 3177 et
791 3131 1113 3195 potestatem
1169 3123 1484 3196 pontiﬁcem
1538 3123 1768 3197 eligendi
1819 3132 1873 3179 et

263 3215 559 3272 ordinandi
618 3216 972 3289 apostolicam
1041 3216 1259 3286 sedem,
1314 3234 1439 3274 cum
1491 3234 1557 3274 eo
1625 3227 1873 3290 tempore

2054 2000 2225 2053 Porro
2273 2006 2462 2053 autem
2505 2006 2695 2052 contra
2742 1996 2847 2051 hoc
2883 1995 3081 2051 Leonis
3122 1994 3253 2050 VIII
3296 1990 3579 2050 decretum

1982 2092 2165 2147 nullus
2193 2091 2453 2162 deinceps
2482 2093 2867 2147 Romanorum
2911 2088 3229 2161 pontiﬁcum
3268 2088 3581 2144 reclamavit

1980 2187 2060 2241 vel
2083 2195 2269 2258 aperte
2289 2183 2622 2241 contradixit
2642 2189 2807 2251 (232),
2831 2199 3003 2255 usque
3019 2182 3084 2238 ad
3102 2182 3432 2254 Gregorium
3455 2184 3579 2238 VII.

1983 2280 2088 2335 Hic
2118 2281 2324 2352 primus
2351 2279 2474 2349 fuit,
2506 2278 2598 2350 qui
2631 2278 3023 2350 imperatorum
3049 2276 3289 2333 Simonia
3314 2276 3578 2344 offensus,

1983 2374 2037 2430 in
2066 2373 2405 2431 contrarium
2450 2373 2612 2429 editis
2644 2372 2893 2440 decretis,
2923 2371 3041 2428 hac
3079 2370 3188 2428 duo
3218 2369 3445 2426 Adriani
3473 2370 3580 2442 pri-

1983 2469 2091 2535 mi,
2126 2478 2179 2526 et
2219 2468 2418 2524 Leonis
2446 2469 2592 2533 VIII,
2640 2466 2915 2539 privilegia
2955 2466 3183 2522 omnino
3210 2464 3494 2538 abrogavit
3529 2472 3583 2521 et

1986 2562 2217 2620 induxit.
2277 2564 2415 2618 Satis
2462 2571 2647 2618 autem
2708 2568 2921 2617 constat
2966 2564 3234 2617 Joannem
3295 2561 3432 2614 ΧΙΙΙ
3491 2557 3580 2631 qui

1984 2657 2157 2712 Leoni
2204 2658 2331 2712 VIII
2380 2655 2698 2711 immediate
2752 2654 3031 2721 successit,
3077 2652 3406 2725 Gregorium
3438 2653 3489 2707 V
3530 2660 3585 2707 et

1985 2749 2322 2822 Sylvestrum
2372 2752 2423 2805 Il
2473 2749 2788 2821 apostolicae
2834 2748 2948 2804 sedi
3007 2748 3123 2803 sola
3187 2746 3583 2819 imperatorum

1984 2844 2310 2900 auctoritate
2341 2843 2634 2914 impositos
2678 2842 2872 2909 fuisse,
2912 2841 3074 2897 nullis
3114 2842 3244 2896 cleri
3286 2841 3365 2897 vel
3398 2838 3583 2912 populi

1987 2939 2228 2995 Romani
2287 2936 2563 3008 suffragiis
2615 2936 2885 3008 expetitis.
2937 2934 3126 2991 Cmteri
3170 2950 3295 2989 vero
3344 2934 3583 2990 Romani

1981 3032 2285 3105 pontiﬁces,
2318 3030 2410 3103 qui
2436 3030 2576 3085 inter
2600 3031 2872 3085 Joannem
2902 3030 3046 3084 XIII
3078 3035 3131 3085 et
3154 3028 3490 3099 Sylvestrum
3530 3029 3581 3082 ll

1981 3124 2221 3194 fuerunt,
2267 3125 2365 3181 etsi
2413 3140 2509 3180 eos
2556 3125 2763 3180 electos
2806 3121 2974 3178 fuisse
3034 3121 3104 3177 ab
3159 3121 3583 3193 imperatoribus

1982 3237 2092 3276 non
2115 3222 2344 3293 legatur,
2366 3217 2465 3275 sed
2492 3234 2519 3272 a
2541 3219 2708 3286 clero,
2730 3225 2941 3282 senatu,
2968 3214 3276 3288 p0puloque
3300 3218 3584 3283 Romano,

264 3309 456 3366 liberis
498 3281 739 3365 Romani
778 3310 935 3379 cleri,
967 3318 1021 3367 et
1045 3312 1228 3384 populi
1248 3281 1535 3384 suffragiis
1558 3281 1875 3367 Romanum
1908 3281 1954 3345 (ἶ
1984 3315 2038 3371 id
2066 3281 2278 3381 accidit,
2307 3281 2457 3386 quod
2481 3281 2762 3367 electionis
2794 3281 3426 3382 temporc‘imperatores
3450 3281 3586 3364 urbe

265 3404 589 3477 pontificem
619 3404 787 3460 creari
828 3421 948 3461 mos
975 3414 1135 3461 esset.
1167 3408 1397 3477 Insuper
1438 3406 1754 3477 episcopos,
1786 3423 1872 3461 ar-

266 3498 653 3570 chiepiscopos
697 3507 750 3554 et
800 3498 1027 3555 abbates
1071 3500 1322 3556 omnium
1372 3500 1774 3573 provinciarum
1824 3498 1872 3556 ei

263 3591 618 3649 subditamm
663 3592 733 3649 ab
778 3609 846 3650 eo
888 3592 1267 3650 investituram
1310 3595 1552 3667 accipere
1602 3593 1871 3663 deﬁnivit,

266 3702 493 3753 eorum,
520 3686 720 3757 quibus
753 3697 1048 3759 praeerant,
1073 3688 1539 3757 sacerdotiorum;
1570 3688 1643 3744 ita
1676 3695 1735 3744 ut
1774 3688 1874 3745 nisi

264 3797 303 3836 a
348 3795 478 3851 rege
515 3779 884 3849 laudarentur,
926 3790 980 3839 et
1024 3782 1426 3852 investirentur,
1476 3781 1760 3855 episcopus
1792 3783 1874 3839 vel

268 3873 475 3943 abbas,
514 3890 548 3929 a
588 3875 810 3931 nemine
850 3875 1152 3932 consecrari
1185 3885 1367 3948 posset
1398 3896 1412 3931 :
1443 3885 1498 3933 et
1540 3892 1754 3946 omnes,
1784 3877 1874 3948 qui

267 3976 465 4024 contra
485 3967 592 4024 hoc
615 3968 900 4025 decretum
922 3970 1185 4041 egissent,
1205 3971 1554 4027 anathemate
1572 3971 1801 4039 notavit,
1825 3979 1880 4027 et

269 4061 419 4119 bona
467 4062 597 4143 ejus,
612 4063 945 4135 proscripsit.
976 4064 1145 4137 Cujus
1181 4064 1258 4121 rei
1288 4064 1537 4120 meminit
1563 4064 1880 4121 Anastasius

272 4156 720 4213 bibliotliecarius
770 4158 824 4212 in
862 4156 1089 4214 historia
1133 4158 1496 4215 ecclesiastica
1538 4163 1687 4226 (229)
1716 4175 1879 4231 quem

270 4253 459 4309 locum
502 4252 805 4309 Gratianus
832 4268 1107 4310 canonum
1149 4254 1412 4310 collector
1436 4258 1503 4308 63
1533 4252 1876 4310 distinctione

270 4348 503 4403 notavit.

346 4442 783 4513 Imperatoribus
823 4450 1038 4511 autem,
1083 4442 1171 4515 qui
1202 4442 1397 4499 Carolo
1430 4446 1629 4514 Magno
1663 4458 1877 4499 succosa

274 4543 494 4600 serunt,
540 4535 610 4591 ad
651 4551 775 4591 eam
820 4536 1089 4611 ignaviam
1132 4537 1399 4610 delapsis,
1440 4546 1501 4593 ut
1540 4553 1652 4593 non
1696 4537 1880 4593 solum

1986 3410 2269 3474 absentes,
2302 3407 2434 3462 adeo
2465 3404 2721 3460 maximis
2751 3405 2806 3459 in
2854 3402 3145 3460 Germania
3190 3411 3246 3458 et
3273 3403 3402 3459 alibi
3432 3402 3587 3458 bellis

1988 3500 2236 3575 impliciti
2270 3508 2471 3567 essent,
2504 3506 2565 3555 ut
2591 3498 2657 3554 de
2686 3514 2827 3553 novo
2862 3497 3122 3569 pontiﬁce
3159 3498 3429 3552 Romanae
3466 3495 3585 3551 sedi

1990 3596 2280 3670 providere
2325 3610 2437 3650 non
2482 3600 2725 3665 possent.
2776 3590 2915 3647 Illud
2953 3598 3135 3646 tamen
3177 3598 3424 3657 constat,
3453 3588 3586 3645 dum

1990 3692 2373 3763 imperatores,
2392 3697 2500 3744 tres
2526 3687 2776 3743 Othones
2800 3685 3014 3757 loquor,
3038 3683 3095 3739 in
3113 3684 3266 3741 Urbe
3291 3684 3373 3739 vel
3395 3699 3583 3756 prope,

1989 3794 2084 3841 aut
2111 3793 2258 3840 certe
2304 3783 2358 3838 in
2388 3782 2544 3839 Italia
2575 3781 2823 3848 fuerunt,
2854 3788 2909 3836 et
2954 3780 3266 3834 Romanam
3296 3775 3439 3834 forte
3481 3780 3588 3834 Ec-

1991 3879 2212 3936 clesiam
2259 3886 2479 3950 pastore
2505 3891 2697 3932 vacare
2726 3884 2845 3930 tum
2886 3873 3231 3945 contigisset,
3263 3888 3355 3928 eos
3384 3888 3589 3928 novum

1991 3988 2273 4030 summum
2303 3970 2619 4044 pontiﬁcem
2650 3968 2883 4025 dedisse.
2916 3967 2971 4024 Si
2998 3984 3125 4024 vero
3157 3976 3405 4039 tempore
3432 3980 3589 4022 novae

1991 4066 2292 4136 electionis,
2326 4082 2421 4122 eos
2451 4064 2519 4120 ab
2562 4064 2713 4120 Italia
2742 4063 2934 4135 procul
2964 4076 3081 4118 esse
3107 4062 3440 4133 contigisset,
3476 4075 3590 4117 cer-

1992 4172 2113 4218 tum
2160 4169 2262 4230 est,
2308 4170 2428 4216 tum
2473 4161 2757 4215 Romanos
2793 4156 3077 4230 pontiﬁces
3116 4172 3148 4211 a
3186 4155 3351 4224 clero,
3398 4162 3592 4210 senatu

1990 4256 2301 4328 populoque
2350 4256 2602 4310 Romano
2650 4253 2852 4308 electos
2892 4266 3006 4307 non
3056 4250 3261 4322 absque
3299 4249 3591 4321 imperato-

1986 4366 2111 4405 rum
2164 4365 2434 4405 consensu
2483 4355 2826 4404 consecratos
2874 4344 3063 4401 fuisse.
3118 4347 3363 4401 Fuerunt
3407 4351 3590 4399 autem

1992 4443 2270 4500 Benedicti
2310 4442 2425 4499 duo
2456 4444 2527 4498 VI
2560 4449 2612 4497 et
2641 4443 2766 4507 VII,
2798 4438 3115 4494 Bonifacius
3146 4440 3245 4493 VII
3276 4428 3591 4507 apostolica:

1990 4538 2134 4595 sedis
2188 4538 2429 4606 invasor,
2470 4535 2561 4610 qui
2608 4534 2774 4591 etiam
2811 4541 3029 4589 exactus
3080 4530 3217 4601 fuit,
3262 4539 3316 4586 et
3356 4532 3592 4587 Joannes

342 4687 498 4757 (228)
545 4683 690 4757 Nihil
736 4684 805 4741 de
860 4684 962 4757 hac
1001 4683 1213 4756 synodo
1261 4684 1367 4740 hoc
1421 4701 1568 4757 anno
1611 4686 1880 4742 celebrata
1908 4673 1960 4745 Ι)
2064 4689 2209 4754 (232)
2243 4685 2382 4756 Quid
2410 4701 2552 4757 opus
2580 4691 2698 4739 erat
2720 4679 3115 4757 contradicere,
3141 4688 3593 4757 cumutrumquc

273 4754 334 4811 in
378 4754 638 4828 legitimis
685 4765 741 4812 et
792 4754 1043 4828 genuinis
1079 4756 1461 4813 ecclesiasticis
1513 4760 1884 4828 monumentis

274 4826 562 4952 necuit-Ii;4
608 4826 821 4884 Totum
880 4827 983 4884 hoc
1052 4837 1428 4886 commentum
1498 4826 1693 4885 refellit
1752 4834 1877 4887 Bar.

274 4914 423 4952 anno
572 4939 586 4952 .

272 4914 423 4954 anno
455 4904 586 4953 774.

343 4974 497 5037 (229)
547 4969 838 5047 Gratianus
881 4970 937 5026 in
975 4983 1219 5047 errorem
1262 4970 1518 5047 inductus
1547 4980 1631 5047 est
1659 4990 1703 5047 ar
1734 4973 1879 5047 Sige-

271 5041 492 5117 ᾔει-ιοἈ
513 5042 670 5117 cujus
714 5043 877 5098 verba
904 5042 1171 5117 verbatim
1217 5044 1518 5117 exscripsit.
1572 5041 1880 5117 Sigebertus

273 5112 415 5169 hanc
444 5112 718 5185 gﬁctitiam
748 5112 1019 5185 synodum
1061 5112 1229 5170 refert
1256 5114 1326 5171 ad
1366 5112 1572 5171 annum
1613 5112 1751 5184 7'73,
1784 5133 1880 5173 cur

274 5184 594 5255 Onuphrius
620 5184 691 5241 ad
718 5184 923 5239 annum
943 5190 1081 5242 785?
1110 5188 1174 5241 In
1195 5187 1319 5243 Vita
1347 5186 1569 5243 Adriani
1596 5188 1671 5244 nil
1696 5187 1795 5243 hac
1814 5188 1881 5243 de

279 5270 344 5330 re
388 5255 556 5311 habet
584 5255 931 5330 Anastasius.
976 5260 1104 5330 Nec
1136 5257 1192 5312 in
1218 5258 1335 5330 ejus
1364 5257 1589 5313 historia
1626 5259 1881 5315 ecclesia-

277 5327 450 5402 stica,
480 5343 648 5402 quam
682 5326 793 5402 legi
829 5326 1294 5402 manuscriptani,
1323 5330 1401 5384 vel
1447 5330 1766 5402 vestigium,
1798 5330 1880 5385 vel

282 5399 465 5472 volam
502 5400 571 5455 de
614 5399 890 5471 privilegio
939 5399 1206 5470 pontiﬁcis
1234 5401 1471 5456 Romani
1515 5399 1741 5472 eligendi
1790 5417 1885 5472 per

279 5469 589 5554 Adrianum
617 5469 857 5544 primum
886 5469 1083 5529 Garolo
1112 5473 1310 5544 Magno
1339 5469 1621 5542 concesso,
1648 5469 1883 5545 reperire

356 5553 454 5599 tn).

528 5618 699 5670 Recte
724 5622 778 5670 et
807 5615 1045 5687 legitime
1076 5613 1201 5687 fecit
1232 5615 1524 5672 Adrianus.

351 5692 500 5759 (231)
523 5688 640 5761 Leo
655 5703 764 5743 non
786 5686 888 5743 fuit
910 5704 1071 5761 papa,
1095 5686 1190 5761 sed
1210 5688 1474 5761 antipapa.
1505 5686 1663 5760 Quod
1685 5689 1886 5761 mirum

282 5757 365 5831 ab
393 5757 681 5831 onuphrio
730 5775 841 5816 non
884 5757 1053 5817 fuisse
1098 5757 1556 5831 animadversum.
1608 5760 1888 5817 Fictitium

284 5830 489 5904 leonis
516 5829 1056 5904 privilegiumsolide
1081 5829 1287 5904 refellit
1312 5834 1516 5904 Baron.
1551 5848 1695 5888 anno
1728 5832 1887 5889 Chri-

284 5901 349 5957 sti
387 5901 598 5977 notet
620 5901 876 5977 Gratiani
905 5901 1398 5962 hallucinationem
1433 5902 1487 5962 d.
1532 5909 1633 5975 63,
1662 5919 1780 5977 cap.
1815 5910 1885 5960 23

290 5970 581 6069 mangone
606 5972 967 6031 demonstrat.

656 6078 685 6111 ι

1994 4752 2332 4831 privilegium
2376 4752 2728 4831 sit'ﬁctitium
2744 4759 2766 4831 ?_
2780 4758 2847 4831 ΔΝ
2856 4754 2947 4808 ulli
2959 4753 3303 4831 _imperatori
3318 4793 3333 4819 ,
3367 4753 3480 4825 regi
3507 4752 3589 4831 vel

1994 4824 2216 4903 principi
2240 4830 2334 4901 jus
2363 4827 2591 4903 eligendi
2621 4824 2931 4903 pontiﬁcem
2958 4826 3272 4903 Romanum
3306 4824 3589 4903 competit.

1996 4895 2259 4967 "Primus;
2290 4899 2380 4971 qui
2426 4895 2531 4954 lioc
2572 4895 2664 4972 jus
2708 4897 2807 4953 sibi
2857 4896 3137 4972 tyrannice
3181 4895 3453 4972 arrogavit
3495 4895 3597 4951 fuit
3630 4942 3657 4957 ν

1993 4968 2367 5029 Theodoricus
2419 4987 2511 5025 rex
2558 4968 2809 5026 Arianus.
2860 4968 3034 5037 Quem
3087 4971 3231 5024 Deus
3277 4968 3332 5023 in
3376 4982 3596 5039 poenam

1994 5044 2140 5113 facti,
2171 5058 2301 5099 mox
2336 5058 2365 5097 e
2392 5042 2573 5098 medio
2604 5040 2842 5097 sustulit.
2870 5040 3005 5113 Vide
3030 5041 3258 5108 Baron.,
3283 5047 3439 5095 tomo
3468 5040 3591 5105 VII,

1992 5112 2135 5172 anno
2164 5121 2291 5183 526,
2320 5130 2476 5171 num.
2508 5119 2574 5168 22
2595 5120 2650 5169 et
2675 5128 2828 5184 seqq.
2860 5112 3039 5184 Quem
3065 5120 3250 5184 postea
3272 5118 3489 5184 secutus
3516 5118 3599 5184 est

1992 5181 2329 5243 Iustinianus
2350 5228 2364 5254 ,
2409 5194 2462 5241 et
2491 5185 2579 5241 alii
2626 5181 2914 5239 orientales
2943 5181 3327 5253 imperatores,
3371 5182 3462 5253 qui
3490 5181 3593 5238 sal-

1994 5268 2107 5315 tem
2150 5256 2508 5315 conﬁrmandi
2541 5254 2807 5328 pontiﬁcis
2842 5255 2934 5327 jus
2963 5254 3061 5309 sibi
3090 5254 3474 5328 vendicabant,
3497 5269 3596 5309 nec

1994 5332 2109 5387 sine
2152 5344 2506 5385 nummorum
2541 5324 2862 5391 exactione,
2894 5328 3039 5396 quod
3083 5342 3194 5382 non
3236 5325 3402 5381 semel
3443 5324 3595 5381 dete-

1994 5412 2167 5459 statur
2197 5411 2250 5457 et
2277 5398 2613 5457 amarissime
2654 5399 2901 5469 deplorat
2931 5398 3258 5470 Gregorius,
3292 5396 3593 5469 praesertim

1995 5490 2157 5546 super
2184 5490 2249 5529 Iv
2282 5474 2416 5545 psal.
2446 5470 2638 5543 poenit.
2666 5469 2799 5546 Vide
2821 5472 2946 5525 Bar.
2975 5469 3093 5525 tom
3121 5470 3278 5546 YIII,
3301 5485 3443 5546 anno
3466 5473 3593 5535 590,

1996 5540 2152 5602 nu'm.
2184 5552 2216 5601 5
2260 5540 2317 5599 e't
2361 5540 2511 5615 seqq.
2548 5542 2837 5615 Pecuniam
2884 5557 2980 5613 pro
3018 5540 3434 5596 conﬁrmatione
3456 5556 3595 5615 pen-

1996 5618 2231 5673 dendam
2263 5611 2492 5671 remisit—
2509 5611 2897 5670 Constantinus
2926 5615 3235 5684 Pogonatus
3264 5627 3407 5667 anno
3438 5611 3594 5667 Chri-

1997 5690 2065 5745 sti
2114 5694 2251 5752 681,
2298 5695 2510 5743 retento
2561 5696 2741 5741 tamen
2794 5684 3220 5761 conﬁrmationis
3277 5684 3430 5754 iure,
3474 5697 3594 5761 quo

1998 5770 2181 5816 tamen
2212 5761 2368 5829 paulo
2401 5768 2522 5831 post
2558 5773 2752 5831 nempe
2779 5772 2922 5813 anno
2954 5762 3057 5831 §84
3089 5752 3302 5831 penitus
3340 5768 3399 5807 se
3441 5752 3590 5807 abdi-

1998 5833 2158 5907 cavit.
2201 5820 2524 5907 Vide_Bar_.,
2561 5820 2710 5907 dicto
2732 5844 2904 5907 _a_nno_.
2950 5829 3033 5907 De
3055 5820 3411 5907 ebncesslone
3454 5836 3590 5893 quaé

1998 5904 2128 5962 dam
2157 5920 2188 5960 a
2216 5903 2441 5961 Nicolao
2472 5893 2524 5958 II
2551 5899 2701 5961 facta
2730 5898 2968 5957 Henrico
2993 5893 3133 5953 infra
3161 5894 3424 5952 dicemus.
