  <div class='ocr_page' id='page_1' title='image "/cluster/home/n/w/nwhite01/storage/ocr_20150623/148/hvd.32044054760061/089.png"; bbox 0 0 4122 6180; ppageno 0'>
   <div class='ocr_carea' id='block_1_1' title="bbox 575 302 676 352">
    <p class='ocr_par' dir='ltr' id='par_1_1' title="bbox 575 302 676 352">
     <span class='ocr_line' id='line_1_1' title="bbox 575 302 676 352; baseline -0.01 0"><span class='ocrx_word' id='word_1_1' title='bbox 575 302 676 352; x_wconf 83' lang='grc'><strong>167</strong></span> 
     </span>
    </p>
   </div>
   <div class='ocr_carea' id='block_1_2' title="bbox 1794 258 2637 347">
    <p class='ocr_par' dir='ltr' id='par_1_2' title="bbox 1794 258 2637 347">
     <span class='ocr_line' id='line_1_2' title="bbox 1794 258 2637 347; baseline 0 -2"><span class='ocrx_word' id='word_1_2' title='bbox 1794 291 1853 345; x_wconf 90' lang='lat' dir='ltr'><strong>s.</strong></span> <span class='ocrx_word' id='word_1_3' title='bbox 1897 258 2277 345; x_wconf 71' lang='lat' dir='ltr'><strong>nascentes</strong></span> <span class='ocrx_word' id='word_1_4' title='bbox 2314 291 2403 345; x_wconf 83' lang='lat' dir='ltr'><strong>vn</strong></span> <span class='ocrx_word' id='word_1_5' title='bbox 2443 293 2637 347; x_wconf 86' lang='lat' dir='ltr'><strong>PAPA.</strong></span> 
     </span>
    </p>
   </div>
   <div class='ocr_carea' id='block_1_3' title="bbox 3768 296 3867 348">
    <p class='ocr_par' dir='ltr' id='par_1_3' title="bbox 3768 296 3867 348">
     <span class='ocr_line' id='line_1_3' title="bbox 3768 296 3867 348; baseline -0.01 0"><span class='ocrx_word' id='word_1_6' title='bbox 3768 296 3867 348; x_wconf 78' lang='grc'><strong>168</strong></span> 
     </span>
    </p>
   </div>
   <div class='ocr_carea' id='block_1_4' title="bbox 574 406 3868 490">
    <p class='ocr_par' dir='ltr' id='par_1_4' title="bbox 574 406 3868 490">
     <span class='ocr_line' id='line_1_4' title="bbox 574 406 3868 490; baseline -0.002 -11"><span class='ocrx_word' id='word_1_7' title='bbox 574 425 730 490; x_wconf 84' lang='lat' dir='ltr'><strong>XIV,</strong></span> <span class='ocrx_word' id='word_1_8' title='bbox 762 425 887 489; x_wconf 84' lang='lat' dir='ltr'><strong>XV,</strong></span> <span class='ocrx_word' id='word_1_9' title='bbox 917 426 1060 488; x_wconf 87' lang='lat'><strong>(233)</strong></span> <span class='ocrx_word' id='word_1_10' title='bbox 1091 422 1245 476; x_wconf 84' lang='lat' dir='ltr'><strong>XVI.</strong></span> <span class='ocrx_word' id='word_1_11' title='bbox 1277 422 1525 488; x_wconf 86' lang='lat' dir='ltr'><strong>Quorum</strong></span> <span class='ocrx_word' id='word_1_12' title='bbox 1554 415 1914 484; x_wconf 84' lang='lat' dir='ltr'><strong>novissimus,</strong></span> <span class='ocrx_word' id='word_1_13' title='bbox 1962 425 2023 472; x_wconf 89' lang='lat' dir='ltr'><strong>ut</strong></span> <span class='ocrx_word' id='word_1_14' title='bbox 2050 417 2167 489; x_wconf 87' lang='lat' dir='ltr'><strong>qui-</strong></span> <span class='ocrx_word' id='word_1_15' title='bbox 2192 418 2245 479; x_wconf 83' lang='grc' dir='ltr'>Α</span> <span class='ocrx_word' id='word_1_16' title='bbox 2274 418 2554 472; x_wconf 84' lang='lat' dir='ltr'><strong>Victorem</strong></span> <span class='ocrx_word' id='word_1_17' title='bbox 2600 418 2672 483; x_wconf 92' lang='lat' dir='ltr'><strong>II,</strong></span> <span class='ocrx_word' id='word_1_18' title='bbox 2716 431 2816 472; x_wconf 89' lang='lat' dir='ltr'><strong>suo</strong></span> <span class='ocrx_word' id='word_1_19' title='bbox 2846 406 3070 473; x_wconf 88' lang='lat' dir='ltr'><strong>arbitrio</strong></span> <span class='ocrx_word' id='word_1_20' title='bbox 3095 418 3382 473; x_wconf 84' lang='lat' dir='ltr'><strong>Romanos</strong></span> <span class='ocrx_word' id='word_1_21' title='bbox 3406 416 3699 488; x_wconf 80' lang='lat' dir='ltr'><strong>pontiﬁces,</strong></span> <span class='ocrx_word' id='word_1_22' title='bbox 3727 415 3868 472; x_wconf 82' lang='lat' dir='ltr'><strong>desi-</strong></span> 
     </span>
    </p>
   </div>
   <div class='ocr_carea' id='block_1_5' title="bbox 574 509 2169 585">
    <p class='ocr_par' dir='ltr' id='par_1_5' title="bbox 574 509 2169 585">
     <span class='ocr_line' id='line_1_5' title="bbox 574 509 2169 585; baseline -0.006 -11"><span class='ocrx_word' id='word_1_23' title='bbox 574 516 703 574; x_wconf 90' lang='lat' dir='ltr'><strong>dam</strong></span> <span class='ocrx_word' id='word_1_24' title='bbox 751 517 1026 575; x_wconf 89' lang='lat' dir='ltr'><strong>scribunt,</strong></span> <span class='ocrx_word' id='word_1_25' title='bbox 1064 512 1210 585; x_wconf 92' lang='lat' dir='ltr'><strong>quod</strong></span> <span class='ocrx_word' id='word_1_26' title='bbox 1264 512 1383 566; x_wconf 87' lang='lat' dir='ltr'><strong>sine</strong></span> <span class='ocrx_word' id='word_1_27' title='bbox 1424 510 1764 581; x_wconf 85' lang='lat' dir='ltr'><strong>imperatoris</strong></span> <span class='ocrx_word' id='word_1_28' title='bbox 1806 509 2040 566; x_wconf 85' lang='lat' dir='ltr'><strong>Othonis</strong></span> <span class='ocrx_word' id='word_1_29' title='bbox 2091 513 2169 566; x_wconf 95' lang='lat' dir='ltr'><strong>III</strong></span> 
     </span>
    </p>
   </div>
   <div class='ocr_carea' id='block_1_6' title="bbox 574 603 2167 678">
    <p class='ocr_par' dir='ltr' id='par_1_6' title="bbox 574 603 2167 678">
     <span class='ocr_line' id='line_1_6' title="bbox 574 603 2167 678; baseline -0.005 -12"><span class='ocrx_word' id='word_1_30' title='bbox 574 626 840 666; x_wconf 90' lang='lat' dir='ltr'><strong>consensu</strong></span> <span class='ocrx_word' id='word_1_31' title='bbox 870 610 1069 663; x_wconf 90' lang='lat' dir='ltr'><strong>electus</strong></span> <span class='ocrx_word' id='word_1_32' title='bbox 1098 615 1151 660; x_wconf 90' lang='lat' dir='ltr'><strong>et</strong></span> <span class='ocrx_word' id='word_1_33' title='bbox 1187 612 1533 660; x_wconf 88' lang='lat' dir='ltr'><strong>consecratus</strong></span> <span class='ocrx_word' id='word_1_34' title='bbox 1560 613 1723 672; x_wconf 84' lang='lat' dir='ltr'><strong>esset,</strong></span> <span class='ocrx_word' id='word_1_35' title='bbox 1755 604 1888 659; x_wconf 83' lang='lat' dir='ltr'><strong>urbe</strong></span> <span class='ocrx_word' id='word_1_36' title='bbox 1916 603 2132 678; x_wconf 89' lang='lat' dir='ltr'><strong>fugatus</strong></span> <span class='ocrx_word' id='word_1_37' title='bbox 2152 646 2167 671; x_wconf 92' lang='lat'><strong>,</strong></span> 
     </span>
    </p>
   </div>
   <div class='ocr_carea' id='block_1_7' title="bbox 573 698 2011 770">
    <p class='ocr_par' dir='ltr' id='par_1_7' title="bbox 573 698 2011 770">
     <span class='ocr_line' id='line_1_7' title="bbox 573 698 2011 770; baseline -0.004 -11"><span class='ocrx_word' id='word_1_38' title='bbox 573 702 873 759; x_wconf 89' lang='lat' dir='ltr'><strong>sacerdotio</strong></span> <span class='ocrx_word' id='word_1_39' title='bbox 902 700 1165 755; x_wconf 85' lang='lat' dir='ltr'><strong>multatus</strong></span> <span class='ocrx_word' id='word_1_40' title='bbox 1192 707 1295 766; x_wconf 91' lang='lat' dir='ltr'><strong>est,</strong></span> <span class='ocrx_word' id='word_1_41' title='bbox 1327 698 1591 770; x_wconf 76' lang='lat' dir='ltr'><strong>Gregorio</strong></span> <span class='ocrx_word' id='word_1_42' title='bbox 1622 701 1667 752; x_wconf 88' lang='lat' dir='ltr'><strong>V</strong></span> <span class='ocrx_word' id='word_1_43' title='bbox 1700 698 2011 770; x_wconf 90' lang='lat' dir='ltr'><strong>subrogato.</strong></span> 
     </span>
    </p>
   </div>
   <div class='ocr_carea' id='block_1_8' title="bbox 644 791 2171 865">
    <p class='ocr_par' dir='ltr' id='par_1_8' title="bbox 644 791 2171 865">
     <span class='ocr_line' id='line_1_8' title="bbox 644 791 2171 865; baseline -0.001 -15"><span class='ocrx_word' id='word_1_44' title='bbox 644 795 785 850; x_wconf 88' lang='lat' dir='ltr'><strong>Huic</strong></span> <span class='ocrx_word' id='word_1_45' title='bbox 830 794 988 865; x_wconf 83' lang='lat' dir='ltr'><strong>igitur</strong></span> <span class='ocrx_word' id='word_1_46' title='bbox 1034 792 1310 863; x_wconf 89' lang='lat' dir='ltr'><strong>privilegio</strong></span> <span class='ocrx_word' id='word_1_47' title='bbox 1358 809 1387 848; x_wconf 92' lang='lat' dir='ltr'><strong>a</strong></span> <span class='ocrx_word' id='word_1_48' title='bbox 1437 795 1621 847; x_wconf 87' lang='lat' dir='ltr'><strong>Leone</strong></span> <span class='ocrx_word' id='word_1_49' title='bbox 1668 795 1839 859; x_wconf 91' lang='lat' dir='ltr'><strong>VIII,</strong></span> <span class='ocrx_word' id='word_1_50' title='bbox 1889 808 2056 864; x_wconf 90' lang='lat' dir='ltr'><strong>usque</strong></span> <span class='ocrx_word' id='word_1_51' title='bbox 2102 791 2171 849; x_wconf 90' lang='lat' dir='ltr'><strong>ad</strong></span> 
     </span>
    </p>
   </div>
   <div class='ocr_carea' id='block_1_9' title="bbox 572 886 2168 959">
    <p class='ocr_par' dir='ltr' id='par_1_9' title="bbox 572 886 2168 959">
     <span class='ocr_line' id='line_1_9' title="bbox 572 886 2168 959; baseline -0.002 -16"><span class='ocrx_word' id='word_1_52' title='bbox 572 887 895 959; x_wconf 86' lang='lat' dir='ltr'><strong>Gregorium</strong></span> <span class='ocrx_word' id='word_1_53' title='bbox 941 888 1060 952; x_wconf 94' lang='lat' dir='ltr'><strong>VII,</strong></span> <span class='ocrx_word' id='word_1_54' title='bbox 1109 903 1139 940; x_wconf 94' lang='lat' dir='ltr'><strong>a</strong></span> <span class='ocrx_word' id='word_1_55' title='bbox 1170 886 1383 941; x_wconf 91' lang='lat' dir='ltr'><strong>nemine</strong></span> <span class='ocrx_word' id='word_1_56' title='bbox 1430 902 1669 957; x_wconf 87' lang='lat' dir='ltr'><strong>unquam</strong></span> <span class='ocrx_word' id='word_1_57' title='bbox 1720 902 1859 957; x_wconf 91' lang='lat' dir='ltr'><strong>papa</strong></span> <span class='ocrx_word' id='word_1_58' title='bbox 1904 886 2168 941; x_wconf 89' lang='lat' dir='ltr'><strong>reclama-</strong></span> 
     </span>
    </p>
   </div>
   <div class='ocr_carea' id='block_1_10' title="bbox 572 978 2169 1051">
    <p class='ocr_par' dir='ltr' id='par_1_10' title="bbox 572 978 2169 1051">
     <span class='ocr_line' id='line_1_10' title="bbox 572 978 2169 1051; baseline -0.001 -15"><span class='ocrx_word' id='word_1_59' title='bbox 572 990 690 1036; x_wconf 91' lang='lat' dir='ltr'><strong>tum</strong></span> <span class='ocrx_word' id='word_1_60' title='bbox 734 989 842 1046; x_wconf 87' lang='lat' dir='ltr'><strong>est,</strong></span> <span class='ocrx_word' id='word_1_61' title='bbox 890 996 1203 1051; x_wconf 84' lang='lat' dir='ltr'><strong>quanquam</strong></span> <span class='ocrx_word' id='word_1_62' title='bbox 1246 996 1357 1034; x_wconf 90' lang='lat' dir='ltr'><strong>non</strong></span> <span class='ocrx_word' id='word_1_63' title='bbox 1395 980 1620 1035; x_wconf 86' lang='lat' dir='ltr'><strong>omnino</strong></span> <span class='ocrx_word' id='word_1_64' title='bbox 1664 978 1825 1035; x_wconf 85' lang='lat' dir='ltr'><strong>fuerit</strong></span> <span class='ocrx_word' id='word_1_65' title='bbox 1854 979 2169 1050; x_wconf 79' lang='lat' dir='ltr'><strong>negligentia</strong></span> 
     </span>
    </p>
   </div>
   <div class='ocr_carea' id='block_1_11' title="bbox 570 1073 2171 1145">
    <p class='ocr_par' dir='ltr' id='par_1_11' title="bbox 570 1073 2171 1145">
     <span class='ocr_line' id='line_1_11' title="bbox 570 1073 2171 1145; baseline -0.001 -16"><span class='ocrx_word' id='word_1_66' title='bbox 570 1074 962 1145; x_wconf 84' lang='lat' dir='ltr'><strong>imperatorum</strong></span> <span class='ocrx_word' id='word_1_67' title='bbox 1006 1073 1375 1128; x_wconf 90' lang='lat' dir='ltr'><strong>observatum.</strong></span> <span class='ocrx_word' id='word_1_68' title='bbox 1410 1075 1615 1128; x_wconf 89' lang='lat' dir='ltr'><strong>Verum</strong></span> <span class='ocrx_word' id='word_1_69' title='bbox 1658 1074 1867 1129; x_wconf 88' lang='lat' dir='ltr'><strong>Othone</strong></span> <span class='ocrx_word' id='word_1_70' title='bbox 1897 1075 1975 1127; x_wconf 92' lang='lat' dir='ltr'><strong>Ill</strong></span> <span class='ocrx_word' id='word_1_71' title='bbox 2003 1073 2171 1143; x_wconf 91' lang='lat' dir='ltr'><strong>impe-</strong></span> 
     </span>
    </p>
   </div>
   <div class='ocr_carea' id='block_1_12' title="bbox 569 1166 2170 1237">
    <p class='ocr_par' dir='ltr' id='par_1_12' title="bbox 569 1166 2170 1237">
     <span class='ocr_line' id='line_1_12' title="bbox 569 1166 2170 1237; baseline -0.001 -15"><span class='ocrx_word' id='word_1_72' title='bbox 569 1176 748 1223; x_wconf 91' lang='lat' dir='ltr'><strong>ratore</strong></span> <span class='ocrx_word' id='word_1_73' title='bbox 792 1169 893 1223; x_wconf 87' lang='lat' dir='ltr'><strong>sub</strong></span> <span class='ocrx_word' id='word_1_74' title='bbox 937 1166 1215 1237; x_wconf 84' lang='lat' dir='ltr'><strong>Sylvestro</strong></span> <span class='ocrx_word' id='word_1_75' title='bbox 1252 1170 1300 1221; x_wconf 89' lang='lat' dir='ltr'><strong>II</strong></span> <span class='ocrx_word' id='word_1_76' title='bbox 1336 1166 1475 1221; x_wconf 90' lang='lat' dir='ltr'><strong>circa</strong></span> <span class='ocrx_word' id='word_1_77' title='bbox 1508 1182 1712 1221; x_wconf 88' lang='lat' dir='ltr'><strong>annum</strong></span> <span class='ocrx_word' id='word_1_78' title='bbox 1763 1167 1980 1221; x_wconf 89' lang='lat' dir='ltr'><strong>Domini</strong></span> <span class='ocrx_word' id='word_1_79' title='bbox 2036 1173 2170 1221; x_wconf 91' lang='lat' dir='ltr'><strong>I000</strong></span> 
     </span>
    </p>
   </div>
   <div class='ocr_carea' id='block_1_13' title="bbox 571 1260 2172 1331">
    <p class='ocr_par' dir='ltr' id='par_1_13' title="bbox 571 1260 2172 1331">
     <span class='ocr_line' id='line_1_13' title="bbox 571 1260 2172 1331; baseline -0.001 -15"><span class='ocrx_word' id='word_1_80' title='bbox 571 1269 811 1329; x_wconf 90' lang='lat' dir='ltr'><strong>mortuo,</strong></span> <span class='ocrx_word' id='word_1_81' title='bbox 838 1260 1016 1331; x_wconf 50' lang='lat' dir='ltr'><strong>qui,ei</strong></span> <span class='ocrx_word' id='word_1_82' title='bbox 1060 1261 1319 1315; x_wconf 90' lang='lat' dir='ltr'><strong>successit</strong></span> <span class='ocrx_word' id='word_1_83' title='bbox 1356 1260 1623 1315; x_wconf 86' lang='lat' dir='ltr'><strong>Henricus</strong></span> <span class='ocrx_word' id='word_1_84' title='bbox 1653 1263 1733 1327; x_wconf 87' lang='lat' dir='ltr'><strong>II,</strong></span> <span class='ocrx_word' id='word_1_85' title='bbox 1780 1260 1861 1315; x_wconf 89' lang='lat' dir='ltr'><strong>vir</strong></span> <span class='ocrx_word' id='word_1_86' title='bbox 1898 1261 2172 1316; x_wconf 88' lang='lat' dir='ltr'><strong>sanctissi-</strong></span> 
     </span>
    </p>
   </div>
   <div class='ocr_carea' id='block_1_14' title="bbox 572 1353 2171 1424">
    <p class='ocr_par' dir='ltr' id='par_1_14' title="bbox 572 1353 2171 1424">
     <span class='ocr_line' id='line_1_14' title="bbox 572 1353 2171 1424; baseline 0 -15"><span class='ocrx_word' id='word_1_87' title='bbox 572 1370 716 1421; x_wconf 91' lang='lat' dir='ltr'><strong>mus,</strong></span> <span class='ocrx_word' id='word_1_88' title='bbox 747 1370 809 1408; x_wconf 92' lang='lat' dir='ltr'><strong>ac</strong></span> <span class='ocrx_word' id='word_1_89' title='bbox 833 1354 973 1409; x_wconf 89' lang='lat' dir='ltr'><strong>inter</strong></span> <span class='ocrx_word' id='word_1_90' title='bbox 1001 1354 1155 1409; x_wconf 87' lang='lat' dir='ltr'><strong>divos</strong></span> <span class='ocrx_word' id='word_1_91' title='bbox 1179 1353 1397 1422; x_wconf 91' lang='lat' dir='ltr'><strong>relatus,</strong></span> <span class='ocrx_word' id='word_1_92' title='bbox 1436 1361 1491 1409; x_wconf 92' lang='lat' dir='ltr'><strong>et</strong></span> <span class='ocrx_word' id='word_1_93' title='bbox 1520 1362 1642 1424; x_wconf 91' lang='lat' dir='ltr'><strong>post</strong></span> <span class='ocrx_word' id='word_1_94' title='bbox 1668 1370 1797 1409; x_wconf 91' lang='lat' dir='ltr'><strong>eum</strong></span> <span class='ocrx_word' id='word_1_95' title='bbox 1819 1354 2103 1409; x_wconf 90' lang='lat' dir='ltr'><strong>Cunradus</strong></span> <span class='ocrx_word' id='word_1_96' title='bbox 2122 1357 2171 1409; x_wconf 90' lang='lat' dir='ltr'><strong>II</strong></span> 
     </span>
    </p>
   </div>
   <div class='ocr_carea' id='block_1_15' title="bbox 570 1447 2169 1518">
    <p class='ocr_par' dir='ltr' id='par_1_15' title="bbox 570 1447 2169 1518">
     <span class='ocr_line' id='line_1_15' title="bbox 570 1447 2169 1518; baseline -0.001 -15"><span class='ocrx_word' id='word_1_97' title='bbox 570 1447 838 1518; x_wconf 88' lang='lat' dir='ltr'><strong>ejusmodi</strong></span> <span class='ocrx_word' id='word_1_98' title='bbox 901 1447 1236 1518; x_wconf 81' lang='lat' dir='ltr'><strong>privilegium</strong></span> <span class='ocrx_word' id='word_1_99' title='bbox 1281 1462 1471 1502; x_wconf 91' lang='lat' dir='ltr'><strong>curare</strong></span> <span class='ocrx_word' id='word_1_100' title='bbox 1522 1447 1615 1503; x_wconf 85' lang='lat' dir='ltr'><strong>visi</strong></span> <span class='ocrx_word' id='word_1_101' title='bbox 1669 1464 1779 1503; x_wconf 89' lang='lat' dir='ltr'><strong>non</strong></span> <span class='ocrx_word' id='word_1_102' title='bbox 1831 1456 1975 1503; x_wconf 91' lang='lat' dir='ltr'><strong>sunt.</strong></span> <span class='ocrx_word' id='word_1_103' title='bbox 2030 1450 2169 1503; x_wconf 84' lang='lat' dir='ltr'><strong>Nam</strong></span> 
     </span>
    </p>
   </div>
   <div class='ocr_carea' id='block_1_16' title="bbox 573 1540 2169 1612">
    <p class='ocr_par' dir='ltr' id='par_1_16' title="bbox 573 1540 2169 1612">
     <span class='ocr_line' id='line_1_16' title="bbox 573 1540 2169 1612; baseline 0.001 -18"><span class='ocrx_word' id='word_1_104' title='bbox 573 1547 696 1612; x_wconf 91' lang='lat' dir='ltr'><strong>post</strong></span> <span class='ocrx_word' id='word_1_105' title='bbox 724 1541 1055 1612; x_wconf 89' lang='lat' dir='ltr'><strong>Sylvestrum</strong></span> <span class='ocrx_word' id='word_1_106' title='bbox 1086 1540 1407 1607; x_wconf 89' lang='lat' dir='ltr'><strong>secundum,</strong></span> <span class='ocrx_word' id='word_1_107' title='bbox 1440 1540 1529 1612; x_wconf 90' lang='lat' dir='ltr'><strong>qui</strong></span> <span class='ocrx_word' id='word_1_108' title='bbox 1558 1541 1658 1597; x_wconf 90' lang='lat' dir='ltr'><strong>sub</strong></span> <span class='ocrx_word' id='word_1_109' title='bbox 1692 1541 1909 1596; x_wconf 89' lang='lat' dir='ltr'><strong>Henrici</strong></span> <span class='ocrx_word' id='word_1_110' title='bbox 1947 1540 2169 1597; x_wconf 87' lang='lat' dir='ltr'><strong>secundi</strong></span> 
     </span>
    </p>
   </div>
   <div class='ocr_carea' id='block_1_17' title="bbox 573 1633 2174 1705">
    <p class='ocr_par' dir='ltr' id='par_1_17' title="bbox 573 1633 2174 1705">
     <span class='ocr_line' id='line_1_17' title="bbox 573 1633 2174 1705; baseline 0.001 -17"><span class='ocrx_word' id='word_1_111' title='bbox 573 1634 801 1705; x_wconf 91' lang='lat' dir='ltr'><strong>imperio</strong></span> <span class='ocrx_word' id='word_1_112' title='bbox 846 1633 1011 1699; x_wconf 90' lang='lat' dir='ltr'><strong>obiit,</strong></span> <span class='ocrx_word' id='word_1_113' title='bbox 1044 1635 1276 1689; x_wconf 83' lang='lat' dir='ltr'><strong>Romani</strong></span> <span class='ocrx_word' id='word_1_114' title='bbox 1325 1650 1535 1698; x_wconf 83' lang='lat' dir='ltr'><strong>omnes,</strong></span> <span class='ocrx_word' id='word_1_115' title='bbox 1566 1635 1846 1705; x_wconf 91' lang='lat' dir='ltr'><strong>pontiﬁces</strong></span> <span class='ocrx_word' id='word_1_116' title='bbox 1892 1651 2060 1705; x_wconf 91' lang='lat' dir='ltr'><strong>usque</strong></span> <span class='ocrx_word' id='word_1_117' title='bbox 2105 1633 2174 1689; x_wconf 91' lang='lat' dir='ltr'><strong>ad</strong></span> 
     </span>
    </p>
   </div>
   <div class='ocr_carea' id='block_1_18' title="bbox 574 1727 2170 1798">
    <p class='ocr_par' dir='ltr' id='par_1_18' title="bbox 574 1727 2170 1798">
     <span class='ocr_line' id='line_1_18' title="bbox 574 1727 2170 1798; baseline -0.001 -15"><span class='ocrx_word' id='word_1_118' title='bbox 574 1727 911 1783; x_wconf 86' lang='lat' dir='ltr'><strong>Clementem</strong></span> <span class='ocrx_word' id='word_1_119' title='bbox 942 1730 993 1781; x_wconf 92' lang='lat' dir='ltr'><strong>II</strong></span> <span class='ocrx_word' id='word_1_120' title='bbox 1034 1729 1146 1781; x_wconf 90' lang='lat' dir='ltr'><strong>sine</strong></span> <span class='ocrx_word' id='word_1_121' title='bbox 1191 1728 1584 1798; x_wconf 82' lang='lat' dir='ltr'><strong>imperatorum</strong></span> <span class='ocrx_word' id='word_1_122' title='bbox 1613 1729 1930 1783; x_wconf 87' lang='lat' dir='ltr'><strong>auctoritate</strong></span> <span class='ocrx_word' id='word_1_123' title='bbox 1974 1744 2170 1783; x_wconf 88' lang='lat' dir='ltr'><strong>renun-</strong></span> 
     </span>
    </p>
   </div>
   <div class='ocr_carea' id='block_1_19' title="bbox 2277 510 3870 583">
    <p class='ocr_par' dir='ltr' id='par_1_19' title="bbox 2277 510 3870 583">
     <span class='ocr_line' id='line_1_19' title="bbox 2277 510 3870 583; baseline -0.001 -17"><span class='ocrx_word' id='word_1_124' title='bbox 2277 511 2479 583; x_wconf 90' lang='lat' dir='ltr'><strong>gnavit.</strong></span> <span class='ocrx_word' id='word_1_125' title='bbox 2530 511 2820 583; x_wconf 90' lang='lat' dir='ltr'><strong>Quomodo</strong></span> <span class='ocrx_word' id='word_1_126' title='bbox 2872 518 3072 579; x_wconf 90' lang='lat' dir='ltr'><strong>autem,</strong></span> <span class='ocrx_word' id='word_1_127' title='bbox 3120 518 3175 565; x_wconf 89' lang='lat' dir='ltr'><strong>et</strong></span> <span class='ocrx_word' id='word_1_128' title='bbox 3224 526 3328 581; x_wconf 89' lang='lat' dir='ltr'><strong>qua</strong></span> <span class='ocrx_word' id='word_1_129' title='bbox 3375 510 3603 577; x_wconf 89' lang='lat' dir='ltr'><strong>ratione,</strong></span> <span class='ocrx_word' id='word_1_130' title='bbox 3657 510 3723 566; x_wconf 93' lang='lat' dir='ltr'><strong>ab</strong></span> <span class='ocrx_word' id='word_1_131' title='bbox 3764 511 3870 565; x_wconf 90' lang='lat' dir='ltr'><strong>ele-</strong></span> 
     </span>
    </p>
   </div>
   <div class='ocr_carea' id='block_1_20' title="bbox 2277 603 3873 676">
    <p class='ocr_par' dir='ltr' id='par_1_20' title="bbox 2277 603 3873 676">
     <span class='ocr_line' id='line_1_20' title="bbox 2277 603 3873 676; baseline 0.001 -18"><span class='ocrx_word' id='word_1_132' title='bbox 2277 605 2459 660; x_wconf 89' lang='lat' dir='ltr'><strong>ctione</strong></span> <span class='ocrx_word' id='word_1_133' title='bbox 2487 605 2779 660; x_wconf 87' lang='lat' dir='ltr'><strong>Clementis</strong></span> <span class='ocrx_word' id='word_1_134' title='bbox 2810 608 2856 659; x_wconf 94' lang='lat' dir='ltr'><strong>II</strong></span> <span class='ocrx_word' id='word_1_135' title='bbox 2891 620 3063 675; x_wconf 91' lang='lat' dir='ltr'><strong>usque</strong></span> <span class='ocrx_word' id='word_1_136' title='bbox 3092 604 3163 659; x_wconf 90' lang='lat' dir='ltr'><strong>ad</strong></span> <span class='ocrx_word' id='word_1_137' title='bbox 3192 603 3437 676; x_wconf 84' lang='lat' dir='ltr'><strong>Gregorii</strong></span> <span class='ocrx_word' id='word_1_138' title='bbox 3468 607 3561 659; x_wconf 94' lang='lat' dir='ltr'><strong>VII</strong></span> <span class='ocrx_word' id='word_1_139' title='bbox 3591 604 3873 674; x_wconf 77' lang='lat' dir='ltr'><strong>pontiﬁca-</strong></span> 
     </span>
    </p>
   </div>
   <div class='ocr_carea' id='block_1_21' title="bbox 2277 696 3870 770">
    <p class='ocr_par' dir='ltr' id='par_1_21' title="bbox 2277 696 3870 770">
     <span class='ocr_line' id='line_1_21' title="bbox 2277 696 3870 770; baseline -0.001 -17"><span class='ocrx_word' id='word_1_140' title='bbox 2277 708 2393 754; x_wconf 88' lang='lat' dir='ltr'><strong>tum</strong></span> <span class='ocrx_word' id='word_1_141' title='bbox 2420 702 2670 754; x_wconf 82' lang='lat' dir='ltr'><strong>Romana</strong></span> <span class='ocrx_word' id='word_1_142' title='bbox 2701 699 2932 754; x_wconf 86' lang='lat' dir='ltr'><strong>Ecclesia</strong></span> <span class='ocrx_word' id='word_1_143' title='bbox 2978 699 3033 753; x_wconf 90' lang='lat' dir='ltr'><strong>in</strong></span> <span class='ocrx_word' id='word_1_144' title='bbox 3073 697 3390 770; x_wconf 88' lang='lat' dir='ltr'><strong>hujusmodi</strong></span> <span class='ocrx_word' id='word_1_145' title='bbox 3428 696 3784 753; x_wconf 88' lang='lat' dir='ltr'><strong>electionibus</strong></span> <span class='ocrx_word' id='word_1_146' title='bbox 3812 713 3870 752; x_wconf 89' lang='lat' dir='ltr'><strong>se</strong></span> 
     </span>
    </p>
   </div>
   <div class='ocr_carea' id='block_1_22' title="bbox 2279 791 3869 864">
    <p class='ocr_par' dir='ltr' id='par_1_22' title="bbox 2279 791 3869 864">
     <span class='ocr_line' id='line_1_22' title="bbox 2279 791 3869 864; baseline -0.001 -17"><span class='ocrx_word' id='word_1_147' title='bbox 2279 792 2523 864; x_wconf 85' lang='lat' dir='ltr'><strong>gesserit,</strong></span> <span class='ocrx_word' id='word_1_148' title='bbox 2574 802 2630 848; x_wconf 93' lang='lat' dir='ltr'><strong>et</strong></span> <span class='ocrx_word' id='word_1_149' title='bbox 2671 808 2956 847; x_wconf 86' lang='lat' dir='ltr'><strong>causarum</strong></span> <span class='ocrx_word' id='word_1_150' title='bbox 3000 792 3186 856; x_wconf 89' lang='lat' dir='ltr'><strong>initia,</strong></span> <span class='ocrx_word' id='word_1_151' title='bbox 3230 806 3353 863; x_wconf 89' lang='lat' dir='ltr'><strong>qua</strong></span> <span class='ocrx_word' id='word_1_152' title='bbox 3391 791 3721 863; x_wconf 88' lang='lat' dir='ltr'><strong>Gregorium</strong></span> <span class='ocrx_word' id='word_1_153' title='bbox 3771 794 3869 846; x_wconf 89' lang='lat' dir='ltr'><strong>VII</strong></span> 
     </span>
    </p>
   </div>
   <div class='ocr_carea' id='block_1_23' title="bbox 2279 884 3872 957">
    <p class='ocr_par' dir='ltr' id='par_1_23' title="bbox 2279 884 3872 957">
     <span class='ocr_line' id='line_1_23' title="bbox 2279 884 3872 957; baseline -0.002 -16"><span class='ocrx_word' id='word_1_154' title='bbox 2279 902 2474 957; x_wconf 88' lang='lat' dir='ltr'><strong>papam</strong></span> <span class='ocrx_word' id='word_1_155' title='bbox 2503 886 2901 942; x_wconf 89' lang='lat' dir='ltr'><strong>commoverint</strong></span> <span class='ocrx_word' id='word_1_156' title='bbox 2928 884 2998 939; x_wconf 90' lang='lat' dir='ltr'><strong>ad</strong></span> <span class='ocrx_word' id='word_1_157' title='bbox 3016 886 3327 953; x_wconf 88' lang='lat' dir='ltr'><strong>libertatem</strong></span> <span class='ocrx_word' id='word_1_158' title='bbox 3353 884 3771 940; x_wconf 85' lang='lat' dir='ltr'><strong>ecclesiasticam</strong></span> <span class='ocrx_word' id='word_1_159' title='bbox 3817 884 3872 938; x_wconf 94' lang='lat' dir='ltr'><strong>in</strong></span> 
     </span>
    </p>
   </div>
   <div class='ocr_carea' id='block_1_24' title="bbox 2280 977 3869 1051">
    <p class='ocr_par' dir='ltr' id='par_1_24' title="bbox 2280 977 3869 1051">
     <span class='ocr_line' id='line_1_24' title="bbox 2280 977 3869 1051; baseline -0.002 -17"><span class='ocrx_word' id='word_1_160' title='bbox 2280 980 2569 1050; x_wconf 87' lang='lat' dir='ltr'><strong>pontiﬁciis</strong></span> <span class='ocrx_word' id='word_1_161' title='bbox 2595 979 2822 1035; x_wconf 89' lang='lat' dir='ltr'><strong>comitiis</strong></span> <span class='ocrx_word' id='word_1_162' title='bbox 2847 978 3222 1047; x_wconf 88' lang='lat' dir='ltr'><strong>asserendam,</strong></span> <span class='ocrx_word' id='word_1_163' title='bbox 3244 978 3376 1035; x_wconf 90' lang='lat' dir='ltr'><strong>satis</strong></span> <span class='ocrx_word' id='word_1_164' title='bbox 3397 993 3558 1051; x_wconf 80' lang='lat' dir='ltr'><strong>supra</strong></span> <span class='ocrx_word' id='word_1_165' title='bbox 3578 977 3832 1050; x_wconf 85' lang='lat' dir='ltr'><strong>explicavi</strong></span> <span class='ocrx_word' id='word_1_166' title='bbox 3856 996 3869 1032; x_wconf 87' lang='lat'><strong>:</strong></span> 
     </span>
    </p>
   </div>
   <div class='ocr_carea' id='block_1_25' title="bbox 2278 1072 2983 1144">
    <p class='ocr_par' dir='ltr' id='par_1_25' title="bbox 2278 1072 2983 1144">
     <span class='ocr_line' id='line_1_25' title="bbox 2278 1072 2983 1144; baseline 0.001 -17"><span class='ocrx_word' id='word_1_167' title='bbox 2278 1089 2424 1127; x_wconf 89' lang='lat' dir='ltr'><strong>nunc</strong></span> <span class='ocrx_word' id='word_1_168' title='bbox 2456 1072 2659 1128; x_wconf 84' lang='lat' dir='ltr'><strong>factum</strong></span> <span class='ocrx_word' id='word_1_169' title='bbox 2690 1089 2983 1144; x_wconf 87' lang='lat' dir='ltr'><strong>exponam.</strong></span> 
     </span>
    </p>
   </div>
   <div class='ocr_carea' id='block_1_26' title="bbox 2352 1166 3870 1239">
    <p class='ocr_par' dir='ltr' id='par_1_26' title="bbox 2352 1166 3870 1239">
     <span class='ocr_line' id='line_1_26' title="bbox 2352 1166 3870 1239; baseline -0.001 -17"><span class='ocrx_word' id='word_1_170' title='bbox 2352 1167 2649 1238; x_wconf 85' lang='lat' dir='ltr'><strong>Gregorius</strong></span> <span class='ocrx_word' id='word_1_171' title='bbox 2693 1169 2795 1221; x_wconf 87' lang='lat' dir='ltr'><strong>VII</strong></span> <span class='ocrx_word' id='word_1_172' title='bbox 2836 1168 2953 1239; x_wconf 91' lang='lat' dir='ltr'><strong>jam</strong></span> <span class='ocrx_word' id='word_1_173' title='bbox 3006 1166 3131 1223; x_wconf 89' lang='lat' dir='ltr'><strong>inde</strong></span> <span class='ocrx_word' id='word_1_174' title='bbox 3183 1183 3214 1222; x_wconf 89' lang='lat' dir='ltr'><strong>a</strong></span> <span class='ocrx_word' id='word_1_175' title='bbox 3271 1166 3519 1239; x_wconf 88' lang='lat' dir='ltr'><strong>Gregorii</strong></span> <span class='ocrx_word' id='word_1_176' title='bbox 3572 1168 3643 1221; x_wconf 90' lang='lat' dir='ltr'><strong>VI</strong></span> <span class='ocrx_word' id='word_1_177' title='bbox 3702 1166 3870 1237; x_wconf 87' lang='lat' dir='ltr'><strong>depo-</strong></span> 
     </span>
    </p>
   </div>
   <div class='ocr_carea' id='block_1_27' title="bbox 2277 1259 3877 1331">
    <p class='ocr_par' dir='ltr' id='par_1_27' title="bbox 2277 1259 3877 1331">
     <span class='ocr_line' id='line_1_27' title="bbox 2277 1259 3877 1331; baseline -0.001 -16"><span class='ocrx_word' id='word_1_178' title='bbox 2277 1261 2474 1316; x_wconf 90' lang='lat' dir='ltr'><strong>sitione</strong></span> <span class='ocrx_word' id='word_1_179' title='bbox 2547 1264 2689 1328; x_wconf 87' lang='lat'><strong>(238)</strong></span> <span class='ocrx_word' id='word_1_180' title='bbox 2768 1261 2909 1316; x_wconf 92' lang='lat' dir='ltr'><strong>male</strong></span> <span class='ocrx_word' id='word_1_181' title='bbox 2989 1260 3247 1317; x_wconf 90' lang='lat' dir='ltr'><strong>adversus</strong></span> <span class='ocrx_word' id='word_1_182' title='bbox 3316 1260 3675 1331; x_wconf 87' lang='lat' dir='ltr'><strong>imperatores</strong></span> <span class='ocrx_word' id='word_1_183' title='bbox 3755 1259 3877 1313; x_wconf 87' lang='lat' dir='ltr'><strong>ani-</strong></span> 
     </span>
    </p>
   </div>
   <div class='ocr_carea' id='block_1_28' title="bbox 2280 1351 3871 1425">
    <p class='ocr_par' dir='ltr' id='par_1_28' title="bbox 2280 1351 3871 1425">
     <span class='ocr_line' id='line_1_28' title="bbox 2280 1351 3871 1425; baseline -0.001 -16"><span class='ocrx_word' id='word_1_184' title='bbox 2280 1362 2460 1409; x_wconf 88' lang='lat' dir='ltr'><strong>matus</strong></span> <span class='ocrx_word' id='word_1_185' title='bbox 2484 1396 2498 1422; x_wconf 90' lang='lat'><strong>,</strong></span> <span class='ocrx_word' id='word_1_186' title='bbox 2553 1354 2796 1425; x_wconf 87' lang='lat' dir='ltr'><strong>pontifex</strong></span> <span class='ocrx_word' id='word_1_187' title='bbox 2851 1351 3026 1409; x_wconf 92' lang='lat' dir='ltr'><strong>factus</strong></span> <span class='ocrx_word' id='word_1_188' title='bbox 3078 1354 3286 1409; x_wconf 91' lang='lat' dir='ltr'><strong>nullam</strong></span> <span class='ocrx_word' id='word_1_189' title='bbox 3342 1353 3681 1409; x_wconf 89' lang='lat' dir='ltr'><strong>occasionem</strong></span> <span class='ocrx_word' id='word_1_190' title='bbox 3735 1368 3871 1424; x_wconf 85' lang='lat' dir='ltr'><strong>pra-</strong></span> 
     </span>
    </p>
   </div>
   <div class='ocr_carea' id='block_1_29' title="bbox 2280 1445 3876 1519">
    <p class='ocr_par' dir='ltr' id='par_1_29' title="bbox 2280 1445 3876 1519">
     <span class='ocr_line' id='line_1_29' title="bbox 2280 1445 3876 1519; baseline -0.001 -17"><span class='ocrx_word' id='word_1_191' title='bbox 2280 1447 2616 1503; x_wconf 88' lang='lat' dir='ltr'><strong>termittebat</strong></span> <span class='ocrx_word' id='word_1_192' title='bbox 2679 1463 2784 1518; x_wconf 92' lang='lat' dir='ltr'><strong>qua</strong></span> <span class='ocrx_word' id='word_1_193' title='bbox 2843 1448 3200 1519; x_wconf 89' lang='lat' dir='ltr'><strong>imperatores</strong></span> <span class='ocrx_word' id='word_1_194' title='bbox 3264 1448 3588 1503; x_wconf 88' lang='lat' dir='ltr'><strong>auctoritate</strong></span> <span class='ocrx_word' id='word_1_195' title='bbox 3660 1445 3876 1502; x_wconf 88' lang='lat' dir='ltr'><strong>creandi</strong></span> 
     </span>
    </p>
   </div>
   <div class='ocr_carea' id='block_1_30' title="bbox 2283 1540 3877 1612">
    <p class='ocr_par' dir='ltr' id='par_1_30' title="bbox 2283 1540 3877 1612">
     <span class='ocr_line' id='line_1_30' title="bbox 2283 1540 3877 1612; baseline -0.001 -18"><span class='ocrx_word' id='word_1_196' title='bbox 2283 1540 2600 1611; x_wconf 91' lang='lat' dir='ltr'><strong>pontiﬁcem</strong></span> <span class='ocrx_word' id='word_1_197' title='bbox 2642 1544 2961 1596; x_wconf 83' lang='lat' dir='ltr'><strong>Romanum</strong></span> <span class='ocrx_word' id='word_1_198' title='bbox 3003 1540 3283 1612; x_wconf 90' lang='lat' dir='ltr'><strong>spoliaret.</strong></span> <span class='ocrx_word' id='word_1_199' title='bbox 3332 1540 3432 1597; x_wconf 91' lang='lat' dir='ltr'><strong>Cui</strong></span> <span class='ocrx_word' id='word_1_200' title='bbox 3463 1540 3539 1596; x_wconf 87' lang='lat' dir='ltr'><strong>rei</strong></span> <span class='ocrx_word' id='word_1_201' title='bbox 3568 1541 3877 1595; x_wconf 88' lang='lat' dir='ltr'><strong>maximum</strong></span> 
     </span>
    </p>
   </div>
   <div class='ocr_carea' id='block_1_31' title="bbox 2283 1634 3877 1705">
    <p class='ocr_par' dir='ltr' id='par_1_31' title="bbox 2283 1634 3877 1705">
     <span class='ocr_line' id='line_1_31' title="bbox 2283 1634 3877 1705; baseline 0.001 -18"><span class='ocrx_word' id='word_1_202' title='bbox 2283 1634 2597 1690; x_wconf 88' lang='lat' dir='ltr'><strong>incendium</strong></span> <span class='ocrx_word' id='word_1_203' title='bbox 2629 1634 2824 1690; x_wconf 90' lang='lat' dir='ltr'><strong>obtulit</strong></span> <span class='ocrx_word' id='word_1_204' title='bbox 2851 1634 3129 1690; x_wconf 90' lang='lat' dir='ltr'><strong>comitissa</strong></span> <span class='ocrx_word' id='word_1_205' title='bbox 3152 1634 3445 1699; x_wconf 89' lang='lat' dir='ltr'><strong>Mathildis,</strong></span> <span class='ocrx_word' id='word_1_206' title='bbox 3469 1650 3579 1705; x_wconf 91' lang='lat' dir='ltr'><strong>quo</strong></span> <span class='ocrx_word' id='word_1_207' title='bbox 3599 1634 3722 1705; x_wconf 90' lang='lat' dir='ltr'><strong>jure</strong></span> <span class='ocrx_word' id='word_1_208' title='bbox 3749 1650 3877 1705; x_wconf 83' lang='lat' dir='ltr'><strong>quo-</strong></span> 
     </span>
    </p>
   </div>
   <div class='ocr_carea' id='block_1_32' title="bbox 2282 1727 3873 1799">
    <p class='ocr_par' dir='ltr' id='par_1_32' title="bbox 2282 1727 3873 1799">
     <span class='ocr_line' id='line_1_32' title="bbox 2282 1727 3873 1799; baseline -0.001 -18"><span class='ocrx_word' id='word_1_209' title='bbox 2282 1727 2413 1783; x_wconf 85' lang='lat' dir='ltr'><strong>dam</strong></span> <span class='ocrx_word' id='word_1_210' title='bbox 2440 1737 2631 1784; x_wconf 91' lang='lat' dir='ltr'><strong>contra</strong></span> <span class='ocrx_word' id='word_1_211' title='bbox 2672 1728 3057 1799; x_wconf 90' lang='lat' dir='ltr'><strong>imperatorem</strong></span> <span class='ocrx_word' id='word_1_212' title='bbox 3100 1730 3278 1799; x_wconf 93' lang='lat' dir='ltr'><strong>ipsum</strong></span> <span class='ocrx_word' id='word_1_213' title='bbox 3320 1727 3613 1799; x_wconf 87' lang='lat' dir='ltr'><strong>procedere</strong></span> <span class='ocrx_word' id='word_1_214' title='bbox 3644 1735 3873 1799; x_wconf 88' lang='lat' dir='ltr'><strong>poterat.</strong></span> 
     </span>
    </p>
   </div>
   <div class='ocr_carea' id='block_1_33' title="bbox 574 1818 3877 1892">
    <p class='ocr_par' dir='ltr' id='par_1_33' title="bbox 574 1818 3877 1892">
     <span class='ocr_line' id='line_1_33' title="bbox 574 1818 3877 1892; baseline 0 -17"><span class='ocrx_word' id='word_1_215' title='bbox 574 1819 684 1875; x_wconf 89' lang='lat' dir='ltr'><strong>tiati</strong></span> <span class='ocrx_word' id='word_1_216' title='bbox 730 1828 878 1875; x_wconf 91' lang='lat' dir='ltr'><strong>sunt.</strong></span> <span class='ocrx_word' id='word_1_217' title='bbox 914 1824 999 1875; x_wconf 85' lang='lat' dir='ltr'><strong>An</strong></span> <span class='ocrx_word' id='word_1_218' title='bbox 1029 1826 1210 1875; x_wconf 88' lang='lat' dir='ltr'><strong>autem</strong></span> <span class='ocrx_word' id='word_1_219' title='bbox 1249 1836 1443 1875; x_wconf 89' lang='lat' dir='ltr'><strong>eorum</strong></span> <span class='ocrx_word' id='word_1_220' title='bbox 1489 1837 1843 1888; x_wconf 88' lang='lat' dir='ltr'><strong>consensum,</strong></span> <span class='ocrx_word' id='word_1_221' title='bbox 1884 1830 2176 1892; x_wconf 89' lang='lat' dir='ltr'><strong>antequam</strong></span> <span class='ocrx_word' id='word_1_222' title='bbox 2204 1818 2252 1880; x_wconf 92' lang='lat' dir='ltr'><strong>B</strong></span> <span class='ocrx_word' id='word_1_223' title='bbox 2282 1822 2566 1878; x_wconf 84' lang='lat' dir='ltr'><strong>Mathildis</strong></span> <span class='ocrx_word' id='word_1_224' title='bbox 2603 1823 2749 1878; x_wconf 90' lang='lat' dir='ltr'><strong>enim</strong></span> <span class='ocrx_word' id='word_1_225' title='bbox 2795 1823 3022 1877; x_wconf 92' lang='lat' dir='ltr'><strong>illustris</strong></span> <span class='ocrx_word' id='word_1_226' title='bbox 3071 1823 3179 1887; x_wconf 93' lang='lat' dir='ltr'><strong>illa,</strong></span> <span class='ocrx_word' id='word_1_227' title='bbox 3208 1831 3261 1877; x_wconf 93' lang='lat' dir='ltr'><strong>et</strong></span> <span class='ocrx_word' id='word_1_228' title='bbox 3308 1830 3419 1876; x_wconf 90' lang='lat' dir='ltr'><strong>tota</strong></span> <span class='ocrx_word' id='word_1_229' title='bbox 3466 1821 3614 1876; x_wconf 91' lang='lat' dir='ltr'><strong>Italia</strong></span> <span class='ocrx_word' id='word_1_230' title='bbox 3642 1820 3877 1875; x_wconf 89' lang='lat' dir='ltr'><strong>celebra-</strong></span> 
     </span>
    </p>
   </div>
   <div class='ocr_carea' id='block_1_34' title="bbox 573 1913 2173 1984">
    <p class='ocr_par' dir='ltr' id='par_1_34' title="bbox 573 1913 2173 1984">
     <span class='ocr_line' id='line_1_34' title="bbox 573 1913 2173 1984; baseline 0.002 -17"><span class='ocrx_word' id='word_1_231' title='bbox 573 1922 1037 1979; x_wconf 89' lang='lat' dir='ltr'><strong>consecrarentur,</strong></span> <span class='ocrx_word' id='word_1_232' title='bbox 1102 1913 1470 1984; x_wconf 88' lang='lat' dir='ltr'><strong>requisierint,</strong></span> <span class='ocrx_word' id='word_1_233' title='bbox 1533 1913 1631 1969; x_wconf 91' lang='lat' dir='ltr'><strong>etsi</strong></span> <span class='ocrx_word' id='word_1_234' title='bbox 1696 1914 1831 1969; x_wconf 90' lang='lat' dir='ltr'><strong>mihi</strong></span> <span class='ocrx_word' id='word_1_235' title='bbox 1887 1915 2173 1971; x_wconf 85' lang='lat' dir='ltr'><strong>verisimile</strong></span> 
     </span>
    </p>
   </div>
   <div class='ocr_carea' id='block_1_35' title="bbox 573 2007 2173 2079">
    <p class='ocr_par' dir='ltr' id='par_1_35' title="bbox 573 2007 2173 2079">
     <span class='ocr_line' id='line_1_35' title="bbox 573 2007 2173 2079; baseline 0.001 -16"><span class='ocrx_word' id='word_1_236' title='bbox 573 2008 676 2075; x_wconf 90' lang='lat' dir='ltr'><strong>sit,</strong></span> <span class='ocrx_word' id='word_1_237' title='bbox 705 2024 986 2079; x_wconf 88' lang='lat' dir='ltr'><strong>nunquam</strong></span> <span class='ocrx_word' id='word_1_238' title='bbox 1023 2016 1208 2062; x_wconf 90' lang='lat' dir='ltr'><strong>tamen</strong></span> <span class='ocrx_word' id='word_1_239' title='bbox 1249 2007 1450 2061; x_wconf 89' lang='lat' dir='ltr'><strong>inveni.</strong></span> <span class='ocrx_word' id='word_1_240' title='bbox 1490 2010 1633 2073; x_wconf 79' lang='lat'><strong>(234)</strong></span> <span class='ocrx_word' id='word_1_241' title='bbox 1666 2010 1788 2063; x_wconf 89' lang='lat' dir='ltr'><strong>Hoc</strong></span> <span class='ocrx_word' id='word_1_242' title='bbox 1820 2016 2002 2063; x_wconf 89' lang='lat' dir='ltr'><strong>autem</strong></span> <span class='ocrx_word' id='word_1_243' title='bbox 2034 2009 2173 2064; x_wconf 89' lang='lat' dir='ltr'><strong>acci-</strong></span> 
     </span>
    </p>
   </div>
   <div class='ocr_carea' id='block_1_36' title="bbox 573 2099 2171 2172">
    <p class='ocr_par' dir='ltr' id='par_1_36' title="bbox 573 2099 2171 2172">
     <span class='ocr_line' id='line_1_36' title="bbox 573 2099 2171 2172; baseline 0.001 -16"><span class='ocrx_word' id='word_1_244' title='bbox 573 2100 721 2156; x_wconf 91' lang='lat' dir='ltr'><strong>disse</strong></span> <span class='ocrx_word' id='word_1_245' title='bbox 764 2099 1126 2166; x_wconf 89' lang='lat' dir='ltr'><strong>credendum,</strong></span> <span class='ocrx_word' id='word_1_246' title='bbox 1156 2108 1275 2155; x_wconf 86' lang='lat' dir='ltr'><strong>tum</strong></span> <span class='ocrx_word' id='word_1_247' title='bbox 1319 2110 1541 2172; x_wconf 91' lang='lat' dir='ltr'><strong>pr0pter</strong></span> <span class='ocrx_word' id='word_1_248' title='bbox 1570 2101 1788 2156; x_wconf 89' lang='lat' dir='ltr'><strong>Henrici</strong></span> <span class='ocrx_word' id='word_1_249' title='bbox 1838 2104 1885 2156; x_wconf 90' lang='lat' dir='ltr'><strong>Il</strong></span> <span class='ocrx_word' id='word_1_250' title='bbox 1920 2101 2171 2157; x_wconf 85' lang='lat' dir='ltr'><strong>eximiam</strong></span> 
     </span>
    </p>
   </div>
   <div class='ocr_carea' id='block_1_37' title="bbox 572 2193 2173 2266">
    <p class='ocr_par' dir='ltr' id='par_1_37' title="bbox 572 2193 2173 2266">
     <span class='ocr_line' id='line_1_37' title="bbox 572 2193 2173 2266; baseline -0.001 -15"><span class='ocrx_word' id='word_1_251' title='bbox 572 2195 938 2262; x_wconf 87' lang='lat' dir='ltr'><strong>sanctitatem,</strong></span> <span class='ocrx_word' id='word_1_252' title='bbox 966 2194 1054 2265; x_wconf 94' lang='lat' dir='ltr'><strong>qui</strong></span> <span class='ocrx_word' id='word_1_253' title='bbox 1094 2193 1318 2249; x_wconf 85' lang='lat' dir='ltr'><strong>liberam</strong></span> <span class='ocrx_word' id='word_1_254' title='bbox 1364 2194 1597 2250; x_wconf 89' lang='lat' dir='ltr'><strong>voluerit</strong></span> <span class='ocrx_word' id='word_1_255' title='bbox 1626 2210 1744 2250; x_wconf 90' lang='lat' dir='ltr'><strong>esse</strong></span> <span class='ocrx_word' id='word_1_256' title='bbox 1773 2193 2007 2249; x_wconf 85' lang='lat' dir='ltr'><strong>Romani</strong></span> <span class='ocrx_word' id='word_1_257' title='bbox 2040 2211 2173 2266; x_wconf 90' lang='lat' dir='ltr'><strong>pon-</strong></span> 
     </span>
    </p>
   </div>
   <div class='ocr_carea' id='block_1_38' title="bbox 574 2287 2174 2359">
    <p class='ocr_par' dir='ltr' id='par_1_38' title="bbox 574 2287 2174 2359">
     <span class='ocr_line' id='line_1_38' title="bbox 574 2287 2174 2359; baseline 0.001 -16"><span class='ocrx_word' id='word_1_258' title='bbox 574 2288 732 2344; x_wconf 89' lang='lat' dir='ltr'><strong>tiﬁcis</strong></span> <span class='ocrx_word' id='word_1_259' title='bbox 761 2287 1078 2344; x_wconf 91' lang='lat' dir='ltr'><strong>electionem</strong></span> <span class='ocrx_word' id='word_1_260' title='bbox 1098 2329 1111 2353; x_wconf 94' lang='lat'><strong>,</strong></span> <span class='ocrx_word' id='word_1_261' title='bbox 1157 2287 1311 2358; x_wconf 91' lang='lat' dir='ltr'><strong>cujus</strong></span> <span class='ocrx_word' id='word_1_262' title='bbox 1341 2287 1394 2342; x_wconf 91' lang='lat' dir='ltr'><strong>in</strong></span> <span class='ocrx_word' id='word_1_263' title='bbox 1437 2288 1700 2359; x_wconf 88' lang='lat' dir='ltr'><strong>superiori</strong></span> <span class='ocrx_word' id='word_1_264' title='bbox 1732 2288 1868 2343; x_wconf 91' lang='lat' dir='ltr'><strong>libro</strong></span> <span class='ocrx_word' id='word_1_265' title='bbox 1900 2304 1979 2343; x_wconf 83' lang='lat' dir='ltr'><strong>III</strong></span> <span class='ocrx_word' id='word_1_266' title='bbox 2023 2294 2174 2344; x_wconf 83' lang='lat' dir='ltr'><strong>vetus</strong></span> 
     </span>
    </p>
   </div>
   <div class='ocr_carea' id='block_1_39' title="bbox 574 2381 2171 2452">
    <p class='ocr_par' dir='ltr' id='par_1_39' title="bbox 574 2381 2171 2452">
     <span class='ocr_line' id='line_1_39' title="bbox 574 2381 2171 2452; baseline 0 -16"><span class='ocrx_word' id='word_1_267' title='bbox 574 2382 741 2437; x_wconf 89' lang='lat' dir='ltr'><strong>etiam</strong></span> <span class='ocrx_word' id='word_1_268' title='bbox 770 2381 1165 2437; x_wconf 90' lang='lat' dir='ltr'><strong>documentum</strong></span> <span class='ocrx_word' id='word_1_269' title='bbox 1194 2381 1399 2448; x_wconf 89' lang='lat' dir='ltr'><strong>retulit,</strong></span> <span class='ocrx_word' id='word_1_270' title='bbox 1433 2390 1550 2436; x_wconf 89' lang='lat' dir='ltr'><strong>tum</strong></span> <span class='ocrx_word' id='word_1_271' title='bbox 1581 2381 1747 2435; x_wconf 90' lang='lat' dir='ltr'><strong>etiam</strong></span> <span class='ocrx_word' id='word_1_272' title='bbox 1776 2390 1995 2452; x_wconf 90' lang='lat' dir='ltr'><strong>propter</strong></span> <span class='ocrx_word' id='word_1_273' title='bbox 2027 2382 2171 2436; x_wconf 89' lang='lat' dir='ltr'><strong>Cun-</strong></span> 
     </span>
    </p>
   </div>
   <div class='ocr_carea' id='block_1_40' title="bbox 571 2473 2173 2546">
    <p class='ocr_par' dir='ltr' id='par_1_40' title="bbox 571 2473 2173 2546">
     <span class='ocr_line' id='line_1_40' title="bbox 571 2473 2173 2546; baseline -0.001 -15"><span class='ocrx_word' id='word_1_274' title='bbox 571 2474 687 2531; x_wconf 90' lang='lat' dir='ltr'><strong>radi</strong></span> <span class='ocrx_word' id='word_1_275' title='bbox 716 2479 765 2531; x_wconf 92' lang='lat' dir='ltr'><strong>Il</strong></span> <span class='ocrx_word' id='word_1_276' title='bbox 796 2475 1193 2546; x_wconf 91' lang='lat' dir='ltr'><strong>occupationes,</strong></span> <span class='ocrx_word' id='word_1_277' title='bbox 1224 2475 1421 2545; x_wconf 90' lang='lat' dir='ltr'><strong>quibus</strong></span> <span class='ocrx_word' id='word_1_278' title='bbox 1460 2483 1512 2529; x_wconf 90' lang='lat' dir='ltr'><strong>et</strong></span> <span class='ocrx_word' id='word_1_279' title='bbox 1542 2475 1790 2529; x_wconf 89' lang='lat' dir='ltr'><strong>maximis</strong></span> <span class='ocrx_word' id='word_1_280' title='bbox 1830 2473 2003 2537; x_wconf 92' lang='lat' dir='ltr'><strong>bellis,</strong></span> <span class='ocrx_word' id='word_1_281' title='bbox 2038 2473 2173 2530; x_wconf 91' lang='lat' dir='ltr'><strong>dum</strong></span> 
     </span>
    </p>
   </div>
   <div class='ocr_carea' id='block_1_41' title="bbox 572 2567 2174 2639">
    <p class='ocr_par' dir='ltr' id='par_1_41' title="bbox 572 2567 2174 2639">
     <span class='ocr_line' id='line_1_41' title="bbox 572 2567 2174 2639; baseline -0.001 -15"><span class='ocrx_word' id='word_1_282' title='bbox 572 2568 732 2638; x_wconf 87' lang='lat' dir='ltr'><strong>vixit,</strong></span> <span class='ocrx_word' id='word_1_283' title='bbox 780 2568 1036 2624; x_wconf 90' lang='lat' dir='ltr'><strong>detentus</strong></span> <span class='ocrx_word' id='word_1_284' title='bbox 1080 2576 1181 2635; x_wconf 91' lang='lat' dir='ltr'><strong>est,</strong></span> <span class='ocrx_word' id='word_1_285' title='bbox 1228 2569 1387 2639; x_wconf 89' lang='lat' dir='ltr'><strong>longe</strong></span> <span class='ocrx_word' id='word_1_286' title='bbox 1424 2567 1493 2621; x_wconf 89' lang='lat' dir='ltr'><strong>ab</strong></span> <span class='ocrx_word' id='word_1_287' title='bbox 1540 2567 1693 2624; x_wconf 91' lang='lat' dir='ltr'><strong>Urbe</strong></span> <span class='ocrx_word' id='word_1_288' title='bbox 1741 2567 1955 2622; x_wconf 91' lang='lat' dir='ltr'><strong>absens.</strong></span> <span class='ocrx_word' id='word_1_289' title='bbox 1988 2572 2174 2638; x_wconf 85' lang='lat' dir='ltr'><strong>Neque</strong></span> 
     </span>
    </p>
   </div>
   <div class='ocr_carea' id='block_1_42' title="bbox 572 2661 2174 2733">
    <p class='ocr_par' dir='ltr' id='par_1_42' title="bbox 572 2661 2174 2733">
     <span class='ocr_line' id='line_1_42' title="bbox 572 2661 2174 2733; baseline -0.001 -17"><span class='ocrx_word' id='word_1_290' title='bbox 572 2663 737 2727; x_wconf 82' lang='lat' dir='ltr'><strong>etiam</strong></span> <span class='ocrx_word' id='word_1_291' title='bbox 762 2678 1003 2733; x_wconf 89' lang='lat' dir='ltr'><strong>unquam</strong></span> <span class='ocrx_word' id='word_1_292' title='bbox 1034 2661 1318 2733; x_wconf 89' lang='lat' dir='ltr'><strong>contigisse</strong></span> <span class='ocrx_word' id='word_1_293' title='bbox 1350 2661 1565 2732; x_wconf 85' lang='lat' dir='ltr'><strong>legitur,</strong></span> <span class='ocrx_word' id='word_1_294' title='bbox 1600 2669 1659 2715; x_wconf 92' lang='lat' dir='ltr'><strong>ut</strong></span> <span class='ocrx_word' id='word_1_295' title='bbox 1690 2676 1830 2716; x_wconf 91' lang='lat' dir='ltr'><strong>unus</strong></span> <span class='ocrx_word' id='word_1_296' title='bbox 1860 2678 1925 2715; x_wconf 86' lang='lat' dir='ltr'><strong>ex</strong></span> <span class='ocrx_word' id='word_1_297' title='bbox 1944 2661 2025 2715; x_wconf 84' lang='lat' dir='ltr'><strong>his</strong></span> <span class='ocrx_word' id='word_1_298' title='bbox 2047 2661 2174 2715; x_wconf 93' lang='lat' dir='ltr'><strong>duo-</strong></span> 
     </span>
    </p>
   </div>
   <div class='ocr_carea' id='block_1_43' title="bbox 572 2754 2177 2826">
    <p class='ocr_par' dir='ltr' id='par_1_43' title="bbox 572 2754 2177 2826">
     <span class='ocr_line' id='line_1_43' title="bbox 572 2754 2177 2826; baseline -0.001 -16"><span class='ocrx_word' id='word_1_299' title='bbox 572 2756 674 2811; x_wconf 88' lang='lat' dir='ltr'><strong>bus</strong></span> <span class='ocrx_word' id='word_1_300' title='bbox 726 2754 1141 2826; x_wconf 89' lang='lat' dir='ltr'><strong>imperatoribus</strong></span> <span class='ocrx_word' id='word_1_301' title='bbox 1194 2756 1420 2820; x_wconf 84' lang='lat' dir='ltr'><strong>Roma,</strong></span> <span class='ocrx_word' id='word_1_302' title='bbox 1470 2755 1549 2808; x_wconf 87' lang='lat' dir='ltr'><strong>vel</strong></span> <span class='ocrx_word' id='word_1_303' title='bbox 1609 2754 1667 2808; x_wconf 91' lang='lat' dir='ltr'><strong>in</strong></span> <span class='ocrx_word' id='word_1_304' title='bbox 1719 2754 1868 2809; x_wconf 88' lang='lat' dir='ltr'><strong>Italia</strong></span> <span class='ocrx_word' id='word_1_305' title='bbox 1936 2754 2177 2809; x_wconf 89' lang='lat' dir='ltr'><strong>vacantis</strong></span> 
     </span>
    </p>
   </div>
   <div class='ocr_carea' id='block_1_44' title="bbox 570 2846 2175 2919">
    <p class='ocr_par' dir='ltr' id='par_1_44' title="bbox 570 2846 2175 2919">
     <span class='ocr_line' id='line_1_44' title="bbox 570 2846 2175 2919; baseline -0.002 -14"><span class='ocrx_word' id='word_1_306' title='bbox 570 2849 715 2905; x_wconf 89' lang='lat' dir='ltr'><strong>sedis</strong></span> <span class='ocrx_word' id='word_1_307' title='bbox 762 2858 1008 2919; x_wconf 90' lang='lat' dir='ltr'><strong>tempore</strong></span> <span class='ocrx_word' id='word_1_308' title='bbox 1056 2847 1233 2903; x_wconf 84' lang='lat' dir='ltr'><strong>fuerit.</strong></span> <span class='ocrx_word' id='word_1_309' title='bbox 1287 2850 1429 2902; x_wconf 87' lang='lat' dir='ltr'><strong>Nam</strong></span> <span class='ocrx_word' id='word_1_310' title='bbox 1480 2846 1619 2902; x_wconf 85' lang='lat' dir='ltr'><strong>forte</strong></span> <span class='ocrx_word' id='word_1_311' title='bbox 1672 2848 1837 2901; x_wconf 89' lang='lat' dir='ltr'><strong>trium</strong></span> <span class='ocrx_word' id='word_1_312' title='bbox 1889 2848 2175 2903; x_wconf 91' lang='lat' dir='ltr'><strong>Othonum</strong></span> 
     </span>
    </p>
   </div>
   <div class='ocr_carea' id='block_1_45' title="bbox 570 2939 2172 3014">
    <p class='ocr_par' dir='ltr' id='par_1_45' title="bbox 570 2939 2172 3014">
     <span class='ocr_line' id='line_1_45' title="bbox 570 2939 2172 3014; baseline -0.002 -17"><span class='ocrx_word' id='word_1_313' title='bbox 570 2942 1036 3014; x_wconf 87' lang='lat' dir='ltr'><strong>pradecessorum</strong></span> <span class='ocrx_word' id='word_1_314' title='bbox 1081 2957 1311 2997; x_wconf 91' lang='lat' dir='ltr'><strong>suorum</strong></span> <span class='ocrx_word' id='word_1_315' title='bbox 1340 2943 1593 3012; x_wconf 87' lang='lat' dir='ltr'><strong>exemplo</strong></span> <span class='ocrx_word' id='word_1_316' title='bbox 1632 2943 1948 2995; x_wconf 81' lang='lat' dir='ltr'><strong>Romanum</strong></span> <span class='ocrx_word' id='word_1_317' title='bbox 1990 2939 2172 3011; x_wconf 90' lang='lat' dir='ltr'><strong>ponti-</strong></span> 
     </span>
    </p>
   </div>
   <div class='ocr_carea' id='block_1_46' title="bbox 570 3034 2173 3101">
    <p class='ocr_par' dir='ltr' id='par_1_46' title="bbox 570 3034 2173 3101">
     <span class='ocr_line' id='line_1_46' title="bbox 570 3034 2173 3101; baseline -0.001 -10"><span class='ocrx_word' id='word_1_318' title='bbox 570 3036 731 3091; x_wconf 88' lang='lat' dir='ltr'><strong>ﬁcem</strong></span> <span class='ocrx_word' id='word_1_319' title='bbox 761 3035 1062 3091; x_wconf 87' lang='lat' dir='ltr'><strong>dedissent.</strong></span> <span class='ocrx_word' id='word_1_320' title='bbox 1093 3036 1369 3090; x_wconf 87' lang='lat' dir='ltr'><strong>Caterum</strong></span> <span class='ocrx_word' id='word_1_321' title='bbox 1400 3049 1527 3089; x_wconf 90' lang='lat' dir='ltr'><strong>cum</strong></span> <span class='ocrx_word' id='word_1_322' title='bbox 1561 3034 1631 3088; x_wconf 93' lang='lat' dir='ltr'><strong>ob</strong></span> <span class='ocrx_word' id='word_1_323' title='bbox 1678 3049 1869 3089; x_wconf 93' lang='lat' dir='ltr'><strong>eorum</strong></span> <span class='ocrx_word' id='word_1_324' title='bbox 1898 3039 2044 3101; x_wconf 85' lang='lat'><strong>(235)</strong></span> <span class='ocrx_word' id='word_1_325' title='bbox 2075 3049 2173 3089; x_wconf 87' lang='lat' dir='ltr'><strong>ne-</strong></span> 
     </span>
    </p>
   </div>
   <div class='ocr_carea' id='block_1_47' title="bbox 572 3127 2168 3200">
    <p class='ocr_par' dir='ltr' id='par_1_47' title="bbox 572 3127 2168 3200">
     <span class='ocr_line' id='line_1_47' title="bbox 572 3127 2168 3200; baseline -0.003 -17"><span class='ocrx_word' id='word_1_326' title='bbox 572 3128 885 3200; x_wconf 88' lang='lat' dir='ltr'><strong>gligentiam</strong></span> <span class='ocrx_word' id='word_1_327' title='bbox 958 3127 1012 3181; x_wconf 90' lang='lat' dir='ltr'><strong>in</strong></span> <span class='ocrx_word' id='word_1_328' title='bbox 1068 3127 1275 3197; x_wconf 89' lang='lat' dir='ltr'><strong>imperii</strong></span> <span class='ocrx_word' id='word_1_329' title='bbox 1339 3127 1463 3198; x_wconf 91' lang='lat' dir='ltr'><strong>jure</strong></span> <span class='ocrx_word' id='word_1_330' title='bbox 1530 3127 1773 3193; x_wconf 90' lang='lat' dir='ltr'><strong>tuendo,</strong></span> <span class='ocrx_word' id='word_1_331' title='bbox 1840 3128 2168 3199; x_wconf 85' lang='lat' dir='ltr'><strong>privilegium</strong></span> 
     </span>
    </p>
   </div>
   <div class='ocr_carea' id='block_1_48' title="bbox 2281 1914 3876 1986">
    <p class='ocr_par' dir='ltr' id='par_1_48' title="bbox 2281 1914 3876 1986">
     <span class='ocr_line' id='line_1_48' title="bbox 2281 1914 3876 1986; baseline 0 -17"><span class='ocrx_word' id='word_1_332' title='bbox 2281 1915 2487 1971; x_wconf 92' lang='lat' dir='ltr'><strong>tissima</strong></span> <span class='ocrx_word' id='word_1_333' title='bbox 2516 1915 2740 1982; x_wconf 83' lang='lat' dir='ltr'><strong>femina,</strong></span> <span class='ocrx_word' id='word_1_334' title='bbox 2785 1916 3050 1971; x_wconf 88' lang='lat' dir='ltr'><strong>Bonifacii</strong></span> <span class='ocrx_word' id='word_1_335' title='bbox 3092 1916 3315 1971; x_wconf 88' lang='lat' dir='ltr'><strong>maximi</strong></span> <span class='ocrx_word' id='word_1_336' title='bbox 3353 1931 3448 1986; x_wconf 90' lang='lat' dir='ltr'><strong>per</strong></span> <span class='ocrx_word' id='word_1_337' title='bbox 3475 1914 3685 1970; x_wconf 88' lang='lat' dir='ltr'><strong>Italiam</strong></span> <span class='ocrx_word' id='word_1_338' title='bbox 3730 1915 3876 1986; x_wconf 90' lang='lat' dir='ltr'><strong>prin-</strong></span> 
     </span>
    </p>
   </div>
   <div class='ocr_carea' id='block_1_49' title="bbox 2281 2008 3879 2081">
    <p class='ocr_par' dir='ltr' id='par_1_49' title="bbox 2281 2008 3879 2081">
     <span class='ocr_line' id='line_1_49' title="bbox 2281 2008 3879 2081; baseline -0.002 -16"><span class='ocrx_word' id='word_1_339' title='bbox 2281 2009 2419 2081; x_wconf 89' lang='lat' dir='ltr'><strong>cipis</strong></span> <span class='ocrx_word' id='word_1_340' title='bbox 2471 2009 2580 2065; x_wconf 86' lang='lat' dir='ltr'><strong>filia</strong></span> <span class='ocrx_word' id='word_1_341' title='bbox 2630 2019 2685 2065; x_wconf 91' lang='lat' dir='ltr'><strong>et</strong></span> <span class='ocrx_word' id='word_1_342' title='bbox 2737 2009 2953 2074; x_wconf 89' lang='lat' dir='ltr'><strong>hares,</strong></span> <span class='ocrx_word' id='word_1_343' title='bbox 2995 2009 3337 2081; x_wconf 89' lang='lat' dir='ltr'><strong>imperatoris</strong></span> <span class='ocrx_word' id='word_1_344' title='bbox 3383 2008 3601 2064; x_wconf 90' lang='lat' dir='ltr'><strong>Henrici</strong></span> <span class='ocrx_word' id='word_1_345' title='bbox 3649 2010 3720 2061; x_wconf 91' lang='lat' dir='ltr'><strong>IV</strong></span> <span class='ocrx_word' id='word_1_346' title='bbox 3768 2009 3879 2062; x_wconf 90' lang='lat' dir='ltr'><strong>vim</strong></span> 
     </span>
    </p>
   </div>
   <div class='ocr_carea' id='block_1_50' title="bbox 2282 2101 3878 2175">
    <p class='ocr_par' dir='ltr' id='par_1_50' title="bbox 2282 2101 3878 2175">
     <span class='ocr_line' id='line_1_50' title="bbox 2282 2101 3878 2175; baseline -0.002 -17"><span class='ocrx_word' id='word_1_347' title='bbox 2282 2104 2509 2171; x_wconf 90' lang='lat' dir='ltr'><strong>timens,</strong></span> <span class='ocrx_word' id='word_1_348' title='bbox 2542 2104 2688 2175; x_wconf 86' lang='lat'><strong>(239)</strong></span> <span class='ocrx_word' id='word_1_349' title='bbox 2720 2103 3143 2175; x_wconf 88' lang='lat' dir='ltr'><strong>Longobardia,</strong></span> <span class='ocrx_word' id='word_1_350' title='bbox 3176 2103 3388 2159; x_wconf 87' lang='lat' dir='ltr'><strong>Tuscia</strong></span> <span class='ocrx_word' id='word_1_351' title='bbox 3419 2111 3474 2158; x_wconf 90' lang='lat' dir='ltr'><strong>et</strong></span> <span class='ocrx_word' id='word_1_352' title='bbox 3501 2101 3737 2174; x_wconf 86' lang='lat' dir='ltr'><strong>Liguria</strong></span> <span class='ocrx_word' id='word_1_353' title='bbox 3774 2101 3878 2156; x_wconf 91' lang='lat' dir='ltr'><strong>ali-</strong></span> 
     </span>
    </p>
   </div>
   <div class='ocr_carea' id='block_1_51' title="bbox 2282 2195 3879 2270">
    <p class='ocr_par' dir='ltr' id='par_1_51' title="bbox 2282 2195 3879 2270">
     <span class='ocr_line' id='line_1_51' title="bbox 2282 2195 3879 2270; baseline -0.002 -18"><span class='ocrx_word' id='word_1_354' title='bbox 2282 2205 2417 2270; x_wconf 89' lang='lat' dir='ltr'><strong>quot</strong></span> <span class='ocrx_word' id='word_1_355' title='bbox 2457 2195 2617 2252; x_wconf 90' lang='lat' dir='ltr'><strong>urbes</strong></span> <span class='ocrx_word' id='word_1_356' title='bbox 2637 2197 2763 2268; x_wconf 89' lang='lat' dir='ltr'><strong>jure</strong></span> <span class='ocrx_word' id='word_1_357' title='bbox 2806 2196 3148 2254; x_wconf 85' lang='lat' dir='ltr'><strong>hareditario</strong></span> <span class='ocrx_word' id='word_1_358' title='bbox 3190 2196 3257 2251; x_wconf 90' lang='lat' dir='ltr'><strong>ad</strong></span> <span class='ocrx_word' id='word_1_359' title='bbox 3288 2212 3346 2251; x_wconf 88' lang='lat' dir='ltr'><strong>se</strong></span> <span class='ocrx_word' id='word_1_360' title='bbox 3375 2195 3707 2267; x_wconf 87' lang='lat' dir='ltr'><strong>pertinentes</strong></span> <span class='ocrx_word' id='word_1_361' title='bbox 3736 2196 3879 2251; x_wconf 89' lang='lat' dir='ltr'><strong>Gre-</strong></span> 
     </span>
    </p>
   </div>
   <div class='ocr_carea' id='block_1_52' title="bbox 2281 2288 3879 2363">
    <p class='ocr_par' dir='ltr' id='par_1_52' title="bbox 2281 2288 3879 2363">
     <span class='ocr_line' id='line_1_52' title="bbox 2281 2288 3879 2363; baseline -0.001 -18"><span class='ocrx_word' id='word_1_362' title='bbox 2281 2292 2435 2363; x_wconf 89' lang='lat' dir='ltr'><strong>gorio</strong></span> <span class='ocrx_word' id='word_1_363' title='bbox 2464 2306 2617 2361; x_wconf 89' lang='lat' dir='ltr'><strong>papa</strong></span> <span class='ocrx_word' id='word_1_364' title='bbox 2644 2299 2697 2346; x_wconf 92' lang='lat' dir='ltr'><strong>et</strong></span> <span class='ocrx_word' id='word_1_365' title='bbox 2721 2292 2776 2347; x_wconf 93' lang='lat' dir='ltr'><strong>S.</strong></span> <span class='ocrx_word' id='word_1_366' title='bbox 2806 2294 2882 2346; x_wconf 85' lang='lat' dir='ltr'><strong>R.</strong></span> <span class='ocrx_word' id='word_1_367' title='bbox 2912 2291 3221 2348; x_wconf 87' lang='lat' dir='ltr'><strong>Edonavit.</strong></span> <span class='ocrx_word' id='word_1_368' title='bbox 3250 2292 3398 2361; x_wconf 80' lang='lat'><strong>(240)</strong></span> <span class='ocrx_word' id='word_1_369' title='bbox 3420 2289 3565 2345; x_wconf 91' lang='lat' dir='ltr'><strong>Hinc</strong></span> <span class='ocrx_word' id='word_1_370' title='bbox 3592 2288 3706 2345; x_wconf 89' lang='lat' dir='ltr'><strong>odii</strong></span> <span class='ocrx_word' id='word_1_371' title='bbox 3732 2288 3879 2344; x_wconf 88' lang='lat' dir='ltr'><strong>inter</strong></span> 
     </span>
    </p>
   </div>
   <div class='ocr_carea' id='block_1_53' title="bbox 2279 2382 3880 2455">
    <p class='ocr_par' dir='ltr' id='par_1_53' title="bbox 2279 2382 3880 2455">
     <span class='ocr_line' id='line_1_53' title="bbox 2279 2382 3880 2455; baseline -0.001 -16"><span class='ocrx_word' id='word_1_372' title='bbox 2279 2385 2669 2455; x_wconf 90' lang='lat' dir='ltr'><strong>imperatorem</strong></span> <span class='ocrx_word' id='word_1_373' title='bbox 2701 2392 2755 2439; x_wconf 92' lang='lat' dir='ltr'><strong>et</strong></span> <span class='ocrx_word' id='word_1_374' title='bbox 2796 2383 3115 2455; x_wconf 89' lang='lat' dir='ltr'><strong>pontiﬁcem</strong></span> <span class='ocrx_word' id='word_1_375' title='bbox 3161 2383 3525 2439; x_wconf 89' lang='lat' dir='ltr'><strong>seminarium</strong></span> <span class='ocrx_word' id='word_1_376' title='bbox 3572 2382 3750 2454; x_wconf 90' lang='lat' dir='ltr'><strong>primo</strong></span> <span class='ocrx_word' id='word_1_377' title='bbox 3786 2398 3880 2438; x_wconf 82' lang='lat' dir='ltr'><strong>ex-</strong></span> 
     </span>
    </p>
   </div>
   <div class='ocr_carea' id='block_1_54' title="bbox 2281 2474 3877 2548">
    <p class='ocr_par' dir='ltr' id='par_1_54' title="bbox 2281 2474 3877 2548">
     <span class='ocr_line' id='line_1_54' title="bbox 2281 2474 3877 2548; baseline -0.002 -16"><span class='ocrx_word' id='word_1_378' title='bbox 2281 2485 2489 2545; x_wconf 90' lang='lat' dir='ltr'><strong>ortum,</strong></span> <span class='ocrx_word' id='word_1_379' title='bbox 2523 2493 2651 2532; x_wconf 92' lang='lat' dir='ltr'><strong>cum</strong></span> <span class='ocrx_word' id='word_1_380' title='bbox 2682 2478 2977 2548; x_wconf 87' lang='lat' dir='ltr'><strong>imperator</strong></span> <span class='ocrx_word' id='word_1_381' title='bbox 3013 2477 3368 2532; x_wconf 88' lang='lat' dir='ltr'><strong>donationem</strong></span> <span class='ocrx_word' id='word_1_382' title='bbox 3403 2476 3556 2531; x_wconf 90' lang='lat' dir='ltr'><strong>illam</strong></span> <span class='ocrx_word' id='word_1_383' title='bbox 3587 2475 3639 2530; x_wconf 90' lang='lat' dir='ltr'><strong>in</strong></span> <span class='ocrx_word' id='word_1_384' title='bbox 3670 2474 3877 2546; x_wconf 89' lang='lat' dir='ltr'><strong>imperii</strong></span> 
     </span>
    </p>
   </div>
   <div class='ocr_carea' id='block_1_55' title="bbox 2282 2567 3879 2641">
    <p class='ocr_par' dir='ltr' id='par_1_55' title="bbox 2282 2567 3879 2641">
     <span class='ocr_line' id='line_1_55' title="bbox 2282 2567 3879 2641; baseline -0.001 -17"><span class='ocrx_word' id='word_1_385' title='bbox 2282 2570 2459 2641; x_wconf 86' lang='lat' dir='ltr'><strong>(cujus</strong></span> <span class='ocrx_word' id='word_1_386' title='bbox 2490 2569 2772 2625; x_wconf 88' lang='lat' dir='ltr'><strong>Mathildis</strong></span> <span class='ocrx_word' id='word_1_387' title='bbox 2802 2569 3148 2626; x_wconf 90' lang='lat' dir='ltr'><strong>beneﬁciaria</strong></span> <span class='ocrx_word' id='word_1_388' title='bbox 3180 2574 3319 2635; x_wconf 89' lang='lat' dir='ltr'><strong>erat)</strong></span> <span class='ocrx_word' id='word_1_389' title='bbox 3368 2567 3743 2640; x_wconf 88' lang='lat' dir='ltr'><strong>prajudicium</strong></span> <span class='ocrx_word' id='word_1_390' title='bbox 3784 2585 3879 2639; x_wconf 89' lang='lat' dir='ltr'><strong>ap-</strong></span> 
     </span>
    </p>
   </div>
   <div class='ocr_carea' id='block_1_56' title="bbox 2281 2662 3880 2733">
    <p class='ocr_par' dir='ltr' id='par_1_56' title="bbox 2281 2662 3880 2733">
     <span class='ocr_line' id='line_1_56' title="bbox 2281 2662 3880 2733; baseline -0.001 -16"><span class='ocrx_word' id='word_1_391' title='bbox 2281 2663 2511 2733; x_wconf 87' lang='lat' dir='ltr'><strong>probare</strong></span> <span class='ocrx_word' id='word_1_392' title='bbox 2536 2663 2685 2718; x_wconf 90' lang='lat' dir='ltr'><strong>nulla</strong></span> <span class='ocrx_word' id='word_1_393' title='bbox 2711 2663 2921 2718; x_wconf 84' lang='lat' dir='ltr'><strong>ratione</strong></span> <span class='ocrx_word' id='word_1_394' title='bbox 2946 2662 3240 2729; x_wconf 90' lang='lat' dir='ltr'><strong>voluisset;</strong></span> <span class='ocrx_word' id='word_1_395' title='bbox 3270 2663 3385 2717; x_wconf 90' lang='lat' dir='ltr'><strong>imo</strong></span> <span class='ocrx_word' id='word_1_396' title='bbox 3427 2678 3490 2717; x_wconf 91' lang='lat' dir='ltr'><strong>ea</strong></span> <span class='ocrx_word' id='word_1_397' title='bbox 3510 2662 3695 2717; x_wconf 90' lang='lat' dir='ltr'><strong>omnia</strong></span> <span class='ocrx_word' id='word_1_398' title='bbox 3722 2678 3880 2716; x_wconf 85' lang='lat' dir='ltr'><strong>occu-</strong></span> 
     </span>
    </p>
   </div>
   <div class='ocr_carea' id='block_1_57' title="bbox 2283 2755 3875 2827">
    <p class='ocr_par' dir='ltr' id='par_1_57' title="bbox 2283 2755 3875 2827">
     <span class='ocr_line' id='line_1_57' title="bbox 2283 2755 3875 2827; baseline -0.001 -18"><span class='ocrx_word' id='word_1_399' title='bbox 2283 2772 2412 2826; x_wconf 86' lang='lat' dir='ltr'><strong>pare</strong></span> <span class='ocrx_word' id='word_1_400' title='bbox 2441 2764 2709 2827; x_wconf 89' lang='lat' dir='ltr'><strong>tanquam</strong></span> <span class='ocrx_word' id='word_1_401' title='bbox 2752 2755 2821 2811; x_wconf 90' lang='lat' dir='ltr'><strong>ad</strong></span> <span class='ocrx_word' id='word_1_402' title='bbox 2852 2772 2909 2811; x_wconf 90' lang='lat' dir='ltr'><strong>se</strong></span> <span class='ocrx_word' id='word_1_403' title='bbox 2950 2755 3201 2811; x_wconf 88' lang='lat' dir='ltr'><strong>devoluta</strong></span> <span class='ocrx_word' id='word_1_404' title='bbox 3246 2763 3502 2811; x_wconf 83' lang='lat' dir='ltr'><strong>tentaret.</strong></span> <span class='ocrx_word' id='word_1_405' title='bbox 3544 2758 3699 2811; x_wconf 90' lang='lat' dir='ltr'><strong>Tunc</strong></span> <span class='ocrx_word' id='word_1_406' title='bbox 3725 2755 3875 2809; x_wconf 89' lang='lat' dir='ltr'><strong>enim</strong></span> 
     </span>
    </p>
   </div>
   <div class='ocr_carea' id='block_1_58' title="bbox 2283 2852 3878 2925">
    <p class='ocr_par' dir='ltr' id='par_1_58' title="bbox 2283 2852 3878 2925">
     <span class='ocr_line' id='line_1_58' title="bbox 2283 2852 3878 2925; baseline -0.002 -18"><span class='ocrx_word' id='word_1_407' title='bbox 2283 2852 2531 2923; x_wconf 83' lang='lat' dir='ltr'><strong>pontifex</strong></span> <span class='ocrx_word' id='word_1_408' title='bbox 2587 2854 3050 2925; x_wconf 88' lang='lat' dir='ltr'><strong>opportunitatem</strong></span> <span class='ocrx_word' id='word_1_409' title='bbox 3108 2862 3319 2920; x_wconf 88' lang='lat' dir='ltr'><strong>nactus,</strong></span> <span class='ocrx_word' id='word_1_410' title='bbox 3375 2852 3524 2922; x_wconf 92' lang='lat' dir='ltr'><strong>quod</strong></span> <span class='ocrx_word' id='word_1_411' title='bbox 3572 2853 3878 2923; x_wconf 88' lang='lat' dir='ltr'><strong>imperator</strong></span> 
     </span>
    </p>
   </div>
   <div class='ocr_carea' id='block_1_59' title="bbox 2282 2952 3875 3023">
    <p class='ocr_par' dir='ltr' id='par_1_59' title="bbox 2282 2952 3875 3023">
     <span class='ocr_line' id='line_1_59' title="bbox 2282 2952 3875 3023; baseline 0.001 -17"><span class='ocrx_word' id='word_1_412' title='bbox 2282 2952 2386 3006; x_wconf 89' lang='lat' dir='ltr'><strong>sibi</strong></span> <span class='ocrx_word' id='word_1_413' title='bbox 2400 2953 2525 3023; x_wconf 90' lang='lat' dir='ltr'><strong>jura</strong></span> <span class='ocrx_word' id='word_1_414' title='bbox 2558 2954 2857 3008; x_wconf 88' lang='lat' dir='ltr'><strong>vindicaret</strong></span> <span class='ocrx_word' id='word_1_415' title='bbox 2888 2953 3160 3018; x_wconf 87' lang='lat' dir='ltr'><strong>Ecclesia,</strong></span> <span class='ocrx_word' id='word_1_416' title='bbox 3187 2962 3375 3023; x_wconf 87' lang='lat' dir='ltr'><strong>postea</strong></span> <span class='ocrx_word' id='word_1_417' title='bbox 3395 2969 3525 3008; x_wconf 90' lang='lat' dir='ltr'><strong>eum</strong></span> <span class='ocrx_word' id='word_1_418' title='bbox 3556 2968 3875 3008; x_wconf 87' lang='lat' dir='ltr'><strong>excommu-</strong></span> 
     </span>
    </p>
   </div>
   <div class='ocr_carea' id='block_1_60' title="bbox 2286 3049 3875 3121">
    <p class='ocr_par' dir='ltr' id='par_1_60' title="bbox 2286 3049 3875 3121">
     <span class='ocr_line' id='line_1_60' title="bbox 2286 3049 3875 3121; baseline 0.002 -19"><span class='ocrx_word' id='word_1_419' title='bbox 2286 3049 2505 3119; x_wconf 86' lang='lat' dir='ltr'><strong>nicavit,</strong></span> <span class='ocrx_word' id='word_1_420' title='bbox 2532 3050 2633 3105; x_wconf 87' lang='lat' dir='ltr'><strong>alia</strong></span> <span class='ocrx_word' id='word_1_421' title='bbox 2658 3051 2882 3106; x_wconf 90' lang='lat' dir='ltr'><strong>demum</strong></span> <span class='ocrx_word' id='word_1_422' title='bbox 2921 3051 3240 3114; x_wconf 87' lang='lat' dir='ltr'><strong>accedente,</strong></span> <span class='ocrx_word' id='word_1_423' title='bbox 3271 3066 3397 3121; x_wconf 89' lang='lat' dir='ltr'><strong>qua</strong></span> <span class='ocrx_word' id='word_1_424' title='bbox 3418 3051 3875 3121; x_wconf 89' lang='lat' dir='ltr'><strong>periculosissima</strong></span> 
     </span>
    </p>
   </div>
   <div class='ocr_carea' id='block_1_61' title="bbox 2282 3142 3876 3212">
    <p class='ocr_par' dir='ltr' id='par_1_61' title="bbox 2282 3142 3876 3212">
     <span class='ocr_line' id='line_1_61' title="bbox 2282 3142 3876 3212; baseline 0.001 -16"><span class='ocrx_word' id='word_1_425' title='bbox 2282 3151 2419 3210; x_wconf 92' lang='lat' dir='ltr'><strong>erat,</strong></span> <span class='ocrx_word' id='word_1_426' title='bbox 2451 3160 2635 3199; x_wconf 90' lang='lat' dir='ltr'><strong>causa.</strong></span> <span class='ocrx_word' id='word_1_427' title='bbox 2661 3144 2932 3198; x_wconf 86' lang='lat' dir='ltr'><strong>Henricus</strong></span> <span class='ocrx_word' id='word_1_428' title='bbox 2961 3143 3111 3197; x_wconf 89' lang='lat' dir='ltr'><strong>enim</strong></span> <span class='ocrx_word' id='word_1_429' title='bbox 3133 3144 3205 3195; x_wconf 92' lang='lat' dir='ltr'><strong>IV</strong></span> <span class='ocrx_word' id='word_1_430' title='bbox 3227 3142 3548 3212; x_wconf 88' lang='lat' dir='ltr'><strong>imperator,</strong></span> <span class='ocrx_word' id='word_1_431' title='bbox 3581 3159 3709 3198; x_wconf 89' lang='lat' dir='ltr'><strong>cum</strong></span> <span class='ocrx_word' id='word_1_432' title='bbox 3735 3143 3876 3197; x_wconf 90' lang='lat' dir='ltr'><strong>mul-</strong></span> 
     </span>
    </p>
   </div>
   <div class='ocr_carea' id='block_1_62' title="bbox 570 3214 2166 3311">
    <p class='ocr_par' dir='ltr' id='par_1_62' title="bbox 570 3219 2166 3288">
     <span class='ocr_line' id='line_1_62' title="bbox 570 3219 2166 3288; baseline -0.002 -11"><span class='ocrx_word' id='word_1_433' title='bbox 570 3220 773 3277; x_wconf 90' lang='lat' dir='ltr'><strong>Leonis</strong></span> <span class='ocrx_word' id='word_1_434' title='bbox 805 3222 931 3274; x_wconf 91' lang='lat' dir='ltr'><strong>VIII</strong></span> <span class='ocrx_word' id='word_1_435' title='bbox 965 3220 1106 3275; x_wconf 88' lang='lat' dir='ltr'><strong>forte</strong></span> <span class='ocrx_word' id='word_1_436' title='bbox 1132 3219 1485 3275; x_wconf 91' lang='lat' dir='ltr'><strong>obsolevisset</strong></span> <span class='ocrx_word' id='word_1_437' title='bbox 1505 3262 1519 3288; x_wconf 97' lang='lat'><strong>,</strong></span> <span class='ocrx_word' id='word_1_438' title='bbox 1550 3228 1676 3275; x_wconf 90' lang='lat' dir='ltr'><strong>octo</strong></span> <span class='ocrx_word' id='word_1_439' title='bbox 1708 3221 1786 3277; x_wconf 89' lang='lat' dir='ltr'><strong>vel</strong></span> <span class='ocrx_word' id='word_1_440' title='bbox 1818 3237 2018 3277; x_wconf 91' lang='lat' dir='ltr'><strong>novem</strong></span> <span class='ocrx_word' id='word_1_441' title='bbox 2053 3224 2166 3275; x_wconf 77' lang='lat' dir='ltr'><strong>Ro-</strong></span> 
     </span>
    </p>
   </div>
   <div class='ocr_carea' id='block_1_63' title="bbox 2277 3214 3877 3311">
    <p class='ocr_par' dir='ltr' id='par_1_63' title="bbox 2285 3239 3877 3311">
     <span class='ocr_line' id='line_1_63' title="bbox 2285 3239 3877 3311; baseline -0.001 -17"><span class='ocrx_word' id='word_1_442' title='bbox 2285 3242 2353 3295; x_wconf 89' lang='lat' dir='ltr'><strong>tis</strong></span> <span class='ocrx_word' id='word_1_443' title='bbox 2394 3250 2450 3296; x_wconf 92' lang='lat' dir='ltr'><strong>et</strong></span> <span class='ocrx_word' id='word_1_444' title='bbox 2484 3240 2742 3296; x_wconf 80' lang='lat' dir='ltr'><strong>maximis</strong></span> <span class='ocrx_word' id='word_1_445' title='bbox 2779 3240 3050 3295; x_wconf 90' lang='lat' dir='ltr'><strong>bellorum</strong></span> <span class='ocrx_word' id='word_1_446' title='bbox 3096 3239 3546 3310; x_wconf 88' lang='lat' dir='ltr'><strong>occupationibus</strong></span> <span class='ocrx_word' id='word_1_447' title='bbox 3582 3239 3877 3311; x_wconf 87' lang='lat' dir='ltr'><strong>implicitus</strong></span> 
     </span>
    </p>
   </div>
   <div class='ocr_carea' id='block_1_64' title="bbox 570 3312 2168 3384">
    <p class='ocr_par' dir='ltr' id='par_1_64' title="bbox 570 3312 2168 3384">
     <span class='ocr_line' id='line_1_64' title="bbox 570 3312 2168 3384; baseline -0.001 -15"><span class='ocrx_word' id='word_1_448' title='bbox 570 3314 748 3370; x_wconf 89' lang='lat' dir='ltr'><strong>manis</strong></span> <span class='ocrx_word' id='word_1_449' title='bbox 810 3312 1158 3384; x_wconf 89' lang='lat' dir='ltr'><strong>pontiﬁcibus</strong></span> <span class='ocrx_word' id='word_1_450' title='bbox 1205 3316 1324 3367; x_wconf 92' lang='lat' dir='ltr'><strong>sine</strong></span> <span class='ocrx_word' id='word_1_451' title='bbox 1376 3329 1567 3368; x_wconf 89' lang='lat' dir='ltr'><strong>eorum</strong></span> <span class='ocrx_word' id='word_1_452' title='bbox 1624 3314 1858 3369; x_wconf 91' lang='lat' dir='ltr'><strong>lectione</strong></span> <span class='ocrx_word' id='word_1_453' title='bbox 1905 3331 1936 3369; x_wconf 91' lang='lat' dir='ltr'><strong>a</strong></span> <span class='ocrx_word' id='word_1_454' title='bbox 1990 3313 2168 3381; x_wconf 92' lang='lat' dir='ltr'><strong>clero,</strong></span> 
     </span>
    </p>
   </div>
   <div class='ocr_carea' id='block_1_65' title="bbox 569 3406 2167 3479">
    <p class='ocr_par' dir='ltr' id='par_1_65' title="bbox 569 3406 2167 3479">
     <span class='ocr_line' id='line_1_65' title="bbox 569 3406 2167 3479; baseline -0.003 -16"><span class='ocrx_word' id='word_1_455' title='bbox 569 3416 759 3463; x_wconf 87' lang='lat' dir='ltr'><strong>senatu</strong></span> <span class='ocrx_word' id='word_1_456' title='bbox 789 3406 1099 3479; x_wconf 90' lang='lat' dir='ltr'><strong>populoque</strong></span> <span class='ocrx_word' id='word_1_457' title='bbox 1122 3408 1377 3461; x_wconf 82' lang='lat' dir='ltr'><strong>Romano</strong></span> <span class='ocrx_word' id='word_1_458' title='bbox 1398 3406 1616 3477; x_wconf 88' lang='lat' dir='ltr'><strong>creatis,</strong></span> <span class='ocrx_word' id='word_1_459' title='bbox 1641 3408 1924 3462; x_wconf 88' lang='lat' dir='ltr'><strong>occasione</strong></span> <span class='ocrx_word' id='word_1_460' title='bbox 1948 3406 2167 3461; x_wconf 83' lang='lat' dir='ltr'><strong>maximi</strong></span> 
     </span>
    </p>
   </div>
   <div class='ocr_carea' id='block_1_66' title="bbox 570 3499 2168 3572">
    <p class='ocr_par' dir='ltr' id='par_1_66' title="bbox 570 3499 2168 3572">
     <span class='ocr_line' id='line_1_66' title="bbox 570 3499 2168 3572; baseline -0.001 -17"><span class='ocrx_word' id='word_1_461' title='bbox 570 3501 710 3557; x_wconf 89' lang='lat' dir='ltr'><strong>inter</strong></span> <span class='ocrx_word' id='word_1_462' title='bbox 738 3509 849 3556; x_wconf 91' lang='lat' dir='ltr'><strong>tres</strong></span> <span class='ocrx_word' id='word_1_463' title='bbox 899 3499 1180 3571; x_wconf 87' lang='lat' dir='ltr'><strong>pontiﬁces</strong></span> <span class='ocrx_word' id='word_1_464' title='bbox 1208 3500 1509 3555; x_wconf 91' lang='lat' dir='ltr'><strong>sebismatis</strong></span> <span class='ocrx_word' id='word_1_465' title='bbox 1552 3509 1801 3572; x_wconf 90' lang='lat' dir='ltr'><strong>accepta,</strong></span> <span class='ocrx_word' id='word_1_466' title='bbox 1833 3500 2071 3557; x_wconf 91' lang='lat' dir='ltr'><strong>Cunradi</strong></span> <span class='ocrx_word' id='word_1_467' title='bbox 2118 3501 2168 3553; x_wconf 93' lang='lat' dir='ltr'><strong>II</strong></span> 
     </span>
    </p>
   </div>
   <div class='ocr_carea' id='block_1_67' title="bbox 573 3593 2169 3665">
    <p class='ocr_par' dir='ltr' id='par_1_67' title="bbox 573 3593 2169 3665">
     <span class='ocr_line' id='line_1_67' title="bbox 573 3593 2169 3665; baseline -0.001 -16"><span class='ocrx_word' id='word_1_468' title='bbox 573 3594 721 3650; x_wconf 87' lang='lat' dir='ltr'><strong>ﬁlius</strong></span> <span class='ocrx_word' id='word_1_469' title='bbox 750 3598 897 3660; x_wconf 88' lang='lat'><strong>(236)</strong></span> <span class='ocrx_word' id='word_1_470' title='bbox 922 3593 1174 3648; x_wconf 89' lang='lat' dir='ltr'><strong>Henricis</strong></span> <span class='ocrx_word' id='word_1_471' title='bbox 1204 3596 1281 3647; x_wconf 92' lang='lat' dir='ltr'><strong>IlI</strong></span> <span class='ocrx_word' id='word_1_472' title='bbox 1312 3595 1367 3649; x_wconf 90' lang='lat' dir='ltr'><strong>in</strong></span> <span class='ocrx_word' id='word_1_473' title='bbox 1396 3594 1605 3649; x_wconf 91' lang='lat' dir='ltr'><strong>Italiam</strong></span> <span class='ocrx_word' id='word_1_474' title='bbox 1644 3595 1820 3661; x_wconf 90' lang='lat' dir='ltr'><strong>venit,</strong></span> <span class='ocrx_word' id='word_1_475' title='bbox 1853 3594 2169 3665; x_wconf 89' lang='lat' dir='ltr'><strong>imperiique</strong></span> 
     </span>
    </p>
   </div>
   <div class='ocr_carea' id='block_1_68' title="bbox 567 3687 2168 3758">
    <p class='ocr_par' dir='ltr' id='par_1_68' title="bbox 567 3687 2168 3758">
     <span class='ocr_line' id='line_1_68' title="bbox 567 3687 2168 3758; baseline 0.001 -16"><span class='ocrx_word' id='word_1_476' title='bbox 567 3687 671 3742; x_wconf 90' lang='lat' dir='ltr'><strong>hoc</strong></span> <span class='ocrx_word' id='word_1_477' title='bbox 720 3687 1063 3758; x_wconf 86' lang='lat' dir='ltr'><strong>privilegium</strong></span> <span class='ocrx_word' id='word_1_478' title='bbox 1116 3687 1399 3756; x_wconf 86' lang='lat' dir='ltr'><strong>magniﬁce</strong></span> <span class='ocrx_word' id='word_1_479' title='bbox 1442 3687 1730 3743; x_wconf 84' lang='lat' dir='ltr'><strong>vindicavit</strong></span> <span class='ocrx_word' id='word_1_480' title='bbox 1776 3688 1858 3756; x_wconf 91' lang='lat' dir='ltr'><strong>(ut</strong></span> <span class='ocrx_word' id='word_1_481' title='bbox 1897 3703 2059 3758; x_wconf 89' lang='lat' dir='ltr'><strong>supra</strong></span> <span class='ocrx_word' id='word_1_482' title='bbox 2112 3687 2168 3743; x_wconf 91' lang='lat' dir='ltr'><strong>in</strong></span> 
     </span>
    </p>
   </div>
   <div class='ocr_carea' id='block_1_69' title="bbox 571 3779 2167 3853">
    <p class='ocr_par' dir='ltr' id='par_1_69' title="bbox 571 3779 2167 3853">
     <span class='ocr_line' id='line_1_69' title="bbox 571 3779 2167 3853; baseline 0.001 -18"><span class='ocrx_word' id='word_1_483' title='bbox 571 3779 866 3835; x_wconf 89' lang='lat' dir='ltr'><strong>Clementis</strong></span> <span class='ocrx_word' id='word_1_484' title='bbox 886 3781 936 3833; x_wconf 93' lang='lat' dir='ltr'><strong>Il</strong></span> <span class='ocrx_word' id='word_1_485' title='bbox 968 3779 1089 3835; x_wconf 88' lang='lat' dir='ltr'><strong>Vita</strong></span> <span class='ocrx_word' id='word_1_486' title='bbox 1118 3779 1299 3847; x_wconf 91' lang='lat' dir='ltr'><strong>docui)</strong></span> <span class='ocrx_word' id='word_1_487' title='bbox 1329 3789 1403 3852; x_wconf 88' lang='lat' dir='ltr'><strong>et,</strong></span> <span class='ocrx_word' id='word_1_488' title='bbox 1423 3781 1580 3853; x_wconf 86' lang='lat' dir='ltr'><strong>juxta</strong></span> <span class='ocrx_word' id='word_1_489' title='bbox 1607 3780 1873 3852; x_wconf 89' lang='lat' dir='ltr'><strong>privilegia</strong></span> <span class='ocrx_word' id='word_1_490' title='bbox 1901 3782 2121 3837; x_wconf 87' lang='lat' dir='ltr'><strong>Adriani</strong></span> <span class='ocrx_word' id='word_1_491' title='bbox 2145 3784 2167 3837; x_wconf 94' lang='lat' dir='ltr'><strong>I</strong></span> 
     </span>
    </p>
   </div>
   <div class='ocr_carea' id='block_1_70' title="bbox 569 3870 2163 3945">
    <p class='ocr_par' dir='ltr' id='par_1_70' title="bbox 569 3870 2163 3945">
     <span class='ocr_line' id='line_1_70' title="bbox 569 3870 2163 3945; baseline 0.001 -17"><span class='ocrx_word' id='word_1_492' title='bbox 569 3882 623 3928; x_wconf 92' lang='lat' dir='ltr'><strong>et</strong></span> <span class='ocrx_word' id='word_1_493' title='bbox 641 3872 839 3927; x_wconf 92' lang='lat' dir='ltr'><strong>Leonis</strong></span> <span class='ocrx_word' id='word_1_494' title='bbox 862 3874 988 3927; x_wconf 92' lang='lat' dir='ltr'><strong>VIII</strong></span> <span class='ocrx_word' id='word_1_495' title='bbox 1018 3870 1277 3941; x_wconf 89' lang='lat' dir='ltr'><strong>formam,</strong></span> <span class='ocrx_word' id='word_1_496' title='bbox 1300 3874 1574 3945; x_wconf 83' lang='lat' dir='ltr'><strong>abrogatis</strong></span> <span class='ocrx_word' id='word_1_497' title='bbox 1598 3874 1769 3929; x_wconf 88' lang='lat' dir='ltr'><strong>tribus</strong></span> <span class='ocrx_word' id='word_1_498' title='bbox 1796 3874 2163 3944; x_wconf 83' lang='lat' dir='ltr'><strong>pontiﬁcibus,</strong></span> 
     </span>
    </p>
   </div>
   <div class='ocr_carea' id='block_1_71' title="bbox 567 3965 2166 4039">
    <p class='ocr_par' dir='ltr' id='par_1_71' title="bbox 567 3965 2166 4039">
     <span class='ocr_line' id='line_1_71' title="bbox 567 3965 2166 4039; baseline 0.001 -18"><span class='ocrx_word' id='word_1_499' title='bbox 567 3965 854 4021; x_wconf 90' lang='lat' dir='ltr'><strong>Benedicto</strong></span> <span class='ocrx_word' id='word_1_500' title='bbox 885 3968 1037 4032; x_wconf 87' lang='lat' dir='ltr'><strong>VIII,</strong></span> <span class='ocrx_word' id='word_1_501' title='bbox 1068 3967 1344 4037; x_wconf 89' lang='lat' dir='ltr'><strong>Sylvestro</strong></span> <span class='ocrx_word' id='word_1_502' title='bbox 1385 3970 1459 4021; x_wconf 89' lang='lat' dir='ltr'><strong>III</strong></span> <span class='ocrx_word' id='word_1_503' title='bbox 1485 3976 1539 4023; x_wconf 91' lang='lat' dir='ltr'><strong>et</strong></span> <span class='ocrx_word' id='word_1_504' title='bbox 1562 3969 1770 4021; x_wconf 86' lang='lat' dir='ltr'><strong>Joanne</strong></span> <span class='ocrx_word' id='word_1_505' title='bbox 1795 3968 1931 4034; x_wconf 88' lang='grc' dir='ltr'>ΧΧ,</span> <span class='ocrx_word' id='word_1_506' title='bbox 1962 3969 2166 4039; x_wconf 87' lang='lat' dir='ltr'><strong>Grego-</strong></span> 
     </span>
    </p>
   </div>
   <div class='ocr_carea' id='block_1_72' title="bbox 567 4060 2168 4132">
    <p class='ocr_par' dir='ltr' id='par_1_72' title="bbox 567 4060 2168 4132">
     <span class='ocr_line' id='line_1_72' title="bbox 567 4060 2168 4132; baseline 0.001 -17"><span class='ocrx_word' id='word_1_507' title='bbox 567 4060 649 4115; x_wconf 92' lang='lat' dir='ltr'><strong>rio</strong></span> <span class='ocrx_word' id='word_1_508' title='bbox 688 4075 909 4132; x_wconf 91' lang='lat' dir='ltr'><strong>quoque</strong></span> <span class='ocrx_word' id='word_1_509' title='bbox 940 4062 1015 4115; x_wconf 84' lang='lat' dir='ltr'><strong>VI</strong></span> <span class='ocrx_word' id='word_1_510' title='bbox 1043 4060 1256 4131; x_wconf 91' lang='lat' dir='ltr'><strong>privato</strong></span> <span class='ocrx_word' id='word_1_511' title='bbox 1275 4101 1289 4126; x_wconf 95' lang='lat'><strong>,</strong></span> <span class='ocrx_word' id='word_1_512' title='bbox 1318 4075 1526 4115; x_wconf 92' lang='lat' dir='ltr'><strong>novum</strong></span> <span class='ocrx_word' id='word_1_513' title='bbox 1554 4060 1868 4130; x_wconf 86' lang='lat' dir='ltr'><strong>pontiﬁcem</strong></span> <span class='ocrx_word' id='word_1_514' title='bbox 1898 4062 2168 4117; x_wconf 83' lang='lat' dir='ltr'><strong>Romana</strong></span> 
     </span>
    </p>
   </div>
   <div class='ocr_carea' id='block_1_73' title="bbox 564 4152 2164 4224">
    <p class='ocr_par' dir='ltr' id='par_1_73' title="bbox 564 4152 2164 4224">
     <span class='ocr_line' id='line_1_73' title="bbox 564 4152 2164 4224; baseline 0 -15"><span class='ocrx_word' id='word_1_515' title='bbox 564 4153 679 4210; x_wconf 88' lang='lat' dir='ltr'><strong>sedi</strong></span> <span class='ocrx_word' id='word_1_516' title='bbox 726 4152 871 4209; x_wconf 88' lang='lat' dir='ltr'><strong>dedit</strong></span> <span class='ocrx_word' id='word_1_517' title='bbox 900 4153 1260 4224; x_wconf 86' lang='lat' dir='ltr'><strong>Suidegerum</strong></span> <span class='ocrx_word' id='word_1_518' title='bbox 1310 4154 1578 4207; x_wconf 89' lang='lat' dir='ltr'><strong>Saxonem</strong></span> <span class='ocrx_word' id='word_1_519' title='bbox 1610 4153 1946 4223; x_wconf 88' lang='lat' dir='ltr'><strong>capellanum</strong></span> <span class='ocrx_word' id='word_1_520' title='bbox 1978 4170 2164 4222; x_wconf 90' lang='lat' dir='ltr'><strong>suum,</strong></span> 
     </span>
    </p>
   </div>
   <div class='ocr_carea' id='block_1_74' title="bbox 565 4246 2165 4319">
    <p class='ocr_par' dir='ltr' id='par_1_74' title="bbox 565 4246 2165 4319">
     <span class='ocr_line' id='line_1_74' title="bbox 565 4246 2165 4319; baseline 0 -17"><span class='ocrx_word' id='word_1_521' title='bbox 565 4248 878 4319; x_wconf 91' lang='lat' dir='ltr'><strong>episcopum</strong></span> <span class='ocrx_word' id='word_1_522' title='bbox 902 4255 1033 4302; x_wconf 87' lang='lat' dir='ltr'><strong>tunc</strong></span> <span class='ocrx_word' id='word_1_523' title='bbox 1052 4246 1541 4318; x_wconf 89' lang='lat' dir='ltr'><strong>Bambergensem,</strong></span> <span class='ocrx_word' id='word_1_524' title='bbox 1564 4261 1731 4317; x_wconf 92' lang='lat' dir='ltr'><strong>quem</strong></span> <span class='ocrx_word' id='word_1_525' title='bbox 1755 4246 2093 4302; x_wconf 89' lang='lat' dir='ltr'><strong>Clementem</strong></span> <span class='ocrx_word' id='word_1_526' title='bbox 2116 4250 2165 4302; x_wconf 91' lang='lat' dir='ltr'><strong>II</strong></span> 
     </span>
    </p>
   </div>
   <div class='ocr_carea' id='block_1_75' title="bbox 566 4338 2160 4413">
    <p class='ocr_par' dir='ltr' id='par_1_75' title="bbox 566 4338 2160 4413">
     <span class='ocr_line' id='line_1_75' title="bbox 566 4338 2160 4413; baseline 0.001 -18"><span class='ocrx_word' id='word_1_527' title='bbox 566 4341 894 4413; x_wconf 87' lang='lat' dir='ltr'><strong>appellavit,</strong></span> <span class='ocrx_word' id='word_1_528' title='bbox 926 4338 1369 4411; x_wconf 91' lang='lat' dir='ltr'><strong>cardinalesque,</strong></span> <span class='ocrx_word' id='word_1_529' title='bbox 1400 4340 1639 4410; x_wconf 90' lang='lat' dir='ltr'><strong>clerum,</strong></span> <span class='ocrx_word' id='word_1_530' title='bbox 1681 4356 1744 4395; x_wconf 92' lang='lat' dir='ltr'><strong>ac</strong></span> <span class='ocrx_word' id='word_1_531' title='bbox 1786 4349 2037 4395; x_wconf 90' lang='lat' dir='ltr'><strong>senatum</strong></span> <span class='ocrx_word' id='word_1_532' title='bbox 2066 4357 2160 4412; x_wconf 90' lang='lat' dir='ltr'><strong>po-</strong></span> 
     </span>
    </p>
   </div>
   <div class='ocr_carea' id='block_1_76' title="bbox 566 4432 2164 4506">
    <p class='ocr_par' dir='ltr' id='par_1_76' title="bbox 566 4432 2164 4506">
     <span class='ocr_line' id='line_1_76' title="bbox 566 4432 2164 4506; baseline 0 -17"><span class='ocrx_word' id='word_1_533' title='bbox 566 4434 864 4506; x_wconf 90' lang='lat' dir='ltr'><strong>pulumque</strong></span> <span class='ocrx_word' id='word_1_534' title='bbox 889 4436 1204 4490; x_wconf 82' lang='lat' dir='ltr'><strong>Romanum</strong></span> <span class='ocrx_word' id='word_1_535' title='bbox 1233 4441 1573 4489; x_wconf 87' lang='lat' dir='ltr'><strong>sacramento</strong></span> <span class='ocrx_word' id='word_1_536' title='bbox 1596 4434 1773 4505; x_wconf 88' lang='lat' dir='ltr'><strong>adegit</strong></span> <span class='ocrx_word' id='word_1_537' title='bbox 1802 4432 1855 4487; x_wconf 91' lang='lat' dir='ltr'><strong>in</strong></span> <span class='ocrx_word' id='word_1_538' title='bbox 1884 4434 2043 4489; x_wconf 89' lang='lat' dir='ltr'><strong>verba</strong></span> <span class='ocrx_word' id='word_1_539' title='bbox 2066 4449 2164 4489; x_wconf 91' lang='lat' dir='ltr'><strong>sua</strong></span> 
     </span>
    </p>
   </div>
   <div class='ocr_carea' id='block_1_77' title="bbox 556 4526 2161 4599">
    <p class='ocr_par' dir='ltr' id='par_1_77' title="bbox 556 4526 2161 4599">
     <span class='ocr_line' id='line_1_77' title="bbox 556 4526 2161 4599; baseline -0.002 -16"><span class='ocrx_word' id='word_1_540' title='bbox 556 4527 741 4598; x_wconf 90' lang='lat' dir='ltr'><strong>jurare</strong></span> <span class='ocrx_word' id='word_1_541' title='bbox 784 4543 1019 4599; x_wconf 89' lang='lat' dir='ltr'><strong>cogens,</strong></span> <span class='ocrx_word' id='word_1_542' title='bbox 1068 4543 1127 4583; x_wconf 89' lang='lat' dir='ltr'><strong>se</strong></span> <span class='ocrx_word' id='word_1_543' title='bbox 1177 4530 1493 4583; x_wconf 83' lang='lat' dir='ltr'><strong>Romanum</strong></span> <span class='ocrx_word' id='word_1_544' title='bbox 1544 4526 1861 4599; x_wconf 86' lang='lat' dir='ltr'><strong>pontiﬁcem</strong></span> <span class='ocrx_word' id='word_1_545' title='bbox 1917 4527 2015 4581; x_wconf 91' lang='lat' dir='ltr'><strong>nisi</strong></span> <span class='ocrx_word' id='word_1_546' title='bbox 2064 4543 2161 4582; x_wconf 86' lang='lat' dir='ltr'><strong>suo</strong></span> 
     </span>
    </p>
   </div>
   <div class='ocr_carea' id='block_1_78' title="bbox 2283 3337 3876 3411">
    <p class='ocr_par' dir='ltr' id='par_1_78' title="bbox 2283 3337 3876 3411">
     <span class='ocr_line' id='line_1_78' title="bbox 2283 3337 3876 3411; baseline -0.001 -16"><span class='ocrx_word' id='word_1_547' title='bbox 2283 3339 2493 3411; x_wconf 87' lang='lat' dir='ltr'><strong>ingenti</strong></span> <span class='ocrx_word' id='word_1_548' title='bbox 2534 3339 2784 3411; x_wconf 88' lang='lat' dir='ltr'><strong>pecunia</strong></span> <span class='ocrx_word' id='word_1_549' title='bbox 2830 3338 2881 3393; x_wconf 91' lang='lat' dir='ltr'><strong>vi</strong></span> <span class='ocrx_word' id='word_1_550' title='bbox 2904 3338 3194 3411; x_wconf 88' lang='lat' dir='ltr'><strong>indigeret,</strong></span> <span class='ocrx_word' id='word_1_551' title='bbox 3225 3338 3569 3409; x_wconf 88' lang='lat' dir='ltr'><strong>episcopatus</strong></span> <span class='ocrx_word' id='word_1_552' title='bbox 3611 3346 3667 3393; x_wconf 90' lang='lat' dir='ltr'><strong>et</strong></span> <span class='ocrx_word' id='word_1_553' title='bbox 3702 3337 3876 3394; x_wconf 89' lang='lat' dir='ltr'><strong>abba-</strong></span> 
     </span>
    </p>
   </div>
   <div class='ocr_carea' id='block_1_79' title="bbox 2279 3436 3872 3511">
    <p class='ocr_par' dir='ltr' id='par_1_79' title="bbox 2279 3436 3872 3511">
     <span class='ocr_line' id='line_1_79' title="bbox 2279 3436 3872 3511; baseline -0.001 -18"><span class='ocrx_word' id='word_1_554' title='bbox 2279 3439 2401 3505; x_wconf 88' lang='lat' dir='ltr'><strong>tias,</strong></span> <span class='ocrx_word' id='word_1_555' title='bbox 2447 3439 2768 3511; x_wconf 90' lang='lat' dir='ltr'><strong>plerumque</strong></span> <span class='ocrx_word' id='word_1_556' title='bbox 2803 3438 2887 3493; x_wconf 90' lang='lat' dir='ltr'><strong>his</strong></span> <span class='ocrx_word' id='word_1_557' title='bbox 2925 3442 3097 3507; x_wconf 80' lang='lat'><strong>(241),</strong></span> <span class='ocrx_word' id='word_1_558' title='bbox 3137 3438 3233 3510; x_wconf 90' lang='lat' dir='ltr'><strong>qui</strong></span> <span class='ocrx_word' id='word_1_559' title='bbox 3271 3438 3396 3508; x_wconf 90' lang='lat' dir='ltr'><strong>plus</strong></span> <span class='ocrx_word' id='word_1_560' title='bbox 3446 3438 3493 3493; x_wconf 90' lang='lat' dir='ltr'><strong>ei</strong></span> <span class='ocrx_word' id='word_1_561' title='bbox 3543 3436 3872 3505; x_wconf 86' lang='lat' dir='ltr'><strong>offerebant,</strong></span> 
     </span>
    </p>
   </div>
   <div class='ocr_carea' id='block_1_80' title="bbox 2278 3535 3875 3611">
    <p class='ocr_par' dir='ltr' id='par_1_80' title="bbox 2278 3535 3875 3611">
     <span class='ocr_line' id='line_1_80' title="bbox 2278 3535 3875 3611; baseline 0 -18"><span class='ocrx_word' id='word_1_562' title='bbox 2278 3539 2629 3611; x_wconf 87' lang='lat' dir='ltr'><strong>largiebatur,</strong></span> <span class='ocrx_word' id='word_1_563' title='bbox 2687 3553 3045 3609; x_wconf 88' lang='lat' dir='ltr'><strong>personarum</strong></span> <span class='ocrx_word' id='word_1_564' title='bbox 3085 3536 3427 3593; x_wconf 88' lang='lat' dir='ltr'><strong>conditionis</strong></span> <span class='ocrx_word' id='word_1_565' title='bbox 3481 3538 3626 3593; x_wconf 88' lang='lat' dir='ltr'><strong>nulla</strong></span> <span class='ocrx_word' id='word_1_566' title='bbox 3693 3535 3875 3593; x_wconf 90' lang='lat' dir='ltr'><strong>habita</strong></span> 
     </span>
    </p>
   </div>
   <div class='ocr_carea' id='block_1_81' title="bbox 2277 3634 3876 3706">
    <p class='ocr_par' dir='ltr' id='par_1_81' title="bbox 2277 3634 3876 3706">
     <span class='ocr_line' id='line_1_81' title="bbox 2277 3634 3876 3706; baseline -0.002 -14"><span class='ocrx_word' id='word_1_567' title='bbox 2277 3637 2509 3693; x_wconf 89' lang='lat' dir='ltr'><strong>ratione.</strong></span> <span class='ocrx_word' id='word_1_568' title='bbox 2545 3635 2707 3706; x_wconf 87' lang='lat' dir='ltr'><strong>Quod</strong></span> <span class='ocrx_word' id='word_1_569' title='bbox 2740 3636 2952 3692; x_wconf 87' lang='lat' dir='ltr'><strong>factum</strong></span> <span class='ocrx_word' id='word_1_570' title='bbox 2974 3636 3199 3693; x_wconf 90' lang='lat' dir='ltr'><strong>baresis</strong></span> <span class='ocrx_word' id='word_1_571' title='bbox 3220 3635 3545 3691; x_wconf 90' lang='lat' dir='ltr'><strong>Simoniaca</strong></span> <span class='ocrx_word' id='word_1_572' title='bbox 3567 3635 3743 3690; x_wconf 90' lang='lat' dir='ltr'><strong>labem</strong></span> <span class='ocrx_word' id='word_1_573' title='bbox 3783 3634 3876 3689; x_wconf 84' lang='lat' dir='ltr'><strong>Iu-</strong></span> 
     </span>
    </p>
   </div>
   <div class='ocr_carea' id='block_1_82' title="bbox 2276 3732 3877 3806">
    <p class='ocr_par' dir='ltr' id='par_1_82' title="bbox 2276 3732 3877 3806">
     <span class='ocr_line' id='line_1_82' title="bbox 2276 3732 3877 3806; baseline -0.002 -17"><span class='ocrx_word' id='word_1_574' title='bbox 2276 3750 2404 3806; x_wconf 90' lang='lat' dir='ltr'><strong>gere</strong></span> <span class='ocrx_word' id='word_1_575' title='bbox 2440 3750 2552 3789; x_wconf 90' lang='lat' dir='ltr'><strong>non</strong></span> <span class='ocrx_word' id='word_1_576' title='bbox 2596 3742 2830 3805; x_wconf 88' lang='lat' dir='ltr'><strong>poterat.</strong></span> <span class='ocrx_word' id='word_1_577' title='bbox 2873 3738 2956 3789; x_wconf 88' lang='lat' dir='ltr'><strong>De</strong></span> <span class='ocrx_word' id='word_1_578' title='bbox 2998 3734 3099 3788; x_wconf 89' lang='lat' dir='ltr'><strong>hac</strong></span> <span class='ocrx_word' id='word_1_579' title='bbox 3139 3733 3303 3805; x_wconf 89' lang='lat' dir='ltr'><strong>igitur</strong></span> <span class='ocrx_word' id='word_1_580' title='bbox 3330 3748 3411 3800; x_wconf 90' lang='lat' dir='ltr'><strong>re,</strong></span> <span class='ocrx_word' id='word_1_581' title='bbox 3450 3741 3504 3787; x_wconf 91' lang='lat' dir='ltr'><strong>et</strong></span> <span class='ocrx_word' id='word_1_582' title='bbox 3539 3732 3656 3788; x_wconf 91' lang='lat' dir='ltr'><strong>aliis</strong></span> <span class='ocrx_word' id='word_1_583' title='bbox 3685 3732 3877 3787; x_wconf 89' lang='lat' dir='ltr'><strong>multis</strong></span> 
     </span>
    </p>
   </div>
   <div class='ocr_carea' id='block_1_83' title="bbox 2275 3829 3874 3903">
    <p class='ocr_par' dir='ltr' id='par_1_83' title="bbox 2275 3829 3874 3903">
     <span class='ocr_line' id='line_1_83' title="bbox 2275 3829 3874 3903; baseline -0.001 -18"><span class='ocrx_word' id='word_1_584' title='bbox 2275 3830 2596 3887; x_wconf 89' lang='lat' dir='ltr'><strong>criminibus</strong></span> <span class='ocrx_word' id='word_1_585' title='bbox 2626 3831 2772 3903; x_wconf 90' lang='lat' dir='ltr'><strong>apud</strong></span> <span class='ocrx_word' id='word_1_586' title='bbox 2794 3830 2983 3886; x_wconf 87' lang='lat' dir='ltr'><strong>sedem</strong></span> <span class='ocrx_word' id='word_1_587' title='bbox 2999 3830 3361 3901; x_wconf 89' lang='lat' dir='ltr'><strong>apostolicam</strong></span> <span class='ocrx_word' id='word_1_588' title='bbox 3376 3838 3490 3885; x_wconf 90' lang='lat' dir='ltr'><strong>tam</strong></span> <span class='ocrx_word' id='word_1_589' title='bbox 3515 3829 3617 3886; x_wconf 89' lang='lat' dir='ltr'><strong>sub</strong></span> <span class='ocrx_word' id='word_1_590' title='bbox 3642 3830 3874 3885; x_wconf 83' lang='lat' dir='ltr'><strong>Alexan-</strong></span> 
     </span>
    </p>
   </div>
   <div class='ocr_carea' id='block_1_84' title="bbox 2277 3926 3871 4000">
    <p class='ocr_par' dir='ltr' id='par_1_84' title="bbox 2277 3926 3871 4000">
     <span class='ocr_line' id='line_1_84' title="bbox 2277 3926 3871 4000; baseline 0.001 -18"><span class='ocrx_word' id='word_1_591' title='bbox 2277 3926 2382 3982; x_wconf 92' lang='lat' dir='ltr'><strong>dro</strong></span> <span class='ocrx_word' id='word_1_592' title='bbox 2420 3930 2471 3983; x_wconf 94' lang='lat' dir='ltr'><strong>II</strong></span> <span class='ocrx_word' id='word_1_593' title='bbox 2519 3945 2688 4000; x_wconf 89' lang='lat' dir='ltr'><strong>quam</strong></span> <span class='ocrx_word' id='word_1_594' title='bbox 2726 3928 2830 3984; x_wconf 91' lang='lat' dir='ltr'><strong>sub</strong></span> <span class='ocrx_word' id='word_1_595' title='bbox 2872 3929 3144 3999; x_wconf 89' lang='lat' dir='ltr'><strong>Gregorio</strong></span> <span class='ocrx_word' id='word_1_596' title='bbox 3177 3930 3281 3984; x_wconf 88' lang='lat' dir='ltr'><strong>VII</strong></span> <span class='ocrx_word' id='word_1_597' title='bbox 3319 3936 3625 3995; x_wconf 91' lang='lat' dir='ltr'><strong>accusatus,</strong></span> <span class='ocrx_word' id='word_1_598' title='bbox 3657 3942 3801 3998; x_wconf 89' lang='lat' dir='ltr'><strong>sape</strong></span> <span class='ocrx_word' id='word_1_599' title='bbox 3839 3944 3871 3983; x_wconf 92' lang='lat' dir='ltr'><strong>a</strong></span> 
     </span>
    </p>
   </div>
   <div class='ocr_carea' id='block_1_85' title="bbox 2277 4024 3870 4098">
    <p class='ocr_par' dir='ltr' id='par_1_85' title="bbox 2277 4024 3870 4098">
     <span class='ocr_line' id='line_1_85' title="bbox 2277 4024 3870 4098; baseline -0.001 -17"><span class='ocrx_word' id='word_1_600' title='bbox 2277 4026 2545 4098; x_wconf 90' lang='lat' dir='ltr'><strong>Gregorio</strong></span> <span class='ocrx_word' id='word_1_601' title='bbox 2578 4028 2678 4081; x_wconf 87' lang='lat' dir='ltr'><strong>VII</strong></span> <span class='ocrx_word' id='word_1_602' title='bbox 2708 4026 3025 4082; x_wconf 90' lang='lat' dir='ltr'><strong>admonitus</strong></span> <span class='ocrx_word' id='word_1_603' title='bbox 3055 4034 3137 4081; x_wconf 91' lang='lat' dir='ltr'><strong>est</strong></span> <span class='ocrx_word' id='word_1_604' title='bbox 3181 4034 3235 4080; x_wconf 90' lang='lat' dir='ltr'><strong>et</strong></span> <span class='ocrx_word' id='word_1_605' title='bbox 3264 4025 3461 4080; x_wconf 81' lang='lat' dir='ltr'><strong>acriter</strong></span> <span class='ocrx_word' id='word_1_606' title='bbox 3486 4024 3870 4095; x_wconf 89' lang='lat' dir='ltr'><strong>reprehensus.</strong></span> 
     </span>
    </p>
   </div>
   <div class='ocr_carea' id='block_1_86' title="bbox 2274 4120 3877 4193">
    <p class='ocr_par' dir='ltr' id='par_1_86' title="bbox 2274 4120 3877 4193">
     <span class='ocr_line' id='line_1_86' title="bbox 2274 4120 3877 4193; baseline 0.001 -18"><span class='ocrx_word' id='word_1_607' title='bbox 2274 4123 2457 4190; x_wconf 89' lang='lat' dir='ltr'><strong>Quem</strong></span> <span class='ocrx_word' id='word_1_608' title='bbox 2487 4137 2617 4177; x_wconf 90' lang='lat' dir='ltr'><strong>cum</strong></span> <span class='ocrx_word' id='word_1_609' title='bbox 2656 4121 2760 4176; x_wconf 89' lang='lat' dir='ltr'><strong>sibi</strong></span> <span class='ocrx_word' id='word_1_610' title='bbox 2801 4130 2950 4176; x_wconf 91' lang='lat' dir='ltr'><strong>recte</strong></span> <span class='ocrx_word' id='word_1_611' title='bbox 2986 4120 3302 4176; x_wconf 90' lang='lat' dir='ltr'><strong>admonenti</strong></span> <span class='ocrx_word' id='word_1_612' title='bbox 3324 4121 3703 4193; x_wconf 90' lang='lat' dir='ltr'><strong>obtemperare</strong></span> <span class='ocrx_word' id='word_1_613' title='bbox 3730 4120 3877 4177; x_wconf 91' lang='lat' dir='ltr'><strong>nolle</strong></span> 
     </span>
    </p>
   </div>
   <div class='ocr_carea' id='block_1_87' title="bbox 2274 4217 3877 4290">
    <p class='ocr_par' dir='ltr' id='par_1_87' title="bbox 2274 4217 3877 4290">
     <span class='ocr_line' id='line_1_87' title="bbox 2274 4217 3877 4290; baseline -0.001 -16"><span class='ocrx_word' id='word_1_614' title='bbox 2274 4218 2517 4289; x_wconf 90' lang='lat' dir='ltr'><strong>pontifex</strong></span> <span class='ocrx_word' id='word_1_615' title='bbox 2564 4220 2930 4290; x_wconf 87' lang='lat' dir='ltr'><strong>cognovisset,</strong></span> <span class='ocrx_word' id='word_1_616' title='bbox 2968 4235 3095 4274; x_wconf 93' lang='lat' dir='ltr'><strong>eum</strong></span> <span class='ocrx_word' id='word_1_617' title='bbox 3149 4218 3340 4274; x_wconf 89' lang='lat' dir='ltr'><strong>litteris</strong></span> <span class='ocrx_word' id='word_1_618' title='bbox 3378 4219 3651 4275; x_wconf 89' lang='lat' dir='ltr'><strong>minarum</strong></span> <span class='ocrx_word' id='word_1_619' title='bbox 3700 4217 3877 4289; x_wconf 90' lang='lat' dir='ltr'><strong>plenis</strong></span> 
     </span>
    </p>
   </div>
   <div class='ocr_carea' id='block_1_88' title="bbox 2274 4317 3875 4389">
    <p class='ocr_par' dir='ltr' id='par_1_88' title="bbox 2274 4317 3875 4389">
     <span class='ocr_line' id='line_1_88' title="bbox 2274 4317 3875 4389; baseline 0.001 -18"><span class='ocrx_word' id='word_1_620' title='bbox 2274 4333 2466 4388; x_wconf 87' lang='lat' dir='ltr'><strong>urgere</strong></span> <span class='ocrx_word' id='word_1_621' title='bbox 2508 4317 2693 4388; x_wconf 81' lang='lat' dir='ltr'><strong>capit.</strong></span> <span class='ocrx_word' id='word_1_622' title='bbox 2738 4317 3003 4372; x_wconf 86' lang='lat' dir='ltr'><strong>Animum</strong></span> <span class='ocrx_word' id='word_1_623' title='bbox 3038 4332 3189 4388; x_wconf 90' lang='lat' dir='ltr'><strong>papa</strong></span> <span class='ocrx_word' id='word_1_624' title='bbox 3222 4326 3413 4389; x_wconf 90' lang='lat' dir='ltr'><strong>suapte</strong></span> <span class='ocrx_word' id='word_1_625' title='bbox 3452 4325 3644 4373; x_wconf 92' lang='lat' dir='ltr'><strong>natura</strong></span> <span class='ocrx_word' id='word_1_626' title='bbox 3683 4325 3875 4372; x_wconf 88' lang='lat' dir='ltr'><strong>contra</strong></span> 
     </span>
    </p>
   </div>
   <div class='ocr_carea' id='block_1_89' title="bbox 2275 4411 3875 4483">
    <p class='ocr_par' dir='ltr' id='par_1_89' title="bbox 2275 4411 3875 4483">
     <span class='ocr_line' id='line_1_89' title="bbox 2275 4411 3875 4483; baseline -0.001 -16"><span class='ocrx_word' id='word_1_627' title='bbox 2275 4412 2664 4483; x_wconf 88' lang='lat' dir='ltr'><strong>imperatorem</strong></span> <span class='ocrx_word' id='word_1_628' title='bbox 2699 4421 3044 4468; x_wconf 90' lang='lat' dir='ltr'><strong>commotum</strong></span> <span class='ocrx_word' id='word_1_629' title='bbox 3083 4412 3392 4469; x_wconf 87' lang='lat' dir='ltr'><strong>excitabant</strong></span> <span class='ocrx_word' id='word_1_630' title='bbox 3410 4413 3617 4483; x_wconf 85' lang='lat' dir='ltr'><strong>aliquot</strong></span> <span class='ocrx_word' id='word_1_631' title='bbox 3640 4411 3875 4467; x_wconf 87' lang='lat' dir='ltr'><strong>Germa-</strong></span> 
     </span>
    </p>
   </div>
   <div class='ocr_carea' id='block_1_90' title="bbox 2272 4510 3872 4584">
    <p class='ocr_par' dir='ltr' id='par_1_90' title="bbox 2272 4510 3872 4584">
     <span class='ocr_line' id='line_1_90' title="bbox 2272 4510 3872 4584; baseline 0 -19"><span class='ocrx_word' id='word_1_632' title='bbox 2272 4512 2379 4568; x_wconf 89' lang='lat' dir='ltr'><strong>nia</strong></span> <span class='ocrx_word' id='word_1_633' title='bbox 2415 4520 2471 4568; x_wconf 89' lang='lat' dir='ltr'><strong>et</strong></span> <span class='ocrx_word' id='word_1_634' title='bbox 2522 4512 2763 4568; x_wconf 87' lang='lat' dir='ltr'><strong>saxonia</strong></span> <span class='ocrx_word' id='word_1_635' title='bbox 2800 4511 3089 4584; x_wconf 90' lang='lat' dir='ltr'><strong>principes,</strong></span> <span class='ocrx_word' id='word_1_636' title='bbox 3145 4512 3383 4568; x_wconf 86' lang='lat' dir='ltr'><strong>Henrico</strong></span> <span class='ocrx_word' id='word_1_637' title='bbox 3430 4510 3682 4578; x_wconf 89' lang='lat' dir='ltr'><strong>rebelles,</strong></span> <span class='ocrx_word' id='word_1_638' title='bbox 3734 4526 3872 4583; x_wconf 89' lang='lat' dir='ltr'><strong>quo-</strong></span> 
     </span>
    </p>
   </div>
   <div class='ocr_carea' id='block_1_91' title="bbox 565 4609 3869 4693">
    <p class='ocr_par' dir='ltr' id='par_1_91' title="bbox 565 4609 3869 4693">
     <span class='ocr_line' id='line_1_91' title="bbox 565 4609 3869 4693; baseline -0.002 -23"><span class='ocrx_word' id='word_1_639' title='bbox 565 4619 717 4689; x_wconf 85' lang='lat' dir='ltr'><strong>jussu</strong></span> <span class='ocrx_word' id='word_1_640' title='bbox 745 4628 995 4676; x_wconf 84' lang='lat' dir='ltr'><strong>creatum</strong></span> <span class='ocrx_word' id='word_1_641' title='bbox 1024 4636 1139 4677; x_wconf 82' lang='lat' dir='ltr'><strong>non</strong></span> <span class='ocrx_word' id='word_1_642' title='bbox 1163 4629 1529 4692; x_wconf 73' lang='lat' dir='ltr'><strong>suscepturos.</strong></span> <span class='ocrx_word' id='word_1_643' title='bbox 1560 4620 1686 4693; x_wconf 75' lang='lat' dir='ltr'><strong>Qui,</strong></span> <span class='ocrx_word' id='word_1_644' title='bbox 1717 4619 1851 4676; x_wconf 83' lang='lat' dir='ltr'><strong>dum</strong></span> <span class='ocrx_word' id='word_1_645' title='bbox 1878 4620 2029 4689; x_wconf 63' lang='lat' dir='ltr'><strong>vixit,</strong></span> <span class='ocrx_word' id='word_1_646' title='bbox 2061 4620 2163 4676; x_wconf 73' lang='lat' dir='ltr'><strong>hoc</strong></span> <span class='ocrx_word' id='word_1_647' title='bbox 2190 4621 2243 4686; x_wconf 76' lang='grc' dir='ltr'><strong>ι)</strong></span> <span class='ocrx_word' id='word_1_648' title='bbox 2271 4624 2395 4665; x_wconf 91' lang='lat' dir='ltr'><strong>rum</strong></span> <span class='ocrx_word' id='word_1_649' title='bbox 2425 4618 2480 4665; x_wconf 91' lang='lat' dir='ltr'><strong>et</strong></span> <span class='ocrx_word' id='word_1_650' title='bbox 2506 4612 2979 4665; x_wconf 82' lang='lat' dir='ltr'><strong>Nortmannorum</strong></span> <span class='ocrx_word' id='word_1_651' title='bbox 3010 4610 3301 4679; x_wconf 87' lang='lat' dir='ltr'><strong>prasidiis,</strong></span> <span class='ocrx_word' id='word_1_652' title='bbox 3328 4609 3627 4665; x_wconf 86' lang='lat' dir='ltr'><strong>comitissa</strong></span> <span class='ocrx_word' id='word_1_653' title='bbox 3648 4622 3869 4681; x_wconf 86' lang='lat' dir='ltr'><strong>quoque</strong></span> 
     </span>
    </p>
   </div>
   <div class='ocr_carea' id='block_1_92' title="bbox 565 4713 2164 4786">
    <p class='ocr_par' dir='ltr' id='par_1_92' title="bbox 565 4713 2164 4786">
     <span class='ocr_line' id='line_1_92' title="bbox 565 4713 2164 4786; baseline 0.001 -19"><span class='ocrx_word' id='word_1_654' title='bbox 565 4716 715 4778; x_wconf 87' lang='lat'><strong>(237)</strong></span> <span class='ocrx_word' id='word_1_655' title='bbox 758 4714 1267 4783; x_wconf 88' lang='lat' dir='ltr'><strong>prastantissimum</strong></span> <span class='ocrx_word' id='word_1_656' title='bbox 1317 4714 1531 4786; x_wconf 90' lang='lat' dir='ltr'><strong>imperii</strong></span> <span class='ocrx_word' id='word_1_657' title='bbox 1579 4714 1670 4785; x_wconf 89' lang='lat' dir='ltr'><strong>jus</strong></span> <span class='ocrx_word' id='word_1_658' title='bbox 1708 4713 1988 4769; x_wconf 91' lang='lat' dir='ltr'><strong>mordicus</strong></span> <span class='ocrx_word' id='word_1_659' title='bbox 2036 4714 2164 4769; x_wconf 89' lang='lat' dir='ltr'><strong>reti-</strong></span> 
     </span>
    </p>
   </div>
   <div class='ocr_carea' id='block_1_93' title="bbox 464 4805 2162 4893">
    <p class='ocr_par' dir='ltr' id='par_1_93' title="bbox 464 4805 2162 4893">
     <span class='ocr_line' id='line_1_93' title="bbox 464 4805 2162 4893; baseline 0.004 -36"><span class='ocrx_word' id='word_1_660' title='bbox 464 4876 487 4893; x_wconf 45' lang='grc'><em>⁴</em></span> <span class='ocrx_word' id='word_1_661' title='bbox 562 4805 704 4873; x_wconf 90' lang='lat' dir='ltr'><strong>nuit,</strong></span> <span class='ocrx_word' id='word_1_662' title='bbox 743 4813 795 4859; x_wconf 93' lang='lat' dir='ltr'><strong>et</strong></span> <span class='ocrx_word' id='word_1_663' title='bbox 821 4806 1158 4863; x_wconf 87' lang='lat' dir='ltr'><strong>Clementem</strong></span> <span class='ocrx_word' id='word_1_664' title='bbox 1189 4810 1263 4875; x_wconf 89' lang='lat' dir='ltr'><strong>II,</strong></span> <span class='ocrx_word' id='word_1_665' title='bbox 1290 4811 1590 4865; x_wconf 88' lang='lat' dir='ltr'><strong>Damasum</strong></span> <span class='ocrx_word' id='word_1_666' title='bbox 1620 4810 1694 4879; x_wconf 90' lang='lat' dir='ltr'><strong>II,</strong></span> <span class='ocrx_word' id='word_1_667' title='bbox 1721 4808 1967 4865; x_wconf 89' lang='lat' dir='ltr'><strong>Leonem</strong></span> <span class='ocrx_word' id='word_1_668' title='bbox 1998 4810 2080 4864; x_wconf 83' lang='lat' dir='ltr'><strong>IX</strong></span> <span class='ocrx_word' id='word_1_669' title='bbox 2105 4817 2162 4864; x_wconf 92' lang='lat' dir='ltr'><strong>et</strong></span> 
     </span>
    </p>
   </div>
   <div class='ocr_carea' id='block_1_94' title="bbox 635 4935 1619 5017">
    <p class='ocr_par' dir='ltr' id='par_1_94' title="bbox 635 4935 1619 5017">
     <span class='ocr_line' id='line_1_94' title="bbox 635 4935 1619 5017; baseline 0.004 -29"><span class='ocrx_word' id='word_1_670' title='bbox 635 4940 779 5017; x_wconf 73' lang='lat'><strong>(233)</strong></span> <span class='ocrx_word' id='word_1_671' title='bbox 809 4938 943 5017; x_wconf 46' lang='lat' dir='ltr'><strong>Iste.</strong></span> <span class='ocrx_word' id='word_1_672' title='bbox 951 4938 1197 5016; x_wconf 71' lang='lat' dir='ltr'><strong>Joannes</strong></span> <span class='ocrx_word' id='word_1_673' title='bbox 1211 4935 1326 5017; x_wconf 46' lang='lat' dir='ltr'><strong>‘fuit</strong></span> <span class='ocrx_word' id='word_1_674' title='bbox 1352 4938 1619 5017; x_wconf 66' lang='lat' dir='ltr'><strong>autipapa.</strong></span> 
     </span>
    </p>
   </div>
   <div class='ocr_carea' id='block_1_95' title="bbox 634 5005 2159 5076">
    <p class='ocr_par' dir='ltr' id='par_1_95' title="bbox 634 5005 2159 5076">
     <span class='ocr_line' id='line_1_95' title="bbox 634 5005 2159 5076; baseline 0.003 -17"><span class='ocrx_word' id='word_1_675' title='bbox 634 5006 783 5076; x_wconf 81' lang='lat'><strong>(234)</strong></span> <span class='ocrx_word' id='word_1_676' title='bbox 807 5007 863 5060; x_wconf 93' lang='lat' dir='ltr'><strong>S.</strong></span> <span class='ocrx_word' id='word_1_677' title='bbox 892 5006 1161 5061; x_wconf 89' lang='lat' dir='ltr'><strong>Henricus</strong></span> <span class='ocrx_word' id='word_1_678' title='bbox 1179 5005 1253 5072; x_wconf 90' lang='lat' dir='ltr'><strong>id,</strong></span> <span class='ocrx_word' id='word_1_679' title='bbox 1284 5007 1429 5076; x_wconf 91' lang='lat' dir='ltr'><strong>quod</strong></span> <span class='ocrx_word' id='word_1_680' title='bbox 1452 5005 1550 5062; x_wconf 80' lang='lat' dir='ltr'><strong>sibi</strong></span> <span class='ocrx_word' id='word_1_681' title='bbox 1583 5024 1692 5063; x_wconf 90' lang='lat' dir='ltr'><strong>non</strong></span> <span class='ocrx_word' id='word_1_682' title='bbox 1718 5008 2043 5073; x_wconf 90' lang='lat' dir='ltr'><strong>debebatur,</strong></span> <span class='ocrx_word' id='word_1_683' title='bbox 2068 5024 2159 5063; x_wconf 87' lang='lat' dir='ltr'><strong>no-</strong></span> 
     </span>
    </p>
   </div>
   <div class='ocr_carea' id='block_1_96' title="bbox 561 5075 2157 5150">
    <p class='ocr_par' dir='ltr' id='par_1_96' title="bbox 561 5075 2157 5150">
     <span class='ocr_line' id='line_1_96' title="bbox 561 5075 2157 5150; baseline 0.005 -22"><span class='ocrx_word' id='word_1_684' title='bbox 561 5076 658 5150; x_wconf 75' lang='lat' dir='ltr'><strong>luit</strong></span> <span class='ocrx_word' id='word_1_685' title='bbox 686 5075 872 5131; x_wconf 90' lang='lat' dir='ltr'><strong>itidem</strong></span> <span class='ocrx_word' id='word_1_686' title='bbox 900 5076 1007 5150; x_wconf 84' lang='lat' dir='ltr'><strong>sibi</strong></span> <span class='ocrx_word' id='word_1_687' title='bbox 1034 5085 1243 5150; x_wconf 84' lang='lat' dir='ltr'><strong>temere</strong></span> <span class='ocrx_word' id='word_1_688' title='bbox 1268 5093 1541 5150; x_wconf 87' lang='lat' dir='ltr'><strong>arrogare.</strong></span> <span class='ocrx_word' id='word_1_689' title='bbox 1572 5079 1779 5134; x_wconf 87' lang='lat' dir='ltr'><strong>Eadem</strong></span> <span class='ocrx_word' id='word_1_690' title='bbox 1805 5095 1959 5134; x_wconf 91' lang='lat' dir='ltr'><strong>mens</strong></span> <span class='ocrx_word' id='word_1_691' title='bbox 1989 5078 2157 5136; x_wconf 90' lang='lat' dir='ltr'><strong>fuisse</strong></span> 
     </span>
    </p>
   </div>
   <div class='ocr_carea' id='block_1_97' title="bbox 561 5147 1274 5203">
    <p class='ocr_par' dir='ltr' id='par_1_97' title="bbox 561 5147 1274 5203">
     <span class='ocr_line' id='line_1_97' title="bbox 561 5147 1274 5203; baseline 0.003 -4"><span class='ocrx_word' id='word_1_692' title='bbox 561 5147 772 5202; x_wconf 91' lang='lat' dir='ltr'><strong>videtur</strong></span> <span class='ocrx_word' id='word_1_693' title='bbox 799 5148 1049 5203; x_wconf 88' lang='lat' dir='ltr'><strong>Conrado</strong></span> <span class='ocrx_word' id='word_1_694' title='bbox 1080 5148 1274 5203; x_wconf 89' lang='lat' dir='ltr'><strong>Salico.</strong></span> 
     </span>
    </p>
   </div>
   <div class='ocr_carea' id='block_1_98' title="bbox 630 5217 2155 5299">
    <p class='ocr_par' dir='ltr' id='par_1_98' title="bbox 630 5217 2155 5299">
     <span class='ocr_line' id='line_1_98' title="bbox 630 5217 2155 5299; baseline 0.001 -26"><span class='ocrx_word' id='word_1_695' title='bbox 630 5221 777 5299; x_wconf 85' lang='lat'><strong>(235)</strong></span> <span class='ocrx_word' id='word_1_696' title='bbox 808 5221 930 5299; x_wconf 83' lang='lat' dir='ltr'><strong>Non</strong></span> <span class='ocrx_word' id='word_1_697' title='bbox 950 5217 1067 5299; x_wconf 64' lang='lat' dir='ltr'><strong>fuit</strong></span> <span class='ocrx_word' id='word_1_698' title='bbox 1094 5219 1219 5299; x_wconf 41' lang='lat' dir='ltr'><strong>.ulla</strong></span> <span class='ocrx_word' id='word_1_699' title='bbox 1240 5218 1620 5299; x_wconf 60' lang='lat' dir='ltr'><strong>_negligentia:_</strong></span> <span class='ocrx_word' id='word_1_700' title='bbox 1649 5218 1899 5299; x_wconf 83' lang='lat' dir='ltr'><strong>Obsecro</strong></span> <span class='ocrx_word' id='word_1_701' title='bbox 1934 5235 2049 5299; x_wconf 35' lang='lat' dir='ltr'><strong>cur.</strong></span> <span class='ocrx_word' id='word_1_702' title='bbox 2068 5222 2155 5275; x_wconf 84' lang='lat' dir='ltr'><strong>vix</strong></span> 
     </span>
    </p>
   </div>
   <div class='ocr_carea' id='block_1_99' title="bbox 558 5290 2156 5361">
    <p class='ocr_par' dir='ltr' id='par_1_99' title="bbox 558 5290 2156 5361">
     <span class='ocr_line' id='line_1_99' title="bbox 558 5290 2156 5361; baseline 0.003 -19"><span class='ocrx_word' id='word_1_703' title='bbox 558 5290 847 5360; x_wconf 90' lang='lat' dir='ltr'><strong>quisquam</strong></span> <span class='ocrx_word' id='word_1_704' title='bbox 881 5290 1104 5345; x_wconf 85' lang='lat' dir='ltr'><strong>Adriani</strong></span> <span class='ocrx_word' id='word_1_705' title='bbox 1148 5298 1201 5344; x_wconf 90' lang='lat' dir='ltr'><strong>et</strong></span> <span class='ocrx_word' id='word_1_706' title='bbox 1239 5292 1438 5345; x_wconf 89' lang='lat' dir='ltr'><strong>Leonis</strong></span> <span class='ocrx_word' id='word_1_707' title='bbox 1470 5290 1741 5361; x_wconf 89' lang='lat' dir='ltr'><strong>privilegia</strong></span> <span class='ocrx_word' id='word_1_708' title='bbox 1779 5298 1966 5346; x_wconf 80' lang='lat' dir='ltr'><strong>contra</strong></span> <span class='ocrx_word' id='word_1_709' title='bbox 2012 5292 2156 5347; x_wconf 88' lang='lat' dir='ltr'><strong>Gre-</strong></span> 
     </span>
    </p>
   </div>
   <div class='ocr_carea' id='block_1_100' title="bbox 482 5360 2156 5432">
    <p class='ocr_par' dir='ltr' id='par_1_100' title="bbox 482 5360 2156 5432">
     <span class='ocr_line' id='line_1_100' title="bbox 482 5360 2156 5432; baseline 0.002 -17"><span class='ocrx_word' id='word_1_710' title='bbox 482 5424 487 5427; x_wconf 18' lang='lat'><strong>,</strong></span> <span class='ocrx_word' id='word_1_711' title='bbox 558 5360 771 5430; x_wconf 87' lang='lat' dir='ltr'><strong>gorium</strong></span> <span class='ocrx_word' id='word_1_712' title='bbox 802 5362 896 5415; x_wconf 88' lang='lat' dir='ltr'><strong>VI]</strong></span> <span class='ocrx_word' id='word_1_713' title='bbox 944 5370 997 5416; x_wconf 92' lang='lat' dir='ltr'><strong>et</strong></span> <span class='ocrx_word' id='word_1_714' title='bbox 1038 5361 1172 5416; x_wconf 93' lang='lat' dir='ltr'><strong>alios</strong></span> <span class='ocrx_word' id='word_1_715' title='bbox 1221 5360 1696 5431; x_wconf 38' lang='lat' dir='ltr'><strong>protulit,’prater</strong></span> <span class='ocrx_word' id='word_1_716' title='bbox 1724 5362 2061 5432; x_wconf 87' lang='lat' dir='ltr'><strong>Sigebertum</strong></span> <span class='ocrx_word' id='word_1_717' title='bbox 2103 5372 2156 5419; x_wconf 92' lang='lat' dir='ltr'><strong>et</strong></span> 
     </span>
    </p>
   </div>
   <div class='ocr_carea' id='block_1_101' title="bbox 558 5433 2149 5506">
    <p class='ocr_par' dir='ltr' id='par_1_101' title="bbox 558 5433 2149 5506">
     <span class='ocr_line' id='line_1_101' title="bbox 558 5433 2149 5506; baseline 0.002 -20"><span class='ocrx_word' id='word_1_718' title='bbox 558 5433 907 5506; x_wconf 79' lang='lat' dir='ltr'><strong>Walramum</strong></span> <span class='ocrx_word' id='word_1_719' title='bbox 954 5433 1036 5506; x_wconf 13' lang='lat' dir='ltr'><strong>ing</strong></span> <span class='ocrx_word' id='word_1_720' title='bbox 1066 5441 1277 5506; x_wconf 80' lang='lat' dir='ltr'><strong>tractat.</strong></span> <span class='ocrx_word' id='word_1_721' title='bbox 1329 5434 1395 5488; x_wconf 91' lang='lat' dir='ltr'><strong>de</strong></span> <span class='ocrx_word' id='word_1_722' title='bbox 1437 5433 1765 5506; x_wconf 81' lang='lat' dir='ltr'><strong>investituris</strong></span> <span class='ocrx_word' id='word_1_723' title='bbox 1812 5434 1952 5503; x_wconf 91' lang='lat' dir='ltr'><strong>apud</strong></span> <span class='ocrx_word' id='word_1_724' title='bbox 2003 5434 2149 5506; x_wconf 84' lang='lat' dir='ltr'><strong>lllyr.</strong></span> 
     </span>
    </p>
   </div>
   <div class='ocr_carea' id='block_1_102' title="bbox 558 5502 2152 5575">
    <p class='ocr_par' dir='ltr' id='par_1_102' title="bbox 558 5502 2152 5575">
     <span class='ocr_line' id='line_1_102' title="bbox 558 5502 2152 5575; baseline 0.003 -18"><span class='ocrx_word' id='word_1_725' title='bbox 558 5504 718 5557; x_wconf 88' lang='lat' dir='ltr'><strong>catal.</strong></span> <span class='ocrx_word' id='word_1_726' title='bbox 757 5511 917 5570; x_wconf 83' lang='lat' dir='ltr'><strong>test.;</strong></span> <span class='ocrx_word' id='word_1_727' title='bbox 948 5502 1037 5575; x_wconf 90' lang='lat' dir='ltr'><strong>qui</strong></span> <span class='ocrx_word' id='word_1_728' title='bbox 1076 5504 1394 5558; x_wconf 89' lang='lat' dir='ltr'><strong>Walramus</strong></span> <span class='ocrx_word' id='word_1_729' title='bbox 1427 5504 1648 5575; x_wconf 90' lang='lat' dir='ltr'><strong>scripsit</strong></span> <span class='ocrx_word' id='word_1_730' title='bbox 1689 5503 1834 5559; x_wconf 91' lang='lat' dir='ltr'><strong>hunc</strong></span> <span class='ocrx_word' id='word_1_731' title='bbox 1850 5502 2152 5561; x_wconf 82' lang='lat' dir='ltr'><strong>tractatum</strong></span> 
     </span>
    </p>
   </div>
   <div class='ocr_carea' id='block_1_103' title="bbox 559 5574 1412 5629">
    <p class='ocr_par' dir='ltr' id='par_1_103' title="bbox 559 5574 1412 5629">
     <span class='ocr_line' id='line_1_103' title="bbox 559 5574 1412 5629; baseline 0 -2"><span class='ocrx_word' id='word_1_732' title='bbox 559 5588 723 5629; x_wconf 86' lang='lat' dir='ltr'><strong>suum</strong></span> <span class='ocrx_word' id='word_1_733' title='bbox 752 5590 894 5628; x_wconf 90' lang='lat' dir='ltr'><strong>anno</strong></span> <span class='ocrx_word' id='word_1_734' title='bbox 922 5574 1117 5628; x_wconf 86' lang='lat' dir='ltr'><strong>Christi</strong></span> <span class='ocrx_word' id='word_1_735' title='bbox 1145 5589 1220 5628; x_wconf 92' lang='lat' dir='ltr'><strong>m.</strong></span> <span class='ocrx_word' id='word_1_736' title='bbox 1255 5579 1412 5628; x_wconf 91' lang='lat'><strong>1109.</strong></span> 
     </span>
    </p>
   </div>
   <div class='ocr_carea' id='block_1_104' title="bbox 629 5644 2151 5720">
    <p class='ocr_par' dir='ltr' id='par_1_104' title="bbox 629 5644 2151 5720">
     <span class='ocr_line' id='line_1_104' title="bbox 629 5644 2151 5720; baseline 0.003 -22"><span class='ocrx_word' id='word_1_737' title='bbox 629 5648 772 5720; x_wconf 83' lang='lat'><strong>(236)</strong></span> <span class='ocrx_word' id='word_1_738' title='bbox 805 5644 955 5720; x_wconf 85' lang='lat' dir='ltr'><strong>Idem</strong></span> <span class='ocrx_word' id='word_1_739' title='bbox 976 5645 1067 5716; x_wconf 91' lang='lat' dir='ltr'><strong>jus</strong></span> <span class='ocrx_word' id='word_1_740' title='bbox 1096 5647 1335 5720; x_wconf 82' lang='lat' dir='ltr'><strong>Henrico</strong></span> <span class='ocrx_word' id='word_1_741' title='bbox 1359 5644 1650 5720; x_wconf 82' lang='lat' dir='ltr'><strong>fuit,_quod</strong></span> <span class='ocrx_word' id='word_1_742' title='bbox 1677 5646 2014 5703; x_wconf 91' lang='lat' dir='ltr'><strong>Theodorico</strong></span> <span class='ocrx_word' id='word_1_743' title='bbox 2036 5649 2151 5720; x_wconf 85' lang='lat' dir='ltr'><strong>regi</strong></span> 
     </span>
    </p>
   </div>
   <div class='ocr_carea' id='block_1_105' title="bbox 559 5715 2150 5789">
    <p class='ocr_par' dir='ltr' id='par_1_105' title="bbox 559 5715 2150 5789">
     <span class='ocr_line' id='line_1_105' title="bbox 559 5715 2150 5789; baseline 0.003 -17"><span class='ocrx_word' id='word_1_744' title='bbox 559 5717 892 5789; x_wconf 88' lang='lat' dir='ltr'><strong>Gothorum,</strong></span> <span class='ocrx_word' id='word_1_745' title='bbox 924 5715 1028 5771; x_wconf 86' lang='lat' dir='ltr'><strong>hoc</strong></span> <span class='ocrx_word' id='word_1_746' title='bbox 1072 5726 1172 5789; x_wconf 86' lang='lat' dir='ltr'><strong>est,</strong></span> <span class='ocrx_word' id='word_1_747' title='bbox 1203 5717 1437 5789; x_wconf 87' lang='lat' dir='ltr'><strong>nullum.</strong></span> <span class='ocrx_word' id='word_1_748' title='bbox 1472 5715 1615 5789; x_wconf 82' lang='lat' dir='ltr'><strong>Lege</strong></span> <span class='ocrx_word' id='word_1_749' title='bbox 1644 5720 1772 5773; x_wconf 90' lang='lat' dir='ltr'><strong>Bar.</strong></span> <span class='ocrx_word' id='word_1_750' title='bbox 1811 5733 1957 5774; x_wconf 92' lang='lat' dir='ltr'><strong>anno</strong></span> <span class='ocrx_word' id='word_1_751' title='bbox 1992 5715 2150 5777; x_wconf 69' lang='lat'><strong>1046.</strong></span> 
     </span>
    </p>
   </div>
   <div class='ocr_carea' id='block_1_106' title="bbox 630 5787 2151 5867">
    <p class='ocr_par' dir='ltr' id='par_1_106' title="bbox 630 5787 2151 5867">
     <span class='ocr_line' id='line_1_106' title="bbox 630 5787 2151 5867; baseline 0.003 -25"><span class='ocrx_word' id='word_1_752' title='bbox 630 5788 779 5857; x_wconf 89' lang='lat'><strong>(237)</strong></span> <span class='ocrx_word' id='word_1_753' title='bbox 818 5787 1344 5867; x_wconf 0' lang='lat' dir='ltr'><strong>(Prastantissim-um</strong></span> <span class='ocrx_word' id='word_1_754' title='bbox 1392 5787 1758 5867; x_wconf 83' lang='lat' dir='ltr'><strong>jus__fuiss_et,</strong></span> <span class='ocrx_word' id='word_1_755' title='bbox 1806 5790 1917 5867; x_wconf 67' lang='lat' dir='ltr'><strong>nisi</strong></span> <span class='ocrx_word' id='word_1_756' title='bbox 1956 5791 2151 5867; x_wconf 75' lang='lat' dir='ltr'><strong>injuria</strong></span> 
     </span>
    </p>
   </div>
   <div class='ocr_carea' id='block_1_107' title="bbox 555 5856 2154 5934">
    <p class='ocr_par' dir='ltr' id='par_1_107' title="bbox 555 5856 2154 5934">
     <span class='ocr_line' id='line_1_107' title="bbox 555 5856 2154 5934; baseline 0.004 -23"><span class='ocrx_word' id='word_1_757' title='bbox 555 5856 765 5918; x_wconf 82' lang='lat' dir='ltr'><strong>fuisset.</strong></span> <span class='ocrx_word' id='word_1_758' title='bbox 798 5864 1006 5917; x_wconf 83' lang='lat' dir='ltr'><strong>Auctor</strong></span> <span class='ocrx_word' id='word_1_759' title='bbox 1050 5860 1311 5934; x_wconf 88' lang='lat' dir='ltr'><strong>apologia</strong></span> <span class='ocrx_word' id='word_1_760' title='bbox 1352 5856 1451 5932; x_wconf 80' lang='lat' dir='ltr'><strong>pro</strong></span> <span class='ocrx_word' id='word_1_761' title='bbox 1496 5862 1738 5918; x_wconf 90' lang='lat' dir='ltr'><strong>Henrico</strong></span> <span class='ocrx_word' id='word_1_762' title='bbox 1783 5861 1921 5917; x_wconf 88' lang='lat' dir='ltr'><strong>nihil</strong></span> <span class='ocrx_word' id='word_1_763' title='bbox 1951 5856 2025 5918; x_wconf 80' lang='lat' dir='ltr'><strong>dé</strong></span> <span class='ocrx_word' id='word_1_764' title='bbox 2049 5862 2154 5918; x_wconf 89' lang='lat' dir='ltr'><strong>hoc</strong></span> 
     </span>
    </p>
   </div>
   <div class='ocr_carea' id='block_1_108' title="bbox 2276 4706 3866 4779">
    <p class='ocr_par' dir='ltr' id='par_1_108' title="bbox 2276 4706 3866 4779">
     <span class='ocr_line' id='line_1_108' title="bbox 2276 4706 3866 4779; baseline -0.003 -16"><span class='ocrx_word' id='word_1_765' title='bbox 2276 4707 2554 4764; x_wconf 91' lang='lat' dir='ltr'><strong>Mathildis</strong></span> <span class='ocrx_word' id='word_1_766' title='bbox 2573 4708 2775 4763; x_wconf 87' lang='lat' dir='ltr'><strong>auxilio</strong></span> <span class='ocrx_word' id='word_1_767' title='bbox 2800 4706 2992 4773; x_wconf 87' lang='lat' dir='ltr'><strong>fretus,</strong></span> <span class='ocrx_word' id='word_1_768' title='bbox 3027 4708 3201 4762; x_wconf 88' lang='lat' dir='ltr'><strong>multa</strong></span> <span class='ocrx_word' id='word_1_769' title='bbox 3233 4714 3423 4762; x_wconf 90' lang='lat' dir='ltr'><strong>contra</strong></span> <span class='ocrx_word' id='word_1_770' title='bbox 3454 4707 3866 4779; x_wconf 85' lang='lat' dir='ltr'><strong>imperatorem,</strong></span> 
     </span>
    </p>
   </div>
   <div class='ocr_carea' id='block_1_109' title="bbox 2271 4806 3411 4879">
    <p class='ocr_par' dir='ltr' id='par_1_109' title="bbox 2271 4806 3411 4879">
     <span class='ocr_line' id='line_1_109' title="bbox 2271 4806 3411 4879; baseline -0.003 -15"><span class='ocrx_word' id='word_1_771' title='bbox 2271 4823 2399 4864; x_wconf 91' lang='lat' dir='ltr'><strong>cum</strong></span> <span class='ocrx_word' id='word_1_772' title='bbox 2439 4807 2687 4879; x_wconf 90' lang='lat' dir='ltr'><strong>primum</strong></span> <span class='ocrx_word' id='word_1_773' title='bbox 2712 4806 2909 4878; x_wconf 89' lang='lat' dir='ltr'><strong>potuit,</strong></span> <span class='ocrx_word' id='word_1_774' title='bbox 2942 4806 3087 4877; x_wconf 78' lang='lat'><strong>(242)</strong></span> <span class='ocrx_word' id='word_1_775' title='bbox 3114 4821 3276 4863; x_wconf 87' lang='lat' dir='ltr'><strong>ausus</strong></span> <span class='ocrx_word' id='word_1_776' title='bbox 3306 4812 3411 4863; x_wconf 91' lang='lat' dir='ltr'><strong>est.</strong></span> 
     </span>
    </p>
   </div>
   <div class='ocr_carea' id='block_1_110' title="bbox 2264 4931 3867 5008">
    <p class='ocr_par' dir='ltr' id='par_1_110' title="bbox 2264 4931 3867 5008">
     <span class='ocr_line' id='line_1_110' title="bbox 2264 4931 3867 5008; baseline -0.001 -17"><span class='ocrx_word' id='word_1_777' title='bbox 2264 4937 2388 5008; x_wconf 90' lang='lat' dir='ltr'><strong>jure</strong></span> <span class='ocrx_word' id='word_1_778' title='bbox 2416 4936 2595 4993; x_wconf 88' lang='lat' dir='ltr'><strong>scivit.</strong></span> <span class='ocrx_word' id='word_1_779' title='bbox 2631 4937 2837 4994; x_wconf 90' lang='lat' dir='ltr'><strong>Saltem</strong></span> <span class='ocrx_word' id='word_1_780' title='bbox 2867 4935 3147 5008; x_wconf 86' lang='lat' dir='ltr'><strong>catholicis</strong></span> <span class='ocrx_word' id='word_1_781' title='bbox 3172 4951 3283 5008; x_wconf 86' lang='lat' dir='ltr'><strong>non</strong></span> <span class='ocrx_word' id='word_1_782' title='bbox 3303 4934 3657 5008; x_wconf 80' lang='lat' dir='ltr'><strong>objecit,_nec</strong></span> <span class='ocrx_word' id='word_1_783' title='bbox 3693 4931 3867 4989; x_wconf 90' lang='lat' dir='ltr'><strong>ullum</strong></span> 
     </span>
    </p>
   </div>
   <div class='ocr_carea' id='block_1_111' title="bbox 2269 5006 3869 5080">
    <p class='ocr_par' dir='ltr' id='par_1_111' title="bbox 2269 5006 3869 5080">
     <span class='ocr_line' id='line_1_111' title="bbox 2269 5006 3869 5080; baseline -0.003 -17"><span class='ocrx_word' id='word_1_784' title='bbox 2269 5006 2653 5080; x_wconf 81' lang='lat' dir='ltr'><strong>argumentum</strong></span> <span class='ocrx_word' id='word_1_785' title='bbox 2696 5025 2795 5080; x_wconf 91' lang='lat' dir='ltr'><strong>pro</strong></span> <span class='ocrx_word' id='word_1_786' title='bbox 2836 5023 2943 5080; x_wconf 85' lang='lat' dir='ltr'><strong>suo</strong></span> <span class='ocrx_word' id='word_1_787' title='bbox 2973 5006 3214 5080; x_wconf 82' lang='lat' dir='ltr'><strong>Henrico</strong></span> <span class='ocrx_word' id='word_1_788' title='bbox 3252 5006 3385 5064; x_wconf 83' lang='lat' dir='ltr'><strong>inde</strong></span> <span class='ocrx_word' id='word_1_789' title='bbox 3417 5006 3596 5080; x_wconf 79' lang='lat' dir='ltr'><strong>duxit.</strong></span> <span class='ocrx_word' id='word_1_790' title='bbox 3629 5008 3743 5059; x_wconf 89' lang='lat' dir='ltr'><strong>Nec</strong></span> <span class='ocrx_word' id='word_1_791' title='bbox 3771 5020 3869 5080; x_wconf 83' lang='lat' dir='ltr'><strong>ca-</strong></span> 
     </span>
    </p>
   </div>
   <div class='ocr_carea' id='block_1_112' title="bbox 2270 5076 3874 5150">
    <p class='ocr_par' dir='ltr' id='par_1_112' title="bbox 2270 5076 3874 5150">
     <span class='ocr_line' id='line_1_112' title="bbox 2270 5076 3874 5150; baseline -0.002 -16"><span class='ocrx_word' id='word_1_792' title='bbox 2270 5076 2482 5147; x_wconf 77' lang='lat' dir='ltr'><strong>tholici,</strong></span> <span class='ocrx_word' id='word_1_793' title='bbox 2527 5079 2616 5150; x_wconf 90' lang='lat' dir='ltr'><strong>qui</strong></span> <span class='ocrx_word' id='word_1_794' title='bbox 2648 5076 2839 5135; x_wconf 83' lang='lat' dir='ltr'><strong>omnes</strong></span> <span class='ocrx_word' id='word_1_795' title='bbox 2874 5078 3349 5134; x_wconf 86' lang='lat' dir='ltr'><strong>schismaticorum</strong></span> <span class='ocrx_word' id='word_1_796' title='bbox 3381 5076 3710 5149; x_wconf 87' lang='lat' dir='ltr'><strong>objectiones</strong></span> <span class='ocrx_word' id='word_1_797' title='bbox 3761 5076 3874 5131; x_wconf 86' lang='lat' dir='ltr'><strong>sol-</strong></span> 
     </span>
    </p>
   </div>
   <div class='ocr_carea' id='block_1_113' title="bbox 2268 5149 3189 5222">
    <p class='ocr_par' dir='ltr' id='par_1_113' title="bbox 2268 5149 3189 5222">
     <span class='ocr_line' id='line_1_113' title="bbox 2268 5149 3189 5222; baseline -0.002 -16"><span class='ocrx_word' id='word_1_798' title='bbox 2268 5158 2427 5215; x_wconf 89' lang='lat' dir='ltr'><strong>vunt,</strong></span> <span class='ocrx_word' id='word_1_799' title='bbox 2457 5149 2599 5205; x_wconf 83' lang='lat' dir='ltr'><strong>hanc</strong></span> <span class='ocrx_word' id='word_1_800' title='bbox 2622 5166 2870 5222; x_wconf 89' lang='lat' dir='ltr'><strong>unquam</strong></span> <span class='ocrx_word' id='word_1_801' title='bbox 2898 5149 3189 5222; x_wconf 80' lang='lat' dir='ltr'><strong>attingunt.</strong></span> 
     </span>
    </p>
   </div>
   <div class='ocr_carea' id='block_1_114' title="bbox 2339 5216 3867 5293">
    <p class='ocr_par' dir='ltr' id='par_1_114' title="bbox 2339 5216 3867 5293">
     <span class='ocr_line' id='line_1_114' title="bbox 2339 5216 3867 5293; baseline -0.002 -17"><span class='ocrx_word' id='word_1_802' title='bbox 2339 5223 2485 5293; x_wconf 86' lang='lat'><strong>(238)</strong></span> <span class='ocrx_word' id='word_1_803' title='bbox 2527 5223 2651 5276; x_wconf 86' lang='lat' dir='ltr'><strong>Non</strong></span> <span class='ocrx_word' id='word_1_804' title='bbox 2692 5216 2856 5289; x_wconf 80' lang='lat' dir='ltr'><strong>male,</strong></span> <span class='ocrx_word' id='word_1_805' title='bbox 2890 5220 2993 5275; x_wconf 91' lang='lat' dir='ltr'><strong>nisi</strong></span> <span class='ocrx_word' id='word_1_806' title='bbox 3034 5216 3139 5291; x_wconf 75' lang='lat' dir='ltr'><strong>qua</strong></span> <span class='ocrx_word' id='word_1_807' title='bbox 3166 5220 3310 5275; x_wconf 89' lang='lat' dir='ltr'><strong>male</strong></span> <span class='ocrx_word' id='word_1_808' title='bbox 3343 5217 3441 5289; x_wconf 88' lang='lat' dir='ltr'><strong>jus</strong></span> <span class='ocrx_word' id='word_1_809' title='bbox 3488 5216 3731 5272; x_wconf 88' lang='lat' dir='ltr'><strong>alienum</strong></span> <span class='ocrx_word' id='word_1_810' title='bbox 3765 5217 3867 5273; x_wconf 90' lang='lat' dir='ltr'><strong>sibi</strong></span> 
     </span>
    </p>
   </div>
   <div class='ocr_carea' id='block_1_115' title="bbox 2267 5292 3918 5363">
    <p class='ocr_par' dir='ltr' id='par_1_115' title="bbox 2267 5292 3918 5363">
     <span class='ocr_line' id='line_1_115' title="bbox 2267 5292 3918 5363; baseline -0.002 -15"><span class='ocrx_word' id='word_1_811' title='bbox 2267 5292 2614 5363; x_wconf 83' lang='lat' dir='ltr'><strong>arrogabant.</strong></span> <span class='ocrx_word' id='word_1_812' title='bbox 3912 5337 3918 5344; x_wconf 89' lang='lat'><strong>.</strong></span> 
     </span>
    </p>
   </div>
   <div class='ocr_carea' id='block_1_116' title="bbox 2339 5364 3864 5432">
    <p class='ocr_par' dir='ltr' id='par_1_116' title="bbox 2339 5364 3864 5432">
     <span class='ocr_line' id='line_1_116' title="bbox 2339 5364 3864 5432; baseline -0.003 -14"><span class='ocrx_word' id='word_1_813' title='bbox 2339 5364 2481 5432; x_wconf 74' lang='lat'><strong>(239)</strong></span> <span class='ocrx_word' id='word_1_814' title='bbox 2531 5366 2675 5432; x_wconf 83' lang='lat' dir='ltr'><strong>Lege</strong></span> <span class='ocrx_word' id='word_1_815' title='bbox 2729 5364 2876 5430; x_wconf 90' lang='lat' dir='ltr'><strong>Bar.,</strong></span> <span class='ocrx_word' id='word_1_816' title='bbox 2931 5378 3074 5418; x_wconf 89' lang='lat' dir='ltr'><strong>anno</strong></span> <span class='ocrx_word' id='word_1_817' title='bbox 3111 5368 3265 5425; x_wconf 87' lang='lat'><strong>1077,</strong></span> <span class='ocrx_word' id='word_1_818' title='bbox 3312 5364 3584 5432; x_wconf 68' lang='lat' dir='ltr'><strong>num.__24</strong></span> <span class='ocrx_word' id='word_1_819' title='bbox 3617 5367 3672 5413; x_wconf 92' lang='lat' dir='ltr'><strong>et</strong></span> <span class='ocrx_word' id='word_1_820' title='bbox 3712 5375 3864 5432; x_wconf 79' lang='lat' dir='ltr'><strong>seqq.</strong></span> 
     </span>
    </p>
   </div>
   <div class='ocr_carea' id='block_1_117' title="bbox 2339 5428 3865 5505">
    <p class='ocr_par' dir='ltr' id='par_1_117' title="bbox 2339 5428 3865 5505">
     <span class='ocr_line' id='line_1_117' title="bbox 2339 5428 3865 5505; baseline -0.003 -16"><span class='ocrx_word' id='word_1_821' title='bbox 2339 5428 2486 5505; x_wconf 81' lang='lat'><strong>(240)</strong></span> <span class='ocrx_word' id='word_1_822' title='bbox 2508 5428 2640 5489; x_wconf 70' lang='lat' dir='ltr'><strong>Hac</strong></span> <span class='ocrx_word' id='word_1_823' title='bbox 2668 5448 2777 5487; x_wconf 91' lang='lat' dir='ltr'><strong>non</strong></span> <span class='ocrx_word' id='word_1_824' title='bbox 2806 5428 2910 5488; x_wconf 84' lang='lat' dir='ltr'><strong>fuit</strong></span> <span class='ocrx_word' id='word_1_825' title='bbox 2936 5436 3114 5503; x_wconf 89' lang='lat' dir='ltr'><strong>prima</strong></span> <span class='ocrx_word' id='word_1_826' title='bbox 3156 5447 3317 5505; x_wconf 83' lang='lat' dir='ltr'><strong>causa</strong></span> <span class='ocrx_word' id='word_1_827' title='bbox 3353 5428 3601 5505; x_wconf 84' lang='lat' dir='ltr'><strong>_di_ssi_dii,</strong></span> <span class='ocrx_word' id='word_1_828' title='bbox 3649 5430 3744 5485; x_wconf 89' lang='lat' dir='ltr'><strong>sed</strong></span> <span class='ocrx_word' id='word_1_829' title='bbox 3786 5428 3865 5505; x_wconf 79' lang='lat' dir='ltr'><strong>Si-</strong></span> 
     </span>
    </p>
   </div>
   <div class='ocr_carea' id='block_1_118' title="bbox 2265 5501 3869 5587">
    <p class='ocr_par' dir='ltr' id='par_1_118' title="bbox 2265 5501 3869 5587">
     <span class='ocr_line' id='line_1_118' title="bbox 2265 5501 3869 5587; baseline -0.002 -27"><span class='ocrx_word' id='word_1_830' title='bbox 2265 5501 2477 5573; x_wconf 74' lang='lat' dir='ltr'><strong>monia,</strong></span> <span class='ocrx_word' id='word_1_831' title='bbox 2500 5514 2561 5587; x_wconf 42' lang='lat' dir='ltr'><strong>.et</strong></span> <span class='ocrx_word' id='word_1_832' title='bbox 2602 5506 2813 5585; x_wconf 66' lang='lat' dir='ltr'><strong>scelera</strong></span> <span class='ocrx_word' id='word_1_833' title='bbox 2849 5501 3091 5570; x_wconf 83' lang='lat' dir='ltr'><strong>Henrici,</strong></span> <span class='ocrx_word' id='word_1_834' title='bbox 3124 5513 3179 5558; x_wconf 91' lang='lat' dir='ltr'><strong>et</strong></span> <span class='ocrx_word' id='word_1_835' title='bbox 3206 5501 3367 5557; x_wconf 90' lang='lat' dir='ltr'><strong>alieni</strong></span> <span class='ocrx_word' id='word_1_836' title='bbox 3400 5502 3542 5573; x_wconf 92' lang='lat' dir='ltr'><strong>juris</strong></span> <span class='ocrx_word' id='word_1_837' title='bbox 3581 5501 3869 5574; x_wconf 86' lang='lat' dir='ltr'><strong>tyrannica</strong></span> 
     </span>
    </p>
   </div>
   <div class='ocr_carea' id='block_1_119' title="bbox 2265 5586 2573 5632">
    <p class='ocr_par' dir='ltr' id='par_1_119' title="bbox 2265 5586 2573 5632">
     <span class='ocr_line' id='line_1_119' title="bbox 2265 5586 2573 5632; baseline -0.003 -1"><span class='ocrx_word' id='word_1_838' title='bbox 2265 5586 2573 5632; x_wconf 69' lang='lat' dir='ltr'><strong>USUI‘DBUO.</strong></span> 
     </span>
    </p>
   </div>
   <div class='ocr_carea' id='block_1_120' title="bbox 2336 5594 3870 5717">
    <p class='ocr_par' dir='ltr' id='par_1_120' title="bbox 2336 5594 3870 5717">
     <span class='ocr_line' id='line_1_120' title="bbox 2336 5594 3870 5717; baseline -0.002 -16"><span class='ocrx_word' id='word_1_839' title='bbox 2336 5594 2756 5717; x_wconf 37' lang='lat' dir='ltr'><strong>gﬁfgaedem</strong></span> <span class='ocrx_word' id='word_1_840' title='bbox 2796 5646 3066 5702; x_wconf 88' lang='lat' dir='ltr'><strong>rationem</strong></span> <span class='ocrx_word' id='word_1_841' title='bbox 3114 5652 3308 5717; x_wconf 75' lang='lat' dir='ltr'><strong>tenent</strong></span> <span class='ocrx_word' id='word_1_842' title='bbox 3357 5643 3521 5717; x_wconf 83' lang='lat' dir='ltr'><strong>hodie</strong></span> <span class='ocrx_word' id='word_1_843' title='bbox 3551 5645 3759 5717; x_wconf 13' lang='lat' dir='ltr'><strong>gTurca</strong></span> <span class='ocrx_word' id='word_1_844' title='bbox 3806 5642 3870 5698; x_wconf 89' lang='lat' dir='ltr'><strong>in</strong></span> 
     </span>
    </p>
   </div>
   <div class='ocr_carea' id='block_1_121' title="bbox 2263 5714 3695 5785">
    <p class='ocr_par' dir='ltr' id='par_1_121' title="bbox 2263 5714 3695 5785">
     <span class='ocr_line' id='line_1_121' title="bbox 2263 5714 3695 5785; baseline -0.004 -10"><span class='ocrx_word' id='word_1_845' title='bbox 2263 5714 2471 5775; x_wconf 89' lang='lat' dir='ltr'><strong>Gracia</strong></span> <span class='ocrx_word' id='word_1_846' title='bbox 2498 5728 2553 5775; x_wconf 91' lang='lat' dir='ltr'><strong>et</strong></span> <span class='ocrx_word' id='word_1_847' title='bbox 2582 5719 2727 5785; x_wconf 91' lang='lat' dir='ltr'><strong>alibi,</strong></span> <span class='ocrx_word' id='word_1_848' title='bbox 2760 5718 2853 5774; x_wconf 89' lang='lat' dir='ltr'><strong>ubi</strong></span> <span class='ocrx_word' id='word_1_849' title='bbox 2883 5719 2983 5772; x_wconf 93' lang='lat' dir='ltr'><strong>sub</strong></span> <span class='ocrx_word' id='word_1_850' title='bbox 3016 5733 3073 5771; x_wconf 90' lang='lat' dir='ltr'><strong>se</strong></span> <span class='ocrx_word' id='word_1_851' title='bbox 3103 5714 3446 5771; x_wconf 87' lang='lat' dir='ltr'><strong>Christianos</strong></span> <span class='ocrx_word' id='word_1_852' title='bbox 3476 5716 3695 5770; x_wconf 88' lang='lat' dir='ltr'><strong>habent.</strong></span> 
     </span>
    </p>
   </div>
   <div class='ocr_carea' id='block_1_122' title="bbox 2338 5786 3861 5863">
    <p class='ocr_par' dir='ltr' id='par_1_122' title="bbox 2338 5786 3861 5863">
     <span class='ocr_line' id='line_1_122' title="bbox 2338 5786 3861 5863; baseline -0.003 -17"><span class='ocrx_word' id='word_1_853' title='bbox 2338 5792 2481 5863; x_wconf 84' lang='lat'><strong>(242)</strong></span> <span class='ocrx_word' id='word_1_854' title='bbox 2501 5791 2605 5863; x_wconf 84' lang='lat' dir='ltr'><strong>Sed</strong></span> <span class='ocrx_word' id='word_1_855' title='bbox 2626 5790 2772 5863; x_wconf 87' lang='lat' dir='ltr'><strong>jure,</strong></span> <span class='ocrx_word' id='word_1_856' title='bbox 2805 5791 2933 5863; x_wconf 85' lang='lat' dir='ltr'><strong>quia</strong></span> <span class='ocrx_word' id='word_1_857' title='bbox 2956 5803 3054 5863; x_wconf 84' lang='lat' dir='ltr'><strong>pro</strong></span> <span class='ocrx_word' id='word_1_858' title='bbox 3079 5787 3441 5863; x_wconf 66' lang='lat' dir='ltr'><strong>ecclesiastica</strong></span> <span class='ocrx_word' id='word_1_859' title='bbox 3467 5786 3713 5863; x_wconf 65' lang='lat' dir='ltr'><strong>libertate</strong></span> <span class='ocrx_word' id='word_1_860' title='bbox 3732 5800 3861 5863; x_wconf 81' lang='lat' dir='ltr'><strong>con-</strong></span> 
     </span>
    </p>
   </div>
   <div class='ocr_carea' id='block_1_123' title="bbox 2264 5858 3858 5933">
    <p class='ocr_par' dir='ltr' id='par_1_123' title="bbox 2264 5858 3858 5933">
     <span class='ocr_line' id='line_1_123' title="bbox 2264 5858 3858 5933; baseline -0.004 -15"><span class='ocrx_word' id='word_1_861' title='bbox 2264 5858 2352 5918; x_wconf 81' lang='lat' dir='ltr'><strong>tra</strong></span> <span class='ocrx_word' id='word_1_862' title='bbox 2382 5858 2764 5933; x_wconf 83' lang='lat' dir='ltr'><strong>turpissimam</strong></span> <span class='ocrx_word' id='word_1_863' title='bbox 2799 5858 3059 5919; x_wconf 86' lang='lat' dir='ltr'><strong>Simonia</strong></span> <span class='ocrx_word' id='word_1_864' title='bbox 3089 5858 3287 5915; x_wconf 89' lang='lat' dir='ltr'><strong>labem.</strong></span> <span class='ocrx_word' id='word_1_865' title='bbox 3329 5860 3474 5929; x_wconf 86' lang='lat' dir='ltr'><strong>Lege</strong></span> <span class='ocrx_word' id='word_1_866' title='bbox 3518 5860 3643 5913; x_wconf 84' lang='lat' dir='ltr'><strong>Bar.</strong></span> <span class='ocrx_word' id='word_1_867' title='bbox 3697 5860 3858 5913; x_wconf 85' lang='lat'><strong>1076.</strong></span> 
     </span>
    </p>
   </div>
  </div>
