  <div class='ocr_page' id='page_1' title='image "/cluster/home/n/w/nwhite01/storage/ocr_20150623/148/hvd.32044054760061/090.png"; bbox 0 0 4122 6180; ppageno 0'>
   <div class='ocr_carea' id='block_1_1' title="bbox 250 282 345 334">
    <p class='ocr_par' dir='ltr' id='par_1_1' title="bbox 250 282 345 334">
     <span class='ocr_line' id='line_1_1' title="bbox 250 282 345 334; baseline -0.011 0"><span class='ocrx_word' id='word_1_1' title='bbox 250 282 345 334; x_wconf 74' lang='grc'><strong>169</strong></span> 
     </span>
    </p>
   </div>
   <div class='ocr_carea' id='block_1_2' title="bbox 1238 281 2564 339">
    <p class='ocr_par' dir='ltr' id='par_1_2' title="bbox 1238 281 2564 339">
     <span class='ocr_line' id='line_1_2' title="bbox 1238 281 2564 339; baseline 0.002 -5"><span class='ocrx_word' id='word_1_2' title='bbox 1238 281 1758 337; x_wconf 76' lang='lat' dir='ltr'><strong>PROLEGOMENA.</strong></span> <span class='ocrx_word' id='word_1_3' title='bbox 1802 313 1866 321; x_wconf 92' lang='lat'><strong>-—</strong></span> <span class='ocrx_word' id='word_1_4' title='bbox 1909 284 2081 339; x_wconf 78' lang='lat' dir='ltr'><strong>ACTA</strong></span> <span class='ocrx_word' id='word_1_5' title='bbox 2123 286 2178 339; x_wconf 89' lang='lat' dir='ltr'><strong>S.</strong></span> <span class='ocrx_word' id='word_1_6' title='bbox 2221 284 2564 339; x_wconf 79' lang='lat' dir='ltr'><strong>GREGORII.</strong></span> 
     </span>
    </p>
   </div>
   <div class='ocr_carea' id='block_1_3' title="bbox 3354 288 3546 341">
    <p class='ocr_par' dir='ltr' id='par_1_3' title="bbox 3354 288 3546 341">
     <span class='ocr_line' id='line_1_3' title="bbox 3354 288 3546 341; baseline -0.005 0"><span class='ocrx_word' id='word_1_7' title='bbox 3354 300 3361 301; x_wconf 59' lang='lat'><strong><em>&#39;</em></strong></span> <span class='ocrx_word' id='word_1_8' title='bbox 3448 288 3546 341; x_wconf 82' lang='grc'><strong>170</strong></span> 
     </span>
    </p>
   </div>
   <div class='ocr_carea' id='block_1_4' title="bbox 315 403 3549 480">
    <p class='ocr_par' dir='ltr' id='par_1_4' title="bbox 315 403 3549 480">
     <span class='ocr_line' id='line_1_4' title="bbox 315 403 3549 480; baseline 0.002 -22"><span class='ocrx_word' id='word_1_9' title='bbox 315 403 496 475; x_wconf 79' lang='lat' dir='ltr'><strong>Igitur</strong></span> <span class='ocrx_word' id='word_1_10' title='bbox 523 419 667 458; x_wconf 89' lang='lat' dir='ltr'><strong>anno</strong></span> <span class='ocrx_word' id='word_1_11' title='bbox 702 404 925 460; x_wconf 89' lang='lat' dir='ltr'><strong>Domini</strong></span> <span class='ocrx_word' id='word_1_12' title='bbox 966 411 1107 461; x_wconf 85' lang='lat'><strong>1075</strong></span> <span class='ocrx_word' id='word_1_13' title='bbox 1134 405 1321 469; x_wconf 90' lang='lat' dir='ltr'><strong>rebus,</strong></span> <span class='ocrx_word' id='word_1_14' title='bbox 1358 421 1470 460; x_wconf 89' lang='lat' dir='ltr'><strong>non</strong></span> <span class='ocrx_word' id='word_1_15' title='bbox 1510 406 1683 462; x_wconf 84' lang='lat' dir='ltr'><strong>verbis</strong></span> <span class='ocrx_word' id='word_1_16' title='bbox 1720 423 1843 462; x_wconf 89' lang='lat' dir='ltr'><strong>am—</strong></span> <span class='ocrx_word' id='word_1_17' title='bbox 1873 413 1922 473; x_wconf 82' lang='grc' dir='ltr'><strong>Α</strong></span> <span class='ocrx_word' id='word_1_18' title='bbox 1952 417 2035 463; x_wconf 87' lang='lat' dir='ltr'><strong>tot</strong></span> <span class='ocrx_word' id='word_1_19' title='bbox 2068 409 2233 464; x_wconf 85' lang='lat' dir='ltr'><strong>minis</strong></span> <span class='ocrx_word' id='word_1_20' title='bbox 2260 416 2481 465; x_wconf 88' lang='lat' dir='ltr'><strong>coactus</strong></span> <span class='ocrx_word' id='word_1_21' title='bbox 2523 409 2578 463; x_wconf 91' lang='lat' dir='ltr'><strong>in</strong></span> <span class='ocrx_word' id='word_1_22' title='bbox 2610 408 2841 477; x_wconf 90' lang='lat' dir='ltr'><strong>Italiam,</strong></span> <span class='ocrx_word' id='word_1_23' title='bbox 2887 409 3156 479; x_wconf 79' lang='lat' dir='ltr'><strong>superatis</strong></span> <span class='ocrx_word' id='word_1_24' title='bbox 3189 409 3445 480; x_wconf 84' lang='lat' dir='ltr'><strong>Alpibus,</strong></span> <span class='ocrx_word' id='word_1_25' title='bbox 3480 410 3549 464; x_wconf 84' lang='lat' dir='ltr'><strong>ri-</strong></span> 
     </span>
    </p>
   </div>
   <div class='ocr_carea' id='block_1_5' title="bbox 246 496 1844 571">
    <p class='ocr_par' dir='ltr' id='par_1_5' title="bbox 246 496 1844 571">
     <span class='ocr_line' id='line_1_5' title="bbox 246 496 1844 571; baseline 0.003 -21"><span class='ocrx_word' id='word_1_26' title='bbox 246 496 385 568; x_wconf 87' lang='lat' dir='ltr'><strong>plius</strong></span> <span class='ocrx_word' id='word_1_27' title='bbox 412 496 828 568; x_wconf 89' lang='lat' dir='ltr'><strong>transigendum</strong></span> <span class='ocrx_word' id='word_1_28' title='bbox 858 513 977 554; x_wconf 90' lang='lat' dir='ltr'><strong>esse</strong></span> <span class='ocrx_word' id='word_1_29' title='bbox 1021 507 1192 564; x_wconf 88' lang='lat' dir='ltr'><strong>ratus,</strong></span> <span class='ocrx_word' id='word_1_30' title='bbox 1238 500 1441 571; x_wconf 85' lang='lat' dir='ltr'><strong>legatos</strong></span> <span class='ocrx_word' id='word_1_31' title='bbox 1469 515 1599 555; x_wconf 90' lang='lat' dir='ltr'><strong>suos</strong></span> <span class='ocrx_word' id='word_1_32' title='bbox 1624 500 1689 554; x_wconf 88' lang='lat' dir='ltr'><strong>ad</strong></span> <span class='ocrx_word' id='word_1_33' title='bbox 1739 500 1844 555; x_wconf 89' lang='lat' dir='ltr'><strong>im-</strong></span> 
     </span>
    </p>
   </div>
   <div class='ocr_carea' id='block_1_6' title="bbox 248 592 1841 662">
    <p class='ocr_par' dir='ltr' id='par_1_6' title="bbox 248 592 1841 662">
     <span class='ocr_line' id='line_1_6' title="bbox 248 592 1841 662; baseline 0.004 -19"><span class='ocrx_word' id='word_1_34' title='bbox 248 600 557 661; x_wconf 86' lang='lat' dir='ltr'><strong>peratorem</strong></span> <span class='ocrx_word' id='word_1_35' title='bbox 590 592 768 655; x_wconf 84' lang='lat' dir='ltr'><strong>misit,</strong></span> <span class='ocrx_word' id='word_1_36' title='bbox 800 592 902 662; x_wconf 84' lang='lat' dir='ltr'><strong>ipsi</strong></span> <span class='ocrx_word' id='word_1_37' title='bbox 942 593 1207 647; x_wconf 89' lang='lat' dir='ltr'><strong>mandans</strong></span> <span class='ocrx_word' id='word_1_38' title='bbox 1236 600 1295 647; x_wconf 91' lang='lat' dir='ltr'><strong>ut</strong></span> <span class='ocrx_word' id='word_1_39' title='bbox 1322 593 1561 648; x_wconf 89' lang='lat' dir='ltr'><strong>secunda</strong></span> <span class='ocrx_word' id='word_1_40' title='bbox 1594 592 1723 648; x_wconf 85' lang='lat' dir='ltr'><strong>feria</strong></span> <span class='ocrx_word' id='word_1_41' title='bbox 1754 610 1841 649; x_wconf 88' lang='lat' dir='ltr'><strong>se-</strong></span> 
     </span>
    </p>
   </div>
   <div class='ocr_carea' id='block_1_7' title="bbox 246 683 1842 757">
    <p class='ocr_par' dir='ltr' id='par_1_7' title="bbox 246 683 1842 757">
     <span class='ocr_line' id='line_1_7' title="bbox 246 683 1842 757; baseline 0.003 -20"><span class='ocrx_word' id='word_1_42' title='bbox 246 686 438 739; x_wconf 80' lang='lat' dir='ltr'><strong>cunda</strong></span> <span class='ocrx_word' id='word_1_43' title='bbox 482 683 840 741; x_wconf 83' lang='lat' dir='ltr'><strong>hebdomada</strong></span> <span class='ocrx_word' id='word_1_44' title='bbox 888 686 940 739; x_wconf 92' lang='lat' dir='ltr'><strong>in</strong></span> <span class='ocrx_word' id='word_1_45' title='bbox 978 685 1407 755; x_wconf 75' lang='lat' dir='ltr'><strong>Quadragesima</strong></span> <span class='ocrx_word' id='word_1_46' title='bbox 1447 686 1573 741; x_wconf 90' lang='lat' dir='ltr'><strong>anni</strong></span> <span class='ocrx_word' id='word_1_47' title='bbox 1614 686 1842 757; x_wconf 83' lang='lat' dir='ltr'><strong>proximi</strong></span> 
     </span>
    </p>
   </div>
   <div class='ocr_carea' id='block_1_8' title="bbox 255 778 1842 851">
    <p class='ocr_par' dir='ltr' id='par_1_8' title="bbox 255 778 1842 851">
     <span class='ocr_line' id='line_1_8' title="bbox 255 778 1842 851; baseline 0.003 -20"><span class='ocrx_word' id='word_1_48' title='bbox 255 783 388 832; x_wconf 84' lang='lat'><strong>1076</strong></span> <span class='ocrx_word' id='word_1_49' title='bbox 420 780 658 832; x_wconf 82' lang='lat' dir='ltr'><strong>Romam</strong></span> <span class='ocrx_word' id='word_1_50' title='bbox 702 778 772 833; x_wconf 90' lang='lat' dir='ltr'><strong>ad</strong></span> <span class='ocrx_word' id='word_1_51' title='bbox 818 779 1090 851; x_wconf 88' lang='lat' dir='ltr'><strong>synodum</strong></span> <span class='ocrx_word' id='word_1_52' title='bbox 1132 781 1353 845; x_wconf 83' lang='lat' dir='ltr'><strong>veniret,</strong></span> <span class='ocrx_word' id='word_1_53' title='bbox 1394 780 1462 835; x_wconf 90' lang='lat' dir='ltr'><strong>de</strong></span> <span class='ocrx_word' id='word_1_54' title='bbox 1500 780 1842 848; x_wconf 82' lang='lat' dir='ltr'><strong>criminibus,</strong></span> 
     </span>
    </p>
   </div>
   <div class='ocr_carea' id='block_1_9' title="bbox 249 871 1843 944">
    <p class='ocr_par' dir='ltr' id='par_1_9' title="bbox 249 871 1843 944">
     <span class='ocr_line' id='line_1_9' title="bbox 249 871 1843 944; baseline 0.002 -19"><span class='ocrx_word' id='word_1_55' title='bbox 249 888 369 943; x_wconf 88' lang='lat' dir='ltr'><strong>qua</strong></span> <span class='ocrx_word' id='word_1_56' title='bbox 409 872 457 927; x_wconf 87' lang='lat' dir='ltr'><strong>ei</strong></span> <span class='ocrx_word' id='word_1_57' title='bbox 504 872 718 941; x_wconf 83' lang='lat' dir='ltr'><strong>objecta</strong></span> <span class='ocrx_word' id='word_1_58' title='bbox 750 871 988 937; x_wconf 84' lang='lat' dir='ltr'><strong>fuerant,</strong></span> <span class='ocrx_word' id='word_1_59' title='bbox 1036 889 1262 928; x_wconf 85' lang='lat' dir='ltr'><strong>causam</strong></span> <span class='ocrx_word' id='word_1_60' title='bbox 1299 872 1544 928; x_wconf 90' lang='lat' dir='ltr'><strong>dicturus</strong></span> <span class='ocrx_word' id='word_1_61' title='bbox 1587 892 1599 927; x_wconf 89' lang='lat'><strong>:</strong></span> <span class='ocrx_word' id='word_1_62' title='bbox 1639 872 1843 944; x_wconf 89' lang='lat' dir='ltr'><strong>alioqui</strong></span> 
     </span>
    </p>
   </div>
   <div class='ocr_carea' id='block_1_10' title="bbox 247 964 1846 1042">
    <p class='ocr_par' dir='ltr' id='par_1_10' title="bbox 247 964 1846 1042">
     <span class='ocr_line' id='line_1_10' title="bbox 247 964 1846 1042; baseline 0.001 -22"><span class='ocrx_word' id='word_1_63' title='bbox 247 965 414 1020; x_wconf 80' lang='lat' dir='ltr'><strong>sciret</strong></span> <span class='ocrx_word' id='word_1_64' title='bbox 445 981 503 1019; x_wconf 89' lang='lat' dir='ltr'><strong>se</strong></span> <span class='ocrx_word' id='word_1_65' title='bbox 530 964 741 1036; x_wconf 87' lang='lat' dir='ltr'><strong>absque</strong></span> <span class='ocrx_word' id='word_1_66' title='bbox 780 967 929 1021; x_wconf 92' lang='lat' dir='ltr'><strong>omni</strong></span> <span class='ocrx_word' id='word_1_67' title='bbox 962 982 1120 1022; x_wconf 91' lang='lat' dir='ltr'><strong>mora</strong></span> <span class='ocrx_word' id='word_1_68' title='bbox 1150 967 1347 1022; x_wconf 91' lang='lat' dir='ltr'><strong>eodem</strong></span> <span class='ocrx_word' id='word_1_69' title='bbox 1378 966 1461 1042; x_wconf 75' lang='lat' dir='ltr'><strong>die</strong></span> <span class='ocrx_word' id='word_1_70' title='bbox 1499 966 1846 1021; x_wconf 89' lang='lat' dir='ltr'><strong>anathemate</strong></span> 
     </span>
    </p>
   </div>
   <div class='ocr_carea' id='block_1_11' title="bbox 246 1058 1843 1131">
    <p class='ocr_par' dir='ltr' id='par_1_11' title="bbox 246 1058 1843 1131">
     <span class='ocr_line' id='line_1_11' title="bbox 246 1058 1843 1131; baseline 0 -19"><span class='ocrx_word' id='word_1_71' title='bbox 246 1067 500 1113; x_wconf 88' lang='lat' dir='ltr'><strong>notatum</strong></span> <span class='ocrx_word' id='word_1_72' title='bbox 528 1058 613 1113; x_wconf 92' lang='lat' dir='ltr'><strong>iri.</strong></span> <span class='ocrx_word' id='word_1_73' title='bbox 647 1060 786 1128; x_wconf 88' lang='lat' dir='ltr'><strong>Qua</strong></span> <span class='ocrx_word' id='word_1_74' title='bbox 816 1059 1016 1131; x_wconf 80' lang='lat' dir='ltr'><strong>legatio</strong></span> <span class='ocrx_word' id='word_1_75' title='bbox 1038 1059 1178 1115; x_wconf 90' lang='lat' dir='ltr'><strong>adeo</strong></span> <span class='ocrx_word' id='word_1_76' title='bbox 1210 1060 1513 1116; x_wconf 84' lang='lat' dir='ltr'><strong>Henricum</strong></span> <span class='ocrx_word' id='word_1_77' title='bbox 1540 1060 1843 1130; x_wconf 81' lang='lat' dir='ltr'><strong>permovit,</strong></span> 
     </span>
    </p>
   </div>
   <div class='ocr_carea' id='block_1_12' title="bbox 247 1152 1842 1224">
    <p class='ocr_par' dir='ltr' id='par_1_12' title="bbox 247 1152 1842 1224">
     <span class='ocr_line' id='line_1_12' title="bbox 247 1152 1842 1224; baseline 0 -19"><span class='ocrx_word' id='word_1_78' title='bbox 247 1160 344 1215; x_wconf 89' lang='lat' dir='ltr'><strong>ut,</strong></span> <span class='ocrx_word' id='word_1_79' title='bbox 396 1152 612 1223; x_wconf 84' lang='lat' dir='ltr'><strong>rejectis</strong></span> <span class='ocrx_word' id='word_1_80' title='bbox 646 1152 833 1207; x_wconf 82' lang='lat' dir='ltr'><strong>statim</strong></span> <span class='ocrx_word' id='word_1_81' title='bbox 880 1154 1025 1224; x_wconf 89' lang='lat' dir='ltr'><strong>gravi</strong></span> <span class='ocrx_word' id='word_1_82' title='bbox 1074 1169 1202 1209; x_wconf 91' lang='lat' dir='ltr'><strong>cum</strong></span> <span class='ocrx_word' id='word_1_83' title='bbox 1250 1153 1581 1209; x_wconf 89' lang='lat' dir='ltr'><strong>contumelia</strong></span> <span class='ocrx_word' id='word_1_84' title='bbox 1625 1152 1842 1222; x_wconf 89' lang='lat' dir='ltr'><strong>legatis,</strong></span> 
     </span>
    </p>
   </div>
   <div class='ocr_carea' id='block_1_13' title="bbox 245 1244 1844 1315">
    <p class='ocr_par' dir='ltr' id='par_1_13' title="bbox 245 1244 1844 1315">
     <span class='ocr_line' id='line_1_13' title="bbox 245 1244 1844 1315; baseline -0.001 -16"><span class='ocrx_word' id='word_1_85' title='bbox 245 1244 353 1299; x_wconf 93' lang='lat' dir='ltr'><strong>duo</strong></span> <span class='ocrx_word' id='word_1_86' title='bbox 391 1253 514 1299; x_wconf 87' lang='lat' dir='ltr'><strong>tum</strong></span> <span class='ocrx_word' id='word_1_87' title='bbox 548 1244 795 1315; x_wconf 88' lang='lat' dir='ltr'><strong>primum</strong></span> <span class='ocrx_word' id='word_1_88' title='bbox 825 1246 1052 1315; x_wconf 87' lang='lat' dir='ltr'><strong>agitaret</strong></span> <span class='ocrx_word' id='word_1_89' title='bbox 1084 1268 1095 1302; x_wconf 83' lang='lat'><strong>:</strong></span> <span class='ocrx_word' id='word_1_90' title='bbox 1131 1263 1333 1311; x_wconf 91' lang='lat' dir='ltr'><strong>unum,</strong></span> <span class='ocrx_word' id='word_1_91' title='bbox 1373 1255 1433 1301; x_wconf 92' lang='lat' dir='ltr'><strong>ut</strong></span> <span class='ocrx_word' id='word_1_92' title='bbox 1461 1246 1605 1300; x_wconf 90' lang='lat' dir='ltr'><strong>clam</strong></span> <span class='ocrx_word' id='word_1_93' title='bbox 1634 1246 1844 1315; x_wconf 89' lang='lat' dir='ltr'><strong>Grego-</strong></span> 
     </span>
    </p>
   </div>
   <div class='ocr_carea' id='block_1_14' title="bbox 248 1338 1846 1409">
    <p class='ocr_par' dir='ltr' id='par_1_14' title="bbox 248 1338 1846 1409">
     <span class='ocr_line' id='line_1_14' title="bbox 248 1338 1846 1409; baseline -0.001 -17"><span class='ocrx_word' id='word_1_94' title='bbox 248 1339 391 1392; x_wconf 86' lang='lat' dir='ltr'><strong>rium</strong></span> <span class='ocrx_word' id='word_1_95' title='bbox 433 1354 631 1407; x_wconf 86' lang='lat' dir='ltr'><strong>capere</strong></span> <span class='ocrx_word' id='word_1_96' title='bbox 671 1340 749 1393; x_wconf 88' lang='lat' dir='ltr'><strong>vel</strong></span> <span class='ocrx_word' id='word_1_97' title='bbox 787 1339 1089 1395; x_wconf 89' lang='lat' dir='ltr'><strong>interﬁcere</strong></span> <span class='ocrx_word' id='word_1_98' title='bbox 1133 1340 1362 1409; x_wconf 78' lang='lat' dir='ltr'><strong>laceret;</strong></span> <span class='ocrx_word' id='word_1_99' title='bbox 1413 1339 1592 1406; x_wconf 92' lang='lat' dir='ltr'><strong>aliud,</strong></span> <span class='ocrx_word' id='word_1_100' title='bbox 1636 1347 1697 1393; x_wconf 91' lang='lat' dir='ltr'><strong>ut</strong></span> <span class='ocrx_word' id='word_1_101' title='bbox 1744 1338 1846 1392; x_wconf 89' lang='lat' dir='ltr'><strong>nisi</strong></span> 
     </span>
    </p>
   </div>
   <div class='ocr_carea' id='block_1_15' title="bbox 246 1431 1849 1505">
    <p class='ocr_par' dir='ltr' id='par_1_15' title="bbox 246 1431 1849 1505">
     <span class='ocr_line' id='line_1_15' title="bbox 246 1431 1849 1505; baseline -0.001 -21"><span class='ocrx_word' id='word_1_102' title='bbox 246 1431 520 1502; x_wconf 83' lang='lat' dir='ltr'><strong>ejusmodi</strong></span> <span class='ocrx_word' id='word_1_103' title='bbox 556 1447 645 1487; x_wconf 89' lang='lat' dir='ltr'><strong>res</strong></span> <span class='ocrx_word' id='word_1_104' title='bbox 680 1434 1046 1496; x_wconf 89' lang='lat' dir='ltr'><strong>successisset,</strong></span> <span class='ocrx_word' id='word_1_105' title='bbox 1092 1433 1270 1505; x_wconf 90' lang='lat' dir='ltr'><strong>ipsum</strong></span> <span class='ocrx_word' id='word_1_106' title='bbox 1314 1433 1634 1503; x_wconf 88' lang='lat' dir='ltr'><strong>pontiﬁcatu</strong></span> <span class='ocrx_word' id='word_1_107' title='bbox 1677 1431 1849 1501; x_wconf 90' lang='lat' dir='ltr'><strong>priva-</strong></span> 
     </span>
    </p>
   </div>
   <div class='ocr_carea' id='block_1_16' title="bbox 244 1526 1846 1597">
    <p class='ocr_par' dir='ltr' id='par_1_16' title="bbox 244 1526 1846 1597">
     <span class='ocr_line' id='line_1_16' title="bbox 244 1526 1846 1597; baseline -0.001 -18"><span class='ocrx_word' id='word_1_108' title='bbox 244 1534 340 1579; x_wconf 91' lang='lat' dir='ltr'><strong>ret.</strong></span> <span class='ocrx_word' id='word_1_109' title='bbox 385 1527 571 1595; x_wconf 88' lang='lat' dir='ltr'><strong>Quare</strong></span> <span class='ocrx_word' id='word_1_110' title='bbox 603 1526 813 1581; x_wconf 90' lang='lat' dir='ltr'><strong>occulte</strong></span> <span class='ocrx_word' id='word_1_111' title='bbox 841 1542 937 1597; x_wconf 89' lang='lat' dir='ltr'><strong>per</strong></span> <span class='ocrx_word' id='word_1_112' title='bbox 976 1528 1198 1582; x_wconf 90' lang='lat' dir='ltr'><strong>nuntios</strong></span> <span class='ocrx_word' id='word_1_113' title='bbox 1236 1543 1366 1582; x_wconf 91' lang='lat' dir='ltr'><strong>suos</strong></span> <span class='ocrx_word' id='word_1_114' title='bbox 1404 1527 1544 1597; x_wconf 86' lang='lat' dir='ltr'><strong>egit,</strong></span> <span class='ocrx_word' id='word_1_115' title='bbox 1586 1533 1648 1581; x_wconf 89' lang='lat' dir='ltr'><strong>ut</strong></span> <span class='ocrx_word' id='word_1_116' title='bbox 1684 1532 1846 1578; x_wconf 86' lang='lat' dir='ltr'><strong>nocte</strong></span> 
     </span>
    </p>
   </div>
   <div class='ocr_carea' id='block_1_17' title="bbox 248 1618 1843 1691">
    <p class='ocr_par' dir='ltr' id='par_1_17' title="bbox 248 1618 1843 1691">
     <span class='ocr_line' id='line_1_17' title="bbox 248 1618 1843 1691; baseline 0 -21"><span class='ocrx_word' id='word_1_117' title='bbox 248 1618 452 1673; x_wconf 75' lang='lat' dir='ltr'><strong>Natalis</strong></span> <span class='ocrx_word' id='word_1_118' title='bbox 482 1619 737 1685; x_wconf 91' lang='lat' dir='ltr'><strong>Domini,</strong></span> <span class='ocrx_word' id='word_1_119' title='bbox 789 1618 925 1674; x_wconf 90' lang='lat' dir='ltr'><strong>dum</strong></span> <span class='ocrx_word' id='word_1_120' title='bbox 976 1636 1110 1691; x_wconf 86' lang='lat' dir='ltr'><strong>papa</strong></span> <span class='ocrx_word' id='word_1_121' title='bbox 1158 1621 1384 1675; x_wconf 90' lang='lat' dir='ltr'><strong>missam</strong></span> <span class='ocrx_word' id='word_1_122' title='bbox 1425 1620 1763 1683; x_wconf 86' lang='lat' dir='ltr'><strong>celebraret,</strong></span> <span class='ocrx_word' id='word_1_123' title='bbox 1810 1632 1843 1670; x_wconf 83' lang='lat' dir='ltr'><strong>a</strong></span> 
     </span>
    </p>
   </div>
   <div class='ocr_carea' id='block_1_18' title="bbox 248 1710 1846 1783">
    <p class='ocr_par' dir='ltr' id='par_1_18' title="bbox 248 1710 1846 1783">
     <span class='ocr_line' id='line_1_18' title="bbox 248 1710 1846 1783; baseline -0.002 -18"><span class='ocrx_word' id='word_1_124' title='bbox 248 1714 389 1782; x_wconf 75' lang='lat'>[243)</span> <span class='ocrx_word' id='word_1_125' title='bbox 421 1712 624 1768; x_wconf 87' lang='lat' dir='ltr'><strong>Cencio</strong></span> <span class='ocrx_word' id='word_1_126' title='bbox 657 1711 898 1783; x_wconf 87' lang='lat' dir='ltr'><strong>prafecti</strong></span> <span class='ocrx_word' id='word_1_127' title='bbox 923 1714 1093 1768; x_wconf 83' lang='lat' dir='ltr'><strong>Urbis</strong></span> <span class='ocrx_word' id='word_1_128' title='bbox 1140 1713 1279 1781; x_wconf 91' lang='lat' dir='ltr'><strong>ﬁlio,</strong></span> <span class='ocrx_word' id='word_1_129' title='bbox 1311 1716 1535 1769; x_wconf 72' lang='lat' dir='ltr'><strong>satellite</strong></span> <span class='ocrx_word' id='word_1_130' title='bbox 1566 1729 1698 1775; x_wconf 89' lang='lat' dir='ltr'><strong>suo,</strong></span> <span class='ocrx_word' id='word_1_131' title='bbox 1734 1710 1846 1779; x_wconf 86' lang='lat' dir='ltr'><strong>ipse</strong></span> 
     </span>
    </p>
   </div>
   <div class='ocr_carea' id='block_1_19' title="bbox 1956 501 3547 574">
    <p class='ocr_par' dir='ltr' id='par_1_19' title="bbox 1956 501 3547 574">
     <span class='ocr_line' id='line_1_19' title="bbox 1956 501 3547 574; baseline 0.001 -19"><span class='ocrx_word' id='word_1_132' title='bbox 1956 502 2236 574; x_wconf 84' lang='lat' dir='ltr'><strong>gidissimo</strong></span> <span class='ocrx_word' id='word_1_133' title='bbox 2265 502 2391 557; x_wconf 91' lang='lat' dir='ltr'><strong>anni</strong></span> <span class='ocrx_word' id='word_1_134' title='bbox 2410 512 2657 573; x_wconf 88' lang='lat' dir='ltr'><strong>tempore</strong></span> <span class='ocrx_word' id='word_1_135' title='bbox 2689 501 2856 568; x_wconf 89' lang='lat' dir='ltr'><strong>venit,</strong></span> <span class='ocrx_word' id='word_1_136' title='bbox 2882 510 2937 557; x_wconf 90' lang='lat' dir='ltr'><strong>et</strong></span> <span class='ocrx_word' id='word_1_137' title='bbox 2966 518 3090 558; x_wconf 90' lang='lat' dir='ltr'><strong>cum</strong></span> <span class='ocrx_word' id='word_1_138' title='bbox 3111 503 3382 574; x_wconf 82' lang='lat' dir='ltr'><strong>Gregorio</strong></span> <span class='ocrx_word' id='word_1_139' title='bbox 3412 516 3547 574; x_wconf 90' lang='lat' dir='ltr'><strong>papa</strong></span> 
     </span>
    </p>
   </div>
   <div class='ocr_carea' id='block_1_20' title="bbox 1957 595 3547 667">
    <p class='ocr_par' dir='ltr' id='par_1_20' title="bbox 1957 595 3547 667">
     <span class='ocr_line' id='line_1_20' title="bbox 1957 595 3547 667; baseline -0.001 -16"><span class='ocrx_word' id='word_1_140' title='bbox 1957 600 2141 667; x_wconf 87' lang='lat' dir='ltr'><strong>(quem</strong></span> <span class='ocrx_word' id='word_1_141' title='bbox 2173 595 2389 650; x_wconf 91' lang='lat' dir='ltr'><strong>Canusii</strong></span> <span class='ocrx_word' id='word_1_142' title='bbox 2430 595 2723 663; x_wconf 86' lang='lat' dir='ltr'><strong>invenerat)</strong></span> <span class='ocrx_word' id='word_1_143' title='bbox 2754 603 2877 665; x_wconf 89' lang='lat' dir='ltr'><strong>post</strong></span> <span class='ocrx_word' id='word_1_144' title='bbox 2903 595 3101 650; x_wconf 86' lang='lat' dir='ltr'><strong>multas</strong></span> <span class='ocrx_word' id='word_1_145' title='bbox 3140 612 3345 664; x_wconf 89' lang='lat' dir='ltr'><strong>preces,</strong></span> <span class='ocrx_word' id='word_1_146' title='bbox 3376 596 3547 650; x_wconf 84' lang='lat' dir='ltr'><strong>maxi-</strong></span> 
     </span>
    </p>
   </div>
   <div class='ocr_carea' id='block_1_21' title="bbox 1957 688 3548 759">
    <p class='ocr_par' dir='ltr' id='par_1_21' title="bbox 1957 688 3548 759">
     <span class='ocr_line' id='line_1_21' title="bbox 1957 688 3548 759; baseline -0.001 -16"><span class='ocrx_word' id='word_1_147' title='bbox 1957 705 2214 758; x_wconf 89' lang='lat' dir='ltr'><strong>mamque</strong></span> <span class='ocrx_word' id='word_1_148' title='bbox 2246 688 2644 759; x_wconf 89' lang='lat' dir='ltr'><strong>prateritorum</strong></span> <span class='ocrx_word' id='word_1_149' title='bbox 2690 689 3058 758; x_wconf 68' lang='lat' dir='ltr'><strong>paenitentiam</strong></span> <span class='ocrx_word' id='word_1_150' title='bbox 3102 698 3408 755; x_wconf 84' lang='lat' dir='ltr'><strong>ostensam,</strong></span> <span class='ocrx_word' id='word_1_151' title='bbox 3459 705 3548 759; x_wconf 87' lang='lat' dir='ltr'><strong>pa-</strong></span> 
     </span>
    </p>
   </div>
   <div class='ocr_carea' id='block_1_22' title="bbox 1955 780 3547 853">
    <p class='ocr_par' dir='ltr' id='par_1_22' title="bbox 1955 780 3547 853">
     <span class='ocr_line' id='line_1_22' title="bbox 1955 780 3547 853; baseline 0 -15"><span class='ocrx_word' id='word_1_152' title='bbox 1955 799 2072 838; x_wconf 91' lang='lat' dir='ltr'><strong>cem</strong></span> <span class='ocrx_word' id='word_1_153' title='bbox 2117 780 2441 853; x_wconf 88' lang='lat' dir='ltr'><strong>quibusdam</strong></span> <span class='ocrx_word' id='word_1_154' title='bbox 2473 780 2623 834; x_wconf 90' lang='lat' dir='ltr'><strong>duris</strong></span> <span class='ocrx_word' id='word_1_155' title='bbox 2662 782 3096 847; x_wconf 88' lang='lat' dir='ltr'><strong>conditionibus,</strong></span> <span class='ocrx_word' id='word_1_156' title='bbox 3148 790 3343 853; x_wconf 85' lang='lat' dir='ltr'><strong>prater</strong></span> <span class='ocrx_word' id='word_1_157' title='bbox 3382 784 3547 838; x_wconf 84' lang='lat' dir='ltr'><strong>Italia</strong></span> 
     </span>
    </p>
   </div>
   <div class='ocr_carea' id='block_1_23' title="bbox 1958 868 3545 946">
    <p class='ocr_par' dir='ltr' id='par_1_23' title="bbox 1958 868 3545 946">
     <span class='ocr_line' id='line_1_23' title="bbox 1958 868 3545 946; baseline -0.001 -16"><span class='ocrx_word' id='word_1_158' title='bbox 1958 876 2257 946; x_wconf 83' lang='lat' dir='ltr'><strong>principum</strong></span> <span class='ocrx_word' id='word_1_159' title='bbox 2288 873 2649 937; x_wconf 87' lang='lat' dir='ltr'><strong>voluntatem,</strong></span> <span class='ocrx_word' id='word_1_160' title='bbox 2679 872 2828 938; x_wconf 86' lang='lat' dir='ltr'><strong>fecit,</strong></span> <span class='ocrx_word' id='word_1_161' title='bbox 2858 883 3022 945; x_wconf 90' lang='lat' dir='ltr'><strong>atque</strong></span> <span class='ocrx_word' id='word_1_162' title='bbox 3051 875 3118 929; x_wconf 92' lang='lat' dir='ltr'><strong>ab</strong></span> <span class='ocrx_word' id='word_1_163' title='bbox 3147 892 3210 929; x_wconf 89' lang='lat' dir='ltr'><strong>eo</strong></span> <span class='ocrx_word' id='word_1_164' title='bbox 3241 892 3297 930; x_wconf 91' lang='lat' dir='ltr'><strong>se</strong></span> <span class='ocrx_word' id='word_1_165' title='bbox 3325 868 3545 929; x_wconf 87' lang='lat' dir='ltr'><strong>anathe-</strong></span> 
     </span>
    </p>
   </div>
   <div class='ocr_carea' id='block_1_24' title="bbox 1958 966 3547 1038">
    <p class='ocr_par' dir='ltr' id='par_1_24' title="bbox 1958 966 3547 1038">
     <span class='ocr_line' id='line_1_24' title="bbox 1958 966 3547 1038; baseline 0 -14"><span class='ocrx_word' id='word_1_166' title='bbox 1958 978 2103 1024; x_wconf 89' lang='lat' dir='ltr'><strong>mate</strong></span> <span class='ocrx_word' id='word_1_167' title='bbox 2130 968 2262 1023; x_wconf 88' lang='lat' dir='ltr'><strong>solvi</strong></span> <span class='ocrx_word' id='word_1_168' title='bbox 2295 966 2624 1038; x_wconf 88' lang='lat' dir='ltr'><strong>procuravit.</strong></span> <span class='ocrx_word' id='word_1_169' title='bbox 2655 966 2847 1037; x_wconf 89' lang='lat' dir='ltr'><strong>Sicque</strong></span> <span class='ocrx_word' id='word_1_170' title='bbox 2896 967 3201 1037; x_wconf 90' lang='lat' dir='ltr'><strong>principum</strong></span> <span class='ocrx_word' id='word_1_171' title='bbox 3231 968 3547 1024; x_wconf 90' lang='lat' dir='ltr'><strong>Germania</strong></span> 
     </span>
    </p>
   </div>
   <div class='ocr_carea' id='block_1_25' title="bbox 1956 1060 3541 1133">
    <p class='ocr_par' dir='ltr' id='par_1_25' title="bbox 1956 1060 3541 1133">
     <span class='ocr_line' id='line_1_25' title="bbox 1956 1060 3541 1133; baseline -0.001 -16"><span class='ocrx_word' id='word_1_172' title='bbox 1956 1063 2098 1129; x_wconf 90' lang='lat' dir='ltr'><strong>vim,</strong></span> <span class='ocrx_word' id='word_1_173' title='bbox 2144 1070 2199 1116; x_wconf 90' lang='lat' dir='ltr'><strong>et</strong></span> <span class='ocrx_word' id='word_1_174' title='bbox 2235 1060 2531 1115; x_wconf 82' lang='lat' dir='ltr'><strong>inﬂexibile</strong></span> <span class='ocrx_word' id='word_1_175' title='bbox 2578 1067 2768 1114; x_wconf 90' lang='lat' dir='ltr'><strong>contra</strong></span> <span class='ocrx_word' id='word_1_176' title='bbox 2808 1075 2935 1114; x_wconf 91' lang='lat' dir='ltr'><strong>eum</strong></span> <span class='ocrx_word' id='word_1_177' title='bbox 2980 1061 3318 1130; x_wconf 90' lang='lat' dir='ltr'><strong>propositum</strong></span> <span class='ocrx_word' id='word_1_178' title='bbox 3360 1061 3541 1133; x_wconf 85' lang='lat' dir='ltr'><strong>fregit.</strong></span> 
     </span>
    </p>
   </div>
   <div class='ocr_carea' id='block_1_26' title="bbox 1956 1152 3547 1224">
    <p class='ocr_par' dir='ltr' id='par_1_26' title="bbox 1956 1152 3547 1224">
     <span class='ocr_line' id='line_1_26' title="bbox 1956 1152 3547 1224; baseline 0 -13"><span class='ocrx_word' id='word_1_179' title='bbox 1956 1158 2077 1211; x_wconf 90' lang='lat' dir='ltr'><strong>Hoc</strong></span> <span class='ocrx_word' id='word_1_180' title='bbox 2126 1153 2334 1210; x_wconf 89' lang='lat' dir='ltr'><strong>factum</strong></span> <span class='ocrx_word' id='word_1_181' title='bbox 2383 1162 2469 1209; x_wconf 91' lang='lat' dir='ltr'><strong>est</strong></span> <span class='ocrx_word' id='word_1_182' title='bbox 2505 1171 2537 1208; x_wconf 91' lang='lat' dir='ltr'><strong>v</strong></span> <span class='ocrx_word' id='word_1_183' title='bbox 2582 1153 2819 1209; x_wconf 80' lang='lat' dir='ltr'><strong>Kalend.</strong></span> <span class='ocrx_word' id='word_1_184' title='bbox 2846 1152 3157 1219; x_wconf 90' lang='lat' dir='ltr'><strong>Februarii,</strong></span> <span class='ocrx_word' id='word_1_185' title='bbox 3200 1153 3547 1224; x_wconf 85' lang='lat' dir='ltr'><strong>pontiﬁcatus</strong></span> 
     </span>
    </p>
   </div>
   <div class='ocr_carea' id='block_1_27' title="bbox 1955 1246 3340 1321">
    <p class='ocr_par' dir='ltr' id='par_1_27' title="bbox 1955 1246 3340 1321">
     <span class='ocr_line' id='line_1_27' title="bbox 1955 1246 3340 1321; baseline -0.004 -16"><span class='ocrx_word' id='word_1_186' title='bbox 1955 1249 2205 1321; x_wconf 86' lang='lat' dir='ltr'><strong>Gregorii</strong></span> <span class='ocrx_word' id='word_1_187' title='bbox 2235 1251 2333 1304; x_wconf 86' lang='lat' dir='ltr'><strong>VII</strong></span> <span class='ocrx_word' id='word_1_188' title='bbox 2372 1262 2516 1302; x_wconf 91' lang='lat' dir='ltr'><strong>anno</strong></span> <span class='ocrx_word' id='word_1_189' title='bbox 2543 1255 2768 1319; x_wconf 91' lang='lat' dir='ltr'><strong>quarto,</strong></span> <span class='ocrx_word' id='word_1_190' title='bbox 2806 1246 2998 1301; x_wconf 90' lang='lat' dir='ltr'><strong>salutis</strong></span> <span class='ocrx_word' id='word_1_191' title='bbox 3029 1261 3155 1301; x_wconf 91' lang='lat' dir='ltr'><strong>vero</strong></span> <span class='ocrx_word' id='word_1_192' title='bbox 3186 1253 3340 1302; x_wconf 88' lang='lat'><strong>1077.</strong></span> 
     </span>
    </p>
   </div>
   <div class='ocr_carea' id='block_1_28' title="bbox 2028 1339 3545 1411">
    <p class='ocr_par' dir='ltr' id='par_1_28' title="bbox 2028 1339 3545 1411">
     <span class='ocr_line' id='line_1_28' title="bbox 2028 1339 3545 1411; baseline -0.005 -10"><span class='ocrx_word' id='word_1_193' title='bbox 2028 1346 2297 1401; x_wconf 89' lang='lat' dir='ltr'><strong>Caterum</strong></span> <span class='ocrx_word' id='word_1_194' title='bbox 2346 1344 2529 1399; x_wconf 86' lang='lat' dir='ltr'><strong>Casar</strong></span> <span class='ocrx_word' id='word_1_195' title='bbox 2579 1341 2781 1411; x_wconf 89' lang='lat' dir='ltr'><strong>ingenti</strong></span> <span class='ocrx_word' id='word_1_196' title='bbox 2824 1350 2980 1395; x_wconf 91' lang='lat' dir='ltr'><strong>metu</strong></span> <span class='ocrx_word' id='word_1_197' title='bbox 3028 1339 3304 1406; x_wconf 91' lang='lat' dir='ltr'><strong>liberatus,</strong></span> <span class='ocrx_word' id='word_1_198' title='bbox 3335 1340 3545 1394; x_wconf 88' lang='lat' dir='ltr'><strong>Italico-</strong></span> 
     </span>
    </p>
   </div>
   <div class='ocr_carea' id='block_1_29' title="bbox 1956 1432 3547 1508">
    <p class='ocr_par' dir='ltr' id='par_1_29' title="bbox 1956 1432 3547 1508">
     <span class='ocr_line' id='line_1_29' title="bbox 1956 1432 3547 1508; baseline -0.004 -16"><span class='ocrx_word' id='word_1_199' title='bbox 1956 1452 2188 1508; x_wconf 90' lang='lat' dir='ltr'><strong>rumque</strong></span> <span class='ocrx_word' id='word_1_200' title='bbox 2239 1436 2547 1507; x_wconf 88' lang='lat' dir='ltr'><strong>principum</strong></span> <span class='ocrx_word' id='word_1_201' title='bbox 2606 1434 2890 1505; x_wconf 89' lang='lat' dir='ltr'><strong>promissis</strong></span> <span class='ocrx_word' id='word_1_202' title='bbox 2949 1433 3224 1499; x_wconf 88' lang='lat' dir='ltr'><strong>incitatus,</strong></span> <span class='ocrx_word' id='word_1_203' title='bbox 3280 1432 3547 1503; x_wconf 84' lang='lat' dir='ltr'><strong>Gregorio</strong></span> 
     </span>
    </p>
   </div>
   <div class='ocr_carea' id='block_1_30' title="bbox 1957 1525 3544 1600">
    <p class='ocr_par' dir='ltr' id='par_1_30' title="bbox 1957 1525 3544 1600">
     <span class='ocr_line' id='line_1_30' title="bbox 1957 1525 3544 1600; baseline -0.003 -16"><span class='ocrx_word' id='word_1_204' title='bbox 1957 1530 2196 1600; x_wconf 87' lang='lat' dir='ltr'><strong>pontiﬁci</strong></span> <span class='ocrx_word' id='word_1_205' title='bbox 2227 1528 2407 1583; x_wconf 89' lang='lat' dir='ltr'><strong>denuo</strong></span> <span class='ocrx_word' id='word_1_206' title='bbox 2449 1528 2698 1593; x_wconf 89' lang='lat' dir='ltr'><strong>rebellis,</strong></span> <span class='ocrx_word' id='word_1_207' title='bbox 2734 1536 2789 1582; x_wconf 89' lang='lat' dir='ltr'><strong>et</strong></span> <span class='ocrx_word' id='word_1_208' title='bbox 2827 1525 3155 1581; x_wconf 84' lang='lat' dir='ltr'><strong>manifestus</strong></span> <span class='ocrx_word' id='word_1_209' title='bbox 3196 1526 3367 1580; x_wconf 89' lang='lat' dir='ltr'><strong>hostis</strong></span> <span class='ocrx_word' id='word_1_210' title='bbox 3395 1529 3544 1590; x_wconf 85' lang='lat'>(248)</span> 
     </span>
    </p>
   </div>
   <div class='ocr_carea' id='block_1_31' title="bbox 1955 1619 3546 1693">
    <p class='ocr_par' dir='ltr' id='par_1_31' title="bbox 1955 1619 3546 1693">
     <span class='ocr_line' id='line_1_31' title="bbox 1955 1619 3546 1693; baseline -0.006 -13"><span class='ocrx_word' id='word_1_211' title='bbox 1955 1624 2161 1687; x_wconf 88' lang='lat' dir='ltr'><strong>factus,</strong></span> <span class='ocrx_word' id='word_1_212' title='bbox 2189 1624 2367 1693; x_wconf 90' lang='lat' dir='ltr'><strong>ipsum</strong></span> <span class='ocrx_word' id='word_1_213' title='bbox 2398 1622 2536 1676; x_wconf 92' lang='lat' dir='ltr'><strong>clam</strong></span> <span class='ocrx_word' id='word_1_214' title='bbox 2567 1637 2759 1691; x_wconf 81' lang='lat' dir='ltr'><strong>rapere</strong></span> <span class='ocrx_word' id='word_1_215' title='bbox 2782 1622 3020 1674; x_wconf 84' lang='lat' dir='ltr'><strong>Canusio</strong></span> <span class='ocrx_word' id='word_1_216' title='bbox 3046 1622 3289 1674; x_wconf 82' lang='lat' dir='ltr'><strong>Romam</strong></span> <span class='ocrx_word' id='word_1_217' title='bbox 3312 1619 3546 1672; x_wconf 88' lang='lat' dir='ltr'><strong>redeun-</strong></span> 
     </span>
    </p>
   </div>
   <div class='ocr_carea' id='block_1_32' title="bbox 1956 1711 3549 1783">
    <p class='ocr_par' dir='ltr' id='par_1_32' title="bbox 1956 1711 3549 1783">
     <span class='ocr_line' id='line_1_32' title="bbox 1956 1711 3549 1783; baseline -0.005 -10"><span class='ocrx_word' id='word_1_218' title='bbox 1956 1727 2068 1773; x_wconf 89' lang='lat' dir='ltr'><strong>tem</strong></span> <span class='ocrx_word' id='word_1_219' title='bbox 2096 1717 2337 1771; x_wconf 77' lang='lat' dir='ltr'><strong>tentavit.</strong></span> <span class='ocrx_word' id='word_1_220' title='bbox 2374 1714 2532 1783; x_wconf 88' lang='lat' dir='ltr'><strong>Quod</strong></span> <span class='ocrx_word' id='word_1_221' title='bbox 2564 1714 2654 1767; x_wconf 88' lang='lat' dir='ltr'><strong>nbi</strong></span> <span class='ocrx_word' id='word_1_222' title='bbox 2684 1713 2971 1767; x_wconf 88' lang='lat' dir='ltr'><strong>alienatum</strong></span> <span class='ocrx_word' id='word_1_223' title='bbox 3002 1713 3069 1766; x_wconf 90' lang='lat' dir='ltr'><strong>ab</strong></span> <span class='ocrx_word' id='word_1_224' title='bbox 3093 1728 3149 1766; x_wconf 89' lang='lat' dir='ltr'><strong>se</strong></span> <span class='ocrx_word' id='word_1_225' title='bbox 3181 1713 3411 1766; x_wconf 83' lang='lat' dir='ltr'><strong>Casaris</strong></span> <span class='ocrx_word' id='word_1_226' title='bbox 3439 1711 3549 1765; x_wconf 89' lang='lat' dir='ltr'><strong>ani-</strong></span> 
     </span>
    </p>
   </div>
   <div class='ocr_carea' id='block_1_33' title="bbox 242 1785 3549 1881">
    <p class='ocr_par' dir='ltr' id='par_1_33' title="bbox 242 1785 3549 1881">
     <span class='ocr_line' id='line_1_33' title="bbox 242 1785 3549 1881; baseline -0 -21"><span class='ocrx_word' id='word_1_227' title='bbox 242 1812 555 1876; x_wconf 81' lang='lat' dir='ltr'><strong>caperetur,</strong></span> <span class='ocrx_word' id='word_1_228' title='bbox 597 1808 743 1877; x_wconf 91' lang='lat' dir='ltr'><strong>quod</strong></span> <span class='ocrx_word' id='word_1_229' title='bbox 774 1809 938 1862; x_wconf 90' lang='lat' dir='ltr'><strong>etiam</strong></span> <span class='ocrx_word' id='word_1_230' title='bbox 962 1806 1166 1864; x_wconf 90' lang='lat' dir='ltr'><strong>factum</strong></span> <span class='ocrx_word' id='word_1_231' title='bbox 1204 1816 1305 1864; x_wconf 91' lang='lat' dir='ltr'><strong>est.</strong></span> <span class='ocrx_word' id='word_1_232' title='bbox 1348 1809 1555 1863; x_wconf 89' lang='lat' dir='ltr'><strong>Verum</strong></span> <span class='ocrx_word' id='word_1_233' title='bbox 1580 1824 1608 1861; x_wconf 93' lang='lat' dir='ltr'><strong>a</strong></span> <span class='ocrx_word' id='word_1_234' title='bbox 1645 1808 1848 1878; x_wconf 83' lang='lat' dir='ltr'><strong>populo</strong></span> <span class='ocrx_word' id='word_1_235' title='bbox 1879 1785 1925 1847; x_wconf 80' lang='grc' dir='ltr'><strong>Β</strong></span> <span class='ocrx_word' id='word_1_236' title='bbox 1958 1827 2112 1867; x_wconf 92' lang='lat' dir='ltr'><strong>mum</strong></span> <span class='ocrx_word' id='word_1_237' title='bbox 2167 1826 2308 1881; x_wconf 85' lang='lat' dir='ltr'><strong>papa</strong></span> <span class='ocrx_word' id='word_1_238' title='bbox 2336 1807 2620 1880; x_wconf 87' lang='lat' dir='ltr'><strong>cognovit,</strong></span> <span class='ocrx_word' id='word_1_239' title='bbox 2652 1807 2838 1862; x_wconf 83' lang='lat' dir='ltr'><strong>statim</strong></span> <span class='ocrx_word' id='word_1_240' title='bbox 2870 1807 2922 1860; x_wconf 93' lang='lat' dir='ltr'><strong>in</strong></span> <span class='ocrx_word' id='word_1_241' title='bbox 2955 1806 3312 1861; x_wconf 88' lang='lat' dir='ltr'><strong>Germaniam</strong></span> <span class='ocrx_word' id='word_1_242' title='bbox 3339 1805 3410 1858; x_wconf 86' lang='lat' dir='ltr'><strong>ad</strong></span> <span class='ocrx_word' id='word_1_243' title='bbox 3446 1805 3549 1859; x_wconf 90' lang='lat' dir='ltr'><strong>im—</strong></span> 
     </span>
    </p>
   </div>
   <div class='ocr_carea' id='block_1_34' title="bbox 246 1900 1841 1974">
    <p class='ocr_par' dir='ltr' id='par_1_34' title="bbox 246 1900 1841 1974">
     <span class='ocr_line' id='line_1_34' title="bbox 246 1900 1841 1974; baseline 0.001 -21"><span class='ocrx_word' id='word_1_244' title='bbox 246 1900 501 1955; x_wconf 85' lang='lat' dir='ltr'><strong>Romano</strong></span> <span class='ocrx_word' id='word_1_245' title='bbox 531 1901 730 1955; x_wconf 81' lang='lat' dir='ltr'><strong>Cencio</strong></span> <span class='ocrx_word' id='word_1_246' title='bbox 760 1902 1065 1974; x_wconf 88' lang='lat' dir='ltr'><strong>proscripto</strong></span> <span class='ocrx_word' id='word_1_247' title='bbox 1085 1942 1101 1969; x_wconf 88' lang='lat'><strong>,</strong></span> <span class='ocrx_word' id='word_1_248' title='bbox 1133 1902 1393 1958; x_wconf 90' lang='lat' dir='ltr'><strong>liberatus</strong></span> <span class='ocrx_word' id='word_1_249' title='bbox 1421 1902 1647 1973; x_wconf 89' lang='lat' dir='ltr'><strong>impium</strong></span> <span class='ocrx_word' id='word_1_250' title='bbox 1674 1916 1841 1956; x_wconf 85' lang='lat' dir='ltr'><strong>cona-</strong></span> 
     </span>
    </p>
   </div>
   <div class='ocr_carea' id='block_1_35' title="bbox 243 1995 945 2064">
    <p class='ocr_par' dir='ltr' id='par_1_35' title="bbox 243 1995 945 2064">
     <span class='ocr_line' id='line_1_35' title="bbox 243 1995 945 2064; baseline 0.004 -17"><span class='ocrx_word' id='word_1_251' title='bbox 243 2000 359 2048; x_wconf 91' lang='lat' dir='ltr'><strong>tum</strong></span> <span class='ocrx_word' id='word_1_252' title='bbox 392 1995 743 2064; x_wconf 88' lang='lat' dir='ltr'><strong>imperatoris</strong></span> <span class='ocrx_word' id='word_1_253' title='bbox 766 1996 945 2051; x_wconf 89' lang='lat' dir='ltr'><strong>elusit.</strong></span> 
     </span>
    </p>
   </div>
   <div class='ocr_carea' id='block_1_36' title="bbox 307 2088 1844 2160">
    <p class='ocr_par' dir='ltr' id='par_1_36' title="bbox 307 2088 1844 2160">
     <span class='ocr_line' id='line_1_36' title="bbox 307 2088 1844 2160; baseline 0.003 -19"><span class='ocrx_word' id='word_1_254' title='bbox 307 2088 522 2153; x_wconf 84' lang='lat' dir='ltr'><strong>Casar,</strong></span> <span class='ocrx_word' id='word_1_255' title='bbox 557 2088 646 2143; x_wconf 91' lang='lat' dir='ltr'><strong>ubi</strong></span> <span class='ocrx_word' id='word_1_256' title='bbox 675 2088 883 2144; x_wconf 89' lang='lat' dir='ltr'><strong>insidia</strong></span> <span class='ocrx_word' id='word_1_257' title='bbox 912 2106 1021 2145; x_wconf 91' lang='lat' dir='ltr'><strong>non</strong></span> <span class='ocrx_word' id='word_1_258' title='bbox 1052 2098 1450 2160; x_wconf 88' lang='lat' dir='ltr'><strong>processerant,</strong></span> <span class='ocrx_word' id='word_1_259' title='bbox 1486 2088 1554 2145; x_wconf 90' lang='lat' dir='ltr'><strong>ad</strong></span> <span class='ocrx_word' id='word_1_260' title='bbox 1579 2089 1686 2145; x_wconf 91' lang='lat' dir='ltr'><strong>vim</strong></span> <span class='ocrx_word' id='word_1_261' title='bbox 1708 2105 1844 2146; x_wconf 87' lang='lat' dir='ltr'><strong>con-</strong></span> 
     </span>
    </p>
   </div>
   <div class='ocr_carea' id='block_1_37' title="bbox 242 2180 1846 2255">
    <p class='ocr_par' dir='ltr' id='par_1_37' title="bbox 242 2180 1846 2255">
     <span class='ocr_line' id='line_1_37' title="bbox 242 2180 1846 2255; baseline 0.004 -23"><span class='ocrx_word' id='word_1_262' title='bbox 242 2196 434 2236; x_wconf 81' lang='lat' dir='ltr'><strong>versus</strong></span> <span class='ocrx_word' id='word_1_263' title='bbox 452 2222 468 2246; x_wconf 92' lang='lat'><strong>,</strong></span> <span class='ocrx_word' id='word_1_264' title='bbox 495 2180 643 2252; x_wconf 86' lang='lat'>(244)</span> <span class='ocrx_word' id='word_1_265' title='bbox 673 2190 1001 2255; x_wconf 87' lang='lat' dir='ltr'><strong>congregato</strong></span> <span class='ocrx_word' id='word_1_266' title='bbox 1031 2183 1355 2239; x_wconf 87' lang='lat' dir='ltr'><strong>Wormatia</strong></span> <span class='ocrx_word' id='word_1_267' title='bbox 1377 2183 1433 2237; x_wconf 92' lang='lat' dir='ltr'><strong>in</strong></span> <span class='ocrx_word' id='word_1_268' title='bbox 1455 2183 1699 2254; x_wconf 81' lang='lat' dir='ltr'><strong>proxima</strong></span> <span class='ocrx_word' id='word_1_269' title='bbox 1730 2186 1846 2238; x_wconf 94' lang='lat' dir='ltr'><strong>Do-</strong></span> 
     </span>
    </p>
   </div>
   <div class='ocr_carea' id='block_1_38' title="bbox 242 2274 1847 2348">
    <p class='ocr_par' dir='ltr' id='par_1_38' title="bbox 242 2274 1847 2348">
     <span class='ocr_line' id='line_1_38' title="bbox 242 2274 1847 2348; baseline 0.002 -21"><span class='ocrx_word' id='word_1_270' title='bbox 242 2274 446 2328; x_wconf 85' lang='lat' dir='ltr'><strong>minica</strong></span> <span class='ocrx_word' id='word_1_271' title='bbox 483 2276 914 2347; x_wconf 88' lang='lat' dir='ltr'><strong>Septuagesima</strong></span> <span class='ocrx_word' id='word_1_272' title='bbox 961 2282 1031 2331; x_wconf 86' lang='lat'><strong>24</strong></span> <span class='ocrx_word' id='word_1_273' title='bbox 1062 2277 1446 2348; x_wconf 86' lang='lat' dir='ltr'><strong>episcoporum</strong></span> <span class='ocrx_word' id='word_1_274' title='bbox 1476 2275 1847 2346; x_wconf 89' lang='lat' dir='ltr'><strong>abbatumque</strong></span> 
     </span>
    </p>
   </div>
   <div class='ocr_carea' id='block_1_39' title="bbox 241 2367 1847 2442">
    <p class='ocr_par' dir='ltr' id='par_1_39' title="bbox 241 2367 1847 2442">
     <span class='ocr_line' id='line_1_39' title="bbox 241 2367 1847 2442; baseline 0.002 -21"><span class='ocrx_word' id='word_1_275' title='bbox 241 2367 556 2423; x_wconf 87' lang='lat' dir='ltr'><strong>multorum</strong></span> <span class='ocrx_word' id='word_1_276' title='bbox 601 2384 739 2439; x_wconf 91' lang='lat' dir='ltr'><strong>quos</strong></span> <span class='ocrx_word' id='word_1_277' title='bbox 768 2370 1070 2442; x_wconf 86' lang='lat' dir='ltr'><strong>Gregorius</strong></span> <span class='ocrx_word' id='word_1_278' title='bbox 1114 2369 1270 2425; x_wconf 90' lang='lat' dir='ltr'><strong>variis</strong></span> <span class='ocrx_word' id='word_1_279' title='bbox 1324 2370 1847 2426; x_wconf 87' lang='lat' dir='ltr'><strong>excommunicatio-</strong></span> 
     </span>
    </p>
   </div>
   <div class='ocr_carea' id='block_1_40' title="bbox 239 2461 1848 2533">
    <p class='ocr_par' dir='ltr' id='par_1_40' title="bbox 239 2461 1848 2533">
     <span class='ocr_line' id='line_1_40' title="bbox 239 2461 1848 2533; baseline 0.002 -18"><span class='ocrx_word' id='word_1_280' title='bbox 239 2461 399 2515; x_wconf 86' lang='lat' dir='ltr'><strong>nibus</strong></span> <span class='ocrx_word' id='word_1_281' title='bbox 430 2470 564 2516; x_wconf 87' lang='lat' dir='ltr'><strong>ante</strong></span> <span class='ocrx_word' id='word_1_282' title='bbox 592 2462 733 2533; x_wconf 84' lang='grc'>(245)</span> <span class='ocrx_word' id='word_1_283' title='bbox 762 2471 1077 2528; x_wconf 84' lang='lat' dir='ltr'><strong>vexaverat,</strong></span> <span class='ocrx_word' id='word_1_284' title='bbox 1105 2473 1413 2528; x_wconf 84' lang='lat' dir='ltr'><strong>conventu;</strong></span> <span class='ocrx_word' id='word_1_285' title='bbox 1446 2463 1729 2519; x_wconf 89' lang='lat' dir='ltr'><strong>occasione</strong></span> <span class='ocrx_word' id='word_1_286' title='bbox 1759 2479 1848 2518; x_wconf 87' lang='lat' dir='ltr'><strong>ac-</strong></span> 
     </span>
    </p>
   </div>
   <div class='ocr_carea' id='block_1_41' title="bbox 239 2555 1847 2629">
    <p class='ocr_par' dir='ltr' id='par_1_41' title="bbox 239 2555 1847 2629">
     <span class='ocr_line' id='line_1_41' title="bbox 239 2555 1847 2629; baseline 0.002 -21"><span class='ocrx_word' id='word_1_287' title='bbox 239 2563 413 2625; x_wconf 82' lang='lat' dir='ltr'><strong>cepta,</strong></span> <span class='ocrx_word' id='word_1_288' title='bbox 445 2555 597 2623; x_wconf 88' lang='lat' dir='ltr'><strong>quod</strong></span> <span class='ocrx_word' id='word_1_289' title='bbox 627 2556 773 2626; x_wconf 82' lang='lat'>(246)</span> <span class='ocrx_word' id='word_1_290' title='bbox 808 2557 1011 2629; x_wconf 87' lang='lat' dir='ltr'><strong>absque</strong></span> <span class='ocrx_word' id='word_1_291' title='bbox 1039 2572 1311 2612; x_wconf 91' lang='lat' dir='ltr'><strong>consensu</strong></span> <span class='ocrx_word' id='word_1_292' title='bbox 1337 2573 1458 2615; x_wconf 90' lang='lat' dir='ltr'><strong>suo.</strong></span> <span class='ocrx_word' id='word_1_293' title='bbox 1504 2557 1634 2612; x_wconf 88' lang='lat' dir='ltr'><strong>solis</strong></span> <span class='ocrx_word' id='word_1_294' title='bbox 1660 2566 1847 2612; x_wconf 87' lang='lat' dir='ltr'><strong>tamen</strong></span> 
     </span>
    </p>
   </div>
   <div class='ocr_carea' id='block_1_42' title="bbox 242 2646 1849 2721">
    <p class='ocr_par' dir='ltr' id='par_1_42' title="bbox 242 2646 1849 2721">
     <span class='ocr_line' id='line_1_42' title="bbox 242 2646 1849 2721; baseline 0.002 -19"><span class='ocrx_word' id='word_1_295' title='bbox 242 2648 516 2703; x_wconf 82' lang='lat' dir='ltr'><strong>Romanis</strong></span> <span class='ocrx_word' id='word_1_296' title='bbox 570 2646 892 2715; x_wconf 83' lang='lat' dir='ltr'><strong>faventibus,</strong></span> <span class='ocrx_word' id='word_1_297' title='bbox 942 2650 1293 2721; x_wconf 86' lang='lat' dir='ltr'><strong>apostolicam</strong></span> <span class='ocrx_word' id='word_1_298' title='bbox 1338 2649 1524 2706; x_wconf 88' lang='lat' dir='ltr'><strong>sedem</strong></span> <span class='ocrx_word' id='word_1_299' title='bbox 1572 2651 1849 2706; x_wconf 90' lang='lat' dir='ltr'><strong>consedis-</strong></span> 
     </span>
    </p>
   </div>
   <div class='ocr_carea' id='block_1_43' title="bbox 240 2743 1849 2814">
    <p class='ocr_par' dir='ltr' id='par_1_43' title="bbox 240 2743 1849 2814">
     <span class='ocr_line' id='line_1_43' title="bbox 240 2743 1849 2814; baseline 0.001 -17"><span class='ocrx_word' id='word_1_300' title='bbox 240 2752 346 2808; x_wconf 83' lang='lat' dir='ltr'><strong>set,</strong></span> <span class='ocrx_word' id='word_1_301' title='bbox 394 2758 529 2797; x_wconf 91' lang='lat' dir='ltr'><strong>eum</strong></span> <span class='ocrx_word' id='word_1_302' title='bbox 575 2752 769 2812; x_wconf 90' lang='lat' dir='ltr'><strong>papatu</strong></span> <span class='ocrx_word' id='word_1_303' title='bbox 821 2744 1119 2813; x_wconf 89' lang='lat' dir='ltr'><strong>privarunt.</strong></span> <span class='ocrx_word' id='word_1_304' title='bbox 1160 2744 1329 2814; x_wconf 90' lang='lat' dir='ltr'><strong>Cujus</strong></span> <span class='ocrx_word' id='word_1_305' title='bbox 1380 2744 1697 2814; x_wconf 85' lang='lat' dir='ltr'><strong>privationis</strong></span> <span class='ocrx_word' id='word_1_306' title='bbox 1740 2743 1849 2799; x_wconf 83' lang='lat' dir='ltr'><strong>for-</strong></span> 
     </span>
    </p>
   </div>
   <div class='ocr_carea' id='block_1_44' title="bbox 242 2834 1847 2907">
    <p class='ocr_par' dir='ltr' id='par_1_44' title="bbox 242 2834 1847 2907">
     <span class='ocr_line' id='line_1_44' title="bbox 242 2834 1847 2907; baseline 0.002 -20"><span class='ocrx_word' id='word_1_307' title='bbox 242 2838 380 2891; x_wconf 89' lang='lat' dir='ltr'><strong>mula</strong></span> <span class='ocrx_word' id='word_1_308' title='bbox 428 2836 704 2907; x_wconf 86' lang='lat' dir='ltr'><strong>ejusmodi</strong></span> <span class='ocrx_word' id='word_1_309' title='bbox 735 2834 905 2891; x_wconf 89' lang='lat' dir='ltr'><strong>fuisse</strong></span> <span class='ocrx_word' id='word_1_310' title='bbox 949 2836 1183 2892; x_wconf 86' lang='lat' dir='ltr'><strong>dicitur:</strong></span> <span class='ocrx_word' id='word_1_311' title='bbox 1221 2839 1362 2904; x_wconf 86' lang='lat' dir='ltr'><strong>Quia</strong></span> <span class='ocrx_word' id='word_1_312' title='bbox 1384 2854 1506 2907; x_wconf 87' lang='lat' dir='ltr'><strong>ergo</strong></span> <span class='ocrx_word' id='word_1_313' title='bbox 1527 2844 1577 2891; x_wconf 83' lang='lat' dir='ltr'><strong>et</strong></span> <span class='ocrx_word' id='word_1_314' title='bbox 1597 2841 1847 2892; x_wconf 74' lang='lat' dir='ltr'><strong>introitus</strong></span> 
     </span>
    </p>
   </div>
   <div class='ocr_carea' id='block_1_45' title="bbox 241 2932 1848 2999">
    <p class='ocr_par' dir='ltr' id='par_1_45' title="bbox 241 2932 1848 2999">
     <span class='ocr_line' id='line_1_45' title="bbox 241 2932 1848 2999; baseline 0.001 -17"><span class='ocrx_word' id='word_1_315' title='bbox 241 2934 359 2983; x_wconf 83' lang='lat' dir='ltr'><strong>tuus</strong></span> <span class='ocrx_word' id='word_1_316' title='bbox 400 2933 581 2983; x_wconf 81' lang='lat' dir='ltr'><strong>tantis</strong></span> <span class='ocrx_word' id='word_1_317' title='bbox 618 2932 879 2999; x_wconf 79' lang='lat' dir='ltr'><strong>perjuriis</strong></span> <span class='ocrx_word' id='word_1_318' title='bbox 917 2936 1000 2983; x_wconf 85' lang='lat' dir='ltr'><strong>est</strong></span> <span class='ocrx_word' id='word_1_319' title='bbox 1050 2933 1333 2998; x_wconf 74' lang='lat' dir='ltr'><strong>initiatus,</strong></span> <span class='ocrx_word' id='word_1_320' title='bbox 1377 2936 1426 2986; x_wconf 85' lang='lat' dir='ltr'><strong>et</strong></span> <span class='ocrx_word' id='word_1_321' title='bbox 1468 2932 1703 2987; x_wconf 73' lang='lat' dir='ltr'><strong>Ecclesia</strong></span> <span class='ocrx_word' id='word_1_322' title='bbox 1750 2933 1848 2987; x_wconf 83' lang='lat' dir='ltr'><strong>Dei</strong></span> 
     </span>
    </p>
   </div>
   <div class='ocr_carea' id='block_1_46' title="bbox 242 3025 1843 3094">
    <p class='ocr_par' dir='ltr' id='par_1_46' title="bbox 242 3025 1843 3094">
     <span class='ocr_line' id='line_1_46' title="bbox 242 3025 1843 3094; baseline 0.002 -20"><span class='ocrx_word' id='word_1_323' title='bbox 242 3030 341 3076; x_wconf 82' lang='lat' dir='ltr'><strong>tam</strong></span> <span class='ocrx_word' id='word_1_324' title='bbox 372 3025 549 3094; x_wconf 74' lang='lat' dir='ltr'><strong>grani</strong></span> <span class='ocrx_word' id='word_1_325' title='bbox 581 3028 891 3092; x_wconf 74' lang='lat' dir='ltr'><strong>tempestate</strong></span> <span class='ocrx_word' id='word_1_326' title='bbox 913 3040 1013 3093; x_wconf 81' lang='lat' dir='ltr'><strong>per</strong></span> <span class='ocrx_word' id='word_1_327' title='bbox 1043 3025 1355 3079; x_wconf 80' lang='lat' dir='ltr'><strong>abusionem</strong></span> <span class='ocrx_word' id='word_1_328' title='bbox 1391 3030 1692 3079; x_wconf 79' lang='lat' dir='ltr'><strong>novitatum</strong></span> <span class='ocrx_word' id='word_1_329' title='bbox 1719 3030 1843 3079; x_wconf 86' lang='lat' dir='ltr'><strong>tua-</strong></span> 
     </span>
    </p>
   </div>
   <div class='ocr_carea' id='block_1_47' title="bbox 240 3117 1847 3187">
    <p class='ocr_par' dir='ltr' id='par_1_47' title="bbox 240 3117 1847 3187">
     <span class='ocr_line' id='line_1_47' title="bbox 240 3117 1847 3187; baseline 0.003 -20"><span class='ocrx_word' id='word_1_330' title='bbox 240 3131 359 3169; x_wconf 84' lang='lat' dir='ltr'><strong>rum</strong></span> <span class='ocrx_word' id='word_1_331' title='bbox 395 3117 783 3187; x_wconf 79' lang='lat' dir='ltr'><strong>periclitatur,</strong></span> <span class='ocrx_word' id='word_1_332' title='bbox 820 3122 870 3170; x_wconf 88' lang='lat' dir='ltr'><strong>et</strong></span> <span class='ocrx_word' id='word_1_333' title='bbox 899 3119 1065 3171; x_wconf 82' lang='lat' dir='ltr'><strong>vitam</strong></span> <span class='ocrx_word' id='word_1_334' title='bbox 1092 3133 1192 3186; x_wconf 81' lang='lat' dir='ltr'><strong>per</strong></span> <span class='ocrx_word' id='word_1_335' title='bbox 1228 3122 1670 3173; x_wconf 78' lang='lat' dir='ltr'><strong>conversationem</strong></span> <span class='ocrx_word' id='word_1_336' title='bbox 1700 3124 1847 3173; x_wconf 85' lang='lat' dir='ltr'><strong>tuam</strong></span> 
     </span>
    </p>
   </div>
   <div class='ocr_carea' id='block_1_48' title="bbox 1953 1898 3548 1979">
    <p class='ocr_par' dir='ltr' id='par_1_48' title="bbox 1953 1898 3548 1979">
     <span class='ocr_line' id='line_1_48' title="bbox 1953 1898 3548 1979; baseline -0.005 -18"><span class='ocrx_word' id='word_1_337' title='bbox 1953 1905 2218 1979; x_wconf 90' lang='lat' dir='ltr'><strong>peratoris</strong></span> <span class='ocrx_word' id='word_1_338' title='bbox 2254 1903 2439 1957; x_wconf 82' lang='lat' dir='ltr'><strong>hostes</strong></span> <span class='ocrx_word' id='word_1_339' title='bbox 2467 1904 2711 1957; x_wconf 89' lang='lat' dir='ltr'><strong>Saxones</strong></span> <span class='ocrx_word' id='word_1_340' title='bbox 2733 1942 2747 1965; x_wconf 91' lang='lat'><strong>,</strong></span> <span class='ocrx_word' id='word_1_341' title='bbox 2779 1908 2834 1955; x_wconf 92' lang='lat' dir='ltr'><strong>et</strong></span> <span class='ocrx_word' id='word_1_342' title='bbox 2858 1899 2994 1954; x_wconf 90' lang='lat' dir='ltr'><strong>alios</strong></span> <span class='ocrx_word' id='word_1_343' title='bbox 3037 1898 3305 1970; x_wconf 89' lang='lat' dir='ltr'><strong>principes</strong></span> <span class='ocrx_word' id='word_1_344' title='bbox 3336 1898 3548 1965; x_wconf 78' lang='lat' dir='ltr'><strong>legatos</strong></span> 
     </span>
    </p>
   </div>
   <div class='ocr_carea' id='block_1_49' title="bbox 1955 1991 3546 2070">
    <p class='ocr_par' dir='ltr' id='par_1_49' title="bbox 1955 1991 3546 2070">
     <span class='ocr_line' id='line_1_49' title="bbox 1955 1991 3546 2070; baseline -0.005 -15"><span class='ocrx_word' id='word_1_345' title='bbox 1955 2000 2126 2064; x_wconf 89' lang='lat' dir='ltr'><strong>misit,</strong></span> <span class='ocrx_word' id='word_1_346' title='bbox 2164 1998 2254 2070; x_wconf 91' lang='lat' dir='ltr'><strong>qui</strong></span> <span class='ocrx_word' id='word_1_347' title='bbox 2281 1997 2425 2069; x_wconf 90' lang='lat' dir='ltr'><strong>regis</strong></span> <span class='ocrx_word' id='word_1_348' title='bbox 2448 1994 2841 2059; x_wconf 86' lang='lat' dir='ltr'><strong>temeritatem,</strong></span> <span class='ocrx_word' id='word_1_349' title='bbox 2877 1992 3079 2047; x_wconf 91' lang='lat' dir='ltr'><strong>scelera</strong></span> <span class='ocrx_word' id='word_1_350' title='bbox 3110 2001 3165 2047; x_wconf 91' lang='lat' dir='ltr'><strong>et</strong></span> <span class='ocrx_word' id='word_1_351' title='bbox 3194 1991 3428 2063; x_wconf 90' lang='lat' dir='ltr'><strong>perjuria</strong></span> <span class='ocrx_word' id='word_1_352' title='bbox 3456 2007 3546 2047; x_wconf 89' lang='lat' dir='ltr'><strong>re-</strong></span> 
     </span>
    </p>
   </div>
   <div class='ocr_carea' id='block_1_50' title="bbox 1952 2084 3545 2159">
    <p class='ocr_par' dir='ltr' id='par_1_50' title="bbox 1952 2084 3545 2159">
     <span class='ocr_line' id='line_1_50' title="bbox 1952 2084 3545 2159; baseline -0.007 -10"><span class='ocrx_word' id='word_1_353' title='bbox 1952 2092 2191 2157; x_wconf 89' lang='lat' dir='ltr'><strong>ferrent,</strong></span> <span class='ocrx_word' id='word_1_354' title='bbox 2237 2093 2703 2159; x_wconf 88' lang='lat' dir='ltr'><strong>hortarenturque</strong></span> <span class='ocrx_word' id='word_1_355' title='bbox 2726 2087 2834 2159; x_wconf 75' lang='lat' dir='ltr'><strong>(eos</strong></span> <span class='ocrx_word' id='word_1_356' title='bbox 2872 2095 2933 2143; x_wconf 89' lang='lat' dir='ltr'><strong>ut</strong></span> <span class='ocrx_word' id='word_1_357' title='bbox 2964 2101 3171 2141; x_wconf 91' lang='lat' dir='ltr'><strong>novum</strong></span> <span class='ocrx_word' id='word_1_358' title='bbox 3201 2084 3302 2153; x_wconf 83' lang='lat' dir='ltr'><strong>ipsi</strong></span> <span class='ocrx_word' id='word_1_359' title='bbox 3339 2099 3545 2155; x_wconf 86' lang='lat' dir='ltr'><strong>regem,</strong></span> 
     </span>
    </p>
   </div>
   <div class='ocr_carea' id='block_1_51' title="bbox 1954 2178 3549 2257">
    <p class='ocr_par' dir='ltr' id='par_1_51' title="bbox 1954 2178 3549 2257">
     <span class='ocr_line' id='line_1_51' title="bbox 1954 2178 3549 2257; baseline -0.007 -15"><span class='ocrx_word' id='word_1_360' title='bbox 1954 2187 2194 2242; x_wconf 87' lang='lat' dir='ltr'><strong>Henrico</strong></span> <span class='ocrx_word' id='word_1_361' title='bbox 2214 2187 2497 2257; x_wconf 86' lang='lat' dir='ltr'><strong>abrogato,</strong></span> <span class='ocrx_word' id='word_1_362' title='bbox 2527 2190 2792 2248; x_wconf 90' lang='lat' dir='ltr'><strong>crearent,</strong></span> <span class='ocrx_word' id='word_1_363' title='bbox 2819 2195 2985 2251; x_wconf 86' lang='lat' dir='ltr'><strong>quem</strong></span> <span class='ocrx_word' id='word_1_364' title='bbox 3010 2180 3122 2250; x_wconf 90' lang='lat' dir='ltr'><strong>ipse</strong></span> <span class='ocrx_word' id='word_1_365' title='bbox 3152 2187 3338 2250; x_wconf 88' lang='lat' dir='ltr'><strong>postea</strong></span> <span class='ocrx_word' id='word_1_366' title='bbox 3368 2178 3549 2248; x_wconf 90' lang='lat' dir='ltr'><strong>impe-</strong></span> 
     </span>
    </p>
   </div>
   <div class='ocr_carea' id='block_1_52' title="bbox 1955 2270 3545 2349">
    <p class='ocr_par' dir='ltr' id='par_1_52' title="bbox 1955 2270 3545 2349">
     <span class='ocr_line' id='line_1_52' title="bbox 1955 2270 3545 2349; baseline -0.008 -13"><span class='ocrx_word' id='word_1_367' title='bbox 1955 2289 2195 2336; x_wconf 90' lang='lat' dir='ltr'><strong>ratorem</strong></span> <span class='ocrx_word' id='word_1_368' title='bbox 2231 2280 2536 2349; x_wconf 89' lang='lat' dir='ltr'><strong>inungeret.</strong></span> <span class='ocrx_word' id='word_1_369' title='bbox 2566 2275 2881 2333; x_wconf 88' lang='lat' dir='ltr'><strong>Germania</strong></span> <span class='ocrx_word' id='word_1_370' title='bbox 2910 2272 3195 2345; x_wconf 87' lang='lat' dir='ltr'><strong>principes,</strong></span> <span class='ocrx_word' id='word_1_371' title='bbox 3224 2286 3379 2343; x_wconf 89' lang='lat' dir='ltr'><strong>papa</strong></span> <span class='ocrx_word' id='word_1_372' title='bbox 3409 2270 3545 2342; x_wconf 87' lang='lat' dir='ltr'><strong>lega-</strong></span> 
     </span>
    </p>
   </div>
   <div class='ocr_carea' id='block_1_53' title="bbox 1954 2365 3546 2436">
    <p class='ocr_par' dir='ltr' id='par_1_53' title="bbox 1954 2365 3546 2436">
     <span class='ocr_line' id='line_1_53' title="bbox 1954 2365 3546 2436; baseline -0.007 -7"><span class='ocrx_word' id='word_1_373' title='bbox 1954 2373 2102 2429; x_wconf 92' lang='lat' dir='ltr'><strong>tione</strong></span> <span class='ocrx_word' id='word_1_374' title='bbox 2148 2371 2354 2436; x_wconf 88' lang='lat' dir='ltr'><strong>audita,</strong></span> <span class='ocrx_word' id='word_1_375' title='bbox 2386 2370 2528 2425; x_wconf 92' lang='lat' dir='ltr'><strong>illico</strong></span> <span class='ocrx_word' id='word_1_376' title='bbox 2568 2377 2839 2425; x_wconf 91' lang='lat' dir='ltr'><strong>conventu</strong></span> <span class='ocrx_word' id='word_1_377' title='bbox 2883 2368 2939 2422; x_wconf 90' lang='lat' dir='ltr'><strong>in</strong></span> <span class='ocrx_word' id='word_1_378' title='bbox 2987 2365 3271 2423; x_wconf 86' lang='lat' dir='ltr'><strong>Forcheim</strong></span> <span class='ocrx_word' id='word_1_379' title='bbox 3318 2379 3546 2435; x_wconf 88' lang='lat' dir='ltr'><strong>congre-</strong></span> 
     </span>
    </p>
   </div>
   <div class='ocr_carea' id='block_1_54' title="bbox 1956 2459 3547 2543">
    <p class='ocr_par' dir='ltr' id='par_1_54' title="bbox 1956 2459 3547 2543">
     <span class='ocr_line' id='line_1_54' title="bbox 1956 2459 3547 2543; baseline -0.006 -21"><span class='ocrx_word' id='word_1_380' title='bbox 1956 2476 2112 2538; x_wconf 87' lang='lat' dir='ltr'><strong>gato,</strong></span> <span class='ocrx_word' id='word_1_381' title='bbox 2147 2464 2451 2521; x_wconf 79' lang='lat' dir='ltr'><strong>Rodulfum</strong></span> <span class='ocrx_word' id='word_1_382' title='bbox 2495 2465 2802 2520; x_wconf 89' lang='lat' dir='ltr'><strong>Suevorum</strong></span> <span class='ocrx_word' id='word_1_383' title='bbox 2845 2460 3047 2516; x_wconf 89' lang='lat' dir='ltr'><strong>ducem</strong></span> <span class='ocrx_word' id='word_1_384' title='bbox 3078 2459 3136 2515; x_wconf 93' lang='lat' dir='ltr'><strong>in</strong></span> <span class='ocrx_word' id='word_1_385' title='bbox 3164 2461 3547 2543; x_wconf 73' lang='lat' dir='ltr'><strong>Romanorum</strong></span> 
     </span>
    </p>
   </div>
   <div class='ocr_carea' id='block_1_55' title="bbox 1954 2549 3547 2632">
    <p class='ocr_par' dir='ltr' id='par_1_55' title="bbox 1954 2549 3547 2632">
     <span class='ocr_line' id='line_1_55' title="bbox 1954 2549 3547 2632; baseline -0.006 -18"><span class='ocrx_word' id='word_1_386' title='bbox 1954 2575 2138 2632; x_wconf 91' lang='lat' dir='ltr'><strong>regem</strong></span> <span class='ocrx_word' id='word_1_387' title='bbox 2165 2559 2394 2631; x_wconf 85' lang='lat' dir='ltr'><strong>elegere,</strong></span> <span class='ocrx_word' id='word_1_388' title='bbox 2423 2557 2525 2612; x_wconf 91' lang='lat' dir='ltr'><strong>hac</strong></span> <span class='ocrx_word' id='word_1_389' title='bbox 2547 2555 2898 2620; x_wconf 89' lang='lat' dir='ltr'><strong>conditione,</strong></span> <span class='ocrx_word' id='word_1_390' title='bbox 2924 2562 2984 2608; x_wconf 90' lang='lat' dir='ltr'><strong>ut</strong></span> <span class='ocrx_word' id='word_1_391' title='bbox 3002 2552 3433 2609; x_wconf 89' lang='lat' dir='ltr'><strong>sacerdotiorum</strong></span> <span class='ocrx_word' id='word_1_392' title='bbox 3460 2549 3547 2605; x_wconf 92' lang='lat' dir='ltr'><strong>in—</strong></span> 
     </span>
    </p>
   </div>
   <div class='ocr_carea' id='block_1_56' title="bbox 1956 2643 3548 2716">
    <p class='ocr_par' dir='ltr' id='par_1_56' title="bbox 1956 2643 3548 2716">
     <span class='ocr_line' id='line_1_56' title="bbox 1956 2643 3548 2716; baseline -0.004 -12"><span class='ocrx_word' id='word_1_393' title='bbox 1956 2652 2238 2707; x_wconf 81' lang='lat' dir='ltr'><strong>vestituras</strong></span> <span class='ocrx_word' id='word_1_394' title='bbox 2267 2650 2607 2713; x_wconf 88' lang='lat' dir='ltr'><strong>dimitteret,</strong></span> <span class='ocrx_word' id='word_1_395' title='bbox 2639 2657 2718 2714; x_wconf 91' lang='lat' dir='ltr'><strong>et,</strong></span> <span class='ocrx_word' id='word_1_396' title='bbox 2747 2663 2812 2701; x_wconf 92' lang='lat' dir='ltr'><strong>ne</strong></span> <span class='ocrx_word' id='word_1_397' title='bbox 2849 2647 2996 2700; x_wconf 91' lang='lat' dir='ltr'><strong>velut</strong></span> <span class='ocrx_word' id='word_1_398' title='bbox 3025 2645 3371 2702; x_wconf 85' lang='lat' dir='ltr'><strong>hareditario</strong></span> <span class='ocrx_word' id='word_1_399' title='bbox 3390 2643 3548 2716; x_wconf 87' lang='lat' dir='ltr'><strong>jure,</strong></span> 
     </span>
    </p>
   </div>
   <div class='ocr_carea' id='block_1_57' title="bbox 1957 2735 3554 2808">
    <p class='ocr_par' dir='ltr' id='par_1_57' title="bbox 1957 2735 3554 2808">
     <span class='ocr_line' id='line_1_57' title="bbox 1957 2735 3554 2808; baseline -0.007 -8"><span class='ocrx_word' id='word_1_400' title='bbox 1957 2746 2100 2800; x_wconf 89' lang='lat' dir='ltr'><strong>ﬁlios</strong></span> <span class='ocrx_word' id='word_1_401' title='bbox 2138 2760 2266 2800; x_wconf 90' lang='lat' dir='ltr'><strong>suos</strong></span> <span class='ocrx_word' id='word_1_402' title='bbox 2291 2757 2636 2798; x_wconf 90' lang='lat' dir='ltr'><strong>successores</strong></span> <span class='ocrx_word' id='word_1_403' title='bbox 2674 2740 2991 2794; x_wconf 70' lang='lat' dir='ltr'><strong>declararet.</strong></span> <span class='ocrx_word' id='word_1_404' title='bbox 3020 2737 3183 2808; x_wconf 87' lang='lat' dir='ltr'><strong>Quod</strong></span> <span class='ocrx_word' id='word_1_405' title='bbox 3220 2737 3311 2792; x_wconf 84' lang='lat' dir='ltr'><strong>ubi</strong></span> <span class='ocrx_word' id='word_1_406' title='bbox 3342 2735 3554 2792; x_wconf 84' lang='lat' dir='ltr'><strong>Henri-</strong></span> 
     </span>
    </p>
   </div>
   <div class='ocr_carea' id='block_1_58' title="bbox 1956 2829 3554 2908">
    <p class='ocr_par' dir='ltr' id='par_1_58' title="bbox 1956 2829 3554 2908">
     <span class='ocr_line' id='line_1_58' title="bbox 1956 2829 3554 2908; baseline -0.007 -14"><span class='ocrx_word' id='word_1_407' title='bbox 1956 2855 2054 2895; x_wconf 92' lang='lat' dir='ltr'><strong>cus</strong></span> <span class='ocrx_word' id='word_1_408' title='bbox 2093 2839 2389 2908; x_wconf 88' lang='lat' dir='ltr'><strong>imperator</strong></span> <span class='ocrx_word' id='word_1_409' title='bbox 2431 2833 2658 2897; x_wconf 88' lang='lat' dir='ltr'><strong>audivit,</strong></span> <span class='ocrx_word' id='word_1_410' title='bbox 2690 2832 3008 2887; x_wconf 89' lang='lat' dir='ltr'><strong>vehementi</strong></span> <span class='ocrx_word' id='word_1_411' title='bbox 3055 2830 3428 2899; x_wconf 80' lang='lat' dir='ltr'><strong>indignatione</strong></span> <span class='ocrx_word' id='word_1_412' title='bbox 3467 2829 3554 2883; x_wconf 90' lang='lat' dir='ltr'><strong>in-</strong></span> 
     </span>
    </p>
   </div>
   <div class='ocr_carea' id='block_1_59' title="bbox 1956 2923 3551 2996">
    <p class='ocr_par' dir='ltr' id='par_1_59' title="bbox 1956 2923 3551 2996">
     <span class='ocr_line' id='line_1_59' title="bbox 1956 2923 3551 2996; baseline -0.008 -10"><span class='ocrx_word' id='word_1_413' title='bbox 1956 2932 2292 2996; x_wconf 81' lang='lat' dir='ltr'><strong>ﬂammatus,</strong></span> <span class='ocrx_word' id='word_1_414' title='bbox 2324 2930 2377 2984; x_wconf 93' lang='lat' dir='ltr'><strong>in</strong></span> <span class='ocrx_word' id='word_1_415' title='bbox 2409 2927 2769 2985; x_wconf 90' lang='lat' dir='ltr'><strong>Germaniam</strong></span> <span class='ocrx_word' id='word_1_416' title='bbox 2801 2923 3004 2989; x_wconf 75' lang='lat' dir='ltr'><strong>ingenti</strong></span> <span class='ocrx_word' id='word_1_417' title='bbox 3047 2924 3283 2978; x_wconf 81' lang='lat' dir='ltr'><strong>exercitu</strong></span> <span class='ocrx_word' id='word_1_418' title='bbox 3328 2936 3551 2992; x_wconf 87' lang='lat' dir='ltr'><strong>compa-</strong></span> 
     </span>
    </p>
   </div>
   <div class='ocr_carea' id='block_1_60' title="bbox 1955 3013 3550 3095">
    <p class='ocr_par' dir='ltr' id='par_1_60' title="bbox 1955 3013 3550 3095">
     <span class='ocr_line' id='line_1_60' title="bbox 1955 3013 3550 3095; baseline -0.01 -15"><span class='ocrx_word' id='word_1_419' title='bbox 1955 3034 2077 3080; x_wconf 90' lang='lat' dir='ltr'><strong>rato</strong></span> <span class='ocrx_word' id='word_1_420' title='bbox 2126 3037 2437 3095; x_wconf 82' lang='lat' dir='ltr'><strong>regressus,</strong></span> <span class='ocrx_word' id='word_1_421' title='bbox 2497 3020 2702 3076; x_wconf 89' lang='lat' dir='ltr'><strong>bellum</strong></span> <span class='ocrx_word' id='word_1_422' title='bbox 2757 3016 3044 3072; x_wconf 90' lang='lat' dir='ltr'><strong>rebellibus</strong></span> <span class='ocrx_word' id='word_1_423' title='bbox 3096 3013 3424 3086; x_wconf 85' lang='lat' dir='ltr'><strong>principibus</strong></span> <span class='ocrx_word' id='word_1_424' title='bbox 3471 3013 3550 3065; x_wconf 93' lang='lat' dir='ltr'><strong>in-</strong></span> 
     </span>
    </p>
   </div>
   <div class='ocr_carea' id='block_1_61' title="bbox 1956 3109 3553 3193">
    <p class='ocr_par' dir='ltr' id='par_1_61' title="bbox 1956 3109 3553 3193">
     <span class='ocr_line' id='line_1_61' title="bbox 1956 3109 3553 3193; baseline -0.009 -19"><span class='ocrx_word' id='word_1_425' title='bbox 1956 3119 2087 3175; x_wconf 87' lang='lat' dir='ltr'><strong>dixit</strong></span> <span class='ocrx_word' id='word_1_426' title='bbox 2114 3140 2126 3173; x_wconf 88' lang='lat'>:</span> <span class='ocrx_word' id='word_1_427' title='bbox 2161 3116 2309 3188; x_wconf 90' lang='lat' dir='ltr'><strong>quod</strong></span> <span class='ocrx_word' id='word_1_428' title='bbox 2336 3117 2488 3171; x_wconf 91' lang='lat' dir='ltr'><strong>vario</strong></span> <span class='ocrx_word' id='word_1_429' title='bbox 2512 3122 2709 3169; x_wconf 89' lang='lat' dir='ltr'><strong>eventu</strong></span> <span class='ocrx_word' id='word_1_430' title='bbox 2734 3127 2901 3184; x_wconf 89' lang='lat' dir='ltr'><strong>prope</strong></span> <span class='ocrx_word' id='word_1_431' title='bbox 2930 3111 2981 3165; x_wconf 93' lang='lat' dir='ltr'><strong>in</strong></span> <span class='ocrx_word' id='word_1_432' title='bbox 3013 3109 3309 3164; x_wconf 91' lang='lat' dir='ltr'><strong>triennium</strong></span> <span class='ocrx_word' id='word_1_433' title='bbox 3337 3114 3553 3193; x_wconf 89' lang='lat' dir='ltr'><strong>protra-</strong></span> 
     </span>
    </p>
   </div>
   <div class='ocr_carea' id='block_1_62' title="bbox 243 3203 2252 3279">
    <p class='ocr_par' dir='ltr' id='par_1_62' title="bbox 243 3203 2252 3279">
     <span class='ocr_line' id='line_1_62' title="bbox 243 3203 2252 3279; baseline 0.002 -18"><span class='ocrx_word' id='word_1_434' title='bbox 243 3216 348 3263; x_wconf 82' lang='lat' dir='ltr'><strong>tam</strong></span> <span class='ocrx_word' id='word_1_435' title='bbox 392 3210 701 3279; x_wconf 76' lang='lat' dir='ltr'><strong>multiplici</strong></span> <span class='ocrx_word' id='word_1_436' title='bbox 748 3212 983 3277; x_wconf 78' lang='lat' dir='ltr'><strong>infamia</strong></span> <span class='ocrx_word' id='word_1_437' title='bbox 1030 3212 1410 3279; x_wconf 81' lang='lat' dir='ltr'><strong>dehonestasti,</strong></span> <span class='ocrx_word' id='word_1_438' title='bbox 1461 3214 1847 3279; x_wconf 81' lang='lat' dir='ltr'><strong>obedientiam,</strong></span> <span class='ocrx_word' id='word_1_439' title='bbox 1885 3203 1930 3267; x_wconf 88' lang='lat' dir='ltr'><strong>C</strong></span> <span class='ocrx_word' id='word_1_440' title='bbox 1962 3222 2111 3268; x_wconf 90' lang='lat' dir='ltr'><strong>ctum</strong></span> <span class='ocrx_word' id='word_1_441' title='bbox 2153 3221 2252 3267; x_wconf 88' lang='lat' dir='ltr'><strong>est.</strong></span> 
     </span>
    </p>
   </div>
   <div class='ocr_carea' id='block_1_63' title="bbox 241 3305 1851 3374">
    <p class='ocr_par' dir='ltr' id='par_1_63' title="bbox 241 3305 1851 3374">
     <span class='ocr_line' id='line_1_63' title="bbox 241 3305 1851 3374; baseline 0.003 -18"><span class='ocrx_word' id='word_1_442' title='bbox 241 3320 405 3371; x_wconf 76' lang='lat' dir='ltr'><strong>quam</strong></span> <span class='ocrx_word' id='word_1_443' title='bbox 450 3305 556 3357; x_wconf 83' lang='lat' dir='ltr'><strong>tibi</strong></span> <span class='ocrx_word' id='word_1_444' title='bbox 582 3305 791 3357; x_wconf 85' lang='lat' dir='ltr'><strong>nullam</strong></span> <span class='ocrx_word' id='word_1_445' title='bbox 827 3306 1195 3374; x_wconf 74' lang='lat' dir='ltr'><strong>promisimus,</strong></span> <span class='ocrx_word' id='word_1_446' title='bbox 1226 3322 1316 3359; x_wconf 83' lang='lat' dir='ltr'><strong>nec</strong></span> <span class='ocrx_word' id='word_1_447' title='bbox 1358 3307 1423 3359; x_wconf 87' lang='lat' dir='ltr'><strong>de</strong></span> <span class='ocrx_word' id='word_1_448' title='bbox 1450 3312 1637 3362; x_wconf 72' lang='lat' dir='ltr'><strong>catero</strong></span> <span class='ocrx_word' id='word_1_449' title='bbox 1681 3309 1851 3361; x_wconf 84' lang='lat' dir='ltr'><strong>ullam</strong></span> 
     </span>
    </p>
   </div>
   <div class='ocr_carea' id='block_1_64' title="bbox 251 3400 1847 3468">
    <p class='ocr_par' dir='ltr' id='par_1_64' title="bbox 251 3400 1847 3468">
     <span class='ocr_line' id='line_1_64' title="bbox 251 3400 1847 3468; baseline 0.004 -19"><span class='ocrx_word' id='word_1_450' title='bbox 251 3402 563 3450; x_wconf 67' lang='lat' dir='ltr'><strong>servaturos</strong></span> <span class='ocrx_word' id='word_1_451' title='bbox 583 3411 693 3451; x_wconf 84' lang='lat' dir='ltr'><strong>esse</strong></span> <span class='ocrx_word' id='word_1_452' title='bbox 719 3400 1126 3465; x_wconf 80' lang='lat' dir='ltr'><strong>renuntiamus,-</strong></span> <span class='ocrx_word' id='word_1_453' title='bbox 1167 3404 1216 3452; x_wconf 87' lang='lat' dir='ltr'><strong>et</strong></span> <span class='ocrx_word' id='word_1_454' title='bbox 1244 3400 1375 3468; x_wconf 81' lang='lat' dir='ltr'><strong>quia</strong></span> <span class='ocrx_word' id='word_1_455' title='bbox 1400 3416 1549 3454; x_wconf 85' lang='lat' dir='ltr'><strong>nemo</strong></span> <span class='ocrx_word' id='word_1_456' title='bbox 1576 3408 1847 3463; x_wconf 85' lang='lat' dir='ltr'><strong>nostrum,</strong></span> 
     </span>
    </p>
   </div>
   <div class='ocr_carea' id='block_1_65' title="bbox 242 3489 1847 3564">
    <p class='ocr_par' dir='ltr' id='par_1_65' title="bbox 242 3489 1847 3564">
     <span class='ocr_line' id='line_1_65' title="bbox 242 3489 1847 3564; baseline 0.004 -22"><span class='ocrx_word' id='word_1_457' title='bbox 242 3496 297 3542; x_wconf 83' lang='lat' dir='ltr'><strong>ut</strong></span> <span class='ocrx_word' id='word_1_458' title='bbox 317 3496 377 3544; x_wconf 83' lang='lat' dir='ltr'><strong>tu</strong></span> <span class='ocrx_word' id='word_1_459' title='bbox 387 3489 616 3560; x_wconf 79' lang='lat' dir='ltr'><strong>publice</strong></span> <span class='ocrx_word' id='word_1_460' title='bbox 630 3491 967 3546; x_wconf 84' lang='lat' dir='ltr'><strong>declamabas</strong></span> <span class='ocrx_word' id='word_1_461' title='bbox 982 3535 996 3553; x_wconf 89' lang='lat'><strong>,</strong></span> <span class='ocrx_word' id='word_1_462' title='bbox 1025 3494 1127 3546; x_wconf 82' lang='lat' dir='ltr'><strong>tibi</strong></span> <span class='ocrx_word' id='word_1_463' title='bbox 1142 3493 1395 3547; x_wconf 82' lang='lat' dir='ltr'><strong>hactenus</strong></span> <span class='ocrx_word' id='word_1_464' title='bbox 1414 3496 1527 3560; x_wconf 79' lang='lat' dir='ltr'><strong>fuit</strong></span> <span class='ocrx_word' id='word_1_465' title='bbox 1545 3496 1815 3564; x_wconf 81' lang='lat' dir='ltr'><strong>episcopus</strong></span> <span class='ocrx_word' id='word_1_466' title='bbox 1833 3536 1847 3556; x_wconf 91' lang='lat'><strong>,</strong></span> 
     </span>
    </p>
   </div>
   <div class='ocr_carea' id='block_1_66' title="bbox 240 3584 1849 3656">
    <p class='ocr_par' dir='ltr' id='par_1_66' title="bbox 240 3584 1849 3656">
     <span class='ocr_line' id='line_1_66' title="bbox 240 3584 1849 3656; baseline 0.003 -21"><span class='ocrx_word' id='word_1_467' title='bbox 240 3588 292 3636; x_wconf 80' lang='lat' dir='ltr'><strong>tu</strong></span> <span class='ocrx_word' id='word_1_468' title='bbox 320 3600 540 3653; x_wconf 84' lang='lat' dir='ltr'><strong>quoque</strong></span> <span class='ocrx_word' id='word_1_469' title='bbox 575 3584 717 3638; x_wconf 84' lang='lat' dir='ltr'><strong>nulli</strong></span> <span class='ocrx_word' id='word_1_470' title='bbox 741 3590 987 3639; x_wconf 82' lang='lat' dir='ltr'><strong>nostrum</strong></span> <span class='ocrx_word' id='word_1_471' title='bbox 1019 3586 1208 3640; x_wconf 84' lang='lat' dir='ltr'><strong>amodo</strong></span> <span class='ocrx_word' id='word_1_472' title='bbox 1238 3589 1343 3641; x_wconf 86' lang='lat' dir='ltr'><strong>eris</strong></span> <span class='ocrx_word' id='word_1_473' title='bbox 1373 3588 1715 3656; x_wconf 84' lang='lat' dir='ltr'><strong>apostolicus.</strong></span> <span class='ocrx_word' id='word_1_474' title='bbox 1753 3586 1849 3643; x_wconf 81' lang='lat' dir='ltr'><strong>Cui</strong></span> 
     </span>
    </p>
   </div>
   <div class='ocr_carea' id='block_1_67' title="bbox 241 3674 1847 3753">
    <p class='ocr_par' dir='ltr' id='par_1_67' title="bbox 241 3674 1847 3753">
     <span class='ocr_line' id='line_1_67' title="bbox 241 3674 1847 3753; baseline 0.003 -23"><span class='ocrx_word' id='word_1_475' title='bbox 241 3674 469 3731; x_wconf 83' lang='lat' dir='ltr'><strong>decreto</strong></span> <span class='ocrx_word' id='word_1_476' title='bbox 515 3693 626 3731; x_wconf 92' lang='lat' dir='ltr'><strong>non</strong></span> <span class='ocrx_word' id='word_1_477' title='bbox 655 3678 835 3732; x_wconf 92' lang='lat' dir='ltr'><strong>solum</strong></span> <span class='ocrx_word' id='word_1_478' title='bbox 865 3678 1179 3735; x_wconf 88' lang='lat' dir='ltr'><strong>Germania</strong></span> <span class='ocrx_word' id='word_1_479' title='bbox 1226 3687 1281 3734; x_wconf 91' lang='lat' dir='ltr'><strong>et</strong></span> <span class='ocrx_word' id='word_1_480' title='bbox 1318 3679 1510 3736; x_wconf 85' lang='lat' dir='ltr'><strong>Gallia</strong></span> <span class='ocrx_word' id='word_1_481' title='bbox 1542 3681 1703 3736; x_wconf 90' lang='lat' dir='ltr'><strong>multi</strong></span> <span class='ocrx_word' id='word_1_482' title='bbox 1734 3681 1847 3753; x_wconf 90' lang='lat' dir='ltr'><strong>epi-</strong></span> 
     </span>
    </p>
   </div>
   <div class='ocr_carea' id='block_1_68' title="bbox 242 3768 1848 3846">
    <p class='ocr_par' dir='ltr' id='par_1_68' title="bbox 242 3768 1848 3846">
     <span class='ocr_line' id='line_1_68' title="bbox 242 3768 1848 3846; baseline 0.004 -23"><span class='ocrx_word' id='word_1_483' title='bbox 242 3769 414 3840; x_wconf 87' lang='lat' dir='ltr'><strong>scopi,</strong></span> <span class='ocrx_word' id='word_1_484' title='bbox 432 3768 529 3825; x_wconf 90' lang='lat' dir='ltr'><strong>sed</strong></span> <span class='ocrx_word' id='word_1_485' title='bbox 553 3778 609 3825; x_wconf 90' lang='lat' dir='ltr'><strong>et</strong></span> <span class='ocrx_word' id='word_1_486' title='bbox 633 3770 808 3827; x_wconf 88' lang='lat' dir='ltr'><strong>Italia</strong></span> <span class='ocrx_word' id='word_1_487' title='bbox 831 3772 1072 3844; x_wconf 88' lang='lat' dir='ltr'><strong>plerique</strong></span> <span class='ocrx_word' id='word_1_488' title='bbox 1100 3781 1375 3829; x_wconf 89' lang='lat' dir='ltr'><strong>conventu</strong></span> <span class='ocrx_word' id='word_1_489' title='bbox 1410 3773 1591 3845; x_wconf 87' lang='lat' dir='ltr'><strong>Papia</strong></span> <span class='ocrx_word' id='word_1_490' title='bbox 1612 3774 1848 3846; x_wconf 89' lang='lat' dir='ltr'><strong>impera-</strong></span> 
     </span>
    </p>
   </div>
   <div class='ocr_carea' id='block_1_69' title="bbox 246 3862 1230 3937">
    <p class='ocr_par' dir='ltr' id='par_1_69' title="bbox 246 3862 1230 3937">
     <span class='ocr_line' id='line_1_69' title="bbox 246 3862 1230 3937; baseline 0.004 -22"><span class='ocrx_word' id='word_1_491' title='bbox 246 3862 377 3916; x_wconf 89' lang='lat' dir='ltr'><strong>toris</strong></span> <span class='ocrx_word' id='word_1_492' title='bbox 408 3862 570 3933; x_wconf 88' lang='lat' dir='ltr'><strong>jussu</strong></span> <span class='ocrx_word' id='word_1_493' title='bbox 598 3863 807 3932; x_wconf 87' lang='lat' dir='ltr'><strong>habito,</strong></span> <span class='ocrx_word' id='word_1_494' title='bbox 836 3865 1230 3937; x_wconf 88' lang='lat' dir='ltr'><strong>subscripsere.</strong></span> 
     </span>
    </p>
   </div>
   <div class='ocr_carea' id='block_1_70' title="bbox 317 3957 1851 4030">
    <p class='ocr_par' dir='ltr' id='par_1_70' title="bbox 317 3957 1851 4030">
     <span class='ocr_line' id='line_1_70' title="bbox 317 3957 1851 4030; baseline 0.005 -21"><span class='ocrx_word' id='word_1_495' title='bbox 317 3957 441 4023; x_wconf 86' lang='lat' dir='ltr'><strong>Quo</strong></span> <span class='ocrx_word' id='word_1_496' title='bbox 486 3957 555 4010; x_wconf 88' lang='lat' dir='ltr'><strong>ad</strong></span> <span class='ocrx_word' id='word_1_497' title='bbox 604 3957 938 4029; x_wconf 89' lang='lat' dir='ltr'><strong>Gregorium</strong></span> <span class='ocrx_word' id='word_1_498' title='bbox 986 3975 1184 4030; x_wconf 88' lang='lat' dir='ltr'><strong>papam</strong></span> <span class='ocrx_word' id='word_1_499' title='bbox 1216 3959 1468 4015; x_wconf 88' lang='lat' dir='ltr'><strong>Laterani</strong></span> <span class='ocrx_word' id='word_1_500' title='bbox 1508 3959 1563 4014; x_wconf 90' lang='lat' dir='ltr'><strong>in</strong></span> <span class='ocrx_word' id='word_1_501' title='bbox 1620 3960 1851 4016; x_wconf 92' lang='lat' dir='ltr'><strong>concilio</strong></span> 
     </span>
    </p>
   </div>
   <div class='ocr_carea' id='block_1_71' title="bbox 244 4049 1851 4120">
    <p class='ocr_par' dir='ltr' id='par_1_71' title="bbox 244 4049 1851 4120">
     <span class='ocr_line' id='line_1_71' title="bbox 244 4049 1851 4120; baseline 0.004 -17"><span class='ocrx_word' id='word_1_502' title='bbox 244 4049 703 4120; x_wconf 86' lang='lat' dir='ltr'><strong>quadragesimali</strong></span> <span class='ocrx_word' id='word_1_503' title='bbox 744 4051 813 4106; x_wconf 89' lang='lat' dir='ltr'><strong>ab</strong></span> <span class='ocrx_word' id='word_1_504' title='bbox 860 4067 919 4107; x_wconf 90' lang='lat' dir='ltr'><strong>se</strong></span> <span class='ocrx_word' id='word_1_505' title='bbox 970 4061 1163 4109; x_wconf 89' lang='lat' dir='ltr'><strong>coacto</strong></span> <span class='ocrx_word' id='word_1_506' title='bbox 1224 4061 1337 4108; x_wconf 91' lang='lat' dir='ltr'><strong>tam</strong></span> <span class='ocrx_word' id='word_1_507' title='bbox 1396 4053 1577 4109; x_wconf 91' lang='lat' dir='ltr'><strong>hostili</strong></span> <span class='ocrx_word' id='word_1_508' title='bbox 1630 4053 1851 4110; x_wconf 91' lang='lat' dir='ltr'><strong>decreto</strong></span> 
     </span>
    </p>
   </div>
   <div class='ocr_carea' id='block_1_72' title="bbox 245 4142 1851 4217">
    <p class='ocr_par' dir='ltr' id='par_1_72' title="bbox 245 4142 1851 4217">
     <span class='ocr_line' id='line_1_72' title="bbox 245 4142 1851 4217; baseline 0.004 -20"><span class='ocrx_word' id='word_1_509' title='bbox 245 4143 480 4212; x_wconf 86' lang='lat' dir='ltr'><strong>perlato,</strong></span> <span class='ocrx_word' id='word_1_510' title='bbox 522 4142 762 4213; x_wconf 79' lang='lat' dir='ltr'><strong>pontifex</strong></span> <span class='ocrx_word' id='word_1_511' title='bbox 813 4146 1004 4200; x_wconf 91' lang='lat' dir='ltr'><strong>statim</strong></span> <span class='ocrx_word' id='word_1_512' title='bbox 1055 4146 1232 4202; x_wconf 87' lang='lat' dir='ltr'><strong>nullas</strong></span> <span class='ocrx_word' id='word_1_513' title='bbox 1270 4146 1689 4217; x_wconf 89' lang='lat' dir='ltr'><strong>interponendas</strong></span> <span class='ocrx_word' id='word_1_514' title='bbox 1734 4162 1851 4203; x_wconf 86' lang='lat' dir='ltr'><strong>esse</strong></span> 
     </span>
    </p>
   </div>
   <div class='ocr_carea' id='block_1_73' title="bbox 247 4238 1849 4311">
    <p class='ocr_par' dir='ltr' id='par_1_73' title="bbox 247 4238 1849 4311">
     <span class='ocr_line' id='line_1_73' title="bbox 247 4238 1849 4311; baseline 0.003 -21"><span class='ocrx_word' id='word_1_515' title='bbox 247 4252 435 4291; x_wconf 87' lang='lat' dir='ltr'><strong>moras</strong></span> <span class='ocrx_word' id='word_1_516' title='bbox 463 4244 640 4303; x_wconf 85' lang='lat' dir='ltr'><strong>ratus,</strong></span> <span class='ocrx_word' id='word_1_517' title='bbox 672 4254 734 4293; x_wconf 88' lang='lat' dir='ltr'><strong>ex</strong></span> <span class='ocrx_word' id='word_1_518' title='bbox 776 4238 1029 4295; x_wconf 89' lang='lat' dir='ltr'><strong>omnium</strong></span> <span class='ocrx_word' id='word_1_519' title='bbox 1059 4239 1445 4311; x_wconf 90' lang='lat' dir='ltr'><strong>episcoporum</strong></span> <span class='ocrx_word' id='word_1_520' title='bbox 1478 4248 1533 4295; x_wconf 91' lang='lat' dir='ltr'><strong>et</strong></span> <span class='ocrx_word' id='word_1_521' title='bbox 1556 4239 1849 4308; x_wconf 90' lang='lat' dir='ltr'><strong>abbatum,</strong></span> 
     </span>
    </p>
   </div>
   <div class='ocr_carea' id='block_1_74' title="bbox 244 4329 1853 4404">
    <p class='ocr_par' dir='ltr' id='par_1_74' title="bbox 244 4329 1853 4404">
     <span class='ocr_line' id='line_1_74' title="bbox 244 4329 1853 4404; baseline 0.002 -20"><span class='ocrx_word' id='word_1_522' title='bbox 244 4330 335 4401; x_wconf 84' lang='lat' dir='ltr'><strong>qui</strong></span> <span class='ocrx_word' id='word_1_523' title='bbox 366 4331 425 4384; x_wconf 89' lang='lat' dir='ltr'><strong>in</strong></span> <span class='ocrx_word' id='word_1_524' title='bbox 450 4329 671 4401; x_wconf 87' lang='lat' dir='ltr'><strong>synodo</strong></span> <span class='ocrx_word' id='word_1_525' title='bbox 710 4332 965 4401; x_wconf 90' lang='lat' dir='ltr'><strong>aderant,</strong></span> <span class='ocrx_word' id='word_1_526' title='bbox 1001 4334 1269 4389; x_wconf 88' lang='lat' dir='ltr'><strong>sententia</strong></span> <span class='ocrx_word' id='word_1_527' title='bbox 1289 4376 1303 4402; x_wconf 96' lang='lat'><strong>,</strong></span> <span class='ocrx_word' id='word_1_528' title='bbox 1346 4333 1768 4404; x_wconf 88' lang='lat' dir='ltr'><strong>imperatorem,</strong></span> <span class='ocrx_word' id='word_1_529' title='bbox 1797 4342 1853 4389; x_wconf 91' lang='lat' dir='ltr'><strong>et</strong></span> 
     </span>
    </p>
   </div>
   <div class='ocr_carea' id='block_1_75' title="bbox 245 4423 1848 4499">
    <p class='ocr_par' dir='ltr' id='par_1_75' title="bbox 245 4423 1848 4499">
     <span class='ocr_line' id='line_1_75' title="bbox 245 4423 1848 4499; baseline 0.002 -22"><span class='ocrx_word' id='word_1_530' title='bbox 245 4438 443 4478; x_wconf 82' lang='lat' dir='ltr'><strong>omnes</strong></span> <span class='ocrx_word' id='word_1_531' title='bbox 466 4424 585 4493; x_wconf 83' lang='lat' dir='ltr'><strong>ejus</strong></span> <span class='ocrx_word' id='word_1_532' title='bbox 608 4423 848 4481; x_wconf 85' lang='lat' dir='ltr'><strong>fautores</strong></span> <span class='ocrx_word' id='word_1_533' title='bbox 873 4434 929 4481; x_wconf 91' lang='lat' dir='ltr'><strong>et</strong></span> <span class='ocrx_word' id='word_1_534' title='bbox 964 4426 1308 4482; x_wconf 87' lang='lat' dir='ltr'><strong>adharentes</strong></span> <span class='ocrx_word' id='word_1_535' title='bbox 1324 4468 1338 4493; x_wconf 91' lang='lat'><strong>,</strong></span> <span class='ocrx_word' id='word_1_536' title='bbox 1363 4427 1684 4499; x_wconf 91' lang='lat' dir='ltr'><strong>gravissimo</strong></span> <span class='ocrx_word' id='word_1_537' title='bbox 1714 4443 1848 4482; x_wconf 89' lang='lat' dir='ltr'><strong>ana—</strong></span> 
     </span>
    </p>
   </div>
   <div class='ocr_carea' id='block_1_76' title="bbox 243 4516 1847 4591">
    <p class='ocr_par' dir='ltr' id='par_1_76' title="bbox 243 4516 1847 4591">
     <span class='ocr_line' id='line_1_76' title="bbox 243 4516 1847 4591; baseline 0.003 -20"><span class='ocrx_word' id='word_1_538' title='bbox 243 4516 499 4572; x_wconf 87' lang='lat' dir='ltr'><strong>themate</strong></span> <span class='ocrx_word' id='word_1_539' title='bbox 528 4525 812 4582; x_wconf 87' lang='lat' dir='ltr'><strong>notatum,</strong></span> <span class='ocrx_word' id='word_1_540' title='bbox 842 4519 1076 4590; x_wconf 91' lang='lat' dir='ltr'><strong>imperio</strong></span> <span class='ocrx_word' id='word_1_541' title='bbox 1114 4520 1367 4591; x_wconf 89' lang='lat' dir='ltr'><strong>privavit,</strong></span> <span class='ocrx_word' id='word_1_542' title='bbox 1397 4536 1692 4591; x_wconf 90' lang='lat' dir='ltr'><strong>omnesque</strong></span> <span class='ocrx_word' id='word_1_543' title='bbox 1721 4520 1847 4576; x_wconf 75' lang='lat' dir='ltr'><strong>sub~</strong></span> 
     </span>
    </p>
   </div>
   <div class='ocr_carea' id='block_1_77' title="bbox 242 4608 1633 4683">
    <p class='ocr_par' dir='ltr' id='par_1_77' title="bbox 242 4608 1633 4683">
     <span class='ocr_line' id='line_1_77' title="bbox 242 4608 1633 4683; baseline 0.001 -18"><span class='ocrx_word' id='word_1_544' title='bbox 242 4608 390 4666; x_wconf 87' lang='lat' dir='ltr'><strong>ditos</strong></span> <span class='ocrx_word' id='word_1_545' title='bbox 421 4609 495 4666; x_wconf 89' lang='lat' dir='ltr'><strong>ad</strong></span> <span class='ocrx_word' id='word_1_546' title='bbox 521 4611 678 4666; x_wconf 91' lang='lat' dir='ltr'><strong>omni</strong></span> <span class='ocrx_word' id='word_1_547' title='bbox 706 4612 756 4667; x_wconf 91' lang='lat' dir='ltr'><strong>ei</strong></span> <span class='ocrx_word' id='word_1_548' title='bbox 779 4613 1018 4683; x_wconf 85' lang='lat' dir='ltr'><strong>prastito</strong></span> <span class='ocrx_word' id='word_1_549' title='bbox 1042 4614 1356 4683; x_wconf 88' lang='lat' dir='ltr'><strong>juramento</strong></span> <span class='ocrx_word' id='word_1_550' title='bbox 1382 4613 1633 4669; x_wconf 91' lang='lat' dir='ltr'><strong>absolvit.</strong></span> 
     </span>
    </p>
   </div>
   <div class='ocr_carea' id='block_1_78' title="bbox 315 4704 1854 4776">
    <p class='ocr_par' dir='ltr' id='par_1_78' title="bbox 315 4704 1854 4776">
     <span class='ocr_line' id='line_1_78' title="bbox 315 4704 1854 4776; baseline 0.002 -18"><span class='ocrx_word' id='word_1_551' title='bbox 315 4705 493 4776; x_wconf 88' lang='lat' dir='ltr'><strong>Cujus</strong></span> <span class='ocrx_word' id='word_1_552' title='bbox 525 4704 605 4759; x_wconf 91' lang='lat' dir='ltr'><strong>rei</strong></span> <span class='ocrx_word' id='word_1_553' title='bbox 635 4707 938 4774; x_wconf 85' lang='lat' dir='ltr'><strong>occasione,</strong></span> <span class='ocrx_word' id='word_1_554' title='bbox 970 4722 1096 4761; x_wconf 90' lang='lat' dir='ltr'><strong>cum</strong></span> <span class='ocrx_word' id='word_1_555' title='bbox 1127 4706 1359 4763; x_wconf 88' lang='lat' dir='ltr'><strong>universi</strong></span> <span class='ocrx_word' id='word_1_556' title='bbox 1389 4706 1501 4763; x_wconf 87' lang='lat' dir='ltr'><strong>fere</strong></span> <span class='ocrx_word' id='word_1_557' title='bbox 1540 4706 1854 4763; x_wconf 85' lang='lat' dir='ltr'><strong>Germania</strong></span> 
     </span>
    </p>
   </div>
   <div class='ocr_carea' id='block_1_79' title="bbox 242 4798 1855 4872">
    <p class='ocr_par' dir='ltr' id='par_1_79' title="bbox 242 4798 1855 4872">
     <span class='ocr_line' id='line_1_79' title="bbox 242 4798 1855 4872; baseline 0.001 -19"><span class='ocrx_word' id='word_1_558' title='bbox 242 4799 544 4854; x_wconf 80' lang='lat' dir='ltr'><strong>saculares</strong></span> <span class='ocrx_word' id='word_1_559' title='bbox 578 4798 849 4871; x_wconf 85' lang='lat' dir='ltr'><strong>principes</strong></span> <span class='ocrx_word' id='word_1_560' title='bbox 891 4799 962 4856; x_wconf 91' lang='lat' dir='ltr'><strong>ab</strong></span> <span class='ocrx_word' id='word_1_561' title='bbox 1005 4816 1071 4856; x_wconf 90' lang='lat' dir='ltr'><strong>eo</strong></span> <span class='ocrx_word' id='word_1_562' title='bbox 1108 4799 1440 4857; x_wconf 84' lang='lat' dir='ltr'><strong>defecissent</strong></span> <span class='ocrx_word' id='word_1_563' title='bbox 1482 4800 1661 4872; x_wconf 83' lang='grc'>(247),</span> <span class='ocrx_word' id='word_1_564' title='bbox 1687 4800 1855 4857; x_wconf 91' lang='lat' dir='ltr'><strong>alium</strong></span> 
     </span>
    </p>
   </div>
   <div class='ocr_carea' id='block_1_80' title="bbox 246 4890 1857 4963">
    <p class='ocr_par' dir='ltr' id='par_1_80' title="bbox 246 4890 1857 4963">
     <span class='ocr_line' id='line_1_80' title="bbox 246 4890 1857 4963; baseline 0.002 -18"><span class='ocrx_word' id='word_1_565' title='bbox 246 4890 648 4963; x_wconf 82' lang='lat' dir='ltr'><strong>imperatorem</strong></span> <span class='ocrx_word' id='word_1_566' title='bbox 671 4907 855 4949; x_wconf 89' lang='lat' dir='ltr'><strong>creare</strong></span> <span class='ocrx_word' id='word_1_567' title='bbox 879 4894 1302 4960; x_wconf 87' lang='lat' dir='ltr'><strong>constituerunt,</strong></span> <span class='ocrx_word' id='word_1_568' title='bbox 1346 4894 1450 4949; x_wconf 85' lang='lat' dir='ltr'><strong>nisi</strong></span> <span class='ocrx_word' id='word_1_569' title='bbox 1490 4895 1674 4951; x_wconf 86' lang='lat' dir='ltr'><strong>Casar</strong></span> <span class='ocrx_word' id='word_1_570' title='bbox 1710 4896 1857 4949; x_wconf 79' lang='lat' dir='ltr'><strong>Hen-</strong></span> 
     </span>
    </p>
   </div>
   <div class='ocr_carea' id='block_1_81' title="bbox 246 4983 1854 5059">
    <p class='ocr_par' dir='ltr' id='par_1_81' title="bbox 246 4983 1854 5059">
     <span class='ocr_line' id='line_1_81' title="bbox 246 4983 1854 5059; baseline 0.002 -21"><span class='ocrx_word' id='word_1_571' title='bbox 246 4983 396 5040; x_wconf 84' lang='lat' dir='ltr'><strong>ricus</strong></span> <span class='ocrx_word' id='word_1_572' title='bbox 442 4992 576 5039; x_wconf 89' lang='lat' dir='ltr'><strong>ante</strong></span> <span class='ocrx_word' id='word_1_573' title='bbox 607 4985 733 5041; x_wconf 88' lang='lat' dir='ltr'><strong>anni</strong></span> <span class='ocrx_word' id='word_1_574' title='bbox 768 4993 988 5058; x_wconf 89' lang='lat' dir='ltr'><strong>tempus</strong></span> <span class='ocrx_word' id='word_1_575' title='bbox 1017 4987 1585 5044; x_wconf 83' lang='lat' dir='ltr'><strong>excommunicatione</strong></span> <span class='ocrx_word' id='word_1_576' title='bbox 1620 5004 1651 5042; x_wconf 89' lang='lat' dir='ltr'><strong>a</strong></span> <span class='ocrx_word' id='word_1_577' title='bbox 1678 4986 1854 5059; x_wconf 89' lang='lat' dir='ltr'><strong>ponti-</strong></span> 
     </span>
    </p>
   </div>
   <div class='ocr_carea' id='block_1_82' title="bbox 247 5077 1857 5153">
    <p class='ocr_par' dir='ltr' id='par_1_82' title="bbox 247 5077 1857 5153">
     <span class='ocr_line' id='line_1_82' title="bbox 247 5077 1857 5153; baseline 0.002 -22"><span class='ocrx_word' id='word_1_578' title='bbox 247 5077 351 5133; x_wconf 86' lang='lat' dir='ltr'><strong>ﬁce</strong></span> <span class='ocrx_word' id='word_1_579' title='bbox 378 5079 688 5134; x_wconf 80' lang='lat' dir='ltr'><strong>solveretur</strong></span> <span class='ocrx_word' id='word_1_580' title='bbox 729 5096 742 5132; x_wconf 93' lang='lat'>:</span> <span class='ocrx_word' id='word_1_581' title='bbox 779 5095 947 5151; x_wconf 88' lang='lat' dir='ltr'><strong>quem</strong></span> <span class='ocrx_word' id='word_1_582' title='bbox 978 5097 1073 5153; x_wconf 87' lang='lat' dir='ltr'><strong>per</strong></span> <span class='ocrx_word' id='word_1_583' title='bbox 1098 5082 1323 5137; x_wconf 90' lang='lat' dir='ltr'><strong>nuntios</strong></span> <span class='ocrx_word' id='word_1_584' title='bbox 1350 5096 1479 5137; x_wconf 85' lang='lat' dir='ltr'><strong>suos</strong></span> <span class='ocrx_word' id='word_1_585' title='bbox 1512 5080 1650 5136; x_wconf 89' lang='lat' dir='ltr'><strong>clam</strong></span> <span class='ocrx_word' id='word_1_586' title='bbox 1669 5080 1857 5150; x_wconf 89' lang='lat' dir='ltr'><strong>depre-</strong></span> 
     </span>
    </p>
   </div>
   <div class='ocr_carea' id='block_1_83' title="bbox 246 5169 1858 5246">
    <p class='ocr_par' dir='ltr' id='par_1_83' title="bbox 246 5169 1858 5246">
     <span class='ocr_line' id='line_1_83' title="bbox 246 5169 1858 5246; baseline 0.001 -22"><span class='ocrx_word' id='word_1_587' title='bbox 246 5171 357 5224; x_wconf 85' lang='lat' dir='ltr'><strong>cati</strong></span> <span class='ocrx_word' id='word_1_588' title='bbox 398 5169 649 5239; x_wconf 79' lang='lat' dir='ltr'><strong>l‘uerunt,</strong></span> <span class='ocrx_word' id='word_1_589' title='bbox 680 5187 748 5228; x_wconf 90' lang='lat' dir='ltr'><strong>ne</strong></span> <span class='ocrx_word' id='word_1_590' title='bbox 791 5188 854 5228; x_wconf 90' lang='lat' dir='ltr'><strong>ea</strong></span> <span class='ocrx_word' id='word_1_591' title='bbox 897 5173 1282 5246; x_wconf 69' lang='lat' dir='ltr'><strong>inperatorem</strong></span> <span class='ocrx_word' id='word_1_592' title='bbox 1318 5174 1647 5231; x_wconf 84' lang='lat' dir='ltr'><strong>exsolveret.</strong></span> <span class='ocrx_word' id='word_1_593' title='bbox 1676 5174 1858 5229; x_wconf 89' lang='lat' dir='ltr'><strong>Casar</strong></span> 
     </span>
    </p>
   </div>
   <div class='ocr_carea' id='block_1_84' title="bbox 329 5325 1243 5396">
    <p class='ocr_par' dir='ltr' id='par_1_84' title="bbox 329 5325 1243 5396">
     <span class='ocr_line' id='line_1_84' title="bbox 329 5325 1243 5396; baseline 0.009 -18"><span class='ocrx_word' id='word_1_594' title='bbox 329 5326 479 5396; x_wconf 85' lang='lat'>(243)</span> <span class='ocrx_word' id='word_1_595' title='bbox 508 5325 729 5396; x_wconf 90' lang='lat' dir='ltr'><strong>Cincio;</strong></span> <span class='ocrx_word' id='word_1_596' title='bbox 761 5330 890 5384; x_wconf 91' lang='lat' dir='ltr'><strong>Bar.</strong></span> <span class='ocrx_word' id='word_1_597' title='bbox 918 5345 1063 5385; x_wconf 90' lang='lat' dir='ltr'><strong>anno</strong></span> <span class='ocrx_word' id='word_1_598' title='bbox 1088 5336 1243 5387; x_wconf 83' lang='lat'><strong>1075.</strong></span> 
     </span>
    </p>
   </div>
   <div class='ocr_carea' id='block_1_85' title="bbox 349 5403 673 5452">
    <p class='ocr_par' dir='ltr' id='par_1_85' title="bbox 349 5403 673 5452">
     <span class='ocr_line' id='line_1_85' title="bbox 349 5403 673 5452; baseline 0.006 -2"><span class='ocrx_word' id='word_1_599' title='bbox 349 5403 479 5452; x_wconf 79' lang='lat'>244)</span> <span class='ocrx_word' id='word_1_600' title='bbox 516 5404 673 5452; x_wconf 80' lang='grc'><strong>1076.</strong></span> 
     </span>
    </p>
   </div>
   <div class='ocr_carea' id='block_1_86' title="bbox 325 5400 1712 5539">
    <p class='ocr_par' dir='ltr' id='par_1_86' title="bbox 325 5400 1712 5539">
     <span class='ocr_line' id='line_1_86' title="bbox 325 5400 1712 5539; baseline 0.004 -18"><span class='ocrx_word' id='word_1_601' title='bbox 514 5404 801 5536; x_wconf 45' lang='grc' dir='ltr'><strong>ᾂὲἷίϐἶὰρο,</strong></span> <span class='ocrx_word' id='word_1_602' title='bbox 831 5481 893 5525; x_wconf 91' lang='lat' dir='ltr'><strong>ut</strong></span> <span class='ocrx_word' id='word_1_603' title='bbox 929 5472 1141 5526; x_wconf 78' lang='lat' dir='ltr'><strong>vexatio</strong></span> <span class='ocrx_word' id='word_1_604' title='bbox 1168 5471 1322 5527; x_wconf 90' lang='lat' dir='ltr'><strong>daret</strong></span> <span class='ocrx_word' id='word_1_605' title='bbox 1355 5470 1712 5527; x_wconf 90' lang='lat' dir='ltr'><strong>intellectum.</strong></span> 
     </span>
    </p>
   </div>
   <div class='ocr_carea' id='block_1_87' title="bbox 325 5541 1858 5609">
    <p class='ocr_par' dir='ltr' id='par_1_87' title="bbox 325 5541 1858 5609">
     <span class='ocr_line' id='line_1_87' title="bbox 325 5541 1858 5609; baseline 0.004 -17"><span class='ocrx_word' id='word_1_606' title='bbox 325 5541 478 5609; x_wconf 87' lang='lat'>(246)</span> <span class='ocrx_word' id='word_1_607' title='bbox 504 5541 870 5597; x_wconf 86' lang='lat' dir='ltr'><strong>Consenserat</strong></span> <span class='ocrx_word' id='word_1_608' title='bbox 900 5543 1197 5609; x_wconf 80' lang='lat' dir='ltr'><strong>Henricus,</strong></span> <span class='ocrx_word' id='word_1_609' title='bbox 1227 5543 1319 5599; x_wconf 92' lang='lat' dir='ltr'><strong>sed</strong></span> <span class='ocrx_word' id='word_1_610' title='bbox 1353 5552 1547 5598; x_wconf 90' lang='lat' dir='ltr'><strong>uterat</strong></span> <span class='ocrx_word' id='word_1_611' title='bbox 1570 5542 1858 5599; x_wconf 89' lang='lat' dir='ltr'><strong>variabilis.</strong></span> 
     </span>
    </p>
   </div>
   <div class='ocr_carea' id='block_1_88' title="bbox 248 5615 1441 5683">
    <p class='ocr_par' dir='ltr' id='par_1_88' title="bbox 248 5615 1441 5683">
     <span class='ocr_line' id='line_1_88' title="bbox 248 5615 1441 5683; baseline 0.003 -18"><span class='ocrx_word' id='word_1_612' title='bbox 248 5625 596 5666; x_wconf 80' lang='lat' dir='ltr'><strong>consensum</strong></span> <span class='ocrx_word' id='word_1_613' title='bbox 632 5622 813 5683; x_wconf 89' lang='lat' dir='ltr'><strong>postea</strong></span> <span class='ocrx_word' id='word_1_614' title='bbox 846 5615 902 5668; x_wconf 92' lang='lat' dir='ltr'><strong>in</strong></span> <span class='ocrx_word' id='word_1_615' title='bbox 926 5615 1231 5671; x_wconf 88' lang='lat' dir='ltr'><strong>dissensum</strong></span> <span class='ocrx_word' id='word_1_616' title='bbox 1257 5616 1441 5670; x_wconf 89' lang='lat' dir='ltr'><strong>vertit.</strong></span> 
     </span>
    </p>
   </div>
   <div class='ocr_carea' id='block_1_89' title="bbox 326 5682 1858 5757">
    <p class='ocr_par' dir='ltr' id='par_1_89' title="bbox 326 5682 1858 5757">
     <span class='ocr_line' id='line_1_89' title="bbox 326 5682 1858 5757; baseline 0.002 -21"><span class='ocrx_word' id='word_1_617' title='bbox 326 5682 477 5757; x_wconf 74' lang='lat'>(247)</span> <span class='ocrx_word' id='word_1_618' title='bbox 518 5682 643 5738; x_wconf 86' lang='lat' dir='ltr'><strong>Imo</strong></span> <span class='ocrx_word' id='word_1_619' title='bbox 688 5693 743 5739; x_wconf 93' lang='lat' dir='ltr'><strong>et</strong></span> <span class='ocrx_word' id='word_1_620' title='bbox 788 5686 1193 5757; x_wconf 9' lang='lat' dir='ltr'><strong>episcopi,rqui</strong></span> <span class='ocrx_word' id='word_1_621' title='bbox 1239 5682 1463 5757; x_wconf 59' lang='lat' dir='ltr'><strong>deﬁeto</strong></span> <span class='ocrx_word' id='word_1_622' title='bbox 1510 5685 1858 5742; x_wconf 87' lang='lat' dir='ltr'><strong>eoneiliabuli</strong></span> 
     </span>
    </p>
   </div>
   <div class='ocr_carea' id='block_1_90' title="bbox 250 5753 1299 5835">
    <p class='ocr_par' dir='ltr' id='par_1_90' title="bbox 250 5753 1299 5835">
     <span class='ocr_line' id='line_1_90' title="bbox 250 5753 1299 5835; baseline 0.002 -25"><span class='ocrx_word' id='word_1_623' title='bbox 250 5753 898 5835; x_wconf 27' lang='lat' dir='ltr'><strong>glbscripserantﬁ,“teste</strong></span> <span class='ocrx_word' id='word_1_624' title='bbox 947 5753 1252 5830; x_wconf 29' lang='lat' dir='ltr'><strong>S’igebérto,</strong></span> <span class='ocrx_word' id='word_1_625' title='bbox 1288 5759 1299 5825; x_wconf 74' lang='grc' dir='ltr'><strong><em>τ</em></strong></span> 
     </span>
    </p>
   </div>
   <div class='ocr_carea' id='block_1_91' title="bbox 248 5831 776 5893">
    <p class='ocr_par' dir='ltr' id='par_1_91' title="bbox 248 5831 776 5893">
     <span class='ocr_line' id='line_1_91' title="bbox 248 5831 776 5893; baseline 0.004 -14"><span class='ocrx_word' id='word_1_626' title='bbox 248 5831 387 5893; x_wconf 87' lang='lat' dir='ltr'><strong>tico,</strong></span> <span class='ocrx_word' id='word_1_627' title='bbox 418 5840 577 5882; x_wconf 89' lang='lat' dir='ltr'><strong>anno</strong></span> <span class='ocrx_word' id='word_1_628' title='bbox 618 5831 776 5881; x_wconf 88' lang='lat'><strong>1077.</strong></span> 
     </span>
    </p>
   </div>
   <div class='ocr_carea' id='block_1_92' title="bbox 552 5917 1075 5973">
    <p class='ocr_par' dir='ltr' id='par_1_92' title="bbox 552 5917 1075 5973">
     <span class='ocr_line' id='line_1_92' title="bbox 552 5917 1075 5973; baseline 0.008 -4"><span class='ocrx_word' id='word_1_629' title='bbox 552 5917 784 5972; x_wconf 55' lang='lat' dir='ltr'><strong>Parnm“</strong></span> <span class='ocrx_word' id='word_1_630' title='bbox 821 5917 1075 5973; x_wconf 80' lang='lat' dir='ltr'><strong>CXLVIII.</strong></span> 
     </span>
    </p>
   </div>
   <div class='ocr_carea' id='block_1_93' title="bbox 1238 6016 1281 6051">
    <p class='ocr_par' dir='ltr' id='par_1_93' title="bbox 1238 6016 1281 6051">
     <span class='ocr_line' id='line_1_93' title="bbox 1238 6016 1281 6051; baseline 0 0"><span class='ocrx_word' id='word_1_631' title='bbox 1238 6016 1281 6051; x_wconf 55' lang='grc' dir='ltr'><em>φ</em></span> 
     </span>
    </p>
   </div>
   <div class='ocr_carea' id='block_1_94' title="bbox 1379 5758 1863 5814">
    <p class='ocr_par' dir='ltr' id='par_1_94' title="bbox 1379 5758 1863 5814">
     <span class='ocr_line' id='line_1_94' title="bbox 1379 5758 1863 5814; baseline 0 -2"><span class='ocrx_word' id='word_1_632' title='bbox 1379 5759 1549 5814; x_wconf 86' lang='lat' dir='ltr'><strong>amvis</strong></span> <span class='ocrx_word' id='word_1_633' title='bbox 1591 5758 1863 5813; x_wconf 86' lang='lat' dir='ltr'><strong>schisma-</strong></span> 
     </span>
    </p>
   </div>
   <div class='ocr_carea' id='block_1_95' title="bbox 2036 3294 3551 3369">
    <p class='ocr_par' dir='ltr' id='par_1_95' title="bbox 2036 3294 3551 3369">
     <span class='ocr_line' id='line_1_95' title="bbox 2036 3294 3551 3369; baseline -0.01 -7"><span class='ocrx_word' id='word_1_634' title='bbox 2036 3314 2196 3363; x_wconf 85' lang='lat' dir='ltr'><strong>Auno</strong></span> <span class='ocrx_word' id='word_1_635' title='bbox 2222 3321 2349 3359; x_wconf 86' lang='lat' dir='ltr'><strong>vero</strong></span> <span class='ocrx_word' id='word_1_636' title='bbox 2380 3309 2516 3359; x_wconf 78' lang='lat'><strong>1080</strong></span> <span class='ocrx_word' id='word_1_637' title='bbox 2547 3304 2717 3369; x_wconf 83' lang='lat'>(249).</span> <span class='ocrx_word' id='word_1_638' title='bbox 2752 3299 3113 3355; x_wconf 84' lang='lat' dir='ltr'><strong>Pontiﬁcatus</strong></span> <span class='ocrx_word' id='word_1_639' title='bbox 3148 3294 3395 3366; x_wconf 88' lang='lat' dir='ltr'><strong>Gregorii</strong></span> <span class='ocrx_word' id='word_1_640' title='bbox 3426 3295 3551 3348; x_wconf 87' lang='lat' dir='ltr'><strong>VII.</strong></span> 
     </span>
    </p>
   </div>
   <div class='ocr_carea' id='block_1_96' title="bbox 1962 3388 3555 3467">
    <p class='ocr_par' dir='ltr' id='par_1_96' title="bbox 1962 3388 3555 3467">
     <span class='ocr_line' id='line_1_96' title="bbox 1962 3388 3555 3467; baseline -0.01 -10"><span class='ocrx_word' id='word_1_641' title='bbox 1962 3399 2243 3467; x_wconf 80' lang='lat' dir='ltr'><strong>Pontifex,</strong></span> <span class='ocrx_word' id='word_1_642' title='bbox 2282 3395 2534 3453; x_wconf 87' lang='lat' dir='ltr'><strong>Laterani</strong></span> <span class='ocrx_word' id='word_1_643' title='bbox 2568 3393 2795 3449; x_wconf 88' lang='lat' dir='ltr'><strong>concilio</strong></span> <span class='ocrx_word' id='word_1_644' title='bbox 2826 3391 3125 3446; x_wconf 92' lang='lat' dir='ltr'><strong>multorum</strong></span> <span class='ocrx_word' id='word_1_645' title='bbox 3173 3388 3555 3459; x_wconf 84' lang='lat' dir='ltr'><strong>episcOporum</strong></span> 
     </span>
    </p>
   </div>
   <div class='ocr_carea' id='block_1_97' title="bbox 1962 3480 3553 3559">
    <p class='ocr_par' dir='ltr' id='par_1_97' title="bbox 1962 3480 3553 3559">
     <span class='ocr_line' id='line_1_97' title="bbox 1962 3480 3553 3559; baseline -0.009 -10"><span class='ocrx_word' id='word_1_646' title='bbox 1962 3504 2017 3550; x_wconf 91' lang='lat' dir='ltr'><strong>et</strong></span> <span class='ocrx_word' id='word_1_647' title='bbox 2065 3494 2322 3549; x_wconf 90' lang='lat' dir='ltr'><strong>abbatum</strong></span> <span class='ocrx_word' id='word_1_648' title='bbox 2353 3490 2406 3544; x_wconf 92' lang='lat' dir='ltr'><strong>in</strong></span> <span class='ocrx_word' id='word_1_649' title='bbox 2446 3486 2870 3559; x_wconf 84' lang='lat' dir='ltr'><strong>Quadragesima</strong></span> <span class='ocrx_word' id='word_1_650' title='bbox 2908 3490 3271 3552; x_wconf 88' lang='lat' dir='ltr'><strong>congregato,</strong></span> <span class='ocrx_word' id='word_1_651' title='bbox 3315 3480 3553 3534; x_wconf 86' lang='lat' dir='ltr'><strong>Henrico</strong></span> 
     </span>
    </p>
   </div>
   <div class='ocr_carea' id='block_1_98' title="bbox 1962 3570 3554 3669">
    <p class='ocr_par' dir='ltr' id='par_1_98' title="bbox 1962 3570 3554 3669">
     <span class='ocr_line' id='line_1_98' title="bbox 1962 3570 3554 3669; baseline -0.012 -25"><span class='ocrx_word' id='word_1_652' title='bbox 1962 3603 2086 3659; x_wconf 89' lang='lat' dir='ltr'><strong>rege</strong></span> <span class='ocrx_word' id='word_1_653' title='bbox 2125 3585 2281 3641; x_wconf 90' lang='lat' dir='ltr'><strong>bellis</strong></span> <span class='ocrx_word' id='word_1_654' title='bbox 2323 3580 2661 3639; x_wconf 88' lang='lat' dir='ltr'><strong>Germanicis</strong></span> <span class='ocrx_word' id='word_1_655' title='bbox 2692 3576 2956 3648; x_wconf 87' lang='lat' dir='ltr'><strong>implicito</strong></span> <span class='ocrx_word' id='word_1_656' title='bbox 2977 3616 2992 3642; x_wconf 92' lang='lat'><strong>,</strong></span> <span class='ocrx_word' id='word_1_657' title='bbox 3023 3590 3154 3630; x_wconf 89' lang='lat' dir='ltr'><strong>cum</strong></span> <span class='ocrx_word' id='word_1_658' title='bbox 3184 3573 3365 3644; x_wconf 89' lang='lat' dir='ltr'><strong>ipsum</strong></span> <span class='ocrx_word' id='word_1_659' title='bbox 3384 3570 3554 3669; x_wconf 32' lang='lat' dir='ltr'><strong>(nulla</strong></span> 
     </span>
    </p>
   </div>
   <div class='ocr_carea' id='block_1_99' title="bbox 1961 3674 3555 3737">
    <p class='ocr_par' dir='ltr' id='par_1_99' title="bbox 1961 3674 3555 3737">
     <span class='ocr_line' id='line_1_99' title="bbox 1961 3674 3555 3737; baseline -0.012 0"><span class='ocrx_word' id='word_1_660' title='bbox 1961 3682 2170 3737; x_wconf 90' lang='lat' dir='ltr'><strong>ratione</strong></span> <span class='ocrx_word' id='word_1_661' title='bbox 2227 3695 2292 3734; x_wconf 84' lang='lat' dir='ltr'><strong>ex</strong></span> <span class='ocrx_word' id='word_1_662' title='bbox 2354 3674 2598 3732; x_wconf 89' lang='lat' dir='ltr'><strong>hostium</strong></span> <span class='ocrx_word' id='word_1_663' title='bbox 2636 3674 3045 3729; x_wconf 89' lang='lat' dir='ltr'><strong>Germanorum</strong></span> <span class='ocrx_word' id='word_1_664' title='bbox 3087 3679 3555 3722; x_wconf 89' lang='lat' dir='ltr'><strong>manuevasurum</strong></span> 
     </span>
    </p>
   </div>
   <div class='ocr_carea' id='block_1_100' title="bbox 1960 3756 3555 3845">
    <p class='ocr_par' dir='ltr' id='par_1_100' title="bbox 1960 3756 3555 3845">
     <span class='ocr_line' id='line_1_100' title="bbox 1960 3756 3555 3845; baseline -0.012 -15"><span class='ocrx_word' id='word_1_665' title='bbox 1960 3774 2058 3830; x_wconf 90' lang='lat' dir='ltr'><strong>sibi</strong></span> <span class='ocrx_word' id='word_1_666' title='bbox 2084 3770 2397 3845; x_wconf 87' lang='lat' dir='ltr'><strong>persuaderi</strong></span> <span class='ocrx_word' id='word_1_667' title='bbox 2426 3775 2639 3841; x_wconf 88' lang='lat' dir='ltr'><strong>posset,</strong></span> <span class='ocrx_word' id='word_1_668' title='bbox 2672 3763 2821 3837; x_wconf 90' lang='lat' dir='ltr'><strong>quod</strong></span> <span class='ocrx_word' id='word_1_669' title='bbox 2842 3763 2936 3819; x_wconf 92' lang='lat' dir='ltr'><strong>diu</strong></span> <span class='ocrx_word' id='word_1_670' title='bbox 2960 3771 3088 3817; x_wconf 89' lang='lat' dir='ltr'><strong>ante</strong></span> <span class='ocrx_word' id='word_1_671' title='bbox 3111 3760 3428 3834; x_wconf 88' lang='lat' dir='ltr'><strong>agitaverat,</strong></span> <span class='ocrx_word' id='word_1_672' title='bbox 3452 3756 3555 3813; x_wconf 91' lang='lat' dir='ltr'><strong>ali-</strong></span> 
     </span>
    </p>
   </div>
   <div class='ocr_carea' id='block_1_101' title="bbox 1962 3857 3559 3941">
    <p class='ocr_par' dir='ltr' id='par_1_101' title="bbox 1962 3857 3559 3941">
     <span class='ocr_line' id='line_1_101' title="bbox 1962 3857 3559 3941; baseline -0.012 -17"><span class='ocrx_word' id='word_1_673' title='bbox 1962 3876 2205 3941; x_wconf 89' lang='lat' dir='ltr'><strong>quotque</strong></span> <span class='ocrx_word' id='word_1_674' title='bbox 2246 3862 2480 3929; x_wconf 71' lang='lat' dir='ltr'><strong>decretis</strong></span> <span class='ocrx_word' id='word_1_675' title='bbox 2521 3868 2651 3917; x_wconf 87' lang='lat' dir='ltr'><strong>ante</strong></span> <span class='ocrx_word' id='word_1_676' title='bbox 2697 3857 2901 3914; x_wconf 86' lang='lat' dir='ltr'><strong>sensim</strong></span> <span class='ocrx_word' id='word_1_677' title='bbox 2948 3861 3381 3929; x_wconf 85' lang='lat' dir='ltr'><strong>pranotaverat,</strong></span> <span class='ocrx_word' id='word_1_678' title='bbox 3425 3860 3559 3906; x_wconf 85' lang='lat' dir='ltr'><strong>tunc</strong></span> 
     </span>
    </p>
   </div>
   <div class='ocr_carea' id='block_1_102' title="bbox 1962 3944 3553 4034">
    <p class='ocr_par' dir='ltr' id='par_1_102' title="bbox 1962 3944 3553 4034">
     <span class='ocr_line' id='line_1_102' title="bbox 1962 3944 3553 4034; baseline -0.012 -17"><span class='ocrx_word' id='word_1_679' title='bbox 1962 3960 2205 4034; x_wconf 90' lang='lat' dir='ltr'><strong>primum</strong></span> <span class='ocrx_word' id='word_1_680' title='bbox 2232 3957 2377 4029; x_wconf 85' lang='lat'>(250)</span> <span class='ocrx_word' id='word_1_681' title='bbox 2410 3963 2599 4029; x_wconf 89' lang='lat' dir='ltr'><strong>aperte</strong></span> <span class='ocrx_word' id='word_1_682' title='bbox 2618 3950 2879 4009; x_wconf 88' lang='lat' dir='ltr'><strong>evomuit.</strong></span> <span class='ocrx_word' id='word_1_683' title='bbox 2910 3947 3374 4006; x_wconf 85' lang='lat' dir='ltr'><strong>Constitutionem</strong></span> <span class='ocrx_word' id='word_1_684' title='bbox 3403 3944 3553 3999; x_wconf 92' lang='lat' dir='ltr'><strong>illam</strong></span> 
     </span>
    </p>
   </div>
   <div class='ocr_carea' id='block_1_103' title="bbox 1961 4043 3554 4122">
    <p class='ocr_par' dir='ltr' id='par_1_103' title="bbox 1961 4043 3554 4122">
     <span class='ocr_line' id='line_1_103' title="bbox 1961 4043 3554 4122; baseline -0.012 -11"><span class='ocrx_word' id='word_1_685' title='bbox 1961 4056 2107 4112; x_wconf 90' lang='lat' dir='ltr'><strong>enim</strong></span> <span class='ocrx_word' id='word_1_686' title='bbox 2124 4061 2256 4108; x_wconf 91' lang='lat' dir='ltr'><strong>tunc</strong></span> <span class='ocrx_word' id='word_1_687' title='bbox 2284 4050 2525 4122; x_wconf 91' lang='lat' dir='ltr'><strong>primum</strong></span> <span class='ocrx_word' id='word_1_688' title='bbox 2548 4046 2717 4104; x_wconf 87' lang='lat' dir='ltr'><strong>edidit</strong></span> <span class='ocrx_word' id='word_1_689' title='bbox 2734 4087 2749 4112; x_wconf 93' lang='lat'><strong>,</strong></span> <span class='ocrx_word' id='word_1_690' title='bbox 2778 4059 2884 4115; x_wconf 91' lang='lat' dir='ltr'><strong>qua</strong></span> <span class='ocrx_word' id='word_1_691' title='bbox 2912 4043 3302 4112; x_wconf 90' lang='lat' dir='ltr'><strong>imperatorem</strong></span> <span class='ocrx_word' id='word_1_692' title='bbox 3333 4053 3444 4094; x_wconf 91' lang='lat' dir='ltr'><strong>non</strong></span> <span class='ocrx_word' id='word_1_693' title='bbox 3468 4052 3554 4093; x_wconf 86' lang='lat' dir='ltr'><strong>so-</strong></span> 
     </span>
    </p>
   </div>
   <div class='ocr_carea' id='block_1_104' title="bbox 1962 4130 3555 4205">
    <p class='ocr_par' dir='ltr' id='par_1_104' title="bbox 1962 4130 3555 4205">
     <span class='ocr_line' id='line_1_104' title="bbox 1962 4130 3555 4205; baseline -0.014 0"><span class='ocrx_word' id='word_1_694' title='bbox 1962 4147 2446 4205; x_wconf 89' lang='lat' dir='ltr'><strong>lum-auctoritate</strong></span> <span class='ocrx_word' id='word_1_695' title='bbox 2505 4138 2823 4197; x_wconf 86' lang='lat' dir='ltr'><strong>instituendi</strong></span> <span class='ocrx_word' id='word_1_696' title='bbox 2873 4140 3186 4192; x_wconf 82' lang='lat' dir='ltr'><strong>Romanum</strong></span> <span class='ocrx_word' id='word_1_697' title='bbox 3240 4130 3555 4204; x_wconf 84' lang='lat' dir='ltr'><strong>pontiﬁcem</strong></span> 
     </span>
    </p>
   </div>
   <div class='ocr_carea' id='block_1_105' title="bbox 1963 4224 3554 4314">
    <p class='ocr_par' dir='ltr' id='par_1_105' title="bbox 1963 4224 3554 4314">
     <span class='ocr_line' id='line_1_105' title="bbox 1963 4224 3554 4314; baseline -0.013 -17"><span class='ocrx_word' id='word_1_698' title='bbox 1963 4242 2139 4314; x_wconf 88' lang='grc'>(251),</span> <span class='ocrx_word' id='word_1_699' title='bbox 2162 4254 2327 4311; x_wconf 92' lang='lat' dir='ltr'><strong>quam</strong></span> <span class='ocrx_word' id='word_1_700' title='bbox 2354 4235 2615 4292; x_wconf 87' lang='lat' dir='ltr'><strong>trecentis</strong></span> <span class='ocrx_word' id='word_1_701' title='bbox 2646 4247 2816 4303; x_wconf 91' lang='lat' dir='ltr'><strong>prope</strong></span> <span class='ocrx_word' id='word_1_702' title='bbox 2844 4230 3006 4285; x_wconf 91' lang='lat' dir='ltr'><strong>annis</strong></span> <span class='ocrx_word' id='word_1_703' title='bbox 3036 4234 3163 4282; x_wconf 91' lang='lat' dir='ltr'><strong>ante</strong></span> <span class='ocrx_word' id='word_1_704' title='bbox 3194 4224 3554 4297; x_wconf 89' lang='lat' dir='ltr'><strong>pradecesso-</strong></span> 
     </span>
    </p>
   </div>
   <div class='ocr_carea' id='block_1_106' title="bbox 1960 4322 3557 4395">
    <p class='ocr_par' dir='ltr' id='par_1_106' title="bbox 1960 4322 3557 4395">
     <span class='ocr_line' id='line_1_106' title="bbox 1960 4322 3557 4395; baseline -0.013 -6"><span class='ocrx_word' id='word_1_705' title='bbox 1960 4351 2049 4391; x_wconf 90' lang='lat' dir='ltr'><strong>res</strong></span> <span class='ocrx_word' id='word_1_706' title='bbox 2073 4336 2155 4388; x_wconf 82' lang='lat' dir='ltr'><strong>sui</strong></span> <span class='ocrx_word' id='word_1_707' title='bbox 2187 4327 2633 4395; x_wconf 90' lang='lat' dir='ltr'><strong>habuerant,sed</strong></span> <span class='ocrx_word' id='word_1_708' title='bbox 2659 4334 2715 4381; x_wconf 87' lang='lat' dir='ltr'><strong>et</strong></span> <span class='ocrx_word' id='word_1_709' title='bbox 2741 4324 3001 4380; x_wconf 89' lang='lat' dir='ltr'><strong>omnibus</strong></span> <span class='ocrx_word' id='word_1_710' title='bbox 3029 4322 3199 4376; x_wconf 88' lang='lat' dir='ltr'><strong>etiam</strong></span> <span class='ocrx_word' id='word_1_711' title='bbox 3231 4326 3557 4374; x_wconf 88' lang='lat' dir='ltr'><strong>caterorum</strong></span> 
     </span>
    </p>
   </div>
   <div class='ocr_carea' id='block_1_107' title="bbox 1958 4417 3558 4488">
    <p class='ocr_par' dir='ltr' id='par_1_107' title="bbox 1958 4417 3558 4488">
     <span class='ocr_line' id='line_1_107' title="bbox 1958 4417 3558 4488; baseline -0.014 -4"><span class='ocrx_word' id='word_1_712' title='bbox 1958 4426 2392 4484; x_wconf 88' lang='lat' dir='ltr'><strong>sacerdotiorum</strong></span> <span class='ocrx_word' id='word_1_713' title='bbox 2428 4420 2762 4476; x_wconf 89' lang='lat' dir='ltr'><strong>investituris</strong></span> <span class='ocrx_word' id='word_1_714' title='bbox 2790 4417 3005 4488; x_wconf 89' lang='lat' dir='ltr'><strong>privare</strong></span> <span class='ocrx_word' id='word_1_715' title='bbox 3032 4422 3263 4469; x_wconf 89' lang='lat' dir='ltr'><strong>conatus</strong></span> <span class='ocrx_word' id='word_1_716' title='bbox 3294 4418 3406 4477; x_wconf 89' lang='lat' dir='ltr'><strong>est,</strong></span> <span class='ocrx_word' id='word_1_717' title='bbox 3438 4423 3558 4463; x_wconf 89' lang='lat' dir='ltr'><strong>om-</strong></span> 
     </span>
    </p>
   </div>
   <div class='ocr_carea' id='block_1_108' title="bbox 1958 4501 3558 4591">
    <p class='ocr_par' dir='ltr' id='par_1_108' title="bbox 1958 4501 3558 4591">
     <span class='ocr_line' id='line_1_108' title="bbox 1958 4501 3558 4591; baseline -0.014 -14"><span class='ocrx_word' id='word_1_718' title='bbox 1958 4535 2194 4591; x_wconf 90' lang='lat' dir='ltr'><strong>nemque</strong></span> <span class='ocrx_word' id='word_1_719' title='bbox 2246 4518 2624 4589; x_wconf 92' lang='lat' dir='ltr'><strong>episcoporum</strong></span> <span class='ocrx_word' id='word_1_720' title='bbox 2672 4521 2728 4567; x_wconf 89' lang='lat' dir='ltr'><strong>et</strong></span> <span class='ocrx_word' id='word_1_721' title='bbox 2773 4511 3036 4565; x_wconf 90' lang='lat' dir='ltr'><strong>abbatum</strong></span> <span class='ocrx_word' id='word_1_722' title='bbox 3094 4501 3558 4561; x_wconf 90' lang='lat' dir='ltr'><strong>instituendorum</strong></span> 
     </span>
    </p>
   </div>
   <div class='ocr_carea' id='block_1_109' title="bbox 1880 4589 3554 4674">
    <p class='ocr_par' dir='ltr' id='par_1_109' title="bbox 1880 4589 3554 4674">
     <span class='ocr_line' id='line_1_109' title="bbox 1880 4589 3554 4674; baseline -0.014 -2"><span class='ocrx_word' id='word_1_723' title='bbox 1880 4589 1930 4650; x_wconf 80' lang='lat' dir='ltr'><strong>D</strong></span> <span class='ocrx_word' id='word_1_724' title='bbox 1960 4589 2235 4671; x_wconf 80' lang='lat' dir='ltr'><strong>rationem</strong></span> <span class='ocrx_word' id='word_1_725' title='bbox 2289 4610 2357 4665; x_wconf 91' lang='lat' dir='ltr'><strong>ad</strong></span> <span class='ocrx_word' id='word_1_726' title='bbox 2407 4606 2682 4665; x_wconf 88' lang='lat' dir='ltr'><strong>electionis</strong></span> <span class='ocrx_word' id='word_1_727' title='bbox 2727 4604 3090 4674; x_wconf 90' lang='lat' dir='ltr'><strong>capitulorum</strong></span> <span class='ocrx_word' id='word_1_728' title='bbox 3143 4607 3198 4653; x_wconf 88' lang='lat' dir='ltr'><strong>et</strong></span> <span class='ocrx_word' id='word_1_729' title='bbox 3249 4594 3554 4653; x_wconf 90' lang='lat' dir='ltr'><strong>monacho-</strong></span> 
     </span>
    </p>
   </div>
   <div class='ocr_carea' id='block_1_110' title="bbox 1961 4689 3557 4770">
    <p class='ocr_par' dir='ltr' id='par_1_110' title="bbox 1961 4689 3557 4770">
     <span class='ocr_line' id='line_1_110' title="bbox 1961 4689 3557 4770; baseline -0.013 -5"><span class='ocrx_word' id='word_1_730' title='bbox 1961 4725 2085 4765; x_wconf 90' lang='lat' dir='ltr'><strong>rum</strong></span> <span class='ocrx_word' id='word_1_731' title='bbox 2117 4706 2357 4762; x_wconf 81' lang='lat' dir='ltr'><strong>lormam</strong></span> <span class='ocrx_word' id='word_1_732' title='bbox 2396 4699 2627 4758; x_wconf 89' lang='lat' dir='ltr'><strong>reduxit.</strong></span> <span class='ocrx_word' id='word_1_733' title='bbox 2662 4696 2835 4770; x_wconf 81' lang='lat' dir='ltr'><strong>Cujus</strong></span> <span class='ocrx_word' id='word_1_734' title='bbox 2872 4693 3074 4751; x_wconf 89' lang='lat' dir='ltr'><strong>decreti</strong></span> <span class='ocrx_word' id='word_1_735' title='bbox 3118 4689 3435 4764; x_wconf 84' lang='lat' dir='ltr'><strong>exemplum</strong></span> <span class='ocrx_word' id='word_1_736' title='bbox 3474 4704 3557 4745; x_wconf 52' lang='lat' dir='ltr'><strong>se.</strong></span> 
     </span>
    </p>
   </div>
   <div class='ocr_carea' id='block_1_111' title="bbox 2002 4807 2301 4857">
    <p class='ocr_par' dir='ltr' id='par_1_111' title="bbox 2002 4807 2301 4857">
     <span class='ocr_line' id='line_1_111' title="bbox 2002 4807 2301 4857; baseline -0.007 0"><span class='ocrx_word' id='word_1_737' title='bbox 2002 4817 2141 4857; x_wconf 73' lang='lat' dir='ltr'><strong>UCDS</strong></span> <span class='ocrx_word' id='word_1_738' title='bbox 2172 4807 2257 4855; x_wconf 70' lang='grc' dir='ltr'><strong>θεῖ</strong></span> <span class='ocrx_word' id='word_1_739' title='bbox 2288 4819 2301 4855; x_wconf 76' lang='grc' dir='ltr'>ζ</span> 
     </span>
    </p>
   </div>
   <div class='ocr_carea' id='block_1_112' title="bbox 1964 4819 3559 4954">
    <p class='ocr_par' dir='ltr' id='par_1_112' title="bbox 1964 4819 3559 4954">
     <span class='ocr_line' id='line_1_112' title="bbox 2002 4819 2301 4857; baseline -0.007 0"><span class='ocrx_word' id='word_1_740' title='bbox 2002 4819 2141 4857; x_wconf 74' lang='lat' dir='ltr'><strong>UBDS</strong></span> <span class='ocrx_word' id='word_1_741' title='bbox 2172 4819 2257 4855; x_wconf 74' lang='grc' dir='ltr'><strong>εει</strong></span> <span class='ocrx_word' id='word_1_742' title='bbox 2288 4819 2301 4855; x_wconf 76' lang='grc' dir='ltr'>ζ</span> 
     </span>
     <span class='ocr_line' id='line_1_113' title="bbox 1964 4819 3559 4954; baseline -0.013 -3"><span class='ocrx_word' id='word_1_743' title='bbox 1964 4819 1996 4874; x_wconf 79' lang='lat' dir='ltr'><strong>q</strong></span> <span class='ocrx_word' id='word_1_744' title='bbox 2037 4918 2063 4943; x_wconf 76' lang='grc' dir='ltr'><strong>α</strong></span> <span class='ocrx_word' id='word_1_745' title='bbox 2106 4896 2326 4950; x_wconf 84' lang='lat' dir='ltr'><strong>Patrum</strong></span> <span class='ocrx_word' id='word_1_746' title='bbox 2343 4896 2657 4946; x_wconf 86' lang='lat' dir='ltr'><strong>sanctorum</strong></span> <span class='ocrx_word' id='word_1_747' title='bbox 2677 4892 2880 4940; x_wconf 90' lang='lat' dir='ltr'><strong>statuta</strong></span> <span class='ocrx_word' id='word_1_748' title='bbox 2900 4888 3195 4954; x_wconf 87' lang='lat' dir='ltr'><strong>sequentes</strong></span> <span class='ocrx_word' id='word_1_749' title='bbox 3210 4918 3224 4947; x_wconf 88' lang='lat'><strong>,</strong></span> <span class='ocrx_word' id='word_1_750' title='bbox 3253 4901 3277 4925; x_wconf 72' lang='grc' dir='ltr'><strong>η</strong></span> <span class='ocrx_word' id='word_1_751' title='bbox 3300 4885 3406 4933; x_wconf 90' lang='lat' dir='ltr'><strong>etc.</strong></span> <span class='ocrx_word' id='word_1_752' title='bbox 3434 4876 3559 4933; x_wconf 82' lang='lat' dir='ltr'><strong>Edi-</strong></span> 
     </span>
    </p>
   </div>
   <div class='ocr_carea' id='block_1_113' title="bbox 1964 4979 3091 5052">
    <p class='ocr_par' dir='ltr' id='par_1_113' title="bbox 1964 4979 3091 5052">
     <span class='ocr_line' id='line_1_114' title="bbox 1964 4979 3091 5052; baseline -0.016 -6"><span class='ocrx_word' id='word_1_753' title='bbox 1964 4996 2080 5046; x_wconf 85' lang='lat' dir='ltr'><strong>tum</strong></span> <span class='ocrx_word' id='word_1_754' title='bbox 2109 4990 2287 5043; x_wconf 72' lang='lat' dir='ltr'><strong>emstat</strong></span> <span class='ocrx_word' id='word_1_755' title='bbox 2314 4986 2469 5052; x_wconf 81' lang='lat' dir='ltr'><strong>inf-ra</strong></span> <span class='ocrx_word' id='word_1_756' title='bbox 2494 4984 2553 5036; x_wconf 84' lang='lat' dir='ltr'><strong>in</strong></span> <span class='ocrx_word' id='word_1_757' title='bbox 2580 4979 2797 5035; x_wconf 82' lang='lat' dir='ltr'><strong>concilio</strong></span> <span class='ocrx_word' id='word_1_758' title='bbox 2831 4979 3091 5033; x_wconf 84' lang='lat' dir='ltr'><strong>Romano.</strong></span> 
     </span>
    </p>
   </div>
   <div class='ocr_carea' id='block_1_114' title="bbox 2035 5064 3559 5144">
    <p class='ocr_par' dir='ltr' id='par_1_114' title="bbox 2035 5064 3559 5144">
     <span class='ocr_line' id='line_1_115' title="bbox 2035 5064 3559 5144; baseline -0.014 -6"><span class='ocrx_word' id='word_1_759' title='bbox 2035 5078 2374 5139; x_wconf 87' lang='lat' dir='ltr'><strong>Simoniacos</strong></span> <span class='ocrx_word' id='word_1_760' title='bbox 2404 5090 2535 5131; x_wconf 90' lang='lat' dir='ltr'><strong>vero</strong></span> <span class='ocrx_word' id='word_1_761' title='bbox 2568 5072 2835 5144; x_wconf 90' lang='lat' dir='ltr'><strong>appellat,</strong></span> <span class='ocrx_word' id='word_1_762' title='bbox 2871 5074 3142 5140; x_wconf 88' lang='lat' dir='ltr'><strong>quotquot</strong></span> <span class='ocrx_word' id='word_1_763' title='bbox 3170 5081 3200 5120; x_wconf 92' lang='lat' dir='ltr'><strong>a</strong></span> <span class='ocrx_word' id='word_1_764' title='bbox 3228 5080 3396 5121; x_wconf 87' lang='lat' dir='ltr'><strong>manu</strong></span> <span class='ocrx_word' id='word_1_765' title='bbox 3427 5064 3559 5119; x_wconf 89' lang='lat' dir='ltr'><strong>laica</strong></span> 
     </span>
    </p>
   </div>
   <div class='ocr_carea' id='block_1_115' title="bbox 1966 5160 3562 5247">
    <p class='ocr_par' dir='ltr' id='par_1_115' title="bbox 1966 5160 3562 5247">
     <span class='ocr_line' id='line_1_116' title="bbox 1966 5160 3562 5247; baseline -0.014 -15"><span class='ocrx_word' id='word_1_766' title='bbox 1966 5176 2196 5247; x_wconf 87' lang='lat' dir='ltr'><strong>alicujus</strong></span> <span class='ocrx_word' id='word_1_767' title='bbox 2221 5167 2471 5228; x_wconf 85' lang='lat' dir='ltr'><strong>beneﬁcii</strong></span> <span class='ocrx_word' id='word_1_768' title='bbox 2510 5165 2890 5222; x_wconf 90' lang='lat' dir='ltr'><strong>investituram</strong></span> <span class='ocrx_word' id='word_1_769' title='bbox 2930 5161 3254 5232; x_wconf 89' lang='lat' dir='ltr'><strong>acciperent.</strong></span> <span class='ocrx_word' id='word_1_770' title='bbox 3288 5160 3410 5213; x_wconf 85' lang='lat' dir='ltr'><strong>Hoc</strong></span> <span class='ocrx_word' id='word_1_771' title='bbox 3436 5172 3562 5211; x_wconf 88' lang='lat' dir='ltr'><strong>vero</strong></span> 
     </span>
    </p>
   </div>
   <div class='ocr_carea' id='block_1_116' title="bbox 2042 5316 3551 5401">
    <p class='ocr_par' dir='ltr' id='par_1_116' title="bbox 2042 5316 3551 5401">
     <span class='ocr_line' id='line_1_117' title="bbox 2042 5316 3551 5401; baseline -0.013 -16"><span class='ocrx_word' id='word_1_772' title='bbox 2042 5332 2187 5401; x_wconf 86' lang='lat'>(248)</span> <span class='ocrx_word' id='word_1_773' title='bbox 2219 5330 2339 5382; x_wconf 89' lang='lat' dir='ltr'><strong>lmo</strong></span> <span class='ocrx_word' id='word_1_774' title='bbox 2377 5335 2430 5380; x_wconf 90' lang='lat' dir='ltr'><strong>et</strong></span> <span class='ocrx_word' id='word_1_775' title='bbox 2467 5320 2731 5380; x_wconf 90' lang='lat' dir='ltr'><strong>subdolus</strong></span> <span class='ocrx_word' id='word_1_776' title='bbox 2765 5317 3062 5375; x_wconf 90' lang='lat' dir='ltr'><strong>insidiator.</strong></span> <span class='ocrx_word' id='word_1_777' title='bbox 3107 5317 3344 5381; x_wconf 89' lang='lat' dir='ltr'><strong>Baron.,</strong></span> <span class='ocrx_word' id='word_1_778' title='bbox 3391 5316 3551 5378; x_wconf 90' lang='lat'><strong>1077,</strong></span> 
     </span>
    </p>
   </div>
   <div class='ocr_carea' id='block_1_117' title="bbox 1970 5405 2980 5540">
    <p class='ocr_par' dir='ltr' id='par_1_117' title="bbox 1970 5405 2980 5540">
     <span class='ocr_line' id='line_1_118' title="bbox 1970 5405 2885 5457; baseline -0.003 -1"><span class='ocrx_word' id='word_1_779' title='bbox 1970 5418 2125 5457; x_wconf 88' lang='lat' dir='ltr'><strong>num.</strong></span> <span class='ocrx_word' id='word_1_780' title='bbox 2157 5405 2246 5453; x_wconf 88' lang='lat'><strong>36.</strong></span> 
     </span>
     <span class='ocr_line' id='line_1_119' title="bbox 2045 5466 2980 5540; baseline -0.014 -13"><span class='ocrx_word' id='word_1_781' title='bbox 2045 5472 2186 5540; x_wconf 86' lang='lat'>(249)</span> <span class='ocrx_word' id='word_1_782' title='bbox 2210 5468 2346 5525; x_wconf 91' lang='lat' dir='ltr'><strong>Vide</strong></span> <span class='ocrx_word' id='word_1_783' title='bbox 2387 5470 2582 5540; x_wconf 88' lang='lat' dir='ltr'><strong>Baron.</strong></span> <span class='ocrx_word' id='word_1_784' title='bbox 2601 5507 2614 5534; x_wconf 93' lang='lat'><strong>,</strong></span> <span class='ocrx_word' id='word_1_785' title='bbox 2649 5479 2790 5540; x_wconf 82' lang='lat' dir='ltr'><strong>anno</strong></span> <span class='ocrx_word' id='word_1_786' title='bbox 2814 5466 2980 5540; x_wconf 60' lang='grc' dir='ltr'><strong>Δ10802</strong></span> 
     </span>
    </p>
   </div>
   <div class='ocr_carea' id='block_1_118' title="bbox 2043 5522 3565 5609">
    <p class='ocr_par' dir='ltr' id='par_1_118' title="bbox 2043 5522 3565 5609">
     <span class='ocr_line' id='line_1_120' title="bbox 2043 5522 3565 5609; baseline -0.013 -13"><span class='ocrx_word' id='word_1_787' title='bbox 2043 5522 2185 5609; x_wconf 56' lang='grc'>(250)</span> <span class='ocrx_word' id='word_1_788' title='bbox 2214 5522 2636 5598; x_wconf 70' lang='lat' dir='ltr'><strong>schismaticum</strong></span> <span class='ocrx_word' id='word_1_789' title='bbox 2667 5536 2786 5591; x_wconf 84' lang='lat' dir='ltr'><strong>hac</strong></span> <span class='ocrx_word' id='word_1_790' title='bbox 2814 5532 3016 5589; x_wconf 91' lang='lat' dir='ltr'><strong>locutio</strong></span> <span class='ocrx_word' id='word_1_791' title='bbox 3036 5531 3214 5597; x_wconf 90' lang='lat' dir='ltr'><strong>decet,</strong></span> <span class='ocrx_word' id='word_1_792' title='bbox 3242 5542 3353 5582; x_wconf 91' lang='lat' dir='ltr'><strong>non</strong></span> <span class='ocrx_word' id='word_1_793' title='bbox 3379 5522 3565 5579; x_wconf 55' lang='lat' dir='ltr'><strong>cathor</strong></span> 
     </span>
    </p>
   </div>
   <div class='ocr_carea' id='block_1_119' title="bbox 1972 5616 3562 5758">
    <p class='ocr_par' dir='ltr' id='par_1_119' title="bbox 1972 5616 3562 5758">
     <span class='ocr_line' id='line_1_121' title="bbox 1972 5616 3562 5758; baseline -0.01 -28"><span class='ocrx_word' id='word_1_794' title='bbox 1972 5616 2192 5758; x_wconf 44' lang='lat' dir='ltr'><strong>Mign</strong></span> <span class='ocrx_word' id='word_1_795' title='bbox 2224 5687 2515 5758; x_wconf 78' lang='lat' dir='ltr'><strong>Nunquam</strong></span> <span class='ocrx_word' id='word_1_796' title='bbox 2542 5680 2730 5758; x_wconf 71' lang='lat' dir='ltr'><strong>habuit</strong></span> <span class='ocrx_word' id='word_1_797' title='bbox 2748 5679 2895 5751; x_wconf 82' lang='lat' dir='ltr'><strong>jure.</strong></span> <span class='ocrx_word' id='word_1_798' title='bbox 2930 5681 3149 5747; x_wconf 81' lang='lat' dir='ltr'><strong>Agnum</strong></span> <span class='ocrx_word' id='word_1_799' title='bbox 3175 5668 3423 5727; x_wconf 85' lang='lat' dir='ltr'><strong>faucibus</strong></span> <span class='ocrx_word' id='word_1_800' title='bbox 3450 5660 3562 5731; x_wconf 82' lang='lat' dir='ltr'><strong>lupi</strong></span> 
     </span>
    </p>
   </div>
   <div class='ocr_carea' id='block_1_120' title="bbox 1975 5754 2673 5830">
    <p class='ocr_par' dir='ltr' id='par_1_120' title="bbox 1975 5754 2673 5830">
     <span class='ocr_line' id='line_1_122' title="bbox 1975 5754 2673 5830; baseline -0.01 -16"><span class='ocrx_word' id='word_1_801' title='bbox 1975 5754 2205 5830; x_wconf 83' lang='lat' dir='ltr'><strong>eripere,</strong></span> <span class='ocrx_word' id='word_1_802' title='bbox 2228 5772 2324 5811; x_wconf 92' lang='lat' dir='ltr'><strong>cur</strong></span> <span class='ocrx_word' id='word_1_803' title='bbox 2348 5754 2459 5810; x_wconf 84' lang='lat' dir='ltr'><strong>non</strong></span> <span class='ocrx_word' id='word_1_804' title='bbox 2478 5754 2673 5810; x_wconf 83' lang='lat' dir='ltr'><strong>liceat?</strong></span> 
     </span>
    </p>
   </div>
   <div class='ocr_carea' id='block_1_121' title="bbox 3178 5905 3209 5954">
    <p class='ocr_par' dir='ltr' id='par_1_121' title="bbox 3178 5905 3209 5954">
     <span class='ocr_line' id='line_1_123' title="bbox 3178 5905 3209 5954; baseline 0 0"><span class='ocrx_word' id='word_1_805' title='bbox 3178 5905 3209 5954; x_wconf 87' lang='lat'><strong>6</strong></span> 
     </span>
    </p>
   </div>
  </div>
