4122 6180
585 311 675 362 m
1806 305 1864 358 s.
1905 303 2287 360 GREGORIUS
2327 272 2411 358 Vn
2459 304 2654 358 eam.

3776 305 3876 356 172

579 430 798 488 decreto
822 432 1012 504 procul
1040 430 1205 488 dubio
1231 430 1532 502 imperator
1561 425 1864 495 Henricus,
1896 435 1948 482 et
1978 443 2176 484 omnes
2203 436 2255 496 Α
2283 445 2313 484 a
2372 437 2454 484 tot
2513 428 2854 484 diversarum
2919 426 3203 482 nationum
3260 423 3563 480 illustribus
3630 422 3878 480 doctrina

580 539 737 598 reges
801 526 1002 591 Latini,
1071 533 1128 579 et
1189 521 1556 578 occidentales
1615 521 1943 593 petebantur
1997 523 2176 590 (252);

578 618 778 676 deinde
809 618 1044 690 episcopi
1075 625 1130 673 et
1157 617 1444 672 universus
1470 617 1646 672 clerus
1676 615 2013 683 Galliarum,
2047 616 2178 672 Ger-

579 714 780 770 mania
808 722 865 768 et
895 711 1068 767 Italia
1099 710 1476 783 pulsabantur.

650 810 735 862 De
760 806 1142 878 episcoporum
1173 821 1301 860 vero
1328 803 1599 859 electione
1630 803 1703 858 ita
1737 802 1987 858 deﬁnivit
2017 821 2029 856 :

617 887 632 904 ³
654 901 866 968 Quoties
922 901 1176 967 defuncto
1211 904 1424 969 pastore
1472 897 1702 968 alicujus
1749 898 1994 953 Ecclesia:
2037 898 2178 951 alius

575 997 653 1048 est
710 997 762 1047 ei
809 996 1054 1049 canonice
1108 993 1514 1061 subrogandus,
1563 993 1830 1046 instantia
1875 993 2176 1045 visitatoris

579 1089 830 1158 episcopi,
881 1090 976 1157 qui
1011 1090 1062 1141 ei
1083 1089 1151 1140 ab
1181 1088 1472 1156 apostolica.
1495 1085 1656 1154 sede,
1697 1087 1780 1140 vel
1805 1102 1839 1139 α
1867 1086 2178 1154 metropoli-

579 1185 704 1236 tano
754 1183 984 1236 directus
1039 1183 1166 1248 est:
1189 1182 1354 1234 clerus
1404 1185 1456 1233 et
1497 1180 1752 1250 populus,
1795 1185 1996 1234 remota
2035 1181 2182 1233 omni

577 1276 828 1330 sacellari
871 1275 1180 1340 ambitione,
1216 1278 1405 1329 timore
1452 1278 1615 1344 atque
1646 1277 1842 1343 gratia
1879 1274 2178 1343 apostolicae

575 1368 718 1423 sedis
757 1368 845 1422 vel
885 1370 1282 1438 metropolitani
1318 1371 1410 1423 sui
1445 1383 1718 1432 consensu,
1759 1373 2027 1439 pastorem
2073 1368 2181 1421 sibi

577 1462 864 1516 secundum
916 1467 1083 1518 Deum
1129 1464 1352 1532 eligant.
1403 1464 1553 1529 Quod
1592 1465 1646 1517 si
1676 1467 1955 1532 corruptus
1997 1463 2180 1531 aliquo

575 1557 704 1609 vitio
731 1555 878 1627 (253)
911 1558 1071 1611 aliter
1109 1574 1272 1626 agere
1296 1559 1728 1627 prtesumpserit,
1760 1557 2028 1611 electionis
2051 1571 2174 1626 per-

571 1664 762 1718 peram
782 1652 945 1715 factce
971 1654 1120 1705 omni
1139 1653 1325 1717 fructu
1351 1653 1572 1718 carebit,
1603 1657 1653 1706 et
1677 1651 1747 1705 de
1763 1656 1951 1705 caetero
1973 1651 2176 1704 nullam

577 1745 845 1798 electionis
862 1749 1186 1813 potestatem
1217 1747 1463 1811 habebit;
1495 1747 1764 1800 electio-nis
1793 1762 1916 1799 “vero
1939 1749 2176 1815 potestas

577 1839 746 1892 omnis
774 1843 834 1892 in
851 1839 1230 1895 deliberatione
1254 1841 1394 1895 sedis
1419 1841 1720 1910 apostolica:
1736 1881 1754 1907 ,
1777 1842 1886 1894 sive
1909 1843 2173 1909 metropo-
2211 1820 2258 1883 Β

575 1929 743 1985 litant
768 1935 859 1987 sui
884 1935 1162 1988 consistat.
1195 1936 1257 1989 Si
1289 1937 1431 1988 enim
1458 1937 1523 1997 is,
1553 1936 1634 1988 ad
1661 1950 1816 2004 quem
1859 1936 2177 1988 consecratio

575 2030 797 2094 spectat,
824 2042 928 2080 non
946 2029 1050 2081 rite
1071 2029 1446 2089 consecrando,
1478 2032 1608 2082 teste
1637 2031 1698 2083 B.
1732 2031 1916 2089 Leone,
1941 2029 2176 2096 gratiam

580 2119 954 2174 benedictionis
991 2122 1222 2186 amittit,
1255 2127 1625 2190 ccmsequenter
1648 2123 1718 2188 is,
1758 2123 1854 2190 qui
1880 2122 1952 2174 ad
1979 2137 2177 2174 vanam

577 2214 880 2268 electionem
895 2215 1264 2277 declina-verit,
1293 2217 1525 2284 eligendi
1541 2219 1800 2285 potestate
1820 2217 2101 2285 privatur.

497 2291 504 2296 ’
651 2306 748 2361 His
776 2315 963 2362 autem
990 2308 1246 2374 decretis,
1277 2308 1330 2362 in
1360 2309 1577 2363 duobus
1605 2309 1969 2379 potissimum,
2009 2307 2177 2379 maje-

576 2407 688 2454 stas
741 2407 795 2455 et
844 2401 1083 2456 Romani
1134 2401 1350 2473 imperii
1407 2401 1642 2473 dignitas
1699 2403 2068 2468 evertebatur;
2123 2409 2178 2456 et

575 2492 724 2565 quqd
777 2494 934 2565 longe
963 2494 1134 2566 “pejus
1196 2504 1340 2560 erat,
1371 2511 1432 2549 ea
1495 2493 1849 2550 fundamenta
1895 2495 2176 2567 jacieban-

576 2595 687 2653 tur,
733 2588 930 2658 quibus
967 2588 1203 2644 Romani
1236 2589 1442 2661 imperii
1486 2597 1724 2661 potestas
1761 2589 1986 2645 omnino
2027 2589 2175 2644 labe-

465 2735 476 2744 ,
578 2681 894 2737 factaretur.

643 2778 724 2831 De
747 2777 924 2846 primo
950 2784 1137 2832 autem
1173 2776 1352 2832 dicam
1383 2795 1396 2830 :
1428 2779 1561 2832 Erat
1589 2784 1722 2831 tunc
1772 2781 1917 2844 (254)
1951 2793 2176 2832 consue-

574 2868 737 2936 tudo,
777 2878 839 2925 ut
885 2886 947 2925 ex
977 2871 1236 2926 omnibus
1283 2870 1432 2926 orbis
1473 2871 1652 2926 Latini
1683 2871 1928 2942 partibus
1965 2870 2173 2926 inﬁnita

578 2978 745 3035 pr0pe
785 2963 1075 3019 hominum
1112 2963 1450 3020 diversarum
1477 2963 1853 3021 conditionum
1877 2965 2048 3020 millia
2071 2983 2173 3020 au-

574 3057 684 3112 lam
708 3059 1050 3129 imperialem
1070 3057 1503 3130 frequentarent.
1539 3063 1600 3113 In
1627 3058 1716 3114 his
1738 3058 1969 3114 aderant
1991 3057 2177 3114 diver-

576 3167 759 3205 sarum
804 3153 1293 3223 congregationum
1323 3152 1613 3219 monachi,
1638 3153 1890 3208 doctores
1911 3197 1923 3218 ,
1953 3153 2048 3207 viri
2085 3153 2173 3206 lit-

572 3245 758 3310 terati,
797 3246 1005 3299 nobiles
1033 3254 1086 3300 et
1128 3246 1425 3316 ignobiles,
1457 3247 1547 3315 qui
1594 3262 1786 3301 omnes
1835 3262 1899 3302 eo
1929 3246 2170 3302 conﬂue-
2203 3212 2250 3276 Ο

575 3338 707 3392 bant
736 3353 829 3407 spe
860 3338 1031 3404 ducti,
1084 3347 1146 3394 ut
1174 3339 1242 3394 ab
1275 3340 1604 3411 imperatore
1649 3340 1952 3396 sacerdotia
1983 3327 2174 3396 conse-

574 3431 665 3502 qui
699 3440 940 3503 possent,
983 3432 1463 3506 quemadmodum
1494 3451 1643 3491 nunc
1669 3451 1800 3491 usus
1831 3443 1914 3490 est
1959 3435 2011 3490 in
2051 3437 2173 3490 Ro-

578 3541 740 3582 mana
771 3527 938 3581 curia.
969 3529 1278 3599 Imperator
1301 3529 1450 3584 enim
1481 3546 1589 3585 non
1620 3530 1799 3585 solum
1825 3531 2176 3601 episcopatus

574 3634 767 3696 omnes
810 3629 867 3676 et
907 3621 1186 3688 abbatias,
1231 3624 1558 3694 minoraque
1607 3624 1794 3678 omnia
1838 3623 2167 3693 sacerdotia,

576 3721 640 3767 ut
692 3713 1043 3783 prabendas,
1104 3716 1482 3783 canonicatus,
1539 3718 1918 3787 praposituras
1968 3726 2024 3773 et
2074 3716 2173 3774 de-

572 3815 832 3871 canatus,
869 3815 926 3861 et
955 3805 1271 3877 hujusmodi
1305 3809 1447 3878 (255)
1475 3808 1825 3878 conferebat,
1856 3811 1950 3866 sed
1973 3810 2170 3879 etiam,

573 3897 635 3952 u't
675 3897 793 3969 jam
855 3899 1031 3954 visum
1085 3909 1192 3969 est,
1247 3903 1565 3958 Romanum
1618 3902 1802 3975 ipsum
1854 3903 2171 3975 pontiﬁcem

573 3989 918 4063 designabat.

639 4086 692 4138 Si
734 4085 898 4157 igitur
933 4086 1181 4158 Gregorii
1212 4087 1446 4142 decretis
1475 4089 1628 4144 locus
1657 4097 1826 4157 esset,
1875 4091 2016 4146 illico
2041 4109 2170 4148 con-

570 4177 904 4249 sequebatur
927 4190 986 4234 ut
1014 4180 1192 4236 omnis
1234 4181 1349 4236 hac
1376 4183 1518 4254 (256)
1561 4184 1699 4239 aula
1722 4184 2022 4255 imperialis
2049 4202 2167 4241 ma-

562 4271 734 4343 jestas
756 4273 1153 4340 obsolesceret,
1181 4291 1276 4346 spe
1303 4279 1668 4346 consequendi
1703 4295 1730 4332 a
1759 4281 1972 4334 Casare
1997 4296 2169 4336 sacer-

570 4365 718 4420 dotia
750 4368 958 4422 sublata
978 4409 992 4431 ,
1017 4384 1140 4439 qua
1175 4371 1273 4432 iam
1310 4385 1402 4439 per
1432 4373 1756 4425 electionem
1782 4355 2166 4440 tradebantur,

571 4461 717 4515 nullo
748 4462 980 4529 amplius
1011 4462 1360 4534 imperatoris
1386 4463 1726 4533 interventu,
1760 4483 1863 4521 nec
1908 4479 2168 4538 praterea

643 4591 787 4672 (252)
819 4595 1344 4677 INemoﬂpetebatur
1385 4595 1495 4677 hoc
1535 4596 1806 4677 decreto,
1834 4597 2167 4677 nisi_Simo-
2198 4615 2248 4677 Ι)

568 4660 738 4744 niaci,
764 4671 838 4744 .et
872 4660 1225 4744 qnialiennm
1248 4667 1338 4737 jus
1381 4667 1730 4744 invaserant;
1763 4676 1818 4722 et
1859 4669 1927 4723 ab
1957 4669 2167 4728 invaso-

568 4731 722 4813 ribus
749 4731 848 4858 ljus
885 4731 987 4790 sibi
1031 4737 1182 4793 reddi
1217 4731 1587 4808 postulabant.
1627 4731 1835 4796 omnes
1872 4744 2034 4808 hujus
2071 4761 2164 4816 ge-

569 4818 718 4858 neris
772 4820 914 4858 uisse
943 4817 1128 4858 auerte
1157 4809 1348 4858 falsum
1374 4820 1471 4858 est-

569 4803 718 4877 neris
749 4803 914 4861 fuisse
943 4817 1128 4877 aperte
1157 4803 1348 4865 falsum
1374 4820 1472 4867 est.

641 4875 780 4956 (253)
819 4877 956 4956 Qua
981 4875 1298 4956 sequuntur
1337 4883 1495 4956 plane
1525 4882 1749 4956 indigna
1777 4896 1908 4946 sunt
1937 4885 2166 4944 homine

568 4943 733 5027 docto
756 4943 772 5012 ,
794 4943 1002 5004 nedum
1026 4943 1458 5026 Ohupbrio,q_ui
1486 4943 1676 5027 tamen
1701 4943 1911 5016 hacex
1939 4943 2162 5014 llenrici

569 5024 752 5098 potius
799 5033 976 5100 sensu
1001 5037 1165 5100 quam
1195 5035 1258 5076 ex
1291 5024 1672 5100 suo‘scribere
1708 5031 1940 5086 videtur.
1973 5030 2166 5100 Refert

568 5092 718 5143 enim
735 5129 749 5155 ,
781 5092 904 5160 quis
926 5092 1147 5148 Henrici
1185 5100 1240 5148 et
1266 5093 1748 5156 schismaticorum
1773 5116 1968 5158 sensus
1998 5099 2164 5157 fuerit

566 5173 730 5234 super
757 5162 1001 5234 Gregorii
1029 5162 1280 5220 decretis.

661 5237 783 5297 254)
820 5235 1175 5310 Pessimuset
1209 5236 1559 5310 perniciosus
1589 5239 1674 5297 hic
1701 5242 1901 5298 abusus
1937 5243 2066 5310 fuit,
2109 5250 2162 5297 et

567 5299 714 5378 [erro
755 5299 1342 5378 excommunicationis
1387 5309 1745 5378 recidendus,
1785 5323 1843 5369 ut
1884 5299 2089 5371 factum
2130 5333 2160 5369 a

565 5371 720 5448 Greg.
757 5377 888 5448 γη,
923 5377 1013 5447 qui
1047 5379 1495 5448 nundinationem
1529 5382 1688 5438 istam
1717 5371 1952 5441 sustulit.

568 5515 579 5526 .
637 5446 779 5528 (255)
819 5449 872 5520 Ei
911 5446 1292 5528 nimirum.qu
1319 5451 1436 5522 plus
1456 5453 1648 5528 dabat,
1680 5457 1792 5511 sive
1821 5467 2014 5528 aptus,
2046 5458 2158 5514 sive

565 5523 782 5586 ineptus
829 5529 972 5574 esset
1025 5538 1039 5575 :
1094 5523 1223 5593 quia
1279 5523 1333 5576 in
1387 5525 1506 5579 aula
1567 5523 2160 5600 perpetua-nundina

564 5600 742 5644 erant.

635 5665 782 5743 (A256)
824 5666 908 5717 An
929 5663 1052 5743 aula
1085 5663 1382 5743 imperialis
1403 5666 1606 5743 ﬂorere
1634 5670 1904 5743 nequibat
1924 5673 2046 5732 sine
2062 5674 2157 5730 be-

565 5731 887 5788 neﬁciorum
925 5731 1416 5792 ecclesiasticorum
1441 5731 1876 5800 nundinatione?

631 5805 776 5887 (257)
811 5807 954 5887 Cura
995 5806 1630 5887 pecuniaemungenda
1662 5814 2013 5887 potissimum
2057 5834 2156 5874 co-

561 5875 767 5946 quebat
791 5885 848 5933 et
879 5875 1169 5951 torquebat
1193 5875 1515 5956 Hernicum.
1575 5879 1590 5894 "

2286 531 2342 578 et
2387 522 2669 578 nobilitate
2706 521 2836 578 viris
2863 519 3213 593 _frequentari
3255 517 3570 590 contigisset
3609 519 3733 576 aula
3778 519 3881 574 im-

2286 616 2521 690 perialis.

2354 713 2502 781 (257)
2526 711 2714 766 Altera
2742 725 2870 766 vero
2894 724 3062 766 causa
3079 751 3094 776 ,
3120 724 3229 780 qua
3268 707 3568 779 imperator
3603 706 3757 765 valde
3784 723 3879 765 ur-

2285 805 2532 877 gebatur,
2560 819 2683 876 qua
2705 804 2882 859 multo
2909 803 3136 874 majoris
3154 801 3419 857 momenti
3442 801 3874 869 existimabatur,

2285 907 2400 954 erat
2439 918 2450 954 :
2483 897 2635 968 quod
2679 897 2724 953 si
2771 897 2955 954 Casar
2993 897 3349 968 pralatorum
3396 897 3745 952 investitu-ras
3784 896 3879 963 (ita

2285 993 2431 1049 enim
2461 992 2819 1048 collationem
2864 990 3228 1062 appellabant)
3273 990 3580 1058 amitteret,
3609 990 3878 1063 majorem

2285 1085 2493 1158 imperii
2533 1085 2638 1153 sui,
2669 1084 2953 1140 meliorem
2998 1083 3385 1156 fortioremque
3427 1092 3639 1156 partem
3676 1083 3882 1156 deper-

2285 1179 2472 1246 deret,
2495 1189 2550 1236 et
2578 1180 2957 1236 maximarum
2983 1177 3354 1234 calamitatum
3387 1178 3742 1234 seminarium
3774 1177 3878 1233 im-

2286 1275 2434 1346 perio
2463 1272 2688 1331 faceret.
2720 1275 2894 1341 Nam,
2935 1272 3155 1344 quando
3194 1272 3472 1344 privilegia
3502 1273 3651 1344 (258)
3681 1273 3878 1329 Carolo

2285 1372 2486 1442 Magno
2517 1379 2570 1426 et
2605 1368 2814 1426 Othoni
2858 1371 2882 1423 ι
2914 1367 3176 1440 Augustis
3216 1368 3284 1422 ab
3323 1367 3619 1438 apostolica
3651 1366 3782 1424 sede
3811 1367 3879 1423 de

2286 1463 2636 1536 pralatorum
2671 1462 3000 1518 investituris
3037 1477 3300 1518 concessa
3327 1460 3510 1528 fuere,
3544 1461 3800 1517 Ecclesia
3826 1470 3881 1516 et

2285 1558 2624 1630 episcopatus
2669 1566 2801 1612 tunc
2831 1559 2980 1625 (259)
3011 1572 3300 1628 pauperes,
3334 1563 3527 1611 tenues
3566 1563 3623 1611 et
3655 1554 3770 1611 sine
3798 1563 3884 1610 tot

2285 1651 2585 1708 redditibus
2613 1660 2783 1707 erant.
2815 1654 3111 1722 Postquam
3151 1666 3277 1705 vero
3297 1649 3440 1722 juris
3478 1649 3697 1721 imperii
3740 1648 3877 1704 facta

2285 1755 2367 1802 est
2403 1745 2731 1802 eorumdem
2771 1745 3122 1818 pralatorum
3153 1743 3367 1811 electio,
3407 1741 3879 1816 quemadmodum

2287 1849 2341 1897 et
2366 1841 2547 1896 cateri
2580 1840 2854 1912 principes
2881 1840 3168 1896 saculares
3189 1837 3428 1908 imperii,
3459 1847 3576 1893 tum
3604 1838 3873 1903 Casares,

2287 1935 2376 2006 qui
2401 1933 2471 1990 de
2500 1934 2764 2006 religione
2795 1933 2935 1989 bene
2963 1933 3162 1988 mereri
3192 1915 3478 1998 volebant,
3518 1931 3632 1988 sine
3659 1930 3878 2002 imperii

2287 2038 2469 2084 tamen
2490 2028 2806 2100 prajudicio
2823 2069 2838 2096 ,
2863 2036 3155 2100 caperunt
3178 2026 3459 2098 episcopos
3486 2035 3542 2081 et
3563 2024 3783 2080 abbates
3807 2024 3881 2080 ob

2287 2124 2635 2194 religionem,
2673 2132 2935 2193 tanquam
2966 2122 3174 2192 potiora
3208 2120 3416 2192 imperii
3447 2119 3726 2185 membra,
3766 2135 3879 2191 pra

2288 2217 2498 2274 cateris
2529 2217 2676 2272 laicis
2698 2216 3032 2287 principibus
3065 2213 3367 2280 honorare;
3393 2213 3621 2286 profana
3640 2213 3880 2269 dictione

2289 2321 2344 2368 et
2373 2309 2680 2384 ingentibus
2710 2311 2907 2381 opibus
2935 2309 3256 2376 honestare;
3305 2325 3486 2375 arces,
3529 2307 3759 2380 oppida,
3793 2323 3881 2363 ur-

2287 2407 2410 2468 bes.
2452 2404 2752 2473 marchias,
2788 2404 3049 2470 ducatus,
3083 2403 3420 2476 provincias,
3455 2401 3718 2474 pedagia,
3747 2403 3882 2457 telo-

2286 2517 2388 2556 nea
2407 2542 2422 2567 ,
2447 2499 2755 2572 vectigalia,
2783 2497 3032 2570 portoria
3061 2504 3118 2553 et
3140 2498 3313 2552 multa
3336 2497 3440 2552 alia
3458 2539 3472 2563 ,
3507 2511 3633 2568 qua
3661 2495 3877 2566 imperii

2289 2594 2502 2666 propria
2528 2602 2713 2661 erant,
2745 2591 3146 2664 episcopatibus
3173 2591 3500 2659 concedere;
3531 2605 3654 2662 qua
3678 2589 3759 2646 vel
3798 2605 3866 2644 ex

2285 2688 2400 2744 suis
2436 2687 2669 2759 propriis
2707 2687 2894 2752 bonis,
2935 2701 3060 2758 qua
3091 2683 3161 2741 ad
3189 2685 3478 2756 imperium
3512 2683 3876 2757 pertinebant,

2288 2781 2366 2836 vel
2397 2798 2461 2837 ex
2505 2781 2692 2836 alienis
2731 2779 2914 2836 feudis
2943 2788 3101 2835 erant
3127 2783 3292 2846 (260).
3321 2781 3460 2834 Nam
3488 2778 3640 2834 laicis
3675 2777 3875 2850 princi-

2289 2876 2449 2947 pibus
2477 2875 2594 2931 sine
2624 2875 2872 2947 legitimo
2897 2873 3112 2931 harede
3137 2874 3400 2937 mortuis,
3428 2889 3620 2929 eorum
3653 2872 3874 2944 provin-

2285 2971 2395 3025 eias
2412 3011 2426 3036 ,
2448 2986 2572 3040 qua
2594 2969 2941 3025 beneﬁciario
2960 2969 3085 3040 jure
3109 2967 3176 3024 ad
3196 2967 3487 3038 imperium
3512 2966 3875 3039 pertinebant,

2289 3080 2399 3119 non
2430 3062 2545 3117 aliis
2588 3063 2821 3133 amplius
2865 3062 3013 3116 laicis
3051 3060 3286 3133 regulis,
3325 3060 3422 3116 sed
3451 3061 3718 3132 episcopis
3749 3075 3882 3116 con-

2284 3156 2576 3222 cedebant;
2609 3165 2772 3227 atque
2801 3155 2901 3210 hac
2941 3155 3153 3208 ratione
3196 3169 3388 3208 omnes
3435 3153 3780 3224 episcopatus
3827 3162 3886 3209 et

2285 3251 2526 3305 abbatias
2552 3248 2739 3310 Italia,
2766 3247 3070 3303 Galliarum
3103 3255 3155 3300 et
3183 3245 3533 3311 Germania,
3561 3245 3674 3300 imo
3705 3247 3886 3302 totius

2285 3345 2431 3402 orbis
2445 3343 2662 3413 Latini,
2675 3341 2978 3412 etdenique
2994 3341 3170 3412 ipsum
3188 3338 3504 3412 pontiﬁcem
3524 3341 3846 3394 Romanum
3866 3380 3881 3404 ,

2287 3457 2352 3496 ex
2387 3437 2713 3511 pauperibus
2734 3435 3037 3491 ditissimos
3067 3443 3121 3490 et
3143 3434 3417 3490 maximos
3441 3433 3707 3506 principes
3734 3432 3881 3490 fecee

2285 3541 2435 3598 rant;
2470 3548 2532 3588 ex
2559 3532 2637 3587 eis
2661 3530 2870 3587 scilicet
2896 3527 3117 3600 opibus,
3158 3544 3282 3600 qua
3315 3536 3441 3583 ante
3481 3526 3693 3600 imperii
3732 3527 3882 3598 juris

2285 3637 2466 3693 erant,
2507 3627 2561 3682 in
2594 3625 2743 3681 nulla
2771 3640 2829 3680 re
2866 3623 3171 3696 imperialia
3219 3631 3505 3694 propterea
3531 3622 3659 3695 jura
3701 3621 3882 3678 minui

2285 3722 2654 3778 existimantes
2695 3741 2706 3775 :
2742 3719 2941 3791 quippe
2981 3717 3129 3790 quod
3166 3717 3299 3773 certi
3338 3725 3518 3773 essent
3551 3731 3645 3772 eos
3687 3731 3883 3772 omnes

2287 3817 2539 3888 pralatos
2571 3831 2601 3870 a
2652 3830 2710 3870 se
2745 3812 3116 3885 designandos
3165 3810 3312 3879 fore,
3345 3820 3402 3867 et
3443 3826 3555 3866 non
3591 3809 3693 3866 nisi
3715 3809 3879 3882 jussu

2284 3926 2382 3965 suo
2426 3917 2483 3965 et
2529 3908 2802 3964 voluntate
2851 3905 3157 3962 sacerdotia
3203 3905 3315 3977 ipsa
3360 3904 3700 3960 obtenturos.
3743 3904 3879 3959 Gre-

2283 4003 2469 4075 gorius
2513 4002 2680 4066 igitur
2719 3999 2829 4056 suis
2867 4000 3109 4056 decretis
3137 3998 3430 4054 dimidium
3462 4003 3612 4069 (261)
3654 3996 3876 4068 imperii

2281 4096 2481 4152 Casari
2511 4095 2760 4152 tollebat.
2802 4097 2939 4150 Nam
2982 4093 3216 4165 episcopi
3249 4092 3392 4148 nulla
3430 4091 3645 4148 ratione
3674 4090 3874 4147 adduci

2284 4199 2564 4262 poterant,
2609 4199 2700 4257 ut,
2746 4203 2869 4260 qua
2899 4188 2965 4242 ab
2998 4185 3420 4258 imperatoribus
3447 4186 3685 4258 antiquis
3719 4185 3877 4242 obti-

2279 4292 2538 4349 nuerant,
2570 4283 2848 4338 dimittere
2879 4291 2935 4335 et
2966 4281 3281 4352 imperatori
3326 4281 3611 4336 restituere
3645 4279 3874 4348 vellent,
3963 4315 3968 4319 ~

2277 4395 2402 4433 cum
2430 4395 2493 4431 ex
2515 4394 2608 4431 sua
2640 4375 2862 4430 eruendi
2894 4387 3077 4430 essent
3108 4383 3376 4445 potestate
3411 4374 3484 4440 (id
3519 4373 3664 4428 enim
3688 4375 3877 4428 Casar

2282 4471 2393 4542 ipse
2437 4470 2734 4540 quaerebat)
2768 4485 2865 4525 nec
2909 4470 3204 4540 imperator
3231 4469 3282 4525 id
3331 4484 3490 4541 agere
3533 4475 3773 4539 poterat,
3815 4476 3875 4523 ut

2354 4601 2501 4667 (258)
2533 4600 2759 4656 Videtur
2796 4608 2945 4656 totus
2984 4600 3086 4656 iste
3114 4599 3180 4656 de
3221 4598 3559 4654 investituris
3594 4596 3874 4654 discursus

2279 4672 2495 4729 efﬁctus
2535 4681 2585 4726 et
2614 4689 2899 4744 expressus
2929 4688 2992 4726 ex
3036 4681 3194 4744 tract.
3237 4670 3530 4744 Walrami',
3562 4669 3628 4744 de
3675 4670 3868 4744 eodem

2279 4739 2810 4822 zirgllniento_,_apud
2843 4743 3201 4822 Illyricumin
3229 4742 3478 4812 catalogo
3500 4740 3754 4805 testium,
3779 4739 3869 4822 qui

2279 4813 2428 4873 tofus
2475 4813 2839 4872 inadiﬁcatur
2889 4813 3524 4887 privilegiisununquam
3563 4813 3867 4879 concessis,

2275 4889 2368 4946 sed
2398 4888 2750 4960 supposititiis
2778 4895 2834 4943 et
2863 4883 3279 4960 commentitus.

2348 4953 2666 5030 (259')‘Non
2712 4966 2801 5013 est
2844 4954 3142 5030 universim
3189 4972 3409 5030 verum,
3457 4972 3590 5030 nam
3635 4953 3870 5030 carolus

2276 5026 2509 5109 Magnus
2535 5029 2884 5109 amplissimis
2906 5027 3110 5109 gpibus
3145 5027 3298 5083 auxit
3318 5045 3468 5109 enm
3509 5027 3643 5109 alias
3662 5026 3872 5109 .Ec‘cle-

2274 5098 2416 5169 sias',
2459 5111 2578 5157 tum
2621 5098 2860 5158 maxime
2906 5098 3248 5169 Romanam,
3272 5108 3336 5156 ut
3361 5099 3430 5155 de
3468 5098 3870 5168 antiquioribus

2275 5173 2446 5245 impp.
2479 5173 2619 5229 nihil
2651 5173 2846 5229 dicam.
2882 5241 2926 5245 Α
3153 5214 3164 5222 .
3205 5205 3222 5220 ι

2348 5240 2492 5316 (2⁷60)
2527 5245 2760 5299 Plurima
2803 5241 3023 5314 quidem
3064 5243 3305 5300 ecclesiis
3357 5240 3561 5316 donata
3620 5245 3752 5295 sunt
3777 5240 3869 5316 ab

2273 5311 2728 5383 imperatoribus,
2761 5311 2922 5372 etiam
2959 5316 3312 5382 immediate,
3349 5313 3446 5368 sed
3490 5329 3604 5368 non
3633 5311 3859 5376 omnia;

2277 5404 2454 5459 neque
2481 5389 2622 5443 ullus
2651 5389 2940 5444 catholica
2975 5388 3188 5459 pietatis
3221 5402 3414 5459 amans
3447 5384 3747 5459 imperator
3766 5391 3867 5459 aut

2275 5453 2523 5531 princeps
2567 5476 2630 5515 eo
2670 5459 2899 5515 consilio
2933 5453 3237 5516 Romanam
3272 5453 3576 5531 Ecclesium
3615 5458 3700 5531 vel
3733 5453 3866 5531 alias

2272 5525 2495 5614 ditavit,
2533 5540 2593 5586 ut
2751 5532 2986 5614 eligendi
3016 5541 3070 5587 et
3096 5529 3411 5614 investiendi
3426 5529 3713 5614 antistites
3760 5525 3860 5580 sibi

2274 5613 2516 5676 raperet,
2543 5601 2667 5676 quia
2700 5604 2805 5660 hoc
2829 5601 2924 5676 jus
2953 5620 3067 5660 non
3099 5602 3276 5667 laicis,
3303 5601 3397 5657 sed
3426 5601 3682 5657 Ecclesia
3710 5613 3862 5654 com-

2273 5675 2430 5747 petit.
2563 5675 2574 5676 “
2807 5701 2818 5714 -

2345 5750 2493 5817 (261)
2540 5748 2759 5804 Falsum
2779 5753 2826 5812 ξε
2846 5762 2977 5803 nam
3017 5759 3139 5817 qua
3182 5744 3482 5817 Gregorius
3513 5741 3720 5817 Caesari
3750 5739 3859 5817 eri:

2273 5811 2401 5890 pere
2420 5811 2696 5891 tentabat,
2722 5811 3001 5891 nunquam
3025 5811 3246 5891 fuerunt
3267 5811 3480 5888 imperii
3495 5813 3569 5872 de
3579 5815 3732 5889 jure,
3763 5811 3860 5870 sed

2274 5905 2371 5960 per
2396 5891 2505 5948 vim
2530 5899 2586 5947 et
2612 5890 2958 5968 illegitimam
2983 5890 3419 5962 usurpationem.
