4122 6180
260 257 356 307 173
1248 250 1778 307 PROLEGOMENA.
1822 282 1892 291 —
1928 254 2105 306 ACTA
2144 252 2201 306 S.
2243 251 2583 305 GREGORII.
3460 257 3557 309 173'

257 376 498 447 episcopi
526 373 843 446 eaimperio
870 372 1385 447 restituerent,quae
1415 376 1481 430 ab
1511 376 1854 448 imperatori-
1884 383 1931 444 Α
1966 377 2104 432 Fieri
2159 392 2288 447 ergo
2334 392 2443 431 non
2504 382 2716 446 poterat
2770 382 2861 442 ut,
2911 374 2953 429 si
3010 374 3129 446 quis
3186 378 3560 449 episcopatum

257 471 361 524 bus
382 486 501 524 non
524 478 589 524 ut
613 474 757 535 (262)
786 468 1050 541 episcopi,
1073 468 1167 524 sed
1199 476 1269 523 ut
1287 469 1584 540 imperialia
1618 470 1863 525 membra

260 565 642 619 obtinuerant.
679 565 731 618 Si
760 563 925 634 igitur
952 563 1309 634 praalatorum
1335 563 1645 635 designatio
1674 564 1742 619 ab
1765 565 1860 619 im-

258 666 517 730 peratore
556 656 890 722 auferretur,
922 664 977 711 et
1021 657 1227 727 praelati
1254 657 1553 713 retinerent
1582 658 1862 726 beneﬁcia,

259 758 311 805 et
360 751 487 816 alia,
519 766 641 821 quae
685 750 894 822 imperii
934 758 1058 804 ante
1105 749 1351 817 fuerant,
1386 754 1530 818 (263)
1565 751 1862 808 dimidium

260 845 479 915 imperii
509 843 736 899 omnino
754 843 823 898 ab
853 844 1181 915 imperatore
1202 844 1522 900 tollebatur.

335 936 558 996 Accedit
588 938 737 1008 quod
776 938 1015 992 maxime
1050 940 1325 993 Czesarem
1357 939 1613 1009 angebat,
1634 938 1786 1010 quod
1818 939 1864 994 si

262 1032 504 1103 episcopi
556 1032 875 1088 Germaniae
916 1040 971 1085 et
1002 1032 1197 1099 italiae,
1227 1048 1385 1098 _cum
1434 1032 1504 1086 ab
1528 1032 1863 1103 imperatore

257 1126 415 1181 electi
443 1134 502 1181 et
538 1124 774 1180 investiti
810 1133 1012 1193 essent,
1042 1125 1129 1180 vix
1160 1126 1215 1180 in
1247 1124 1431 1180 ofﬁcio
1463 1124 1734 1181 contineri
1764 1141 1863 1197 po-

258 1228 461 1285 terant,
495 1234 561 1274 ne
609 1226 800 1274 contra
826 1218 1002 1290 ipsum
1035 1219 1210 1274 varias
1235 1226 1289 1273 et
1328 1216 1651 1290 frequentes
1685 1219 1863 1275 rebel-

257 1312 433 1368 liones
465 1314 818 1377 molirentur,
874 1311 1007 1383 quid
1044 1312 1302 1383 deinceps
1365 1311 1562 1367 facturi
1591 1321 1791 1380 essent,
1822 1314 1864 1368 si

258 1408 491 1463 omnino
544 1422 607 1461 ex
664 1406 1007 1477 imperatoris
1064 1414 1332 1477 potestate
1383 1407 1523 1462 eruti
1553 1415 1609 1461 et
1649 1406 1861 1462 liberati

257 1510 459 1565 essent,
497 1510 554 1556 et
584 1501 640 1555 in
687 1500 926 1571 cujusvis
964 1502 1243 1567 Ecclesia,
1268 1501 1493 1572 capituli
1542 1500 1623 1556 vel
1648 1500 1863 1571 collegii

258 1602 534 1668 potestate
584 1602 728 1650 esset
770 1594 1122 1659 nobilissimi,
1175 1604 1231 1651 et
1256 1594 1619 1665 potentissimi
1659 1595 1864 1665 episco-

256 1694 435 1761 patus?
482 1689 784 1744 antistitem
839 1690 1153 1760 quempiam
1231 1688 1550 1757 imperatori
1645 1688 1861 1744 hostem

1971 470 2054 526 vel
2102 470 2374 525 abbatiam
2422 468 2648 539 adipisci
2688 469 2918 535 volebat,
2949 485 3073 525 eam
3115 470 3269 527 aliter
3297 488 3464 543 quam
3493 472 3562 527 ab

1968 564 2297 635 imperatore
2364 564 2655 634 acciperet,
2703 570 2758 619 et
2824 564 3126 634 praesertim
3164 564 3219 620 in
3266 565 3564 637 provinciis

1970 658 2198 728 imperio
2227 656 2500 727 subjectis.
2543 660 2589 711 E
2627 666 2841 721 contra,
2882 657 2925 712 si
2974 658 3096 729 quis
3122 657 3195 714 ita
3215 659 3285 715 ab
3325 659 3564 731 impera-

1968 761 2087 808 tore
2133 750 2504 807 sacerdotium
2554 752 2903 821 suscepisset,
2962 751 3147 807 statim
3202 751 3270 807 ab
3310 753 3565 825 episcopo

1970 850 2223 902 Romano
2262 843 2833 901 excommunicatione
2880 845 3210 913 notabatur;
3256 862 3422 917 quam
3466 846 3565 903 hoc

1970 940 2143 995 mines
2179 938 2282 994 hac
2338 946 2664 1009 tempestate
2720 938 2779 992 in
2835 946 3050 994 tantum
3098 940 3563 1010 timebant,utea

1972 1050 2077 1089 una
2108 1034 2377 1105 praecipue
2408 1032 2646 1088 Romani
2678 1031 2965 1103 pontiﬁces
2997 1032 3205 1101 omnia,
3247 1049 3369 1105 quae
3413 1035 3565 1091 desi-

1969 1127 2251 1191 derabant,
2309 1143 2367 1183 se
2412 1125 2637 1182 tandem
2686 1126 2947 1197 consequi
2986 1142 3143 1197 posse
3198 1143 3311 1183 non
3338 1128 3561 1185 dubita-

1971 1222 2100 1277 rint.
2134 1220 2293 1292 Quod
2343 1220 2507 1276 etiam
2536 1220 2640 1275 illis
2666 1236 2730 1275 ex
2762 1229 2909 1287 voto,
2940 1234 3253 1292 quanquam
3294 1238 3407 1278 non
3444 1222 3567 1278 sine

1971 1316 2221 1389 periculis
2274 1325 2327 1370 et
2390 1314 2825 1381 difﬁcultatibus,
2883 1322 3163 1387 postremo
3226 1316 3409 1372 cessit.
3467 1317 3568 1373 Vix

1971 1410 2117 1466 enim
2170 1410 2238 1465 ab
2286 1410 2350 1465 iis
2379 1409 2631 1475 devotus,
2674 1408 2870 1464 alicubi
2898 1408 3108 1465 diutino
3148 1418 3393 1481 tempore
3431 1426 3568 1466 con‘

1972 1504 2163 1559 sistere
2239 1511 2473 1575 poterat,
2543 1503 2801 1559 omnibus
2855 1519 3003 1570 eum,
3044 1512 3312 1576 tanquam
3357 1513 3569 1577 pestem

1973 1598 2266 1669 publicam,
2318 1598 2672 1665 evitantibus,
2730 1596 3293 1670 existimantibusque,
3354 1600 3398 1654 si
3441 1615 3567 1655 cum

1972 1692 2448 1749 excommunicato
2477 1699 2725 1763 agerent,
2748 1707 2808 1747 se
2835 1692 3025 1747 statim
3047 1692 3194 1748 vivos
3226 1702 3387 1749 teme
3416 1692 3569 1751 hiatu

256 1784 592 1840 awrrimum
614 1784 834 1855 eligere,
856 1783 950 1854 qui
980 1783 1243 1839 maximae
1274 1782 1490 1854 imperii
1510 1783 1684 1838 ruinae
1702 1798 1864 1838 causa
1898 1773 1942 1833 Β
1974 1785 2371 1843 absorbendos.

254 1878 457 1934 deinde
488 1886 635 1933 esset
654 1877 801 1946 (264)
820 1881 842 1931 ξ’

324 1974 431 2028 Hae
469 1972 637 2044 igitur
667 1986 847 2027 causae
888 1979 1034 2038 sunt,
1069 1986 1191 2042 quae
1235 1972 1511 2027 Caesarem
1553 1979 1609 2026 et
1636 1978 1862 2026 caeteros

254 2068 426 2122 laicos
464 2066 742 2138 principes
769 2080 941 2137 quam
972 2064 1210 2120 maxime
1250 2065 1511 2120 adversus
1541 2064 1858 2136 pontiﬁcem

254 2168 723 2225 commoverunt,
753 2158 970 2231 imperii
996 2160 1144 2213 enim
1166 2158 1247 2213 vel
1265 2159 1491 2213 omnino
1508 2157 1752 2226 tollendi,
1777 2159 1857 2212 vel

252 2257 305 2311 in
332 2264 666 2327 perpetuum
705 2252 1014 2309 stabiliendi
1041 2268 1204 2308 causa
1235 2261 1369 2308 tunc
1395 2253 1634 2308 maxime
1664 2260 1861 2307 tracta-

250 2349 436 2405 batur.
474 2351 660 2405 Caesar
684 2347 831 2403 enim
860 2346 1070 2417 imperii
1091 2346 1238 2418 jura,
1273 2354 1327 2401 et
1358 2363 1420 2402 ea
1452 2346 1677 2417 quidem
1705 2362 1858 2402 sum-

252 2460 341 2500 ma
372 2442 621 2499 omnino.
656 2441 816 2509 tueri,
872 2456 1008 2512 papa
1057 2456 1182 2497 vero
1214 2441 1477 2497 Ecclesia)
1524 2441 1857 2507 libertatem,

256 2538 405 2593 nulla
453 2536 761 2606 imperialis
827 2534 1024 2591 excidii
1082 2536 1297 2591 ratione
1363 2535 1568 2601 habita,
1622 2551 1864 2591 asserere

256 2630 499 2696 volebat,
534 2629 826 2701 indignum
868 2645 986 2685 esse
1021 2630 1307 2685 clamitans
1344 2645 1373 2684 a
1404 2645 1573 2684 manu
1614 2629 1744 2684 laiea
1774 2646 1863 2685 sa-

257 2726 520 2781 cerdotes
573 2725 784 2791 creari,
843 2739 1164 2795 quanquam
1210 2722 1265 2779 id
1321 2739 1418 2793 per
1447 2730 1721 2779 trecentos
1754 2724 1865 2779 fere

258 2834 515 2893 annosa
549 2817 726 2874 Caroli
766 2818 949 2889 Magni
980 2823 1227 2888 tempore
1272 2817 1415 2887 (265)
1457 2816 1561 2872 sub
1589 2817 1865 2889 sexaginta

260 2924 311 2969 et
341 2930 414 2969 eo
433 2912 673 2983 amplius
696 2911 965 2967 Romanis
988 2910 1331 2982 pontiﬁcibus
1348 2918 1669 2981 usurpatum
1699 2919 1863 2967 esset.

260 3008 513 3063 Maxime
543 3005 708 3077 igitur
737 3005 1060 3076 imperatori
1092 3003 1454 3061 laborandum
1490 3013 1625 3070 erat,
1650 3020 1718 3060 ne
1747 3004 1866 3061 haec

259 3102 481 3157 decreta
536 3107 766 3171 starent,
830 3100 875 3154 si
942 3098 1155 3171 imperii
1201 3097 1345 3170 jura,
1394 3099 1506 3153 imo
1568 3098 1859 3169 imperium

2041 1883 2104 1935 In
2155 1880 2413 1936 maximis
2458 1880 2615 1953 ergo‘
2646 1878 2913 1951 angustiis
2956 1887 3011 1935 et
3034 1880 3453 1951 calamitatibus,
3478 1882 3569 1938 ni-

1968 1975 2201 2046 miisque
2235 1975 2507 2046 pressuris
2536 1974 2742 2045 praelati
2798 1974 3059 2030 Ecclesiae
3105 1983 3236 2031 tunc
3289 1976 3570 2033 constituti

1971 2078 2150 2139 erant,
2192 2070 2356 2137 adeo,
2392 2078 2457 2125 ut
2483 2069 2645 2125 multi
2683 2068 2864 2141 potius
2915 2068 3176 2141 elegerint
3209 2069 3571 2141 dignitatibus

1972 2165 2189 2230 cedere,
2244 2179 2409 2236 quam
2438 2164 2519 2218 vel
2564 2163 2617 2218 in
2662 2162 3007 2235 imperatoris
3036 2162 3494 2235 indignationem,
3526 2164 3570 2221 si

1972 2260 2039 2314 ab
2088 2274 2154 2315 eo
2194 2258 2563 2327 investituras,
2614 2257 2761 2328 quod
2797 2257 2902 2313 alia
2932 2257 3144 2313 ratione
3182 2258 3297 2313 ﬁeri
3332 2274 3445 2315 non
3477 2275 3571 2331 po-

1971 2361 2132 2422 terat,
2162 2368 2273 2408 non
2298 2353 2662 2424 susciperent,
2703 2351 2786 2407 vel
2818 2352 2874 2406 in
2914 2353 3568 2421 excommunicationem,

1972 2448 2014 2501 si
2054 2452 2461 2519 acceptassent,
2506 2447 2805 2512 incurrere,
2836 2444 2905 2500 ab
2936 2445 3297 2517 omnibusque
3332 2446 3571 2504 ludibrio

1973 2539 2183 2608 haberi,
2216 2548 2271 2595 et
2300 2556 2397 2611 pro
2442 2540 2620 2611 impiis
2679 2548 2733 2594 et
2784 2538 3110 2595 facinorosis
3151 2541 3413 2613 reputari.
3454 2542 3569 2597 Ca2-

1972 2649 2059 2689 sar
2096 2650 2313 2706 quoque
2350 2635 2488 2705 ipse,
2537 2634 2811 2705 multique
2836 2634 2923 2689 alii
2956 2634 3250 2706 principes,
3278 2644 3332 2690 et
3361 2635 3571 2706 praelati

1973 2727 2210 2793 fuerunt,
2241 2728 2333 2799 qui
2365 2728 2603 2783 Romani
2635 2725 2908 2799 pontiﬁcis
2936 2727 3261 2795 anathema,
3308 2736 3569 2800 tanquam

1974 2822 2220 2893 iniquum
2261 2829 2317 2876 et
2344 2820 2643 2893 injustam,
2676 2830 2730 2876 et
2762 2829 2961 2891 praeter
2986 2822 3131 2891 leges
3159 2820 3385 2887 factum,
3430 2836 3572 2879 con-

1976 2915 2326 2981 temnebant,
2382 2914 2623 2985 aliosque
2676 2922 3027 2969 contemnere
3084 2912 3486 2984 persuadebant
3523 2924 3577 2971 et

1974 3008 2260 3079 cogebant.
2306 3008 2642 3079 Populorum
2675 3015 2864 3063 tamen
2901 3005 3226 3075 multitudo,
3257 3016 3311 3063 et
3336 3006 3571 3063 maxima

1970 3101 2277 3173 principum
2341 3110 2453 3156 tam
2522 3101 2789 3157 laicorum
2848 3117 3018 3173 quam
3071 3099 3572 3157 ecclesiasticorum

261 3197 443 3266 ipsum
476 3194 695 3250 salvum
723 3209 842 3249 esse
870 3194 1060 3260 vellet,
1093 3192 1244 3265 quod
1285 3191 1554 3264 ejusmodi
1585 3193 1870 3264 papalibus
1900 3162 1945 3227 (ἶ
1977 3212 2119 3269 pars,
2161 3195 2790 3252 excommunicationem
2835 3210 2988 3268 papae
3037 3195 3277 3251 maxime
3312 3196 3571 3251 vereban-

261 3288 459 3345 edictis
514 3289 703 3359 procul
767 3286 935 3344 dubio
998 3286 1383 3357 dissipandum
1434 3302 1550 3343 csse
1590 3286 1869 3342 existima-

268 3383 365 3439 bat
384 3388 561 3450 (266).
1770 3438 1771 3441 η

336 3474 591 3532 Pontifex
640 3474 808 3531 etiam
866 3474 1153 3546 episcopos
1208 3474 1379 3547 (267),
1436 3474 1665 3530 abbates
1715 3483 1870 3531 caete-

264 3585 471 3642 rosque
495 3570 752 3641 praelatos
787 3568 961 3639 prima
990 3568 1091 3624 hac
1125 3568 1305 3625 fronte
1338 3569 1424 3624 his
1454 3567 1872 3624 constitutioni-

262 3665 370 3721 bus
419 3680 535 3719 non
576 3662 765 3719 minus
815 3662 921 3719 sibi
961 3662 1186 3718 infestos
1220 3662 1479 3730 reddidit,
1508 3678 1674 3734 quam
1704 3662 1871 3733 impe-

264 3768 512 3814 ratorem
554 3758 733 3829 ipsum
766 3776 780 3812 :
812 3756 1011 3828 quibus
1054 3772 1273 3813 necesse
1303 3766 1439 3824 erat,
1468 3766 1563 3812 aut
1593 3756 1871 3828 episcopa-

267 3853 420 3908 tibus
479 3866 668 3907 carere
739 3860 793 3907 et
843 3850 1093 3917 abbatiis,
1148 3860 1246 3906 aut
1318 3850 1871 3909 excommunicationi

268 3947 559 4017 subiacere
610 3964 624 4002 :
681 3952 777 4000 aut
835 3944 1179 4015 episcOpatus
1229 3952 1284 4000 et
1314 3944 1559 4000 abbatias
1607 3944 1675 4001 de
1703 3959 1874 3999 manu

266 4039 622 4112 imperatoris
667 4039 960 4109 suscipere.
1005 4037 1164 4108 Quod
1216 4038 1361 4093 enim
1415 4047 1545 4093 tunc
1580 4038 1873 4109 collegium

266 4136 351 4189 vel
410 4134 716 4206 capitulum
765 4132 992 4188 auderet
1043 4139 1234 4188 contra
1297 4141 1412 4187 tam
1465 4140 1705 4188 veterem
1742 4147 1873 4187 con-

265 4226 633 4283 suetudinem
680 4230 852 4294 (268),
899 4236 983 4283 tot
1010 4226 1224 4282 sarculis
1262 4228 1538 4294 coalitam,
1574 4236 1627 4282 et
1656 4242 1876 4297 semper

266 4330 597 4394 usurpatam
624 4321 682 4376 in
704 4320 885 4377 locum
905 4320 1187 4377 demortui
1219 4320 1511 4391 pontiﬁcis,
1544 4320 1626 4375 vel
1662 4320 1875 4375 abbatis

266 4432 481 4473 novum
535 4414 869 4471 constituere
918 4416 1233 4486 praesulem,
1292 4415 1625 4485 imperatore
1678 4422 1875 4486 poten-

1977 3299 2098 3357 tur;
2126 3290 2245 3357 vel,
2277 3288 2429 3360 quod
2466 3306 2525 3344 re
2558 3290 2672 3361 ipsa
2708 3289 3014 3357 sentirent;
3046 3289 3151 3360 vel,
3182 3289 3238 3344 in
3280 3289 3575 3360 imperato-

1977 3385 2050 3439 ris
2080 3383 2291 3449 odium,
2326 3383 2420 3454 qui
2474 3399 2502 3437 a
2528 3383 2719 3438 multis
2757 3383 3070 3439 Germaniae
3122 3382 3477 3453 principibus,
3519 3392 3576 3439 et

1978 3476 2278 3549 praesertim
2309 3475 2636 3544 Saxonibus,
2665 3491 2803 3547 quos
2853 3484 2914 3530 ut
2956 3475 3185 3531 rebelles
3222 3477 3405 3532 Caesar
3454 3478 3573 3548 ipse

1974 3570 2348 3642 frequentibus
2398 3569 2551 3626 bellis
2605 3569 2912 3637 attriverat,
2944 3569 3145 3642 ingenti
3175 3568 3303 3625 odio
3330 3568 3574 3626 habeba-

1976 3674 2085 3721 tur.
2120 3668 2204 3721 lta
2256 3664 2405 3720 enim
2453 3672 2580 3720 sunt
2609 3665 3016 3720 Germanorum
3066 3663 3371 3736 principum
3402 3663 3566 3720 animi

1978 3760 2157 3829 (269),
2178 3767 2239 3814 ut
2267 3774 2379 3814 non
2424 3758 2525 3813 nisi
2556 3758 2748 3824 coacti,
2781 3757 3093 3829 imperatori
3134 3774 3165 3813 a
3203 3773 3262 3814 se
3288 3758 3460 3814 electo
3486 3774 3576 3831 pa-

1979 3870 2097 3909 rere
2120 3852 2307 3919 velint,
2336 3852 2493 3908 avitae
2524 3851 2739 3907 tuendae
2770 3851 3033 3907 libertatis
3062 3850 3381 3907 avidissimi.

2052 3947 2372 4019 Hocigitur
2416 3962 2570 4019 papa)
2612 3945 2833 4001 decreto
2882 3961 3049 4017 quam
3088 3944 3330 4002 maxime
3361 3944 3575 4001 incitati

1981 4049 2109 4097 sunt
2160 4040 2545 4111 episcoporum
2576 4039 2894 4096 Germaniae
2950 4047 3004 4094 et
3034 4039 3203 4095 Italia:
3241 4038 3444 4107 animi;
3489 4039 3577 4095 cui

1982 4150 2107 4189 cum
2141 4134 2439 4205 imperator
2493 4134 2638 4189 nulla
2688 4133 2896 4188 ratione
2958 4132 3344 4205 obtemperare
3375 4132 3579 4200 vellet,

1983 4243 2119 4299 papa
2169 4227 2472 4300 Gregorius
2518 4234 2630 4282 tam
2682 4226 2753 4281 ob
2792 4226 2931 4281 hanc
2979 4242 3223 4293 causam,
3283 4242 3449 4297 quam
3503 4226 3574 4281 ob

1984 4337 2107 4377 eam
2168 4321 2547 4389 rebellionem,
2600 4336 2767 4391 quam
2824 4329 2947 4392 post
2977 4321 3217 4392 primam
3270 4336 3482 4393 pacem,
3527 4327 3584 4376 et

1984 4414 2388 4470 absolutionem
2454 4415 2807 4486 impetratam
2858 4414 3082 4483 fecerat,
3132 4423 3185 4469 et
3254 4413 3359 4468 alia
3411 4414 3585 4469 multa

269 4510 491 4567 tissimo
546 4508 899 4566 inconsulto?
961 4512 1105 4564 Nam
1148 4517 1203 4564 et
1262 4508 1543 4581 eligentes,
1583 4516 1638 4564 et
1664 4508 1871 4565 electus
1902 4535 1949 4597 Β
1981 4508 2228 4575 crimina,
2282 4509 2350 4564 de
2406 4509 2601 4580 quibus
2650 4524 2679 4562 a
2716 4507 3022 4563 Saxonibus
3064 4506 3208 4579 apud
3265 4506 3581 4579 pontiﬁcem

262 4605 495 4660 antistes
534 4619 645 4660 non
678 4604 859 4661 solum
893 4604 1032 4659 votis
1061 4605 1176 4658 uis
1213 4602 1371 4673 potiri
1402 4619 1511 4659 non
1544 4603 1865 4674 potuissent,

274 4698 373 4755 sed
415 4705 473 4753 et
530 4698 811 4754 temerarii
861 4713 1025 4754 ausus
1084 4696 1273 4753 statim
1348 4712 1533 4768 paenas
1556 4695 1866 4767 imperatori

273 4794 531 4849 luissem.
568 4794 681 4847 Aut
727 4791 852 4863 quis
879 4792 1170 4863 episcopus
1217 4790 1303 4845 vel
1340 4790 1528 4856 abbas,
1558 4804 1873 4861 quanquam

269 4896 384 4944 tute
407 4888 533 4958 eligi
558 4901 588 4940 a
632 4901 743 4941 sum
770 4886 1027 4942 l-lcclesizc
1070 4885 1302 4956 collegio
1332 4884 1617 4956 potuisset,
1660 4891 1715 4939 et
1742 4898 1876 4955 prai-

271 4990 354 5037 ter
404 4981 759 5052 imperatoris
797 4980 1158 5049 sententiam,
1190 4978 1565 5035 sacerdotium
1595 4992 1878 5033 assumere

272 5082 493 5144 posset,
529 5073 616 5128 vel
668 5073 919 5143 auderet,
960 5073 1053 5147 qui
1082 5074 1270 5130 statim
1300 5089 1331 5128 a
1371 5088 1467 5129 sua
1497 5072 1644 5140 sede,
1674 5071 1779 5127 alio
1807 5070 1877 5127 ab

270 5169 610 5241 imperatore
625 5168 946 5241 subrogato,
975 5178 1186 5225 armata
1203 5184 1368 5241 manu
1393 5165 1691 5239 ejiciendus
1712 5170 1877 5222 esset?

346 5356 493 5419 (262)
529 5355 675 5421 Imo,
710 5361 767 5406 ut
806 5352 1043 5422 episcopi
1066 5368 1125 5407 ea
1157 5352 1525 5407 obtinuerant.

347 5423 672 5505 (263).Nihll
700 5421 918 5505 penitus
947 5421 1174 5505 imperio
1195 5424 1449 5505 debitum
1490 5421 1875 5505 auferebatur;

275 5494 397 5565 quia
420 5495 664 5566 episcopi
687 5495 991 5550 manebant
1012 5494 1229 5566 imperii
1250 5495 1518 5560 membra,
1550 5495 1793 5558 tametsi,
1816 5503 1878 5550 ut

275 5566 539 5637 episcopi,
558 5583 668 5622 non
701 5567 1090 5623 investirentur
1126 5568 1193 5623 ab
1221 5567 1569 5639 imperatore.

348 5640 496 5705 (264')
526 5638 670 5693 Huic
700 5639 1060 5695 incommodo
1090 5638 1301 5694 occurri
1352 5649 1551 5710 potest,
1576 5640 1724 5694 salvo
1768 5640 1871 5692 Ec-

273 5710 456 5784 clesia:
493 5710 642 5784 jure,
693 5719 749 5784 et
770 5711 1002 5784 absque
1034 5712 1169 5784 ulla,
1193 5726 1315 5784 quae
1341 5718 1473 5766 tunc
1508 5712 1756 5784 vigebat,
1788 5710 1876 5765 Si-

275 5781 531 5835 moniaca
556 5780 945 5838 beneﬁciorum
972 5780 1393 5839 nundinatione.

351 5858 502 5921 {265)
528 5854 659 5909 Haec
688 5861 815 5911 sunt
840 5853 1130 5925 Sigeberti,
1157 5869 1268 5911 non
1296 5854 1561 5911 veritatis.

1981 4602 2197 4659 delatus
2223 4602 2422 4670 fuerat,
2472 4603 2652 4674 ipsum
2701 4605 2976 4659 Caesarem
3025 4600 3203 4657 denuo
3262 4600 3581 4673 gravissimo

1977 4696 2325 4753 anathemate
2370 4703 2622 4752 notatum
2665 4696 2896 4767 imperio
2942 4695 3196 4766 privavit;
3247 4694 3583 4752 ltodulfum-

1990 4806 2120 4862 que,
2160 4792 2251 4863 qui
2275 4799 2464 4845 contra
2494 4805 2621 4846 eum
2657 4791 2934 4862 Augustus
2960 4789 3028 4845 ab
3059 4789 3268 4861 aliquot
3288 4789 3586 4846 Germanis

1985 4884 2320 4956 principibus
2372 4894 2585 4939 creatus
2629 4884 2687 4938 in
2724 4883 3019 4939 schismate
3050 4882 3253 4951 fuerat,
3298 4884 3587 4940 conﬁrma-

1984 4978 2079 5045 vit,
2110 4986 2163 5033 et
2188 4993 2381 5034 omnes
2410 4978 2478 5033 ab
2522 4978 2747 5034 Henrici
2770 4986 3115 5033 sacramento
3144 4978 3379 5035 absolvit
3405 4997 3417 5033 :
3447 4978 3583 5035 Gui-

1986 5072 2321 5145 bertumque
2384 5073 2860 5145 archiepiscOpum
2934 5074 3311 5128 Ravennatem
3384 5074 3583 5143 praeci-

1987 5182 2160 5237 puum
2191 5167 2536 5239 imperatoris
2589 5167 2849 5236 amicum,
2906 5166 3219 5223 sacerdotio
3258 5166 3578 5235 multatum,

2060 5352 2204 5422 (266)
2240 5350 2344 5432 Sed
2382 5351 2571 5432 male:
2622 5365 2755 5432 nam
2782 5349 3094 5432 imperium
3149 5348 3589 5422 non'dissipatur

1986 5422 2399 5479 conservatione
2430 5422 2570 5494 juris
2601 5422 2977 5494 ecclesiastici.

2061 5496 2209 5566 (267)
2242 5491 2605 5562 Simoniacos,
2628 5494 2719 5566 qui
2750 5493 3013 5550 beneﬁcia
3044 5491 3405 5550 ecclesiastica
3438 5510 3585 5551 cme-

1988 5576 2129 5622 rant.

2063 5636 2203 5707 (268)
2231 5638 2407 5705 Quam
2437 5653 2565 5693 vero
2590 5639 2775 5693 vetus!

2060 5706 2215 5775 (269')
2241 5708 2564 5791 Imperatori
2594 5715 2791 5791 sponte
2826 5723 2923 5765 sua
2953 5713 3145 5780 parent
3164 5706 3451 5774 Germani;
3500 5713 3584 5777 ty-

1988 5796 2160 5840 ranno
2188 5796 2307 5839 non
2335 5788 2442 5837 nisi
2465 5788 2660 5837 coacti.
