4138 6190
490 300 497 313 μ
541 260 638 315 175

1761 252 1817 306 S.
1858 247 2242 306 GREGOBIUS
2278 248 2367 301 Vll
2406 248 2605 303 PAPA.

3730 246 3829 299 176

537 400 602 441 ac
662 385 949 457 plerosque
1008 378 1146 441 alios
1194 381 1498 453 episcOpos,
1564 375 2000 448 archiepiscopos
2071 381 2127 429 et
2154 376 2208 440 Α
2236 374 2584 439 manifestum
2624 374 3094 440 necromanticum,
3120 372 3411 442 pythonico
3454 371 3649 440 spiritu
3679 364 3834 422 labo-

534 478 780 547 abbates,
807 478 900 551 qui
929 475 1149 533 Henrici
1180 487 1400 529 causam
1426 469 1746 538 tuebantur,
1776 468 1981 542 passim
2030 482 2124 523 ex—

542 568 980 629 communicavit.
1027 569 1162 637 Qua
1217 565 1421 631 omnia,
1478 579 1609 620 cum
1664 563 1731 619 ad
1776 559 2127 634 imperatoris

535 679 723 721 aurem
753 662 1149 735 pervenissent,
1161 659 1317 716 valde
1330 658 1540 726 timuit,
1555 656 1936 729 pontiﬁcisque
1950 652 2127 710 auda-

410 768 425 772 ‘
534 757 675 813 ciam
698 756 837 827 (270)
862 754 1088 823 veritus,
1098 753 1292 810 statuit
1312 751 1599 808 hominem
1616 749 1935 823 pravenire,
1957 763 2126 821 quem

536 848 754 905 videbat
777 855 922 916 totas
970 847 1111 904 vires
1136 862 1264 903 suas
1317 860 1384 901 eo
1409 843 1664 916 dirigere,
1712 851 1777 900 ut
1810 858 1869 898 se
1897 841 2126 912 imperio

516 942 839 1013 privatum,
888 940 945 997 in
993 939 1245 998 ordinem
1305 946 1526 1011 cogeret
1568 942 1745 1005 (271),
1801 934 2127 1007 imperiique

532 1035 899 1107 majestatem,
942 1041 1000 1090 et
1041 1034 1166 1106 jura
1215 1032 1449 1089 omnino
1505 1038 1795 1087 everteret.
1841 1030 1950 1085 Pro
1975 1036 2126 1085 certo

531 1127 703 1185 etiam
728 1127 939 1184 sciebat
964 1141 1162 1198 papam
1194 1124 1373 1197 ipsum
1402 1124 1547 1181 hosti
1584 1139 1686 1180 suo
1722 1121 1967 1179 Rodnll'o
1986 1138 2127 1178 con-

530 1221 862 1278 stantissime
911 1220 1222 1285 adharere;
1282 1233 1342 1275 se
1388 1233 1605 1292 quoque
1651 1216 1722 1273 ob
1760 1214 2010 1283 frivolas,
2066 1224 2131 1272 ut

532 1314 648 1386 ipse
685 1312 924 1381 dicebat,
968 1327 1159 1369 causas
1202 1310 1743 1368 excommunicatum
1774 1309 2125 1381 querebatur.

537 1410 727 1478 Ipsum
770 1405 957 1478 itaque
1008 1405 1328 1478 pontiﬁcatu
1345 1447 1360 1474 ,
1414 1404 1520 1462 alio
1588 1402 1822 1461 suffecto
1842 1443 1860 1471 ,
1921 1403 2128 1474 privare

536 1500 764 1556 omnino
792 1499 1100 1556 constituit.

604 1593 778 1666 Igitur
804 1592 1002 1649 eodem
1033 1607 1211 1660 anno,
1269 1592 1362 1664 qui
1418 1592 1610 1649 salutis
1652 1598 1769 1648 erat
1806 1596 1977 1660 1080,
2014 1589 2127 1647 duo

535 1694 725 1743 contra
750 1685 1082 1759 Gregorium
1136 1700 1335 1760 papam
1365 1686 1595 1756 concilia
1633 1686 1689 1741 in
1715 1684 2009 1741 Germania
2034 1699 2127 1739 ce-

539 1778 783 1837 lebravit.
812 1779 1063 1836 Primum
1078 1779 1381 1852 Moguntia
1404 1781 1460 1835 in
1487 1783 1805 1835 Pentecoste
1831 1793 1972 1846 nx,
2002 1778 2130 1833 alte-

535 1888 662 1930 rum
693 1888 820 1930 vero
852 1872 910 1929 in
938 1873 1152 1930 Italiam
1176 1872 1396 1929 veniens
1437 1872 1677 1929 Brixina
1697 1876 1840 1938 (272)
1874 1871 1933 1927 in
1961 1871 2125 1927 Nori-

534 1967 636 2034 cis,
661 1982 791 2024 xxx
814 1967 1216 2039 episcoporum.
1244 1967 1435 2038 In'quo
1473 1969 1636 2022 etiam
1659 1964 1947 2022 adfuerant
1972 1964 2129 2037 prin-

535 2059 682 2131 cipes
719 2059 839 2117 laici
860 2075 1070 2124 omnes,
1100 2059 1192 2132 qui
1235 2059 1589 2132 imperatoris
1624 2074 1852 2116 causam
1892 2057 2128 2115 tueban-

536 2160 647 2220 tur,
676 2168 793 2210 non
837 2152 1019 2209 solum
1063 2152 1402 2221 Germania,
1451 2153 1545 2208 sed
1587 2152 1755 2209 etiam
1793 2151 1979 2208 Italia.
2014 2150 2128 2207 Ubi

536 2261 605 2301 ex
643 2245 990 2317 imperatoris
1033 2244 1359 2302 auctoritate
1383 2245 1557 2302 factus
1593 2254 1673 2302 est
1696 2244 1947 2301 omnium
1992 2260 2131 2301 con-

536 2353 732 2395 sensus
759 2338 1019 2396 adversus
1048 2354 1245 2411 papam
1285 2338 1723 2396 Hildebrandum
1747 2358 1763 2406 ;
1790 2352 1953 2410 quem
1982 2353 2133 2408 pseu-

536 2434 925 2488 domonachum
937 2435 1215 2502 totiusque
1224 2434 1461 2486 vesania:
1472 2434 1795 2507 pestiferum
1807 2433 2128 2503 principem,

540 2530 592 2581 et
621 2529 891 2597 praecipue
912 2530 1110 2582 sancta
1127 2527 1270 2582 sedis
1288 2529 1589 2582 invasorem
1616 2541 1727 2582 esse
1759 2524 2128 2593 afﬁrmantes,

538 2618 609 2677 ab
631 2619 930 2692 apostolica
956 2618 1089 2676 sede
1112 2619 1522 2691 depellendum,
1561 2635 1878 2692 quanquam
1915 2618 2129 2676 inaudi-

535 2721 739 2771 tum-et
782 2712 1087 2781 absentem,
1119 2712 1530 2786 judicaverunt;
1569 2722 1626 2769 et
1671 2728 1735 2770 ex
1785 2712 2130 2785 imperatoris

460 2858 467 2861 γ
537 2808 816 2864 voluntate
847 2806 1179 2864 Guibertum
1223 2806 1699 2881 archiepiscopum
1748 2809 2129 2864 Ravennatem

532 2900 632 2972 ipsi
658 2898 1071 2972 subrogandum
1095 2901 1400 2973 elegerunt.

607 2992 917 3051 Maximum
976 2992 1106 3051 hinc
1143 2993 1548 3051 discordiarum
1582 2993 1798 3052 initium
1851 3003 2128 3062 exortum,

534 3103 702 3160 quem
727 3087 966 3144 electum
1002 3094 1117 3143 tam
1143 3101 1241 3142 rex
1264 3087 1560 3152 Henricus,
1581 3102 1748 3157 quam
1766 3103 1962 3144 omnes
1980 3087 2131 3159 prin-

533 3180 705 3252 cipes,
727 3188 785 3237 et
812 3179 1055 3251 episcopi
1082 3178 1240 3249 proni
1261 3178 1318 3234 in
1342 3186 1545 3234 terram
1561 3178 1931 3235 adoraverunt
1957 3180 2126 3250 (273).

536 3272 675 3344 Ejus
722 3287 891 3344 porro
957 3270 1185 3337 decreti,
1236 3286 1347 3343 quo
1410 3271 1469 3327 in
1530 3272 1764 3329 concilio
1837 3273 2127 3330 Brixinen-

532 3364 580 3422 si
632 3363 874 3436 episcopi
902 3363 1156 3421 factionis
1185 3365 1540 3423 Henriciana
1578 3367 1952 3438 pontiﬁcatum
1986 3370 2124 3425 Gre-

533 3457 687 3530 gorio
708 3460 809 3515 VII
825 3456 1180 3531 abrogarunt,
1198 3458 1476 3515 conclusio
1492 3458 1612 3515 hac
1630 3458 1733 3516 fuit
1757 3480 1771 3515 :
1791 3459 1941 3532 (274)
1966 3463 2127 3530 Quia,

536 3550 815 3624 inquiunt,
854 3553 1011 3608 illum
1042 3556 1249 3608 constat
1283 3568 1391 3607 non
1430 3570 1466 3607 a
1508 3557 1614 3609 Deo
1636 3554 1875 3618 electum,
1905 3556 1998 3611 sed
2016 3573 2051 3612 ιι
2074 3572 2129 3611 se

536 3648 649 3715 ipso
669 3647 728 3699 in
747 3646 968 3713 fraude,
991 3650 1041 3700 et
1064 3648 1297 3715 pecunia
1328 3647 1820 3716 imprudentissime
1846 3648 2125 3718 objeetum,

536 3741 636 3807 qui
665 3738 1072 3793 ecclesiasticum
1112 3739 1375 3794 subvertit
1409 3740 1679 3804 ordinem,
1715 3743 1813 3811 qui
1838 3742 2133 3798 Christiani

535 3832 755 3901 imperii
773 3831 1125 3901 perturbavit
1142 3847 1387 3901 regnum,
1418 3836 1516 3903 qui
1534 3836 1655 3903 regi
1671 3836 1926 3890 catholico
1945 3853 2008 3889 ac
2020 3852 2129 3905 pa-

535 3926 681 3993 ciﬁca
699 3925 933 3994 corporis
954 3929 1005 3979 et
1034 3928 1210 3979 animi
1223 3928 1457 3983 intentat
1475 3932 1719 3990 mortem,
1733 3930 1829 3996 qui
1842 3929 2128 3997 perjurum

535 4017 787 4085 defendit
813 4033 1012 4087 regem,
1041 4021 1141 4088 qui
1160 4020 1307 4074 inter
1325 4020 1598 4075 concordes
1613 4023 1899 4077 seminavit
1922 4022 2128 4076 discor-

534 4111 703 4174 diam,
741 4113 885 4166 inter
898 4113 1145 4181 paciﬁcos
1174 4113 1312 4179 lites,
1342 4115 1480 4168 inter
1507 4114 1708 4181 fratres
1735 4115 2015 4183 scandala,
2047 4117 2131 4170 in-

536 4208 622 4261 ter
644 4204 891 4274 conjuges
918 4204 1267 4269 discordiam,
1293 4209 1344 4261 et
1366 4206 1641 4276 quidquid
1662 4210 1839 4278 quiete
1862 4210 2006 4263 inter
2036 4211 2129 4281 pie

534 4299 769 4353 viventes
808 4302 955 4354 stare
980 4298 1287 4368 videbatur,
1314 4302 1576 4356 conclusit
1592 4319 1608 4355 :
1625 4316 1740 4365 nos,
1764 4306 1977 4357 auctore
1999 4306 2126 4366 Deo,

535 4394 837 4461 congregati
863 4394 923 4446 in
957 4408 1146 4457 unum,
1192 4394 1387 4462 legatis
1412 4398 1465 4448 et
1501 4394 1701 4449 litteris
1728 4396 1864 4463 freti
1879 4410 1991 4452 xxx
2019 4398 2132 4466 epi-

2157 1735 2204 1797 Β

2234 471 2468 534 rantem,
2499 470 2551 522 et
2573 466 2771 521 idcirco
2809 483 2845 520 α
2870 481 2999 521 vera
3031 466 3138 535 fide
3176 465 3585 526 exorbitantem,
3611 462 3837 531 judico:

2233 575 2352 615 mus
2378 562 2625 615 canonice
2652 560 3023 630 deponendum
3050 564 3103 613 et
3123 559 3523 629 eapellendum;
3555 560 3606 611 et
3630 557 3745 611 nisi
3759 556 3832 610 ab

2234 656 2355 724 ipsa
2391 655 2531 717 sede,
2562 654 2646 708 his
2661 655 2889 717 auditis,
2913 654 3262 717 descenderit,
3288 654 3350 707 in
3367 656 3693 723 perpetuum
3711 663 3836 705 eon-

2234 748 2613 803 demnandum.
2640 749 2843 803 Actum
2866 760 2965 804 VII
2990 745 3230 803 Kalend.
3260 746 3412 813 Julii,
3444 744 3573 801 feria
3594 759 3657 811 v,
3683 741 3832 798 indi-

2236 840 2508 898 cﬁonetL

2308 936 2451 1005 (275)
2478 936 2660 992 Casar
2708 948 2930 1007 quoque
2967 934 3239 992 Henricus
3264 933 3406 991 hanc
3432 932 3508 989 illi
3540 931 3835 1004 epistolam

2235 1028 2455 1101 scripsit
2486 1048 2498 1083 :
2532 1031 2800 1086 Henricus
2823 1031 2922 1085 Dei
2945 1031 3131 1099 gratia
3152 1044 3274 1097 rem,
3302 1035 3407 1083 etc.
3440 1025 3833 1090 Hildebrando,

2236 1129 2342 1178 etc.
2369 1123 2499 1179 Cum
2519 1122 2775 1179 hactenus
2791 1139 2858 1178 ea:
2883 1128 2933 1178 te
2960 1138 3021 1178 ea
3050 1139 3172 1193 qua
3198 1127 3326 1178 sunt
3349 1123 3528 1177 Patris
3555 1124 3835 1191 exspecta-

2234 1232 2365 1279 rem,
2394 1217 2599 1286 tibique
2618 1218 2679 1271 in
2698 1218 2941 1272 omnibus
2966 1232 3170 1286 magna
3198 1232 3317 1272 cum
3349 1215 3591 1286 ﬁdelium
3628 1217 3839 1269 nostro-

2236 1325 2359 1364 rum
2384 1311 2757 1379 indignatione
2776 1311 3067 1378 obedirem,
3097 1312 3273 1381 recepi
3299 1310 3397 1365 abs
3423 1314 3473 1364 te

2238 1419 2379 1469 nem,
2410 1405 2623 1473 qualem
2641 1405 2920 1474 oportebat
2976 1405 3051 1460 ab
3080 1396 3136 1460 ei)
3164 1406 3263 1474 qui
3293 1405 3422 1458 vita
3447 1402 3705 1472 regnique
3735 1415 3830 1455 no-

2235 1500 2341 1552 stri
2362 1499 2841 1567 perniciosissimus
2879 1499 3043 1554 hostis
3079 1502 3234 1553 esset.
3265 1499 3405 1554 Nam
3443 1511 3564 1551 cum
3588 1497 3833 1566 primum

2235 1607 2440 1646 omnem
2466 1591 2877 1647 hareditariam
2904 1593 3248 1661 dignitatem,
3279 1606 3401 1661 qua
3447 1589 3587 1645 mihi
3631 1588 3701 1643 ab
3728 1588 3833 1642 ilia

2239 1686 2530 1755 apostolica
2567 1684 2688 1740 sede
2721 1684 3030 1753 debebatur,
3078 1684 3304 1755 superbo
3332 1698 3473 1739 ausu
3534 1683 3834 1753 rapuisses,

2239 1779 2447 1848 longius
2488 1779 2615 1834 inde
2650 1793 2988 1849 progressus,
3013 1793 3236 1847 regnum
3269 1777 3443 1833 Italiae
3467 1777 3716 1846 pessimis
3748 1790 3833 1828 ar-

2239 1873 2384 1927 tibus
2405 1873 2644 1928 alienare
2672 1874 2919 1939 tentasti,
2949 1887 3118 1942 neque
3169 1872 3263 1926 hoc
3284 1874 3578 1940 contentus,
3597 1870 3660 1924 in
3695 1883 3841 1923 reve-

2237 1966 2580 2021 rendissimos
2637 1967 2921 2036 episcopos,
2957 1967 3055 2036 qui
3101 1966 3253 2019 nobis
3293 1964 3464 2019 veluti
3518 1963 3836 2018 dulcissima

2237 2060 2476 2115 membra
2508 2062 2655 2114 uniti
2701 2065 2848 2122 sunt,
2904 2074 3128 2114 manum
3155 2060 3369 2113 mittere
3419 2073 3528 2113 non
3571 2057 3829 2122 timuisti,

2237 2144 2422 2223 eosque
2449 2154 2842 2223 superbissimis
2884 2153 3126 2224 injuriis,
3152 2152 3611 2220 acerbissimisque
3655 2154 3839 2205 contu-

2236 2248 2409 2302 meliis
2433 2252 2619 2301 contra
2657 2247 2843 2301 divina
2870 2250 2920 2300 et
2963 2247 3202 2301 humana
3241 2244 3399 2314 jura,
3428 2250 3491 2301 ut
3510 2244 3618 2314 ipsi
3650 2246 3836 2306 aitait,

2240 2342 2552 2409 eaagitasti.
2578 2327 2724 2408 Quae
2771 2341 2973 2403 omnia,
2996 2355 3114 2394 cum
3157 2354 3252 2407 ego
3288 2338 3528 2408 quadam
3564 2338 3861 2408 patientia.

2240 2435 2655 2500 dissimularem,
2688 2438 2771 2501 tu,
2802 2435 2896 2487 hoc
2922 2448 3029 2488 non
3060 2434 3408 2503 patientiam,
3433 2432 3529 2486 sed
3550 2430 3835 2500 ignaviam

2239 2530 2583 2596 existimans,
2618 2530 2676 2581 in
2703 2529 2883 2597 ipsum
2905 2530 3068 2597 caput
3088 2527 3375 2595 insurgere
3400 2539 3566 2580 ausus
3584 2539 3659 2586 es,
3690 2538 3838 2578 man-

2239 2622 2398 2685 dans,
2428 2637 2549 2691 qua:
2587 2623 2748 2687 nosti,
2777 2620 3039 2685 videlicet,
3070 2624 3132 2674 ut
3160 2621 3268 2674 tuis
3294 2619 3473 2675 verbis
3508 2623 3659 2685 utar,
3688 2616 3837 2687 quod

2239 2720 2337 2770 aut
2375 2719 2433 2770 tu
2468 2717 2771 2781 morereris,
2822 2718 2920 2787 aut
2966 2719 3027 2768 tu
3064 2714 3204 2768 mihi
3232 2716 3471 2768 animam
3505 2726 3836 2782 regnumque

2239 2811 2461 2872 tolleres,
2500 2819 2605 2865 etc.

2309 2905 2431 2960 Hoc
2457 2902 2682 2960 decreto
2705 2910 2762 2958 et
2788 2901 3017 2975 epistola
3044 2901 3115 2958 ad
3146 2915 3207 2957 se
3242 2899 3480 2975 perlatis,
3535 2898 3836 2972 Gregorius

2238 2996 2376 3052 nihil
2403 2996 2624 3066 timens,
2655 3004 2719 3051 ut
2742 2996 2959 3052 animos
2988 3009 3219 3051 suorum
3260 2992 3616 3051 conﬁrmaret
3657 2991 3834 3065 provi-

2237 3089 2354 3157 dit,
2411 3089 2825 3161 Saxonibusque
2868 3088 3217 3161 imperatoris
3269 3086 3539 3155 hostibus,
3573 3094 3634 3142 ut
3680 3085 3833 3141 bono

2238 3183 2422 3238 animo
2451 3190 2654 3247 essent,
2703 3182 2992 3254 persuasit.
3030 3181 3172 3252 (270)
3206 3181 3425 3238 Falsum
3453 3179 3602 3236 enim
3637 3192 3831 3249 regem

2235 3291 2302 3333 eo
2323 3291 2467 3332 anno
2490 3275 2842 3343 moriturum,
2869 3273 3334 3343 constantissime,
3355 3269 3830 3346 quemadmodum

2235 3369 2336 3425 sibi
2367 3369 2634 3427 divinitus
2673 3368 2973 3426 revelatum
3021 3367 3215 3436 fuerat,
3269 3365 3598 3423 afﬁrmabat.
3650 3367 3722 3421 Et
3740 3380 3834 3420 ve-

2236 3479 2359 3519 rum
2401 3462 2622 3536 quidem
2671 3462 2923 3535 praedixit
2955 3480 2968 3518 :
3007 3450 3127 3527 sed,
3174 3460 3370 3518 fefellit
3404 3475 3535 3516 eum
3571 3458 3640 3516 de
3694 3457 3832 3514 falso

2235 3572 2363 3629 rege
2402 3555 2742 3629 conjectura,
2787 3554 3093 3613 secundum
3152 3570 3314 3612 suum
3371 3551 3705 3610 desiderium
3759 3551 3834 3607 de

2241 3651 2480 3707 Henrico
2501 3665 2627 3723 rege
2645 3649 3020 3723 interpretata.
3045 3651 3209 3717 Nam,
3233 3662 3358 3704 cum
3381 3655 3509 3719 post
3530 3644 3835 3703 concilium

2236 3742 2550 3799 Brixinense
2573 3743 2827 3815 antipapa
2849 3742 3147 3800 Guibertus
3170 3756 3299 3797 cum
3352 3739 3663 3813 insignibus
3692 3753 3835 3810 pon-

2236 3836 2528 3893 tiﬁcalibus
2581 3837 2638 3892 in
2690 3836 2905 3893 Italiam
2954 3835 3190 3892 venisset
3237 3833 3582 3906 imperatoris
3625 3831 3836 3889 adven-

2236 3938 2356 3986 tum
2384 3938 2728 4003 exspectans,
2757 3944 2789 3985 a
2808 3944 2920 4001 quo
2943 3936 3153 3985 armata
3172 3943 3343 3984 manu
3374 3930 3619 3983 Romam
3652 3923 3834 3982 dedu-

2235 4032 2479 4091 ceretur;
2505 4023 2809 4096 imperator
2837 4038 2968 4079 vero
3016 4023 3072 4078 in
3097 4019 3455 4079 Germaniam
3487 4027 3679 4077 contra
3708 4022 3831 4075 Ro-

2236 4114 2451 4174 dulfum
2481 4116 2759 4189 profectus
2786 4124 2950 4182 esset,
3004 4115 3190 4188 pralio
3219 4115 3363 4171 inter
3385 4122 3647 4185 utrosque
3673 4126 3836 4184 reges

2235 4210 2308 4267 ad
2332 4226 2391 4266 ιν
2415 4210 2538 4268 idus
2564 4209 2756 4266 Octob.
2774 4209 2935 4278 inito,
2957 4207 3235 4269 Rodulfus
3258 4224 3357 4265 rex
3409 4207 3556 4280 gravi
3603 4206 3835 4262 vulnere

2236 4303 2476 4371 saucius,
2493 4318 2606 4359 non
2627 4303 2787 4375 longe
2804 4312 2928 4375 post
2944 4311 3199 4359 mortuus
3226 4311 3330 4359 est.
3359 4298 3605 4358 Rodulfo
3624 4298 3832 4366 occiso,

2238 4405 2293 4453 et
2318 4397 2482 4454 rebus
2522 4397 2842 4453 Germania
2906 4396 3251 4468 compositis,
3306 4394 3578 4452 Henricus
3621 4391 3837 4465 ingenti

533 4500 831 4557 scoporum,
875 4486 964 4543 die
1000 4491 1194 4543 sancto
1226 4489 1520 4556 praeterita
1549 4492 1881 4543 Pentecostes
1908 4492 2127 4559 Mogun-
2158 4526 2208 4588 Β
2238 4490 2475 4546 exercitu
2528 4497 2868 4562 comparato,
2923 4489 2977 4545 in
3018 4489 3235 4546 Italiam
3259 4489 3407 4545 venit
3432 4497 3492 4544 ut
3517 4487 3834 4559 antipapam

534 4580 624 4633 tia
658 4584 1114 4650 congregatarum,
1176 4582 1362 4634 contra
1403 4580 1645 4635 eumdem
1698 4582 2130 4639 Hildebrandum

528 4674 988 4741 procacissimum,
1018 4675 1302 4742 sacrilegia
1331 4678 1383 4729 et
1431 4674 1683 4731 incendia
1715 4676 2129 4746 pradicantem,

528 4765 783 4835 perjuria
821 4770 874 4820 et
914 4766 1208 4825 homicidia
1262 4767 1656 4835 defendentem,
1712 4770 2027 4826 catholin
2079 4775 2130 4826 et

532 4859 875 4933 apostolicam
912 4860 1074 4929 [idem
1113 4861 1180 4916 de
1209 4877 1424 4932 corpore
1445 4865 1497 4917 et
1532 4865 1797 4933 sanguine
1828 4866 2047 4920 Domini
2073 4866 2131 4919 in

531 4954 877 5020 quaestionem
906 4958 1208 5023 ponentem,
1248 4954 1485 5010 haretici
1502 4957 1822 5025 Berengarii
1843 4960 2129 5027 antiquum

534 5043 884 5115 discipulum,
937 5047 1329 5103 divinationum
1372 5065 1435 5103 ac
1482 5052 1813 5104 somniorum
1843 5052 2127 5118 cultorem,

605 5183 753 5253 (270)
784 5182 912 5253 [tuo
936 5179 1465 5253 magnanimitatem.

604 5251 747 5326 (271)
775 5252 899 5326 Hoc
934 5250 1055 5306 non
1102 5250 1210 5308 fuit
1256 5252 1603 5326 propositum
1651 5255 1921 5326 Gregorio
1977 5273 1991 5307 :
2030 5255 2127 5312 sed

529 5322 776 5379 ecclesia
820 5322 913 5395 jus
954 5338 1120 5379 suum
1152 5322 1506 5395 recuperare,
1549 5322 1854 5381 Simouiam
1903 5325 2121 5395 tollere,

529 5399 587 5474 et
628 5393 847 5474 mensas
898 5393 1416 5474 nummulariorum
1449 5403 1693 5474 evertere
1744 5395 1972 5474 studuit.
2014 5393 2127 5455 Nec

526 5465 826 5590 ἐξῃρῆυὲ
854 5465 1116 5522 evertitur
1138 5465 1183 5522 si
1211 5466 1467 5523 Ecclesia
1486 5465 1745 5539 jussuum
1779 5468 2126 5541 relinquatur

618 5552 750 5590 earn
816 5578 829 5590 .

530 5549 829 5592 tutelarum.

598 5552 829 5607 "agrum.

598 5608 743 5681 (272)
767 5607 1066 5681 Tirolensis
1092 5606 1347 5681 ditionis.
1397 5640 1404 5646 -

600 5679 746 5747 (273)
763 5680 976 5737 Notent
996 5679 1116 5737 hac
1134 5679 1370 5737 sectarii.
1399 5679 1670 5737 Henricus
1696 5697 1828 5741 cum
1858 5682 1977 5739 suis
2005 5700 2121 5741 non
2146 5714 2155 5719 ~

524 5750 747 5828 negavit
784 5748 1165 5828 auctoritatem
1214 5749 1368 5828 sedis
1389 5751 1702 5828 apostolica
1720 5751 1821 5828 sed
1845 5770 1969 5828 qua
1990 5771 2121 5828 ges-

524 5821 621 5889 sit,
641 5822 770 5880 odio
809 5821 1088 5896 Gregorii,
1116 5838 1229 5880 non
1257 5822 1400 5881 sedis
1425 5821 1519 5880 aut
1555 5822 1737 5882 throni
1760 5821 1946 5897 gessit.

2238 4583 2567 4640 Guibertum
2611 4583 2926 4656 apostolica
2982 4582 3120 4654 sedi,
3162 4582 3353 4655 fugato
3387 4579 3680 4654 Gregorio,
3730 4594 3833 4651 per

2241 4677 2349 4732 vim
2378 4678 2709 4750 imponeret.
3784 4663 3795 4669 ’

2307 4774 2652 4844 Quapropter
2672 4786 2820 4829 anno
2845 4772 3071 4828 Domini
3095 4776 3221 4827 1081
3254 4770 3421 4842 (277),
3439 4769 3589 4827 festis
3609 4767 3833 4841 pascha-

2237 4863 2382 4921 libus
2405 4864 2715 4932 celebratis,
2736 4865 3039 4936 imperator
3065 4864 3342 4921 Henricus
3370 4864 3427 4920 in
3454 4862 3671 4920 Italiam
3698 4875 3833 4917 cum

2236 4957 2479 5015 exercitu
2531 4957 2772 5025 veniens,
2809 4965 3095 5029 assumpto
3141 4972 3332 5014 secum
3385 4955 3642 5029 antipapa
3687 4953 3829 5012 Gui-

2234 5050 2412 5119 berto,
2465 5048 2537 5107 ad
2585 5050 2781 5107 urbem
2836 5050 2897 5106 in
2924 5049 3103 5123 vigilia
3148 5052 3500 5108 Pentecostes
3547 5048 3830 5122 pervenit,

2307 5183 2453 5256 (274)
2510 5185 2646 5256 Hac
2692 5181 2962 5240 sententia
3002 5197 3067 5238 ex
3129 5181 3492 5255 Urspergensi
3541 5180 3833 5252 desumpta

2234 5254 2350 5311 est:
2383 5254 2451 5312 de
2471 5271 2584 5328 qua
2605 5254 2728 5328 lege
2755 5256 2881 5310 Bar.
2915 5258 3072 5321 1080,
3094 5269 3251 5311 num.
3279 5254 3429 5310 18’et
3455 5268 3609 5326 seqq.

2306 5328 2456 5398 (275)
2483 5324 2623 5382 Vide
2654 5324 2780 5398 Bar.
2798 5330 2972 5398 >1080._
3000 5340 3158 5398 num.
3187 5331 3276 5398 26.

2304 5393 2448 5463 (276)
2476 5400 2611 5454 Hac
2636 5413 2666 5452 a
2695 5395 3055 5453 schismaticis
3081 5395 3321 5455 conﬁcta
3347 5402 3479 5452 sunt
3496 5436 3510 5463 ,
3541 5393 3835 5451 occasione

2230 5467 2517 5539 cujusdam
2536 5467 2785 5540 epistola
2825 5483 2855 5523 a
2903 5467 3171 5541 Gregorio
3213 5467 3456 5593 scrilpta,
3486 5466 3555 5524 de
3583 5481 3690 5539 qua
3719 5466 3830 5520 Ba—

2230 5554 2354 5593 ron.
2417 5545 2573 5593 1090.
2622 5554 2776 5593 num.
2830 5544 2903 5593 49
2949 5548 3006 5593 et
3032 5555 3147 5593 sea.
3189 5541 3387 5593 Intult
3411 5554 3496 5593 ea.
3540 5546 3604 5593 ut
3646 5535 3830 5593 olera-

2229 5535 2354 5595 ron.
2412 5535 2595 5611 71090,",
2622 5554 2789 5611 num.
2830 5544 2903 5595 49
2949 5548 3006 5611 et
3019 5535 3147 5611 'seq.
3189 5535 3387 5611 Intulit
3411 5554 3496 5607 ea,
3540 5535 3832 5611 utiplera—

2229 5627 2337 5683 que
2369 5610 2477 5666 alia
2509 5610 2672 5683 hujus
2696 5609 2890 5683 farina
2929 5607 3342 5683 Sigebértus‘in
3388 5625 3548 5667 suam
3583 5607 3833 5666 Chrono-

2230 5679 2452 5753 logiam.
2494 5679 2661 5738 Unde
2703 5679 3355 5754 descripsit'Onuphrius.

2300 5753 2443 5827 (277)
2474 5755 2679 5810 Baron.
2707 5758 2865 5819 1081,
2888 5753 3047 5811 num.
3085 5758 3147 5809 13
3184 5759 3241 5808 et
3259 5768 3374 5825 seq.
