4122 6184
542 340 643 394 179

1763 335 1820 390 S.
1863 336 2247 393 GREGORIUS
2285 338 2375 393 VII
2411 337 2608 394 PAPA.

3740 341 3843 394 180

514 459 811 518 -ηοωαθιιο
838 459 1326 530 circumferuntur,
1369 459 1509 517 nihil
1549 474 1742 517 moror
1778 461 1948 533 (280).
1978 461 2143 519 Unde
2170 466 2221 529 Α
2242 464 2364 534 jam
2382 479 2489 519 non
2510 462 2770 519 secundus
2786 462 2898 531 ille,
2918 463 3012 519 sed
3029 463 3212 519 nullus
3229 426 3327 532 est,
3359 468 3460 519 etc.
3485 462 3638 520 Idem
3671 471 3727 520 et
3767 462 3844 519 illi

541 555 692 613 Otho
737 555 1088 628 Frisingensis
1108 596 1122 623 ,
1176 554 1378 611 horum
1428 562 1740 626 temporum
1812 554 2047 626 scriptor
2114 573 2130 611 :

539 653 700 720 Lego,
736 648 930 722 inquit,
964 654 1017 705 et
1041 650 1214 719 relego
1238 652 1603 707 Romanorum
1625 652 1937 719 pontiﬁcum
1963 655 2132 719 gesta,

541 750 593 799 et
617 759 886 815 nusquam
904 745 1111 800 invenio
1139 744 1375 815 aliquem
1413 758 1593 798 eorum
1627 747 1752 799 ante
1779 745 1919 799 hunc
1948 746 2138 800 Henri-

541 854 658 894 cum
686 855 722 893 a
758 842 993 897 Romano
1025 841 1278 909 pontiﬁce
1304 839 1820 894 emcommunicatum
1862 840 1948 895 uel
1974 854 2136 910 regno

535 934 852 1005 priuatum,
890 938 997 989 etc.

609 1026 884 1083 Caeterum
901 1040 965 1081 ea
985 1039 1108 1097 qum
1132 1022 1334 1081 horum
1370 1032 1687 1097 temporum
1712 1025 2004 1084 cardinalis
2027 1028 2141 1102 qui-

540 1120 670 1179 dam
684 1121 892 1187 ano,
909 1119 1238 1187 Germanus,
1254 1118 1314 1174 in
1332 1120 1567 1191 gratiam
1586 1119 1931 1192 imperatoris
1945 1131 2140 1180 contra

541 1214 865 1288 Gregorium
877 1215 976 1269 VII
988 1212 1227 1285 scripsit,
1238 1212 1455 1270 animus
1464 1228 1578 1270 non
1591 1214 1852 1272 estmodo
1865 1216 2136 1287 refellere,

540 1322 671 1365 cum
685 1323 773 1364 res
798 1308 928 1379 ipsae
946 1321 1079 1379 quas
1102 1305 1231 1363 huic
1248 1305 1486 1380 pontiﬁci
1505 1306 1692 1381 objicit
1705 1350 1721 1377 ,
1744 1308 1944 1383 partim
1967 1310 2137 1380 falsae,

538 1402 741 1475 partim
767 1399 1012 1459 ridicula;
1038 1401 1167 1466 sint,
1204 1409 1261 1458 et
1285 1400 1487 1458 nullius
1517 1404 1787 1460 momenti
1819 1422 1834 1461 :
1860 1405 1949 1461 cui
1983 1413 2136 1474 tum,

539 1494 690 1570 quod
717 1494 887 1553 hostis
912 1494 1212 1552 acerrimus
1248 1495 1501 1567 Gregorii
1535 1511 1694 1569 papae
1717 1496 1902 1569 fuerit,
1924 1507 2044 1557 tum
2074 1514 2141 1557 ex

538 1589 624 1646 his
663 1603 787 1663 quae
811 1589 926 1646 dixi
954 1589 1265 1646 nullatenus
1305 1589 1478 1646 ﬁdem
1520 1590 1886 1650 adhibendam
1915 1608 2135 1650 censeo.

537 1685 724 1741 Meam
760 1682 902 1740 hanc
934 1683 1264 1740 sententiam
1300 1683 1633 1742 conﬁrmare
1666 1695 1905 1758 possunt
1939 1686 2139 1745 borum

540 1786 855 1851 temporum
878 1778 1168 1851 scriptores
1186 1821 1201 1847 ,
1223 1786 1338 1835 tam
1375 1779 1641 1836 Germani
1666 1795 1837 1852 quam
1864 1780 2015 1847 Itali,
2040 1781 2135 1853 qui

538 1871 609 1929 de
629 1848 949 1945 hujusmodi
986 1848 1290 1944 perniciosa
1328 1871 1598 1930 discordia
1628 1848 1749 1930 tu—m
1774 1886 1842 1931 ex
1864 1848 2137 1945 instituto,
2170 1848 2218 1910 Β

540 1974 662 2023 tum
693 1966 870 2023 obiter
892 1964 1059 2023 libros
1095 1966 1505 2038 conscripsere;
1534 1966 1677 2024 inter
1704 1983 1847 2039 quos
1884 1968 2141 2042 praecipui

540 2060 695 2118 fuere
725 2060 931 2117 Paulus
960 2059 1373 2117 Bernriedensis
1394 2064 1573 2130 (281),
1600 2060 1881 2135 presbyter
1899 2064 2141 2135 Regino-

540 2154 733 2227 burgi;
763 2154 1051 2212 Gerochus
1084 2154 1622 2227 Reicberspergensis
1646 2155 1934 2228 episcopus
1967 2160 2140 2227 (282),

540 2248 875 2307 Lambertus
927 2246 1469 2322 Schaffnaburgensis
1510 2248 1979 2307 Hirsenfeldensis
2020 2266 2141 2307 mo-

539 2342 779 2411 nachus,
825 2342 1149 2399 Cbunradus
1201 2342 1271 2399 de
1332 2343 1705 2411 Liecbtenaw,
1768 2360 1961 2401 omnes
2006 2346 2141 2402 Ger-

542 2438 710 2494 mani.
772 2439 852 2493 Ex
897 2436 1047 2492 Italis
1090 2426 1223 2493 item
1261 2437 1378 2493 Leo
1433 2437 1800 2506 Marsicanus,
1850 2438 2143 2512 episcopus

534 2531 836 2597 Ostiensis;
866 2530 1106 2587 incertus
1134 2538 1323 2587 auctor
1350 2530 1703 2589 Bibliotheca:
1734 2530 2014 2598 Palatinae,
2043 2532 2133 2605 qui

539 2624 702 2699 hujus
732 2623 1006 2697 pontiﬁcis
1033 2624 1215 2681 Vitam
1242 2625 1584 2697 conscripsit,
1615 2634 1669 2681 et
1695 2626 1991 2683 novissime
2028 2630 2140 2684 An-

540 2720 743 2776 selmus
784 2718 1075 2791 episcopus
1110 2718 1403 2789 Lucensis,
1443 2721 1698 2792 Gregorii
1746 2719 1912 2794 ipsius
1949 2736 2148 2794 coope-

539 2822 689 2872 rator
730 2813 1058 2883 indefessus;
1092 2813 1183 2886 qui
1217 2812 1455 2886 hymnos
1491 2822 1547 2870 et
1574 2814 1676 2871 alia
1714 2830 1837 2887 quae
1862 2813 1930 2872 de
1958 2815 2148 2872 Salva-

539 2907 675 2965 toris
703 2906 875 2964 nostri
904 2905 1236 2964 cruciatibus
1265 2906 1564 2981 perscripta
1596 2916 1753 2979 sunt,
1785 2907 1856 2966 de
1878 2909 2147 2982 Gregorio

540 3002 657 3075 ipso
700 3000 1094 3074 interpretatus
1134 3008 1245 3070 est,
1295 3002 1524 3073 ejusque
1574 3001 1883 3058 doctrinam
1914 3003 2148 3075 eleganti

536 3095 676 3152 libro
718 3096 980 3167 scriptam
1036 3093 1382 3150 conﬁrmavit
1426 3111 1442 3151 :
1496 3095 1578 3150 vir
1618 3095 1821 3152 litteris
1867 3095 2142 3161 eruditus,

2240 556 2399 612 multi
2434 556 2727 630 scriptores
2751 555 3056 630 prodidere.

2313 652 2611 721 Caeterum,
2655 660 2718 708 ut
2746 652 2886 708 hanc
2912 666 3033 707 rem
3067 651 3239 708 semel
3267 651 3487 721 ﬁniam,
3522 649 3844 724 hujusmodi

2242 761 2432 803 rerum
2475 746 2760 803 occasione
2789 745 3247 819 perniciosissima
3276 744 3494 814 seditio,
3521 753 3578 801 et
3619 745 3849 801 haeresis

2243 840 2494 897 omnium
2537 839 2982 913 pestilentissima
3022 838 3391 897 Christianum
3427 837 3689 912 pOpulum
3739 836 3849 895 hoc

2242 942 2492 1007 tempore
2534 933 2774 991 maxime
2800 942 3084 1007 pervagata
3125 942 3237 1003 est,
3266 940 3325 990 et
3352 932 3505 989 orbis
3531 941 3812 989 terrarum
3829 973 3846 1001 ,

2243 1028 2290 1085 si
2311 1042 2584 1102 unquam,
2624 1028 2728 1084 hac
2753 1037 3074 1101 tempestate
3102 1043 3131 1084 a
3162 1025 3382 1085 cardine
3410 1025 3687 1085 bellorum
3716 1042 3844 1099 pro-

2254 1122 2405 1179 cellis
2456 1122 2700 1194 jactatus
2741 1131 2855 1187 est,
2901 1130 2958 1178 et
3017 1137 3189 1195 genus
3244 1119 3549 1178 humanum
3606 1119 3850 1194 undique

2246 1231 2528 1274 armorum
2574 1215 2795 1273 turbine
2850 1217 3160 1273 involutum
3203 1214 3339 1285 fuit,
3389 1216 3469 1272 ita
3535 1224 3596 1271 ut
3643 1214 3851 1272 nullius

2244 1309 2556 1368 schismatis
2592 1317 2843 1383 tempore
2881 1310 3125 1385 graviora
3152 1307 3456 1366 Ecclesiam
3500 1307 3741 1382 pericula
3790 1315 3846 1365 et

2247 1404 2580 1461 calamitates
2617 1418 2835 1478 passam
2879 1403 3047 1461 fuisse
3084 1405 3353 1477 legamus.

2320 1498 2589 1572 Gregorio
2612 1500 2714 1556 VII
2743 1498 3017 1572 expedito,
3047 1514 3194 1555 nunc
3220 1496 3343 1570 quis
3370 1494 3623 1553 Clemens
3651 1497 3730 1553 III
3760 1511 3854 1552 an.

2247 1591 2425 1665 tipapa
2468 1591 2649 1662 fuerit,
2693 1600 2749 1649 et
2775 1608 2862 1649 res
2904 1591 2973 1647 ab
3000 1606 3065 1649 eo
3096 1598 3272 1664 gestas
3298 1589 3559 1662 aperiam.

2430 1691 2839 1747 CLEMENTIS
2875 1693 2949 1746 Ill
2990 1690 3372 1746 ΑΝΤΙΡΑΡΑΞ
3410 1688 3740 1745 ELECTIO.

2322 1779 2575 1837 Clemens
2620 1783 2733 1847 Ill,
2764 1780 2855 1852 qui
2886 1780 2943 1835 in
2980 1779 3275 1835 schismate
3312 1785 3500 1835 contra
3525 1778 3854 1851 Gregorium

2250 1889 2444 1947 papam
2488 1876 2587 1930 VII
2634 1873 2702 1930 ab
2742 1874 3065 1945 imperatore
3096 1871 3333 1928 Henrico
3376 1874 3442 1929 IV
3484 1880 3541 1928 ut
3573 1876 3716 1939 (283)
3747 1871 3851 1927 im-

2250 1967 2386 2041 perii
2399 1968 2527 2040 jura
2548 1975 2815 2035 tueretur,
2843 1967 3101 2040 antipapa
3121 1973 3339 2050 creatus
3358 1973 3460 2022 est.
3482 1965 3608 2023 Fuit
3631 1964 3855 2022 natione

2250 2062 2452 2131 Italus,
2483 2062 2663 2135 patria
2694 2061 3029 2130 Parmensis,
3062 2076 3284 2118 summo
3308 2060 3433 2117 loco
3462 2068 3647 2128 natus,
3676 2076 3742 2116 ex
3770 2058 3855 2115 fa-

2254 2155 2401 2213 milia
2425 2156 2690 2229 Corrigia,
2710 2171 2835 2229 quae
2859 2156 2977 2228 ejus
2997 2155 3147 2211 urbis
3165 2153 3462 2226 aliquando
3486 2154 3854 2226 principatum

2251 2250 2443 2318 tenuit,
2497 2250 2795 2307 Guibertus
2847 2256 3003 2305 antea
3052 2257 3298 2304 vocatus.
3356 2249 3459 2304 Hic
3511 2247 3579 2302 ab
3634 2248 3857 2304 ineunte

2251 2351 2411 2401 aetate
2458 2342 2528 2400 ad
2576 2344 2783 2400 curiam
2830 2343 3173 2415 imperatoris
3216 2346 3365 2414 (qua:
3398 2340 3852 2417 sacerdotiorum

2252 2437 2767 2509 conscquendorum
2807 2452 2970 2492 causa
3035 2438 3202 2507 (284),
3253 2445 3313 2491 ut
3359 2443 3552 2491 nostro
3603 2438 3857 2507 tempore

2254 2535 2449 2587 Romae
2470 2546 2593 2587 mos
2615 2538 2721 2599 est,
2751 2538 2882 2587 tunc
2907 2546 2970 2586 cx
3000 2538 3116 2586 toto
3141 2529 3273 2586 orbe
3294 2536 3565 2585 terrarum
3594 2527 3855 2602 frequen—

2253 2624 2532 2695 tabatur),
2565 2632 2627 2681 ut
2666 2623 2941 2681 fortunam
2989 2639 3144 2679 suam
3186 2623 3549 2696 experiretur,
3598 2616 3852 2688 a‘ccessit,

2254 2718 2553 2777 Chunrado
2591 2718 2817 2776 Henrici
2860 2719 2938 2774 III
2982 2726 3137 2791 patre
3177 2732 3364 2773 rerum
3404 2716 3666 2789 potiente.
3700 2716 3844 2772 Cum

2256 2821 2441 2870 autem
2501 2813 2820 2870 adolescens
2879 2811 3139 2869 evasisset
3183 2809 3423 2883 ingenio,
3481 2808 3737 2867 facundia
3787 2818 3850 2866 et

2255 2906 2537 2980 prudentia
2568 2908 2743 2965 clarus
2782 2915 2837 2963 et
2874 2906 3157 2964 nobilitate
3195 2905 3504 2977 przecipuus
3538 2903 3853 2970 haberetur,

2258 3001 2515 3074 paulatim
2555 3003 2609 3057 in
2656 3001 2886 3075 gratiam
2943 3000 3163 3057 Henrici
3222 3002 3303 3055 III
3340 2999 3612 3071 pervenit;
3665 3014 3694 3054 a
3746 3014 3859 3070 quo

2258 3094 2642 3168 permagniﬁce
2689 3109 2908 3168 semper
2961 3101 3221 3152 tractatus
3268 3101 3372 3151 est.
3412 3092 3576 3165 Apud
3614 3108 3853 3150 uxorem

539 3188 756 3263 ingenio
804 3187 1187 3252 acutissimus,
1217 3185 1467 3243 facundia
1508 3188 1844 3260 praecipuus,
1892 3195 1947 3244 et
1996 3190 2144 3261 quod
2179 3205 2224 3267 ο
2259 3204 2386 3245 vero
2414 3189 2531 3262 ejus
2557 3192 2829 3260 Agnetem
2867 3197 3082 3244 tantum
3128 3187 3297 3261 gratia
3324 3194 3378 3243 et
3417 3187 3737 3243 auctoritate
3764 3202 3864 3243 va—

539 3281 797 3336 omnibus
822 3278 997 3350 majus
1024 3288 1140 3348 est,
1174 3279 1228 3334 in
1257 3279 1356 3335 Dei
1392 3279 1593 3337 timore
1621 3288 1677 3336 et
1707 3290 1892 3338 sancta
1916 3298 2144 3339 conver-

538 3372 747 3431 satione
786 3372 1177 3430 celeberrimus
1215 3373 1290 3431 ita
1320 3382 1380 3430 ut
1415 3381 1531 3430 tam
1566 3374 1622 3431 in
1665 3375 1769 3431 vita
1808 3391 1975 3449 quam
2025 3386 2146 3450 post

541 3476 779 3527 mortem
811 3465 1096 3524 miraculis
1123 3466 1386 3525 claruisse
1426 3477 1786 3526 memoratur.

610 3564 668 3621 Is
692 3561 932 3621 scribens
970 3559 1040 3618 ad
1077 3561 1389 3635 antipapam
1421 3563 1757 3620 Guibertum
1783 3563 2068 3636 epistolam
2089 3564 2145 3621 in

540 3673 647 3732 qua
682 3657 839 3714 illum
868 3655 1338 3729 praevaricatorem
1368 3672 1432 3713 ac
1459 3656 1759 3730 superbum
1778 3667 1960 3727 vocat,
1984 3668 2147 3732 atque

542 3752 687 3808 inter
713 3749 861 3807 alia:
918 3754 989 3807 Ut
1031 3766 1187 3821 ergo,
1228 3750 1438 3825 inquit,
1484 3751 1550 3807 de
1579 3752 1727 3808 beato
1774 3755 1938 3809 Patre
1965 3758 2147 3809 nostro

538 3846 788 3914 Gregorio
829 3845 1042 3913 dicam,
1083 3845 1229 3916 quod
1276 3845 1349 3900 de
1394 3846 1636 3901 Cornelio
1684 3849 1909 3917 scripsit
1958 3850 2145 3903 beatus
2184 3880 2189 3884 ι

538 3940 846 4011 Cyprianus
886 3956 908 3993 :
953 3942 1148 3996 Factus
1191 3943 1267 3995 est
1298 3939 1598 4012 Gregorius
1631 3942 1914 4011 episcopus
1957 3942 2024 3995 de
2054 3944 2151 3996 Dei

535 4038 587 4090 et
639 4034 842 4090 Christi
884 4032 1002 4104 ejus
1057 4033 1303 4105 judicio,
1368 4034 1434 4089 de
1495 4035 1807 4089 clausorum
1852 4050 1992 4105 pene
2039 4051 2149 4090 om-

545 4129 733 4191 nium,
765 4132 846 4192 et,
892 4132 955 4183 ut
992 4131 1170 4183 uerius
1212 4129 1423 4196 dicam,
1452 4130 1689 4184 mnium
1717 4130 2050 4197 testimonio,
2083 4130 2149 4185 de

531 4222 728 4293 plebis,
749 4236 867 4292 qua:
890 4226 1014 4277 tunc
1032 4221 1244 4283 aderat.
1275 4222 1576 4291 suffragio,
1599 4222 1665 4277 de
1688 4222 2029 4278 sacerdotum
2064 4224 2148 4278 bo-

540 4331 734 4372 norum
776 4317 1022 4387 virorum
1066 4319 1121 4371 et
1167 4317 1517 4386 antiquorum
1547 4316 1794 4385 collegio,
1842 4332 1959 4371 cum
2000 4332 2149 4372 nemo

544 4415 671 4467 ante
698 4427 757 4467 se
775 4413 954 4480 factus
978 4415 1139 4479 esset;
1169 4427 1287 4466 cum
1307 4409 1596 4466 Alexandri
1625 4412 1793 4479 locus,
1822 4412 1882 4466 id
1901 4416 1977 4467 est
2004 4413 2150 4469 Petri

542 4505 715 4570 locus,
748 4511 799 4561 et
826 4507 1028 4576 gradus
1074 4505 1344 4559 cathedra:
1380 4503 1730 4560 sacerdotalis
1770 4511 2013 4575 vacaret;
2044 4522 2150 4577 quo

2258 3283 2375 3354 luit,
2405 3290 2468 3339 ut
2486 3283 2667 3356 ipsum
2699 3282 2867 3339 Italici
2906 3283 3060 3355 regni
3102 3282 3485 3339 cancellarium
3521 3280 3690 3337 creari
3722 3296 3859 3352 pro-

2255 3378 2480 3435 curarit.
2509 3379 2652 3434 Eum
2690 3377 2839 3433 enim
2869 3376 3185 3450 providum,
3205 3385 3494 3433 strenuum
3522 3382 3578 3430 et
3613 3373 3859 3447 pruden-

2254 3481 2367 3529 tem
2413 3473 2589 3528 virum
2632 3472 2686 3527 in
2716 3468 2900 3528 multis
2925 3469 3112 3528 arduis
3145 3470 3378 3544 negotiis
3406 3476 3629 3542 experta
3658 3468 3857 3525 fuerat.

2255 3568 2378 3639 Quo
2406 3575 2657 3639 tempore
2684 3566 2750 3622 ab
2781 3566 2900 3640 ejus
2942 3574 3161 3633 nutum,
3193 3573 3247 3621 et
3294 3563 3631 3620 voluntatem
3678 3569 3863 3619 totum

2253 3662 2467 3734 imperii
2518 3660 2732 3733 pondus
2782 3658 3123 3725 vertebatur;
3181 3658 3235 3713 in
3282 3674 3392 3731 quo
3443 3672 3669 3713 munere
3714 3659 3867 3713 Hen-

2254 3755 2367 3813 rico
2400 3756 2479 3811 III
2505 3757 2719 3812 Caesare
2745 3753 3010 3812 Cadolum
3034 3753 3432 3809 Pallavicinum
3469 3751 3528 3807 in
3565 3750 3865 3808 schismate

2253 3852 2445 3907 contra
2493 3848 2870 3905 Alexandrum
2905 3850 2957 3904 II
2988 3847 3302 3920 pontiﬁcem
3341 3854 3593 3903 creatum
3625 3846 3866 3903 maxirne

2255 3943 2408 4011 fovit,
2440 3952 2514 4008 et,
2547 3944 2679 4001 dum
2705 3942 2898 4016 potuit,
2921 3941 3267 4015 inpontiﬁcia
3293 3940 3566 4013 dignitate
3596 3940 3859 4013 protexit.

2325 4040 2599 4095 Caeterum
2641 4043 2851 4111 Agnete
2876 4035 3216 4110 imperatrice
3261 4052 3292 4092 a
3321 4049 3509 4092 rerum
3558 4050 3691 4091 cura
3727 4034 3863 4090 sub-

2256 4141 2426 4200 mota,
2471 4132 2665 4205 quibus
2695 4131 2787 4188 diu
2818 4138 2939 4202 post
2976 4129 3204 4186 Henrici
3237 4132 3312 4185 III
3363 4129 3547 4185 mariti
3584 4128 3669 4184 sui
3708 4144 3865 4184 mor-

2257 4235 2393 4296 tem,
2423 4226 2571 4301 quod
2606 4243 2742 4297 puer
2782 4232 2900 4281 erat
2933 4222 3116 4280 adhuc
3158 4223 3303 4279 ﬁlius
3341 4225 3457 4295 ejus
3492 4223 3674 4280 Caesar
3712 4225 3866 4277 Hen-

2257 4322 2423 4389 ricus,
2494 4319 2812 4393 praefuerat;
2885 4334 3012 4375 cum
3077 4318 3431 4390 negotiorum
3490 4314 3865 4387 imperialium

2256 4431 2469 4472 morem
2500 4413 2849 4469 tractandum
2885 4428 2984 4485 pro
3013 4428 3140 4485 rege
3170 4427 3337 4484 puero
3374 4413 3537 4467 Anno
3564 4408 3865 4468 Colonien-

2258 4510 2333 4566 sis
2374 4507 2814 4580 archiepiscOpus
2863 4521 2929 4561 ex
2984 4505 3296 4579 principum
3348 4520 3617 4561 consensu
3667 4519 3864 4560 susce-

542 4603 795 4671 occupato
840 4601 903 4653 in
942 4600 1043 4655 Dei
1088 4599 1388 4665 voluntate,
1435 4603 1599 4669 atque
1643 4602 1879 4654 omnium
1908 4604 2150 4655 nostrum
2180 4620 2232 4683 D
2262 4603 2451 4678 pisset,
2500 4601 2800 4659 Guibertus
2839 4597 3025 4656 ofﬁcio
3064 4616 3164 4656 suo
3208 4598 3450 4673 privatus
3501 4606 3605 4669 est;
3638 4596 3867 4653 Vercel-

543 4707 799 4748 consensu
842 4691 1126 4759 ordinato,
1172 4694 1415 4764 quisquis
1447 4693 1574 4762 jam
1617 4695 1894 4764 episcopus
1918 4696 2149 4750 voluerit

540 4789 683 4857 ﬁeri,
727 4788 878 4854 foras
918 4788 1041 4857 ﬁeri
1074 4801 1276 4841 necesse
1305 4791 1383 4842 est
1399 4805 1418 4853 ς
1449 4802 1555 4842 non
1599 4788 1798 4843 habeat
1824 4787 2145 4844 ecclesiasti-

544 4896 660 4935 cam
694 4879 1113 4944 ordinationem,
1147 4881 1244 4951 qui
1271 4881 1515 4937 Ecclesia
1553 4897 1661 4937 non
1693 4885 1833 4938 tenet
1861 4884 2145 4950 unitatem,

539 4976 789 5047 quisquis
810 4975 904 5029 ille
934 4975 1127 5043 fuerit,
1175 4976 1297 5030 licet
1332 4976 1566 5031 multum
1609 4975 1676 5030 de
1704 4991 1758 5031 se
1784 4977 2023 5047 jactans,
2046 4977 2153 5030 sibi

539 5069 843 5139 plurimum
882 5069 1181 5137 vindicans,
1210 5070 1483 5140 profanus
1514 5073 1621 5137 est,
1655 5071 1861 5124 alienus
1887 5075 1983 5136 est,
2011 5072 2148 5137 foris

544 5167 653 5230 est;
693 5166 744 5217 et
766 5177 884 5217 cum
928 5167 1052 5234 post
1086 5148 1335 5234 primum
1380 5162 1639 5218 secundus
1667 5178 1774 5218 esse
1798 5179 1906 5217 non
1945 5165 2142 5233 possit,

544 5258 790 5327 quisquis
816 5262 939 5328 post
968 5272 1155 5325 unum,
1184 5259 1283 5327 qui
1313 5257 1456 5312 solus
1484 5257 1636 5311 debet
1670 5270 1808 5324 esse,
1841 5259 2021 5324 factus
2049 5262 2147 5322 est,

619 5419 762 5481 (280)
801 5414 925 5471 Νοη
977 5422 1109 5471 sunt
1160 5413 1380 5470 fabulas.
1438 5416 1582 5485 Lege
1633 5413 1770 5485 Bell.
1826 5413 1920 5470 lib.
1972 5429 2020 5471 ιι
2068 5419 2151 5471 De

546 5485 770 5613 pontii”
798 5501 918 5558 cap.
964 5492 1063 5555 19,
1100 5493 1159 5568 et
1193 5485 1285 5568 lib.
1341 5500 1423 5542 III
1475 5482 1598 5557 cap.
1638 5482 1872 5543 2.'Vide
1915 5501 2045 5558 quae
2080 5487 2151 5545 ad

568 5556 639 5613 Ib.
684 5572 759 5613 II.
807 5574 926 5613 can.
976 5561 1065 5613 19.
1107 5557 1364 5613 duumus.

568 5556 639 5613 ib.
684 5572 759 5625 II,
807 5556 926 5630 cap.
976 5561 1065 5626 i9,
1107 5556 1364 5630 diximus.

619 5633 762 5710 (289
792 5626 1100 5710 ιξξόιιδοὴμε
1128 5626 1249 5684 ord.
1282 5630 1493 5710 Canon.
1524 5627 1723 5710 Regul.
1752 5630 1807 5686 S.
1838 5630 2145 5703 Augustini.

620 5705 766 5768 (282)
808 5702 933 5757 Non
957 5700 1263 5773 episcopus,
1293 5699 1387 5756 sed
1413 5699 1755 5773 praepositus.

586 5844 599 5857 .
621 5776 766 5842 (283)
797 5771 1016 5857 Imout
1052 5771 1330 5857 libidinem
1365 5771 1814 5845 suamiexpleret,
1852 5779 1907 5831 et
1939 5773 2031 5846 jus
2070 5772 2150 5830 di-

547 5853 735 5901 vinum
806 5853 1089 5902 everteret.

619 5919 762 5986 (284)
793 5918 989 5992 Dispar
1014 5916 1174 5989 ratio,
1208 5932 1341 5975 nam
1367 5919 1564 5976 Romae
1597 5916 1904 5990 legitimum
1931 5924 2016 5974 est
2053 5917 2150 5973 tri-

2256 4698 2391 4759 lensi
2420 4696 2495 4754 illi
2526 4695 2786 4770 episcopo
2815 4688 3127 4769 subrogato,
3161 4709 3292 4749 cum
3314 4691 3617 4748 multorum
3646 4691 3861 4764 imperii

2257 4806 2547 4867 procerum
2568 4788 2832 4847 invidiam
2853 4787 2925 4846 ob
2946 4776 3201 4844 virtutem
3224 4786 3603 4843 contraxisset.
3626 4787 3865 4856 Verum,

2258 4903 2386 4943 cum
2441 4884 2713 4947 Henricus
2754 4884 2938 4939 Caesar
2985 4880 3300 4937 adolescens
3344 4896 3373 4936 e
3410 4888 3660 4937 tutorum
3705 4887 3863 4951 pote-

2258 4989 2400 5038 state
2441 4977 2682 5044 exiisset,
2726 4974 2941 5046 cognita
2970 4958 3222 5030 Guiberti
3250 4974 3513 5031 industria
3541 4981 3595 5029 et
3635 4972 3861 5041 virtute,

2259 5090 2384 5131 eum
2421 5073 2563 5128 inter
2606 5070 2827 5126 intimos
2866 5069 3096 5139 amicos,
3135 5077 3190 5124 et
3224 5068 3559 5125 consiliarios
3600 5081 3730 5122 suos
3772 5082 3865 5122 ae-

2259 5168 2419 5236 civit;
2456 5174 2511 5222 et
2546 5180 2658 5222 non
2696 5165 2859 5237 longe
2898 5171 3019 5236 post
3066 5162 3532 5236 archiepiscopum
3562 5161 3864 5217 Ravenna—

2258 5271 2372 5319 tem
2416 5258 2736 5333 designavit.
2786 5258 3009 5314 Mortuo
3058 5253 3369 5315 Alexandro
3410 5256 3462 5313 II
3503 5271 3597 5328 per
3639 5252 3863 5327 aliquod

2258 5415 2443 5484 bunal,
2463 5415 2517 5470 in
2532 5414 2653 5486 aula
2668 5409 3351 5486 illegitimumprcsertim
3367 5422 3494 5468 cum
3508 5409 3568 5486 in
3585 5424 3655 5486 ea
3668 5408 3862 5465 omnia

2257 5481 2439 5544 essent
2472 5484 2695 5551 venalia,
2741 5481 3066 5557 praterque'
3096 5485 3381 5557 Simonem
3405 5492 3464 5539 et
3482 5481 3659 5557 ‘Giezi
3687 5495 3861 5538 nemo

2250 5559 2343 5632 jus
2377 5557 2602 5632 diceret.
2632 5554 2903 5632 Domnizo
2934 5554 3004 5611 de
3034 5556 3301 5632 Guiberto
3333 5572 3345 5609 :
3377 5554 3557 5632 Major
3581 5558 3695 5632 erat
3720 5568 3860 5606 cun-

2258 5626 2357 5686 ctis
2388 5631 2680 5687 Guibertus
2710 5631 2980 5699 episcopus
3008 5626 3157 5681 urbis
3191 5628 3478 5691 Ravennae,
3518 5626 3721 5699 doctus,
3766 5638 3861 5677 sa-

2252 5704 2427 5775 piens,
2459 5706 2510 5756 et
2553 5696 2753 5775 nobilis
2791 5696 2987 5775 ortus,
3015 5700 3296 5775 adstiterat
3339 5701 3550 5775 Pm'rnce
3588 5696 3859 5775 eicis_seu

2258 5766 2476 5830 clericus
2510 5792 2528 5824 :
2562 5777 2686 5828 ante
2713 5772 2846 5827 dum
2877 5773 2989 5842 fuit
3024 5771 3221 5826 electus
3252 5771 3548 5838 Gregorius
3582 5770 3682 5823 iste
3710 5766 3857 5824 Gui-

2261 5848 2439 5902 bertus
2467 5845 2578 5915 ipsi
2618 5844 2854 5915 juravit.
