4106 6182
240 292 334 346 181

1225 289 1750 350 PROLEGOMENA.
1793 321 1862 336 —-
1897 295 2076 351 ACTA
2113 295 2170 350 S.
2209 293 2557 350 GREGORII.

3444 303 3541 357 182

236 423 464 486 tempus
491 414 551 470 in
572 412 759 471 oﬂlcio
786 413 1111 485 permansit,
1142 422 1198 470 et
1225 415 1486 488 Gregorio
1527 421 1648 487 VII,
1679 421 1772 492 qui
1795 420 1842 476 ei
1870 424 1923 489 Α
1951 429 2011 476 ut
2030 420 2144 493 ipse
2167 419 2402 490 dicebat,
2429 427 2675 486 coactus,
2710 420 2962 477 ascendit
2988 429 3040 478 et
3064 423 3241 479 tribus
3270 423 3374 480 sibi
3405 424 3544 479 invi—

235 516 598 576 successerat,
650 508 844 580 paruit.
889 510 1027 564 Cum
1075 524 1204 566 vero
1253 511 1369 583 ejus
1415 512 1484 568 ab
1507 513 1837 586 imperatore

239 603 404 659 animi
435 601 818 658 alienationem
864 603 1223 675 cognovisset,
1278 606 1550 676 pontiﬁce,
1601 610 1689 664 cui
1719 608 1840 665 obe-

240 697 507 754 dientiam
547 697 907 770 praestiterat,
956 698 1196 769 prodito,
1245 698 1313 756 ad
1359 701 1750 772 imperatorem
1779 719 1837 760 se

239 791 488 858 contulit,
529 807 768 864 cumque
816 791 1168 848 vehementer
1205 792 1502 852 ambitione
1537 796 1838 854 inﬂamma-

240 894 348 952 tus,
378 893 569 942 contra
593 901 788 958 papam
821 886 1154 958 Gregorium
1189 889 1501 944 concitavit.
1524 894 1648 963 Quo
1688 900 1836 963 post-

240 973 401 1036 remo
457 978 695 1036 Brixiae:
748 995 817 1036 ex
861 979 1208 1052 imperatoris
1252 983 1577 1040 auctoritate
1613 985 1836 1057 pontiﬁ-

241 1082 368 1130 catu
393 1075 626 1145 privato,
652 1089 798 1130 anno
828 1080 988 1143 1084,
1037 1075 1391 1147 pontiﬁcatus
1416 1078 1664 1151 ejusdem
1695 1080 1835 1135 Gre—

240 1168 377 1240 gorii
405 1170 527 1236 VII,
554 1167 858 1225 Guibertus
885 1169 997 1240 ipse
1027 1167 1374 1241 imperatoris
1409 1171 1563 1243 jussu
1599 1186 1689 1228 vn
1708 1173 1833 1228 Kal.

239 1261 384 1330 Julii,
421 1261 722 1318 indictione
764 1269 818 1330 3,
847 1261 915 1318 ab
943 1263 1207 1335 episcopis
1234 1264 1327 1336 qui
1363 1264 1418 1320 in
1463 1281 1528 1321 eo
1557 1275 1833 1322 conventu

238 1355 486 1420 aderant,
537 1354 718 1412 eidem
768 1355 1004 1428 pontiﬁci
1039 1357 1364 1428 subrogatus
1429 1367 1532 1427 est,
1615 1368 1669 1414 et
1721 1361 1836 1416 Cle~

237 1465 394 1506 mens
434 1451 514 1505 III
553 1449 883 1522 appellatus;
932 1451 1021 1522 qui
1052 1451 1106 1506 in
1135 1450 1429 1507 schismate
1458 1463 1649 1509 contra
1692 1455 1860 1520 Gre-,

236 1545 450 1616 gorium
486 1546 614 1613 VII,
644 1545 920 1599 Victorem
965 1547 1063 1609 Ill,
1109 1545 1396 1600 Urbanum
1434 1547 1484 1601 II
1513 1555 1570 1601 et
1596 1547 1834 1602 Pascha-

235 1639 342 1693 lem
376 1640 440 1703 ll,
473 1637 615 1694 sedit
655 1653 830 1693 annos
857 1638 976 1710 plus
1026 1637 1210 1694 minus
1256 1655 1392 1710 XXI,
1455 1657 1596 1694 anno
1643 1641 1834 1696 deinde

237 1737 378 1787 1084
408 1733 607 1787 Romae
644 1747 710 1787 x1
739 1731 860 1786 Kal.
897 1731 1117 1802 Aprilis,
1155 1732 1240 1788 die
1300 1733 1589 1788 Dominico
1621 1736 1834 1789 Palma-

1947 527 2068 569 cem
2089 513 2506 570 succedentibus
2535 515 2833 585 supervixit
2875 535 2886 569 :
2920 511 3152 573 extorris
3192 517 3284 573 diu
3313 527 3543 588 utraque

1943 606 2096 672 sede,
2125 617 2179 663 et
2208 611 2458 664 Romana
2482 617 2538 663 et
2575 611 2915 674 Ravennate,
2940 609 3174 678 malens,
3202 619 3263 667 ut
3288 627 3431 684 sape
3459 612 3543 668 di-

1944 715 2067 758 cere
2119 702 2309 757 solitus
2365 710 2500 768 erat,
2573 717 2629 757 se
2676 703 2957 772 apostolici
3004 720 3208 759 nomen
3256 721 3537 777 nunquam

1944 795 2266 867 suscepisse.
2316 795 2482 866 Cujus
2525 794 2756 850 cadaver
2805 797 3184 867 postmodum,
3225 813 3360 868 pace
3398 799 3541 855 inter

1943 889 2244 946 Henricum
2276 892 2323 944 V
2369 897 2424 944 et
2472 889 2792 944 Paschalem
2841 894 2891 945 II
2937 888 3101 956 facta,
3150 890 3219 948 de
3261 893 3534 963 sepulcro,

1946 983 2038 1039 ubi
2097 982 2471 1055 quinquennio
2500 982 2765 1052 jacuerat,
2822 983 3183 1048 abstractum,
3231 995 3539 1056 crematum

1943 1086 2025 1132 est
2057 1077 2214 1149 jussu
2260 1076 2535 1131 Paschalis
2582 1078 2655 1142 lI,
2708 1076 2997 1148 omniaque
3040 1078 3158 1149 ejus
3192 1087 3312 1135 acta
3359 1079 3415 1136 in
3445 1095 3536 1152 sy-

1943 1169 2087 1227 nodo
2115 1170 2370 1226 Laterani
2399 1178 2723 1242 congregata
2754 1170 2907 1225 irrita
2928 1170 3074 1226 facta
3100 1179 3245 1227 sunt.

2023 1268 2100 1320 De
2141 1279 2206 1320 eo
2235 1265 2306 1318 ita
2355 1262 2580 1336 quidam
2609 1263 2807 1319 horum
2845 1273 3157 1334 temporum
3192 1273 3381 1320 auctor
3409 1268 3560 1321 scri-'

1941 1357 2022 1413 bit
2052 1359 2388 1420 :Guibertus,
2433 1359 2531 1426 qui
2553 1362 2675 1426 post
2700 1359 2953 1427 prcestita
2998 1358 3215 1412 domino
3245 1374 3340 1412 suo
3373 1361 3536 1413 beat/,3

1940 1455 2204 1507 inemo-rice
2233 1454 2487 1520 Gregorio
2513 1453 2614 1530 VII
2637 1453 2920 1522 ﬁdelitatis
2961 1452 3313 1520 juramentu,
3344 1457 3396 1506 et
3423 1455 3537 1507 obe-

1943 1531 2205 1601 dientiam
2251 1551 2452 1616 septem
2481 1549 2642 1599 annis
2701 1547 3024 1611 eahibitam,
3055 1549 3254 1601 invasit
3282 1548 3540 1616 apostoli-

1943 1658 2056 1696 cam
2089 1643 2284 1708 sedem,
2328 1642 2728 1709 Henric-umque
2772 1641 3151 1709 imperatorem
3197 1639 3424 1694 absolvit
3471 1643 3540 1693 ab

1942 1736 2300 1790 observatione
2310 1734 2707 1804 ju-risjurandi,
2733 1734 2876 1803 quod
2897 1735 3047 1803 apud
3079 1736 3366 1790 Canusium
3381 1738 3538 1790 Lom-

233 1840 357 1881 rum
387 1824 457 1879 ab
495 1825 762 1896 episcopis
803 1825 1150 1890 Bononiensi,
1185 1827 1477 1881 Mutinensi
1508 1835 1564 1881 et
1611 1829 1830 1883 Placen-
1861 1809 1906 1871 Β
1942 1829 2144 1883 bardice
2223 1829 2482 1899 oppidum
2544 1829 2668 1881 olim
2727 1829 2980 1896 Gregorio
3014 1844 3172 1897 papce
3213 1832 3544 1898 praestiterat

231 1919 373 1987 tino,
395 1935 529 1973 cum
576 1917 881 1974 cardinales
909 1919 1178 1985 deessent,
1233 1920 1610 1992 inauguratus,
1642 1923 1830 1994 proxi-

231 2029 326 2068 mo
385 2011 633 2067 Paschali
677 2009 816 2066 festo
880 2013 1270 2083 imperatorem
1343 2015 1650 2070 Henricum
1708 2031 1834 2071 cum

231 2122 406 2162 uxore
461 2107 624 2160 Berta
665 2105 966 2161 coronavit.
1013 2105 1217 2162 Audito
1256 2122 1386 2162 vero
1453 2093 1686 2163 Roberti‘
1710 2109 1838 2164 Gui-

231 2199 406 2255 scardi
435 2201 910 2255 Nortmannorum
966 2198 1121 2254 ducis
1150 2198 1407 2267 adventu,
1450 2202 1540 2273 qui
1589 2202 1644 2256 in
1693 2203 1837 2258 auxi-

231 2296 367 2350 lium
398 2292 656 2365 Gregorii
675 2293 861 2348 VII.in
889 2308 1012 2348 arce
1038 2293 1218 2348 Sancti
1245 2295 1436 2365 Angeli
1479 2296 1717 2351 conclusi
1738 2312 1835 2351 ve-

229 2389 436 2455 niebat,
503 2387 806 2459 imperator
846 2395 903 2442 et
942 2387 1190 2458 antipapa
1231 2389 1389 2445 Urbe
1443 2398 1832 2447 excesserunt:

230 2483 536 2539 Guibertus
563 2481 788 2554 quidem
825 2482 880 2537 in
911 2482 1328 2549 Lombardiam,
1383 2483 1677 2554 imperator
1705 2500 1834 2541 vero

231 2578 284 2633 in
307 2576 708 2642 Germaniam,
735 2575 830 2630 ubi
855 2591 1001 2630 anno
1049 2577 1296 2647 sequenti
1359 2581 1493 2633 1085
1542 2578 1837 2648 Moguntiae

231 2671 620 2743 episcoporum
652 2668 959 2725 Germaniae
987 2669 1198 2742 synodo
1237 2681 1591 2742 congregata,
1618 2671 1835 2727 ordina-

233 2766 436 2821 tionem
480 2763 786 2820 Clementis
813 2766 893 2819 III
942 2772 994 2818 et
1024 2763 1438 2836 abrogationem
1465 2766 1713 2837 Gregorii
1741 2768 1836 2820 VII

232 2856 553 2914 conﬁrmari
574 2857 754 2928 jussit.
785 2858 904 2925 Quo
929 2865 1174 2928 tempore
1205 2858 1547 2914 Herimanno
1570 2859 1834 2930 primum,

231 2951 454 3018 deinde,
481 2966 554 3006 eo
579 2959 827 3019 mortuo,
844 2949 1082 3022 Egberto
1105 2951 1209 3006 alio
1236 2952 1455 3024 regibus
1481 2969 1510 3007 a
1537 2951 1838 3008 Saxonibus

233 3055 424 3102 contra
445 3060 509 3101 se
539 3045 755 3112 creatis,
783 3045 854 3100 ita
880 3044 1034 3100 novis
1081 3045 1240 3102 bellis
1285 3046 1536 3102 civilibus
1568 3045 1837 3118 implicari

235 3141 422 3213 ctepit,
453 3148 519 3194 ut
554 3139 721 3194 rebus
747 3138 952 3194 Italicis
975 3139 1214 3210 amplius
1239 3139 1316 3195 sic
1356 3156 1546 3196 vacare
1572 3156 1682 3196 non
1713 3156 1838 3212 pos-

233 3244 332 3290 set.
376 3236 556 3289 Porro
597 3241 782 3289 autem
818 3232 1064 3288 Roberto
1092 3233 1396 3290 Guiscardo
1423 3242 1485 3289 ex
1519 3234 1671 3290 Urbe
1710 3251 1837 3290 cum

236 3327 502 3397 Gregorio
528 3327 629 3382 VII
653 3324 984 3392 discedente,
1016 3326 1313 3383 Guibertus
1341 3327 1408 3383 ad
1435 3343 1562 3383 eam
1587 3343 1837 3383 reversus

236 3438 360 3476 cum
386 3419 746 3492 imperatoris
766 3418 1024 3491 praefecto
1055 3436 1243 3476 arcem
1273 3423 1331 3477 S.
1365 3421 1553 3493 Angeli
1579 3430 1633 3477 et
1652 3422 1835 3477 omnia

237 3515 346 3570 fere
383 3515 510 3586 ejus
526 3516 644 3569 loca
675 3513 929 3570 obtinuit.

305 3607 515 3664 Audita
543 3608 764 3663 interim
810 3608 1060 3679 Gregorii
1095 3610 1191 3663 VII
1237 3615 1293 3662 et
1321 3611 1413 3680 qui
1456 3608 1529 3663 illi
1561 3623 1835 3664 successe-

238 3712 341 3771 rat,
384 3702 621 3758 Victoris
665 3704 759 3769 IiI,
804 3709 1000 3766 morte,
1061 3717 1188 3757 cum
1236 3701 1530 3758 Urbanum
1572 3704 1622 3757 II
1668 3700 1837 3758 suffe-

236 3805 387 3852 ctum
403 3812 527 3851 esse
550 3795 913 3868 cognovisset,
944 3804 1065 3851 tum
1098 3795 1336 3866 primum
1357 3794 1627 3851 intellexit
1649 3795 1836 3851 adver~

238 3891 509 3946 sariorum
537 3905 764 3946 suorum
789 3889 977 3944 odium
1016 3889 1156 3944 inse
1199 3895 1520 3961 perpetuum
1568 3905 1706 3954 esse,
1750 3905 1834 3945 se-

240 4000 345 4056 que
375 3999 659 4056 nunquam
706 3983 1080 4054 pontiﬁcatum
1109 3987 1424 4039 Romanum
1475 3983 1698 4054 paciﬁce
1749 3985 1841 4039 ob-

239 4086 544 4134 tenturum.
566 4078 746 4146 Quare
760 4085 880 4133 toto
895 4076 1106 4132 Urbani
1125 4079 1172 4131 ll
1191 4076 1516 4146 pontiﬁcatu
1533 4077 1680 4132 vario
1692 4081 1840 4143 (285)

238 4189 366 4228 cum
414 4170 842 4226 Hildebrandina
871 4169 1114 4226 factione
1145 4173 1319 4225 Marte
1348 4169 1619 4238 conﬁixit,
1673 4169 1840 4226 modo

240 4266 396 4322 Urbe
431 4265 698 4327 extorris,
727 4264 892 4320 modo
922 4278 984 4318 ea
1031 4263 1214 4335 potius
1243 4263 1476 4330 scilicet,
1529 4273 1693 4335 prout
1737 4264 1837 4319 sibi

241 4359 485 4417 secunda
514 4359 598 4413 vel
628 4357 853 4414 adversa
885 4361 1268 4413 Romanorum
1304 4365 1359 4413 et
1379 4357 1722 4429 imperatoris
1737 4366 1840 4413 stu-
1868 4372 1880 4378 ’

239 4454 324 4510 dia
357 4462 540 4521 erant,
574 4468 691 4508 eam
721 4461 908 4508 tamen
945 4451 1155 4523 majore
1184 4451 1393 4507 Urbani
1418 4454 1469 4506 II
1496 4451 1842 4524 pontiﬁcatus

241 4557 394 4621 parte
423 4547 664 4603 obtinuit
708 4547 936 4602 Urbano
977 4546 1096 4618 ipso
1127 4545 1277 4602 Urbe
1313 4545 1517 4618 fugato.

311 4641 564 4700 Paschali
590 4657 756 4720 porro
781 4642 834 4696 II
864 4647 1067 4708 creato,
1113 4654 1242 4695 cum
1285 4639 1548 4696 adversus
1577 4655 1703 4696 eum
1755 4655 1842 4697 se-

239 4737 528 4792 ditionem
560 4743 614 4789 et
638 4733 841 4790 bellum
879 4733 1032 4790 civile
1074 4739 1363 4800 astrueret,
1393 4733 1613 4790 tandem
1637 4733 1695 4788 in
1724 4749 1846 4790 arce

241 4834 294 4886 S.
328 4828 557 4900 Angeli,
586 4844 708 4899 quae
745 4828 825 4883 sui
850 4827 988 4900 juris
1035 4827 1212 4884 adhuc
1257 4836 1405 4896 erat,
1445 4835 1701 4884 mortuus
1739 4835 1844 4895 est,

241 4933 294 4980 et
337 4923 415 4980 ad
457 4921 740 4978 ecclesiam
780 4925 1174 4989 Ravennatem,
1230 4921 1286 4977 in
1314 4936 1419 4992 qua
1467 4921 1714 4993 sepultus
1743 4931 1844 4990 est,

240 5018 544 5073 translatus
577 5013 918 5086 pontiﬁcatus
945 5029 1091 5072 anno
1116 5031 1252 5082 χχι,
1287 5014 1487 5070 Christi
1530 5030 1661 5071 vero
1688 5021 1843 5072 1101.

242 5111 370 5168 Fuit
391 5109 486 5166 hic
514 5110 771 5166 Clemens
817 5109 895 5164 vir
918 5110 1108 5182 utique
1135 5109 1424 5177 litteratus,
1458 5109 1699 5182 ingenio,
1728 5111 1847 5165 elo-

242 5205 394 5278 quio,
425 5203 710 5260 nobilitate
738 5203 1064 5276 caeterisque
1084 5203 1254 5259 animi
1285 5212 1343 5258 et
1357 5204 1602 5275 corporis
1632 5203 1848 5260 dotibus

245 5297 726 5365 instructissimus,
782 5305 841 5353 et
889 5311 1137 5369 personae
1191 5297 1490 5354 reverentia
1548 5295 1847 5352 admodum

243 5393 460 5459 clarus;
484 5399 561 5459 et,
592 5391 684 5464 qui
707 5390 940 5448 forsitan
963 5394 1081 5447 Deo
1105 5391 1418 5464 placuisset,
1447 5391 1555 5447 nisi
1579 5391 1627 5446 vi
1660 5399 1713 5446 et
1741 5407 1851 5447 am-

241 5487 460 5544 bitione
471 5485 870 5554 inﬂammatus,
887 5501 948 5541 ea
972 5500 1096 5558 quae
1121 5486 1221 5541 sibi
1244 5502 1354 5542 non
1371 5484 1629 5553 licebant,
1651 5493 1850 5541 tentas-

243 5592 357 5649 set;
385 5597 493 5638 nec
522 5583 706 5636 Roma
723 5589 875 5647 tunc,
896 5596 998 5636 nec
1033 5581 1284 5635 Ravenna
1311 5581 1451 5636 bene
1480 5595 1639 5648 usus;
1671 5587 1726 5635 et
1759 5579 1849 5651 qui

243 5691 412 5750 supra
427 5689 603 5732 unum
623 5687 821 5747 papam
840 5673 1174 5746 Gregorium
1201 5674 1493 5740 viventem,
1515 5688 1849 5746 quanquam,

341 5866 472 5930 285)
503 5864 625 5918 lmo
645 5877 774 5918 cum
803 5859 1144 5917 orthodoxis.

1941 1939 2060 1976 eum
2084 1927 2306 1979 Romam
2333 1925 2586 1984 attramit,
2632 1926 2682 1976 et
2708 1938 2825 1975 cum
2867 1937 2923 1975 eo
2959 1938 3201 1991 pugnare
3252 1923 3539 1977 Ecclesium

1941 2021 2238 2073 Romanam
2288 2019 2460 2086 erepit.
2533 2019 2583 2071 1i
2613 2031 2734 2069 vero
2797 2017 2901 2084 qui
2954 2031 3023 2068 ea:
3076 2020 3238 2085 parte
3293 2018 3544 2084 Gregorii

1941 2112 2089 2165 ultra
2128 2115 2326 2166 montes
2365 2115 2542 2170 erant,
2575 2125 2696 2163 cum
2717 2111 3090 2178 imperatorem
3125 2111 3184 2162 in
3210 2110 3378 2164 Italia
3398 2125 3540 2165 com~

1941 2207 2149 2260 morari
2203 2207 2583 2272 cognovissent,
2618 2203 2874 2258 adversus
2921 2219 3037 2257 eum
3067 2203 3327 2258 rebellare
3355 2204 3538 2274 dispo-

1941 2304 2098 2353 nunt.
2139 2301 2335 2354 Contra
2391 2300 2484 2352 hos
2535 2295 2832 2367 imperator
2877 2297 3157 2359 accedens,
3204 2299 3360 2352 vario
3418 2299 3544 2352 belli

1942 2399 2150 2454 meatu,
2173 2395 2436 2465 plurimis
2453 2393 2663 2461 prwliis
2679 2407 2817 2460 saepe
2827 2393 3118 2461 pugnavit,
3146 2407 3359 2460 magnae
3374 2394 3544 2446 utrin-

1941 2503 2041 2556 que
2058 2488 2246 2551 credes,
2268 2487 2519 2541 incendia
2539 2487 2781 2556 plurima
2799 2486 3236 2555 direptionesque
3251 2489 3536 2553 cont-igere.

1941 2583 2165 2636 Relictis
2191 2580 2403 2635 tandem
2433 2583 2490 2634 in
2521 2581 2813 2637 Germania
2842 2582 3008 2648 copiis
3051 2580 3124 2633 ad
3171 2571 3540 2634 obsistendum

1943 2679 2159 2744 sumptu
2181 2681 2296 2728 tum
2331 2690 2445 2735 suo,
2479 2679 2594 2727 tum
2640 2673 2962 2727 conductitio
2999 2675 3191 2737 milite,
3243 2676 3468 2728 Romam
3492 2681 3544 2728 et

1942 2769 2252 2823 suburbana
2280 2771 2462 2822 omnia
2500 2769 2733 2835 rapinis,
2786 2767 3156 2835 incendiisque
3184 2771 3234 2821 et
3277 2767 3541 2829 Cladibus,

1944 2867 2149 2932 quanta
2185 2864 2382 2932 potuit,
2430 2861 2720 2914 acerbitate
2745 2862 2960 2913 vacavit
3006 2877 3024 2912 :
3070 2860 3285 2913 tandem
3325 2862 3546 2915 Simone

1946 2972 2061 3022 suo,
2101 2958 2276 3025 pretio
2321 2957 2491 3021 magis
2533 2969 2698 3022 quam
2739 2955 2962 3019 virtute,
3013 2954 3072 3005 in
3100 2955 3394 3022 apostolica
3421 2956 3542 3008 sede

1949 3052 2136 3116 locato,
2159 3050 2381 3118 imperii
2403 3048 2470 3101 ab
2515 3062 2574 3101 eo
2603 3049 2802 3116 accepit
2849 3060 3129 3112 coro-nam,
3180 3050 3291 3100 tam
3319 3062 3424 3101 non
3451 3049 3542 3114 fa-

1947 3143 2188 3198 vmtibus
2225 3144 2333 3197 sibi
2356 3144 2575 3210 suisque
2599 3141 2940 3210 complicibus
2962 3141 3235 3202 Romanis,
3255 3155 3544 3209 quamnon

1947 3238 2456 3298 contradicentibus,
2501 3237 2894 3289 atrocissimam
2923 3237 3088 3288 movit
3100 3237 3543 3304 persecutionem.

1947 3332 2122 3400 Hujus
2136 3333 2217 3384 rei
2239 3333 2447 3398 gratia,
2473 3330 2635 3382 totius
2653 3329 2772 3394 fere
2791 3329 3010 3396 imperii
3032 3330 3267 3382 Romani
3298 3329 3543 3382 Ecclesia

1946 3425 2220 3488 desolatas,
2245 3429 2295 3477 et
2313 3424 2500 3489 religio
2517 3423 2826 3477 Chn'stiana
2848 3421 3136 3490 dissipata,
3161 3425 3212 3475 et
3231 3423 3356 3490 plus
3380 3437 3545 3491 quam

1945 3519 2149 3587 viginti
2173 3518 2348 3570 millia
2376 3515 2676 3581 hominum,
2726 3519 2916 3585 agente
2946 3515 3222 3575 Guiberto,
3261 3516 3540 3584 plerisque

1949 3614 2073 3666 locis
2095 3615 2219 3666 sunt
2255 3625 2408 3665 casa.
2467 3611 2572 3676 Qui
2609 3611 2792 3673 etiam,
2828 3609 2999 3676 pulsis
3037 3609 3311 3662 catholicis
3337 3611 3546 3678 episco-

1945 3709 2033 3777 pis
2061 3711 2110 3760 et
2157 3705 2462 3771 abbatibus,
2525 3704 2757 3771 aliisque
2803 3703 3163 3756 Ecclesiarum
3207 3705 3539 3774 priapositis,

1948 3801 2200 3854 doctrina
2221 3802 2271 3852 et
2288 3799 2542 3864 religione
2554 3795 2960 3866 prastantibus,
2980 3796 3262 3850 sceleratos
3289 3801 3339 3850 et
3354 3797 3547 3850 illitte-

1950 3899 2096 3948 ratos
2121 3893 2346 3960 singulis
2389 3891 2634 3954 urbibus,
2668 3891 3010 3943 monasteriis
3049 3889 3384 3959 ecclesiisque
3403 3905 3546 3960 pra:-

1949 3990 2081 4055 fecit
2103 4006 2119 4051 ;
2149 4001 2288 4055 srepe
2309 3985 2567 4053 singulos,
2593 3984 2909 4052 plerumque
2927 3983 3097 4045 binos,
3121 3985 3279 4037 annis
3306 3984 3546 4053 singulis

1949 4082 2201 4149 magistri
2227 4081 2316 4133 sui
2351 4079 2582 4134 Simonis
2610 4079 2951 4130 mercimonio
2990 4075 3316 4131 ercsecrando
3346 4078 3544 4131 substi-

1951 4180 2102 4228 tuens
2124 4176 2180 4227 in
2208 4172 2588 4243 deprcedandis
2624 4173 2751 4225 locis
2780 4173 2979 4226 sanctis
3002 4171 3207 4240 sibique
3227 4186 3332 4225 non
3355 4173 3548 4238 faven-

1952 4269 2097 4323 tibus
2121 4267 2471 4334 Christianis,
2502 4268 2608 4319 imo
2628 4266 2762 4334 ipsis
2788 4279 2996 4334 quoque
3042 4265 3379 4333 faventibus,
3421 4265 3547 4318 dum

1949 4378 2053 4416 non
2083 4365 2253 4416 essent
2280 4361 2378 4430 qui
2393 4363 2603 4413 armato
2630 4360 2954 4426 resisterent,
2985 4359 3133 4425 longe
3158 4360 3368 4427 lateque
3395 4374 3498 4412 srev
3509 4361 3550 4412 i-

1950 4457 2035 4510 tia
2074 4456 2298 4512 Neronis
2322 4457 2372 4507 et
2398 4455 2554 4508 Decii
2584 4451 2805 4523 perdita
2832 4451 3112 4505 voluntate
3133 4455 3411 4519 grassatus
3449 4457 3543 4505 est.

1873 4569 1924 4632 Ι)
1952 4550 2098 4605 Idem
2129 4563 2271 4610 vero,
2331 4549 2431 4617 qui
2469 4547 2638 4601 multo
2685 4547 2882 4600 rectius
2910 4545 3119 4599 demens
3163 4560 3332 4615 papa,
3387 4560 3546 4615 quam

1955 4644 2186 4699 Clemens
2205 4643 2381 4697 dictus
2410 4644 2561 4703 esset,
2588 4642 2646 4694 in
2675 4638 2877 4710 oppido
2901 4654 3017 4705 suo,
3060 4638 3205 4708 quod
3234 4643 3548 4708 argenteum

1954 4737 2170 4804 dicitur,
2204 4736 2412 4791 excelsa
2432 4735 2708 4801 fabricata
2737 4737 2890 4787 turre
2908 4734 3255 4802 praestolatus
3284 4735 3548 4789 Simonia-

1954 4847 2036 4886 eos
2060 4832 2294 4898 angelos,
2326 4845 2442 4883 cum.
2472 4828 2670 4897 quibus
2697 4827 2922 4882 volando
2947 4829 3002 4880 in
3020 4827 3273 4897 paludem
3295 4829 3538 4897 Stygiam

1951 4929 2150 4988 rueret,
2182 4929 2311 4989 Deo,
2350 4939 2448 4993 per
2471 4922 2672 4985 omnia,
2706 4923 2959 4990 Gregorio
2977 4937 3136 4992 papa:
3170 4923 3402 4991 favente,
3425 4937 3552 4975 cru-

1954 5020 2107 5074 ribus
2126 5020 2239 5074 satis
2259 5018 2570 5085 confractis,
2605 5032 2723 5071 cum
2752 5016 2839 5072 illi
2875 5029 3030 5070 nemo
3058 5017 3404 5087 apostolibam
3433 5018 3555 5071 obe-

1955 5114 2217 5169 dientiam
2248 5113 2556 5167 exhibuerit
2583 5112 2667 5165 vel
2695 5112 3286 5179 reverentiam,prceter
3308 5111 3551 5180 impera-

1955 5212 2120 5263 torem
2146 5207 2364 5280 ejusque
2395 5207 2692 5275 complices,
2719 5206 2801 5280 vel
2822 5206 2919 5273 qui
2939 5219 2992 5258 se
3020 5205 3107 5257 illi
3127 5210 3351 5274 propter
3375 5207 3555 5258 avari-

1957 5305 2113 5363 tiam,
2141 5317 2261 5371 quce
2305 5305 2383 5356 est
2413 5300 2682 5354 idolorum
2731 5300 2979 5365 servitus,
3033 5299 3116 5352 vel
3160 5303 3439 5368 perpetuo,
3473 5300 3556 5354 vel

1958 5397 2032 5450 ad
2053 5400 2254 5465 tempus
2284 5395 2382 5449 sub
2401 5393 2776 5463 jurisjurandi
2804 5396 3140 5447 sacramento
3168 5391 3552 5446 crediderunt:

1959 5505 2184 5559 quorum
2195 5490 2442 5559 plurimi,
2470 5488 2661 5559 quibus
2687 5487 2799 5556 ejus
2835 5487 3068 5557 perﬁdia
3107 5486 3399 5553 claruerat,
3425 5487 3555 5540 dum

1959 5583 2295 5638 exsecrabilis
2317 5584 2507 5637 divina
2546 5582 2848 5635 immolaret
2887 5581 3175 5649 sacriﬁcia,
3222 5595 3334 5632 non
3371 5580 3557 5633 adesse

1959 5677 2283 5744 tolerabant,
2338 5678 2558 5732 scientes
2609 5689 2728 5730 eum
2772 5675 2922 5728 nullo
2978 5676 3213 5729 Romano
3251 5673 3555 5726 successisse
