4106 6182
532 276 630 330 183

1761 270 1817 325 S.
1856 269 2235 325 GREGORIUS
2274 271 2361 326 VII
2400 272 2596 327 PAPA.

3721 268 3823 331 {84

524 401 770 469 pontiﬁci
784 418 799 467 ,-
829 399 922 454 sed
940 398 1227 469 perﬁdum,
1265 396 1573 466 perjurum,
1623 398 1945 462 invasorem,
1969 402 2020 451 et
2034 397 2119 453 Si-
2149 403 2201 463 Α
2230 394 2435 452 dientia
2478 394 2637 474 sedes
2664 394 2873 466 aliquot
2916 395 3054 452 dies.
3085 400 3229 453 Nam
3262 397 3316 453 in
3364 398 3663 455 schismate
3686 415 3824 455 con-

528 497 829 548 moniacum
873 494 1123 559 Gregorio
1160 505 1317 559 papa:
1344 489 1758 559 superadditum
1786 490 1977 556 fuisse.
2019 491 2117 547 Ca-

530 589 715 641 tholici
732 600 872 646 vero,
900 587 995 653 qui
1024 585 1130 636 zelo
1157 584 1255 638 Dei
1274 582 1435 650 ﬁdem
1473 599 1534 636 ac
1563 584 1874 652 religionem
1911 584 2122 637 tuebano

531 685 643 743 tur,
670 680 920 745 Gregorio
936 692 1095 745 papce
1116 716 1133 743 ,
1167 678 1452 730 sanctitate
1472 692 1533 729 ac
1555 678 1809 744 religione
1834 679 2125 747 prmstanti

528 771 896 827 adhwrebant.
928 772 1007 823 lta
1041 771 1153 823 Leo
1199 768 1485 839 episcopus
1532 770 1801 825 Ostiensis
1852 770 1989 825 libro
2046 786 2119 825 ιιι

529 864 665 933 (cap.
697 867 788 929 69)
817 862 1079 917 Historia;
1105 861 1465 917 Cassinensis.

594 955 869 1035 Caeterum
895 962 1115 1010 mortuo
1137 955 1419 1011 Clemente
1443 957 1522 1010 lll
1552 958 1761 1013 vacavit
1780 956 1836 1014 in
1863 972 1961 1015 sua
1989 958 2119 1014 obe-

600 1116 775 1184 (327‘)
810 1119 894 1172 De
923 1114 1118 1188 quibus
1133 1116 1391 1174 omnibus
1417 1116 1531 1189 agit
1567 1126 1754 1189 postea
1783 1119 2122 1191 Onuphrius.

2226 498 2311 545 tra
2344 488 2665 545 Paschalem
2697 506 2889 560 papam
2920 492 2973 545 II
3012 491 3223 562 aliquot
3260 490 3453 547 habuit
3483 508 3824 550 successores

2226 582 2409 637 studio
2435 582 2779 652 imperatoris
2823 583 3044 639 Henrici
3076 585 3129 638 in
3172 584 3325 640 Italia
3372 585 3440 640 ab
3470 586 3587 658 ejus
3620 587 3820 658 prafe-

2227 676 2346 743 ctis,
2379 675 2608 731 ducibus
2647 684 2703 731 et
2750 675 3049 732 fautoribus
3078 677 3273 733 infelici
3328 679 3462 734 satis
3505 680 3637 750 ipsis
3675 682 3823 736 exitu

2227 778 2470 834 creatos;
2503 786 2739 840 quorum
2778 769 2985 840 primus
3023 769 3129 825 fuit
3170 772 3425 827 Albertus
3474 773 3694 843 quidam
3726 778 3821 829 At-

2226 861 2496 931 tellamus,
2515 861 2638 919 dein
2664 861 3040 921 Theodericus
3068 874 3126 921 et
3161 865 3495 936 Maginulfus
3526 870 3719 933 (327‘).

1228 1477 1721 1570 NOTITIA
1788 1482 1959 1570 EX
2025 1481 2637 1574 CONCILIIS
2703 1484 3110 1575 MANSI.

1832 1662 2025 1726 (Tom.
2064 1662 2208 1728 XX,
2247 1661 2351 1716 col.
2395 1666 2522 1729 56.)

2013 1846 2335 1869 *-

594 1994 924 2065 Gregorius,
955 1994 1119 2063 hujus
1155 1992 1399 2047 nominis
1425 1992 1712 2063 septimus,
1747 2001 1906 2048 antea
1939 1992 2121 2048 Hilde—
2151 2000 2199 2060 Β
2228 2001 2309 2048 est
2353 1992 2608 2048 Nicolaus
2656 1996 2724 2059 ll,
2770 1993 3084 2050 consentire
3146 2009 3257 2049 non
3288 2001 3625 2065 gravaretur.
3657 1996 3823 2064 Quod

522 2088 765 2143 brandus
794 2085 1113 2158 appellatus,
1139 2086 1389 2140 omnium
1413 2100 1679 2140 consensu
1700 2085 1938 2155 legitime
1962 2100 2115 2140 crea-

523 2189 613 2235 tus
634 2188 719 2235 est
741 2177 981 2251 pontifex
1019 2194 1165 2233 anno
1207 2177 1403 2233 Christi
1442 2182 1600 2232 1073.
1628 2177 1735 2232 Hic
1777 2178 1944 2249 patria
1984 2180 2116 2233 Soa-

524 2272 706 2329 nensis
732 2280 892 2328 natus
918 2280 1003 2327 est
1030 2272 1083 2326 in
1115 2270 1328 2338 Tuscia,
1357 2270 1551 2326 humili
1600 2270 1741 2337 loco,
1768 2279 1990 2342 parente
2036 2270 2112 2326 fa-

522 2366 659 2433 bro;
688 2366 790 2421 sub
835 2365 1175 2436 protectione
1201 2364 1375 2419 sancti
1416 2364 1559 2418 Petri
1588 2362 1869 2419 educatus.
1917 2364 2117 2420 Adole-

522 2475 677 2515 scens
703 2467 895 2513 nactus
938 2466 1022 2513 est
1050 2458 1369 2529 magistrum
1403 2457 1763 2512 Laurentium
1784 2497 1798 2521 ,
1829 2457 2115 2528 Amalphi-

521 2560 714 2607 tanum
738 2551 1230 2623 archiepiscopum,
1254 2566 1419 2622 quem
1445 2566 1552 2605 non
1582 2550 1994 2617 maleﬁciorum,
2021 2550 2116 2606 sed

522 2654 836 2701 sanctorum
872 2644 1170 2716 principem
1224 2645 1340 2716 ejus
1383 2644 1651 2715 temporis
1696 2644 1864 2699 fuisse
1884 2652 2117 2699 testatur

523 2737 911 2809 irrefragabilis
935 2738 1089 2793 testis
1115 2739 1307 2793 Petrus
1334 2736 1610 2792 Damiani.
1640 2738 1844 2793 Praeter
1873 2738 2117 2792 Lauren-

522 2831 663 2887 tium
694 2830 881 2887 habuit
900 2845 1116 2901 quoque
1144 2831 1463 2902 magistrum
1495 2832 1763 2885 Joannem
1794 2830 2116 2886 Gratianum

520 2924 1081 2996 archipresbyterum,
1110 2932 1293 2995 postea
1325 2939 1517 2995 papam
1545 2924 1873 2994 Gregorium
1898 2934 2116 2979 sextum

519 3018 883 3084 nominatum,
915 3033 1078 3088 quem
1110 3025 1327 3072 secutus
1368 3024 1452 3071 est
1496 3017 1553 3070 in
1604 3017 1959 3072 Germaniam
1988 3032 2114 3071 cum

520 3126 578 3165 se
606 3110 923 3182 pontiﬁcatu
944 3110 1267 3174 abdicasset,
1300 3124 1470 3178 eaque
1502 3110 1789 3165 occasione
1814 3109 1958 3180 apud
1992 3110 2116 3165 Clu-

519 3204 798 3259 niaccnses
849 3202 1166 3273 permansit.
1193 3203 1333 3257 Cum
1366 3204 1551 3256 Leone
1587 3217 1756 3267 nono,
1788 3217 1951 3273 quem
1981 3218 2111 3273 pur-

520 3311 656 3368 pura
710 3295 1005 3367 pontiﬁcali
1050 3294 1327 3361 indutum,
1359 3304 1416 3349 et
1464 3312 1557 3365 per
1601 3310 1826 3350 manum
1873 3294 2112 3351 laicalem

2228 2100 2355 2140 cum
2396 2086 2621 2142 feliciter
2674 2087 3039 2157 impetrasset,
3096 2103 3259 2159 opera
3316 2085 3617 2144 Godefredi
3660 2088 3819 2145 ducis

2228 2178 2636 2234 schismaticum
2680 2180 2907 2251 expulit,
2950 2188 3005 2234 et
3047 2179 3345 2252 legitimum
3395 2180 3708 2251 pontiﬁcem
3760 2182 3815 2237 in

2228 2272 2626 2344 possessionem
2657 2274 2899 2344 quietam
2951 2273 3277 2331 introduxit.
3304 2273 3567 2345 Ejusdem
3592 2274 3821 2330 consilio

2227 2366 2436 2437 Optimo
2457 2374 2579 2437 post
2606 2366 2817 2421 obitum
2850 2366 3053 2422 Nicolai
3086 2368 3288 2422 electus
3308 2376 3390 2422 est
3416 2366 3721 2423 Alexander
3744 2370 3818 2436 ll,

2226 2459 2587 2530 expulsusque
2650 2468 2731 2513 est
2766 2460 3037 2516 Cadalous
3084 2460 3394 2515 Parmensis
3438 2460 3724 2532 episcopus
3760 2469 3817 2517 et

2226 2553 2699 2624 pseudopontifex,
2762 2570 2926 2625 quem
2976 2554 3109 2625 regii
3179 2554 3412 2610 ministri
3468 2563 3523 2609 et
3580 2553 3819 2611 fautores

2226 2646 2486 2701 adversus
2564 2645 2933 2702 Alexandrum
3010 2648 3065 2700 in
3123 2645 3385 2702 thronum
3460 2648 3817 2717 apostolicum

2224 2748 2529 2794 evexerant.
2558 2743 2625 2794 Et
2643 2755 2959 2811 quanquam
2979 2749 3183 2795 statura
3211 2740 3439 2810 pusillus
3458 2748 3619 2807 esset,
3636 2750 3816 2795 tamen

2224 2833 2392 2903 gratia
2429 2833 2820 2888 miraculorum
2848 2841 2903 2888 et
2942 2833 3239 2904 prOphetiae
3264 2842 3382 2888 erat
3409 2834 3670 2889 omnibus
3714 2833 3816 2889 ad-

2226 2926 2509 2982 mirabilis.
2540 2928 2678 2981 Nam
2703 2927 2772 2982 ad
2799 2926 3120 2981 miraculum
3150 2942 3314 2996 supra
3345 2927 3677 2982 recensitum
3706 2927 3818 2983 hoc

2224 3019 2429 3075 addidit
2479 3020 2638 3091 longe
2688 3020 3010 3087 mirabilius,
3066 3019 3234 3090 quod,
3287 3035 3414 3074 cum
3462 3020 3531 3074 ab
3581 3014 3859 3091 Hugone‘

2223 3113 2587 3169 Cluniacensis
2614 3112 2925 3168 monasterii
2967 3112 3159 3167 abbate
3183 3112 3401 3185 longius
3447 3114 3681 3175 abesset,
3712 3129 3814 3168 co-

2223 3207 2471 3277 gnoverit
2511 3207 2867 3278 cogitationes
2907 3205 3101 3260 mentis
3156 3204 3320 3269 illius,
3356 3205 3558 3276 quibus
3588 3205 3726 3259 intra
3757 3222 3818 3261 se

2223 3298 2323 3353 sibi
2350 3300 2574 3368 loquens
2602 3300 2813 3355 dicebat
2864 3317 2876 3353 ι
2910 3300 3353 3354 Homuucionem
3381 3297 3534 3353 exilis
3562 3307 3815 3367 staturae,

522 3405 725 3444 munus
764 3388 1071 3459 episcopale
1094 3397 1464 3444 assumentem
1487 3389 1812 3458 increpavit,
1844 3387 2117 3459 profectus
2148 3357 2192 3419 Ο
2222 3391 2566 3462 despicabilis
2629 3393 2938 3463 parentalia,
2990 3401 3199 3447 tumere
3245 3400 3301 3448 et
3354 3391 3534 3446 metiri
3593 3391 3814 3461 altiora,

518 3490 601 3537 est
627 3484 870 3546 Roman,
899 3496 1114 3553 suoque
1142 3481 1369 3537 consilio
1404 3483 1719 3537 Brunonem
1750 3490 1934 3552 postea
1975 3483 2113 3537 Leo-

517 3590 644 3630 nem
668 3575 1023 3630 nominatum
1053 3574 1169 3647 eligi
1201 3575 1489 3646 praecepit;
1522 3573 1695 3629 factus
1722 3576 1988 3630 Romana:
2015 3577 2111 3630 Ec-

522 3668 703 3723 clesiae
743 3668 1128 3723 subdiaconus.
1186 3669 1316 3722 Post
1353 3667 1565 3723 obitum
1621 3666 1865 3738 praedicti
1912 3669 2112 3724 Leonis

518 3760 795 3832 ablegatus
824 3770 906 3815 est
934 3777 962 3815 a
1009 3761 1154 3816 clero
1196 3764 1449 3816 Romano
1477 3760 1545 3817 ad
1575 3760 1981 3833 imperatorem,
2013 3778 2108 3833 pe-

522 3862 641 3909 tens
679 3854 746 3909 ab
774 3870 838 3909 eo
868 3865 948 3921 ut,
995 3870 1121 3908 cum
1157 3856 1319 3909 rebus
1364 3856 1618 3910 Ecclesiae
1661 3856 1987 3925 perturbatis
2006 3856 2108 3911 sibi

516 3946 571 4001 id
617 3962 724 4002 non
772 3946 987 4009 licebat,
1030 3951 1342 4003 Romanum
1396 3948 1706 4018 pontiﬁcem
1736 3963 1848 4003 non
1887 3963 1987 4003 suo
2015 3951 2106 4004 sed

516 4040 644 4096 cleri
688 4042 907 4095 nomine
941 4042 1182 4113 eligeret,
1208 4042 1555 4112 electumque
1598 4049 1793 4096 contra
1836 4042 2110 4099 invasores

514 4133 846 4190 defenderet.
878 4138 927 4189 Α
958 4135 1190 4199 Victore,
1226 4149 1393 4206 quem
1440 4135 1560 4206 eligi
1614 4136 2001 4205 postulaverat,
2052 4136 2106 4191 in

516 4227 747 4284 Galliam
776 4228 1078 4299 ablegatus,
1110 4228 1359 4299 Lugduni
1393 4228 1763 4283 Simoniacum
1808 4229 2107 4298 quemdam

514 4321 984 4391 archiepiscopum
1026 4320 1093 4375 ad
1141 4320 1536 4376 confessionem
1592 4323 1837 4377 criminis
1872 4323 2105 4377 miracu-

514 4414 627 4469 lose
656 4415 836 4484 adegit
859 4433 871 4469 :
898 4415 990 4486 qui
1015 4430 1143 4469 cum
1166 4415 1219 4469 in
1254 4416 1459 4485 hymno
1484 4416 1910 4486 gloriﬁcatiouis,
1940 4432 2104 4486 quem

512 4507 922 4563 Hildebrandus
968 4523 1094 4562 cum
1143 4507 1369 4563 recitare
1421 4508 1799 4574 mandaverat,
1842 4509 2104 4579 Spiritum

511 4607 764 4654 sanctum
789 4599 985 4656 efferre
1004 4617 1120 4656 non
1148 4602 1432 4671 potuisset,
1465 4603 1684 4673 proprio
1709 4618 1805 4656 ore
1821 4601 2103 4658 confessus

510 4700 595 4746 est
626 4706 684 4745 se
731 4693 989 4749 Simoniaa
1020 4695 1248 4749 crimine
1277 4694 1542 4765 pollutum
1602 4710 1739 4750 esse.
1795 4688 2098 4751 Ibidem'S.

2220 3484 2366 3557 quod
2395 3494 2478 3540 tot
2519 3485 2811 3542 mundana:
2845 3491 3139 3557 potestates
3166 3492 3366 3541 nutum
3413 3485 3559 3540 illius
3589 3494 3817 3556 praesto-

2220 3578 2478 3634 larentur.
2525 3580 2662 3635 Cum
2694 3578 2894 3636 eodem
2936 3579 3130 3635 abbate
3173 3594 3337 3634 orans
3377 3577 3653 3634 Christum
3708 3579 3816 3634 sibi

2218 3681 2507 3740 astantem,
2540 3673 2912 3744 angelumque
2955 3672 3254 3727 vibrantem
3299 3671 3539 3743 gladium
3582 3670 3727 3739 vidit,
3760 3680 3817 3727 et

2221 3765 2457 3821 futuram
2495 3766 2885 3821 mortalitatem
2918 3766 3181 3836 praedixit.
3216 3769 3377 3821 Petro
3404 3765 3679 3834 Damiani,
3718 3765 3809 3836 qui

2219 3875 2313 3930 per
2349 3860 2627 3915 somnium
2676 3859 2961 3915 oculorum
2994 3862 3177 3914 lumen
3222 3858 3323 3914 sibi
3377 3859 3625 3913 amisisse
3669 3859 3813 3914 visus

2218 3961 2352 4019 erat,
2382 3953 2660 4008 somnium
2688 3953 2930 4024 ejusdem
2970 3967 3248 4023 exponens
3277 3951 3477 4007 dixisse
3506 3951 3761 4007 scribitur
3793 3969 3809 4006 :

2215 4048 2601 4118 Nequaquam,
2644 4054 2703 4100 ut
2742 4046 2924 4111 times,
2975 4046 3292 4116 propinquat
3321 4053 3403 4099 est
3446 4044 3642 4100 mortis
3672 4044 3812 4099 indi-

2222 4140 2391 4207 cium,
2452 4140 2543 4194 sed
2588 4139 2868 4194 familiaris
2918 4138 3017 4193 tibi
3046 4138 3246 4210 aliquis
3295 4139 3687 4209 exstinguetur,
3719 4139 3814 4209 qui

2214 4232 2309 4288 tibi
2339 4232 2535 4288 charus
2564 4233 2636 4286 sit
2665 4232 2803 4286 sicut
2832 4231 3041 4285 oculus.
3089 4233 3229 4285 Vere
3256 4230 3355 4286 sibi
3390 4230 3525 4286 illud
3562 4246 3655 4301 per
3681 4232 3804 4286 obi-

2213 4334 2333 4379 tum
2366 4325 2641 4380 Dominici
2672 4324 2905 4379 Loricati
2935 4324 3223 4395 contigisse
3247 4323 3447 4380 fatetur
3474 4326 3665 4379 Petrus
3696 4328 3811 4378 Da-

2215 4418 2378 4472 miani
2423 4420 2476 4472 in
2513 4418 2736 4489 epistola
2789 4416 2859 4472 ad
2898 4418 3272 4473 Alexandrum
3307 4433 3520 4488 papam.
3549 4420 3812 4473 Sanctum

2216 4519 2498 4567 Annonem
2528 4510 2904 4569 Coloniensem
2936 4510 3436 4582 archiepiscopum,
3466 4511 3534 4566 de
3558 4511 3683 4582 jure
3714 4526 3806 4566 re-

2212 4605 2297 4675 gio
2327 4605 2382 4658 in
2425 4604 2684 4659 electione
2734 4605 2963 4660 Romani
3010 4604 3285 4675 pontiﬁcis
3335 4604 3531 4659 violato
3573 4619 3807 4675 conque—

2210 4706 2420 4753 rentem
2450 4698 2522 4753 ita
2568 4696 2902 4767 informavit,
2953 4706 3011 4753 ut
3039 4699 3091 4752 in
3122 4697 3333 4768 synodo
3364 4701 3658 4753 Mantuana
3703 4697 3801 4753 de-

512 4784 729 4855 Hugoni
763 4786 1073 4841 monasterii
1115 4787 1687 4844 Cluniacensisabbati
1710 4788 1996 4845 Christum
2018 4806 2103 4845 as-
2128 4758 2177 4819 D
2205 4807 2365 4862 super
2403 4792 2671 4847 celebrata
2722 4792 2835 4862 ipse
2890 4758 3227 4846 Iconsesse'rit
3271 4799 3438 4861 atque
3492 4790 3785 4857 deﬁnierit,

508 4876 705 4943 sidere,
736 4878 973 4949 quidque
998 4879 1271 4950 agendum
1300 4881 1382 4935 vel
1422 4880 1714 4937 dicendum
1739 4881 1880 4938 foret
1927 4883 2101 4939 eidem

514 4983 807 5039 suggerere
841 4970 999 5025 vidit.
1057 4972 1441 5042 Berengarium
1484 4975 1648 5029 etiam
1695 4974 2103 5047 Andegavensis

510 5061 773 5125 Ecclesiae
819 5062 1263 5118 archidiaconum
1317 5065 1375 5120 in
1414 5067 1640 5121 concilio
1682 5068 1983 5123 Turonensi
2033 5067 2101 5123 ad

512 5144 781 5211 hmreseos
819 5170 935 5211 suae
990 5156 1241 5211 iteratam
1279 5158 1673 5229 abjura'tionem
1722 5168 1777 5213 et
1821 5160 2100 5216 catholicae

510 5248 634 5302 ﬁdei
688 5248 1076 5319 professionem
1113 5240 1295 5321 adegit
1338 5270 1348 5304 :
1398 5260 1607 5317 tantum
1648 5252 1798 5307 abest
1827 5262 1903 5321 ut,
1950 5253 2098 5325 quod

511 5341 873 5396 calumniatur
904 5346 1110 5403 Benuo,
1136 5345 1588 5414 Bereugarianam
1620 5345 1870 5401 haeresim
1901 5348 2100 5403 defen-

509 5435 645 5488 derit
674 5444 767 5489 aut
792 5444 1028 5489 δευῑδιυε
1078 5435 1254 5492 fuerit.
1292 5440 1539 5507 Cumque
1571 5449 1692 5509 post
1738 5440 1948 5494 obitum
1989 5443 2100 5497 Ste-

506 5529 668 5598 phani
698 5529 780 5582 ιχ
814 5529 1167 5597 Benedictus,
1213 5532 1330 5601 ejus
1378 5531 1609 5586 DOllllllls
1641 5534 1717 5599 Χ,
1753 5534 2097 5607 pseudopapa

514 5620 917 5690 schismaticus,
942 5621 1127 5679 sedem
1152 5624 1503 5694 apostolicam
1553 5626 1855 5694 invasisset,
1902 5630 2099 5695 missus

505 5722 589 5769 est
607 5714 677 5770 ad
701 5719 973 5787 Agnetem
990 5715 1410 5788 imperatricem,
1438 5727 1623 5791 petens
1639 5720 1708 5775 ab
1731 5736 1794 5775 ea
1816 5730 1876 5777 ut
1901 5722 2098 5778 futurae

502 5807 745 5862 electioni
773 5808 1002 5865 Gerardi
1035 5810 1327 5867 Florentini
1358 5813 1615 5885 episcOpi,
1656 5812 1745 5884 qui
1796 5815 2097 5885 appellatus

2209 4884 2497 4940 Alexandri
2531 4885 2759 4956 justam,
2807 4883 3024 4939 Cadaloi
3075 4882 3331 4955 injustam
3375 4893 3429 4938 et
3458 4884 3801 4956 illegitimam

2211 4978 2537 5033 electionem
2586 4976 2771 5033 fuisse.
2804 4978 2905 5033 His
2952 4977 3020 5034 de
3047 4976 3241 5046 causis,
3288 4977 3580 5033 Alexandri
3611 4977 3801 5048 ponti-

2211 5070 2328 5126 ficis
2356 5071 2625 5142 totiusque
2668 5071 2792 5126 cleri
2835 5070 3071 5125 Romani
3093 5070 3297 5142 judicio
3342 5070 3534 5140 dignus
3575 5077 3661 5122 est
3695 5069 3796 5123 ha-

2209 5164 2357 5219 bitus
2376 5164 2492 5235 qui,
2540 5164 2674 5219 dum
2706 5165 2909 5219 viveret
2940 5163 3272 5228 Alexander,
3303 5159 3654 5217 cancellarius
3684 5164 3803 5217 Ito-

2210 5272 2386 5313 manae
2431 5257 2686 5313 Ecclesiae
2728 5258 3176 5323 constitueretur,
3231 5255 3383 5324 eique
3430 5254 3697 5311 defuncto
3747 5257 3799 5311 in
3834 5290 3849 5297 --

2207 5349 2335 5404 sede
2367 5350 2635 5418 pontiﬁcia
2676 5350 3085 5421 subrogaretur.

2278 5443 2487 5497 Eodem
2539 5444 2623 5498 die
2670 5459 2778 5514 quo
2826 5442 3129 5498 Alexander
3176 5440 3403 5509 obierat,
3456 5441 3715 5497 nimirum
3766 5459 3802 5497 x

2208 5537 2483 5591 Kalendas
2528 5537 2678 5604 Maii,
2731 5538 2979 5593 omnium
3029 5534 3389 5590 cardinalium
3441 5551 3712 5591 consensu
3740 5544 3801 5591 et

2204 5630 2622 5701 subscriptione,
2666 5630 2940 5702 totiusque
2969 5629 3149 5701 p0puli
3199 5636 3253 5683 et
3279 5628 3407 5683 cleri
3446 5628 3798 5701 approbatio-

2202 5739 2270 5778 ne
2300 5724 2355 5778 in
2384 5723 2700 5794 pontificem
2728 5724 2931 5779 electus
2974 5731 3055 5777 est
3085 5721 3310 5788 invitus,
3361 5738 3490 5777 cum
3524 5720 3799 5792 prasconio

2203 5819 2462 5871 virtutum
2514 5833 2703 5871 carum
2732 5832 2856 5887 quae
2913 5817 2967 5870 in
3018 5815 3240 5871 decreto
3293 5815 3591 5875 electionis.
3639 5814 3796 5869 initio
