4106 6182
280 299 385 352 185

1249 294 1772 353 PROLEGOMENA.
1814 328 1881 340 —-
1920 300 2191 355 NOTlTlA
2232 302 2313 354 EX
2353 301 2616 356 (ZONCIL.
3482 316 3581 369 l86

276 420 641 493 epistularum
687 390 962 492 Gregorii.
993 420 1283 489 collocato,
1344 431 1722 479 recensentur.
1789 423 1875 479 Ob
1902 429 1956 492 Α
1984 425 2211 491 tatibus,
2248 426 2392 498 jura,
2422 425 2693 482 tributum
2743 435 2800 483 et
2843 444 3068 486 censum
3110 431 3227 487 sedi
3272 436 3583 504 apostolicae

278 529 528 569 amorem
562 524 616 569 et
635 514 850 569 cultum
889 529 1016 585 erga
1039 529 1203 569 suum
1243 514 1618 584 educatorem,
1647 517 1881 588 gratitu-

278 607 419 663 dinis
442 622 600 678 ergo,
631 607 803 661 voluit
831 608 1108 663 nominari
1158 609 1497 679 Gregorius;
1546 617 1602 664 et
1644 609 1715 665 ad
1742 626 1877 665 con-

278 700 614 756 ﬁrmandam
643 699 788 755 illius
819 700 1119 771 legitimam
1156 701 1364 765 sedem,
1396 710 1558 773 atque
1598 701 1669 758 ad
1693 703 1879 758 redar-

281 794 555 866 guendam
576 793 964 848 nonnullorum
981 794 1312 849 sententiam
1336 794 1404 850 de
1417 795 1605 865 spurio
1634 795 1879 866 ejusdem

281 886 624 959 pontiﬁcatu,
657 895 718 941 ut
742 902 907 957 supra
936 886 1048 942 dixi
1081 886 1137 941 in
1175 888 1446 959 Gregorio
1490 897 1662 956 sexto,
1705 889 1882 945 voluit

284 979 393 1036 dici
418 979 721 1051 septimus;
753 988 814 1035 ut
854 979 1063 1035 scilicet
1107 988 1324 1036 sextum
1353 981 1745 1039 intermedium
1795 997 1880 1037 ve-

284 1089 410 1129 rum
443 1082 498 1128 et
522 1072 835 1144 legitimum
865 1072 1011 1128 sedis
1034 1074 1348 1144 apostolicae
1398 1082 1681 1145 pastorem
1708 1075 1881 1131 fuisse

292 1164 582 1222 indicaret.
617 1169 782 1222 Hunc
801 1165 1128 1223 Lambertus
1151 1165 1694 1241 Schaffnaburgensis
1715 1169 1881 1224 nomi-

284 1268 377 1315 nat
414 1260 602 1315 virum
626 1259 793 1316 sacris
830 1260 1026 1315 litteris
1061 1260 1524 1329 eruditissimum,
1574 1270 1629 1317 et
1669 1262 1726 1317 in
1764 1270 1878 1319 tota

282 1353 532 1409 Ecclesia
553 1361 803 1425 tempore
844 1368 1066 1425 quoque
1112 1355 1360 1425 priorum
1408 1355 1735 1425 pontiﬁcum
1776 1356 1881 1411 vir.

281 1455 465 1503 tutum
506 1462 709 1519 genere
747 1447 1189 1504 celeberrimum.
1232 1447 1513 1504 Marianus
1560 1450 1756 1505 Scotus
1797 1451 1879 1506 his

277 1540 469 1596 diebus
516 1541 573 1595 in
620 1541 919 1597 Germania
958 1540 1204 1598 scribens
1242 1541 1498 1598 eumdem
1547 1543 1879 1614 Gregorium

277 1633 646 1689 venerabilem
686 1632 965 1704 praedicat,
1020 1643 1187 1705 atque
1234 1636 1303 1690 ab
1332 1650 1399 1690 eo
1431 1644 1632 1692 statuta
1661 1636 1877 1693 decreta

279 1728 469 1780 recitat
518 1726 822 1797 etglaudat.
854 1728 1184 1800 Sigebertus,
1216 1737 1272 1783 et
1303 1729 1346 1783 si
1376 1730 1727 1784 Henricianas
1760 1746 1883 1800 par-

1989 518 2105 573 dari
2134 519 2293 574 solita
2321 520 2579 591 exigeret.
2636 522 2887 592 Cumque
2920 523 3147 580 Michael
3198 527 3581 584 Constantino-

1990 612 2265 683 politanus
2301 613 2599 683 imperator
2636 630 2728 684 per
2762 615 2964 671 litteras
3001 618 3264 689 Gregorio
3298 620 3371 675 de
3399 636 3584 678 susce-

1990 714 2083 775 pto
2121 704 2445 775 pontiﬁcatu
2476 707 2780 777 gratulatus
2812 717 2977 789 esset,
3001 726 3063 765 ea
3092 712 3377 769 occasione
3397 725 3579 786 capta-

1987 807 2040 853 ta
2064 798 2420 853 Dominicum
2448 799 2812 869 patriarcham
2846 804 3116 858 Venetum
3147 820 3312 860 causa
3358 823 3583 879 compo-

1987 891 2150 946 nendi
2178 891 2491 947 schismatis
2530 891 2602 946 ad
2628 908 2754 948 eum
2792 894 3079 966 ablegavit.
3126 900 3389 968 Quartam
3429 903 3567 973 lega-

1990 985 2200 1040 tionem
2230 985 2384 1039 misit
2439 985 2509 1041 ad
2537 986 2901 1042 Wratislaum
2930 987 3133 1045 ducem
3175 992 3475 1061 Bohemiaa,
3520 1002 3583 1050 ut

1986 1093 2216 1135 censum
2241 1078 2473 1134 solveret
2498 1095 2597 1150 pro
2621 1078 2824 1135 ducatu
2847 1080 3145 1149 Bohemiaa,
3169 1093 3248 1150 ut,
3282 1096 3404 1156 post
3418 1102 3581 1143 usum

1986 1171 2168 1227 mitrae
2211 1172 2558 1228 concessione
2607 1172 2901 1228 Alexandri
2955 1190 3111 1245 papae
3163 1186 3472 1249 acceptum,
3521 1196 3580 1237 se

1987 1263 2263 1320 facturum
2314 1274 2441 1321 voto
2466 1274 2780 1336 nuncupato
2832 1270 2952 1322 Deo
3033 1268 3303 1337 pollicitus
3378 1269 3579 1329 fuerat.

1988 1358 2312 1414 Anselmum
2355 1359 2671 1430 episcopum
2738 1361 2972 1415 electum
3027 1370 3219 1417 monet
3261 1378 3330 1417 ne
3372 1380 3403 1418 a
3450 1380 3580 1436 rege

1988 1451 2230 1507 Henrico
2275 1453 2659 1508 investituram
2685 1453 2933 1524 accipiat,
2980 1461 3281 1527 antequam
3327 1471 3425 1512 rex
3467 1460 3582 1514 Ro-

1987 1530 2168 1602 manze
2198 1546 2458 1603 Ecclesia:
2484 1547 2553 1602 de
2595 1548 2991 1603 communione
3029 1564 3157 1603 cum
3197 1552 3584 1607 excommuni-

1992 1640 2126 1695 catis
2163 1640 2343 1695 habita
2398 1640 2738 1696 satisfecerit.
2779 1642 3018 1696 Saxones
3064 1642 3121 1697 in
3160 1658 3343 1714 regem
3385 1644 3456 1698 ob
3493 1661 3582 1701 ue-

1992 1732 2153 1789 fanda
2185 1733 2304 1804 ejus
2327 1734 2552 1789 crimina
2583 1734 2908 1799 concitatos,
2953 1734 3233 1806 aliumque
3262 1751 3449 1807 regem
3490 1738 3582 1793 eli-

278 1828 359 1875 tes
388 1793 606 1875 contra
631 1793 1231 1893 Romanos'pontiﬁces
1262 1821 1477 1889 foverit,
1521 1823 1880 1895 Gregoriique
1914 1793 1960 1853 Β
1990 1844 2115 1898 gere
2144 1793 2399 1894 conatos,
2434 1827 2633 1898 scripto
2676 1843 2779 1882 suo
2808 1828 3080 1883 cohibuit.
3119 1793 3383 1900 Quintam
3437 1831 3580 1903 lega-

276 1914 512 1969 nimiam
542 1915 897 1969 severitatem
934 1915 1217 1986 incusarit,
1260 1923 1448 1971 tamen
1475 1932 1754 1987 nunquam
1786 1934 1882 1973 au-

281 2022 379 2062 sus
413 2016 507 2062 est
524 2007 704 2063 dicere
718 2007 1063 2080 illegitimum
1086 2007 1255 2064 fuisse
1271 2017 1513 2065 creatum
1540 2010 1877 2081 pontiﬁcem.

273 2103 409 2157 Otto
456 2100 826 2172 Frisingensis
852 2102 1159 2173 episcopus,
1201 2102 1598 2159 eruditissimus
1643 2104 1881 2175 scriptor

275 2194 393 2250 haec
417 2193 491 2249 de
522 2194 788 2266 Gregorio
808 2196 909 2250 VII
944 2215 956 2250 :
990 2218 1014 2243 α
1050 2197 1251 2251 Forma
1296 2196 1474 2267 gregis
1501 2195 1697 2263 factus,
1728 2197 1878 2269 quod

276 2286 443 2342 verbo
472 2286 685 2355 docuit,
718 2288 975 2359 exemplo
1019 2286 1439 2358 demonstravit,
1494 2305 1557 2346 ac
1584 2290 1737 2347 fortis
1784 2307 1879 2362 per

273 2380 460 2435 omnia
527 2379 724 2436 athleta
765 2396 824 2437 se
875 2396 975 2452 pro
1020 2397 1185 2437 muro
1221 2381 1411 2437 domui
1459 2381 1624 2439 Israel
1675 2400 1877 2454 ponere

272 2490 383 2529 non
432 2473 644 2528 timuit.
684 2496 709 2520 υ
771 2475 932 2530 Unus
981 2476 1343 2546 Ursergensis
1392 2476 1579 2543 abbas,
1624 2476 1877 2549 idemque

270 2566 755 2622 schismaticorum
786 2576 1068 2639 patronus,
1092 2569 1350 2624 Bennoni
1389 2569 1739 2625 schismatico
1764 2586 1881 2627 car-

276 2659 441 2715 dinali
496 2660 795 2725 inhmrens,
847 2662 966 2733 ejus
1006 2662 1345 2733 scriptorum
1386 2662 1642 2733 quaedam
1699 2663 1878 2735 capita

274 2755 489 2821 recitat,
546 2769 661 2808 non
690 2762 875 2810 tamen
924 2763 985 2809 ut
1023 2755 1111 2810 ille
1152 2755 1395 2827 spuriam
1435 2757 1660 2812 omnino
1712 2756 1880 2813 fuisse

272 2847 607 2902 electionem
637 2847 887 2919 Gregorii
930 2864 1096 2904 ausus
1153 2857 1238 2904 est
1295 2846 1595 2917 afﬁrmare,
1638 2851 1735 2904 sed
1777 2850 1876 2905 ista

274 2949 491 2996 tantum
526 2960 538 2995 :
576 2963 599 2987 α
633 2942 774 2999 Cum
794 2943 1001 3011 absque
1030 2943 1167 3014 regis
1187 2958 1455 2998 consensu
1486 2942 1616 2997 solis
1660 2951 1875 2998 tantum

276 3034 547 3089 Romanis
608 3033 914 3091 faventibus
969 3034 1117 3090 hunc
1184 3036 1391 3107 apicem
1448 3036 1874 3105 conscendisset,

276 3136 406 3183 sunt
443 3128 543 3199 qui
574 3127 730 3183 illum
779 3144 891 3183 non
938 3128 1199 3185 canonice
1238 3129 1619 3197 constitutum,
1672 3130 1766 3186 sed
1793 3139 1875 3202 ty-
1910 3171 1953 3233 Ο

276 3221 500 3276 rannice
565 3230 820 3293 papatum
889 3221 1110 3277 sibimet
1177 3232 1489 3278 asseverent
1528 3239 1870 3293 usurpasse,

276 3330 375 3384 pro
413 3330 523 3386 qua
562 3330 621 3369 re
646 3323 699 3370 et
726 3330 756 3369 a
779 3315 1054 3370 nonnullis
1084 3314 1357 3387 episcopis
1399 3315 1680 3371 abdicatus
1710 3326 1813 3372 est.
1847 3340 1872 3365 ι)

275 3407 385 3462 Sed
449 3424 622 3478 quam
676 3409 776 3463 ista
827 3407 898 3463 de
962 3425 1072 3464 non
1120 3409 1365 3464 adhibito
1410 3425 1677 3465 consensu
1736 3411 1878 3481 regis

281 3501 506 3556 Henrici
554 3500 685 3555 falsa
732 3501 863 3567 sint,
899 3510 1048 3573 patet
1087 3518 1151 3557 ex
1188 3503 1323 3587 actjs
1376 3503 1501 3560 vitae
1531 3502 1692 3574 hujus
1735 3503 1874 3559 Gre-

281 3594 441 3665 gorii,
467 3594 524 3648 in
554 3594 750 3667 quibus
797 3593 1036 3651 refertur
1064 3593 1238 3667 quod,
1276 3611 1402 3650 cum
1435 3597 1522 3650 ille
1575 3596 1643 3652 ad
1686 3612 1876 3667 regem

285 3688 591 3758 scripsisset
628 3704 699 3745 ne
740 3689 928 3761 vigore
963 3690 1212 3745 concessi
1266 3689 1531 3761 privilegii
1569 3687 1724 3744 factae
1769 3689 1876 3743 ele-

284 3781 449 3835 ctioni
478 3797 767 3837 assensum
806 3782 1100 3853 praeberet,
1129 3798 1221 3838 rex
1256 3770 1368 3838 non
1412 3781 1580 3839 modo
1620 3798 1732 3837 non
1763 3781 1875 3836 dis-

286 3876 536 3939 senserit,
579 3875 678 3930 sed
733 3876 897 3930 missa
964 3876 1245 3948 legatione
1289 3876 1495 3932 factam
1548 3876 1876 3931 electionem

286 3968 649 4034 conﬁrmarit,
685 3970 911 4042 ejusque
936 3970 1334 4025 consecrationi
1381 3985 1480 4040 per
1524 3970 1763 4041 legatum
1791 3970 1876 4023 in-

282 4059 551 4115 terfuerit.
579 4061 731 4117 ldem
755 4061 998 4118 afﬁrmat
1036 4064 1357 4118 Lambertus
1388 4061 1878 4134 Scbafl'naburgen—

280 4154 352 4207 sis
408 4154 533 4208 loco
578 4171 741 4228 supra
814 4156 1066 4228 allegato.
1108 4155 1343 4214 .Videant
1387 4170 1516 4226 ergo
1563 4163 1875 4221 novatores,

281 4263 388 4317 qua
426 4246 652 4301 veritate
701 4249 1005 4304 subsistant
1048 4250 1155 4305 illa:
1208 4248 1502 4304 calumnia:
1545 4264 1681 4319 quas
1723 4249 1875 4319 prin-

278 4356 404 4411 ceps
478 4340 953 4397 schismaticorum
1029 4342 1387 4398 cardinalium
1458 4344 1647 4396 Benno
1714 4341 1877 4412 hujus

281 4434 476 4502 optimi
505 4434 731 4489 maximi
761 4436 1034 4507 pontiﬁcis
1065 4437 1330 4499 moribus,
1359 4436 1607 4491 electioui
1664 4442 1720 4490 et
1749 4433 1876 4489 fidei

278 4527 532 4597 Opponit.
549 4527 781 4584 Videant
805 4546 915 4601 quo
939 4529 1082 4586 duce
1103 4538 1157 4585 et
1183 4539 1408 4586 auctore
1433 4527 1747 4585 cathedram
1776 4530 1874 4583 Pe-

276 4620 344 4673 tri
392 4620 737 4692 impuguent,
787 4639 1067 4695 quamque
1123 4624 1358 4694 graviter
1404 4623 1734 4694 impingant,
1781 4621 1876 4693 qui

278 4728 411 4777 uno,
459 4714 699 4783 duobus,
730 4717 808 4771 vel
855 4717 1031 4772 tribus
1081 4717 1148 4772 ad
1187 4732 1467 4772 summum
1510 4717 1878 4772 schismatico-

275 4821 407 4861 rum
438 4804 748 4863 fautoribus
772 4808 1224 4877 adhaerescentes,
1246 4818 1301 4865 et
1329 4824 1359 4864 a
1386 4807 1611 4881 triginta
1642 4809 1878 4864 duorum

277 4899 803 4970 probatissimorum
872 4903 1223 4974 scriptorum,
1290 4919 1429 4975 quos
1473 4918 1570 4975 pro
1624 4902 1878 4972 Gregorii

278 4991 603 5047 defensione
645 4994 1133 5051 reverendissimus
1172 5005 1228 5051 et
1269 4995 1675 5051 illustrissimus
1702 4995 1877 5050 cardi-

276 5084 423 5138 nalis
450 5085 820 5142 Bellarminus
852 5088 908 5142 in
951 5089 1325 5145 controversia
1355 5088 1425 5144 de
1466 5093 1635 5143 Rom.
1678 5086 1875 5159 pontif.

282 5176 420 5231 libro
453 5193 543 5246 1v,
565 5181 741 5251 capite
770 5187 837 5235 13
856 5182 1181 5237 nominatim
1208 5190 1472 5249 recenset,
1514 5182 1782 5237 sententia
1828 5189 1881 5236 et

281 5271 609 5327 auctoritate
647 5276 928 5329 temerarie
964 5274 1244 5331 recedunt.
1278 5278 1550 5346 Tempore
1598 5275 1882 5345 pontiﬁca-

285 5369 397 5429 tus,
432 5377 634 5435 praeter
680 5368 826 5423 illam
857 5368 1187 5440 vigilantiam
1231 5385 1394 5440 quam
1415 5368 1669 5423 omnibus
1716 5383 1879 5439 prope

284 5456 504 5527 regibus
529 5470 586 5513 et
615 5461 877 5532 episcopis
896 5462 1063 5517 totius
1090 5463 1237 5517 orbis
1258 5462 1547 5534 diligenter
1570 5462 1878 5517 custodien-

277 5547 356 5603 dis
407 5550 702 5621 impendit,
749 5564 870 5625 post
922 5556 1155 5626 primam
1204 5555 1350 5610 illam
1430 5556 1755 5627 legationem
1811 5555 1879 5610 ad

280 5642 583 5703 Henricum
614 5662 799 5717 regem
843 5648 1191 5713 destinatam,
1225 5651 1517 5722 Hugonem
1575 5648 1878 5706 Candidum

274 5747 478 5796 sancta:
514 5745 779 5795 Romanae
801 5742 1056 5797 Ecclesiae
1086 5743 1413 5797 cardinalem
1460 5744 1513 5796 in
1552 5743 1878 5812 Hispaniam

279 5833 574 5905 ablegavit,
617 5840 696 5901 ut,
728 5835 1061 5906 recuperatis
1113 5850 1143 5890 a
1180 5836 1384 5890 Mauris
1430 5835 1708 5907 Hispaniae
1756 5833 1881 5889 civi-

1908 4580 1957 4641 D

1987 1921 2197 1975 tionem
2225 1920 2372 1975 misit
2401 1919 2453 1974 in
2493 1921 2853 1976 Germaniam
2902 1920 2973 1977 ad
3019 1921 3285 1977 Ecclesias
3330 1923 3614 1994 ejusdem-

1989 2013 2304 2071 Germaniae
2329 2022 2383 2067 et
2408 2013 2597 2069 Gallia:
2637 2030 2666 2068 a
2720 2013 2840 2068 labe
2867 2014 3131 2071 Simoniaa
3162 2017 3570 2087 expurgandas.

1988 2110 2108 2163 Rex
2138 2106 2209 2161 ob
2232 2107 2436 2161 crimen
2456 2106 2745 2177 allegatum
2774 2104 2958 2162 debita
3006 2108 3326 2178 pmnitentia
3358 2119 3579 2180 peracta

1986 2199 2209 2256 eosdem
2238 2199 2543 2255 honoriﬁce
2591 2200 2834 2271 suscepit
2866 2219 2881 2253 :
2912 2216 2980 2255 ne
3025 2216 3152 2256 vero
3201 2201 3495 2259 concilium
3527 2202 3581 2258 in

1988 2293 2283 2350 Germania
2308 2309 2369 2348 ea
2398 2292 2469 2348 de
2508 2309 2671 2348 causa
2712 2309 2808 2364 per
2837 2293 3043 2365 legatos
3088 2294 3415 2360 baberetur,-
3449 2311 3575 2367 per-

1983 2387 2236 2443 suasione
2276 2386 2509 2453 Liemari
2539 2387 2849 2442 Bremensis
2888 2386 3284 2459 archiepiscopi
3332 2388 3577 2457 obstitit;

1984 2480 2133 2552 quasi
2156 2480 2259 2535 hac
2286 2480 2353 2535 de
2380 2496 2539 2536 causa
2586 2495 2700 2535 non
2744 2480 2811 2535 ab
2840 2479 2960 2535 aliis
2995 2496 3161 2553 quam
3210 2497 3241 2536 a
3293 2483 3578 2539 Bremensi

1986 2574 2067 2651 vel
2118 2574 2443 2645 Moguntino
2471 2573 2615 2630 sedis
2667 2572 2983 2643 apostolicae
3041 2574 3255 2631 vicariis
3306 2575 3578 2647 synodum

1986 2668 2302 2738 congregari
2344 2675 2647 2737 oporteret.
2691 2667 2879 2738 Legati
2912 2670 3156 2724 Romam
3204 2668 3410 2724 reversi
3461 2684 3579 2725 rem

1986 2770 2191 2832 gestam
2215 2760 2456 2829 pontiﬁci
2485 2770 2870 2831 exposuerunt.
2906 2761 3196 2817 Liemarus
3235 2761 3477 2818 secundo
3511 2762 3581 2818 ad

1985 2854 2178 2909 sedem
2239 2854 2599 2923 apostolicam
2664 2854 2867 2909 citatus
2910 2853 3083 2909 factus
3127 2864 3211 2909 est
3236 2855 3574 2924 inobediens,

1987 2946 2204 3002 rebellis
2252 2956 2306 3001 et
2347 2945 2748 3014 schismaticus,
2804 2946 3169 3017 resistensque
3220 2946 3465 3017 jussibus
3506 2950 3579 3003 le-

1984 3048 2239 3110 gatorum
2270 3046 2325 3094 et
2354 3039 2519 3109 ipsius
2548 3038 2818 3110 pontiﬁcis
2858 3054 3041 3111 regem
3090 3038 3351 3094 adversus
3399 3040 3574 3111 ponti-

1986 3133 2143 3187 ficem
2175 3132 2499 3199 commovit,
2540 3132 2705 3203 idque
2751 3133 2877 3189 boni
2907 3132 3077 3205 quod‘
3102 3141 3287 3188 mente
3317 3148 3579 3204 concepe-

1986 3235 2070 3281 rat
2095 3224 2283 3281 infelix
2314 3226 2564 3298 princeps
2594 3226 2759 3297 hujus
2789 3226 3138 3298 instigatione
3164 3227 3326 3281 aruit.
3358 3227 3467 3281 Sed
3495 3243 3582 3282 ac-

1985 3320 2116 3375 cidit
2141 3319 2243 3374 Dei
2267 3319 2528 3390 singulari
2572 3318 2839 3374 beneﬁcio
2866 3328 2945 3386 ut,
2990 3336 3120 3374 cum
3167 3320 3424 3376 adversus
3465 3323 3581 3375 Ro-

1985 3428 2205 3468 manam
2253 3412 2552 3466 Ecclesiam
2595 3412 2867 3483 principes
2918 3412 3105 3468 saeculi
3135 3419 3191 3467 et
3247 3413 3583 3483 potentiores

1984 3506 2223 3577 episcopi
2272 3505 2672 3575 conspirarent,
2703 3521 2801 3575 pro
2855 3504 3170 3560 defensioue
3202 3504 3444 3576 ejusdem
3493 3522 3582 3561 se-

1985 3598 2068 3653 dis
2089 3602 2357 3670 Agnetem
2390 3598 2537 3667 regis
2582 3598 2807 3653 Henrici
2859 3607 3119 3661 matrem,
3150 3599 3478 3663 Beatricem,
3528 3608 3584 3655 et

1986 3691 2333 3757 Mathildem,
2358 3692 2477 3762 ejus
2503 3690 2673 3746 ﬁliam
2698 3691 2881 3747 adhuc
2918 3691 3160 3762 puellam
3189 3700 3246 3747 et
3289 3692 3579 3763 virginem,

1986 3801 2304 3857 quanquam
2342 3783 2647 3841 Godefrido
2677 3793 2843 3855 nupta
2896 3784 3105 3852 fuisset,
3138 3784 3330 3840 afﬁnes
3368 3786 3579 3841 excita-

1986 3879 2073 3933 rit.
2106 3879 2267 3933 Unde
2301 3878 2446 3933 haud
2486 3878 2650 3934 dubie
2681 3878 2949 3948 originem
2979 3879 3216 3950 sumpsit
3244 3878 3334 3933 illa
3372 3879 3581 3934 multo-

1986 3989 2111 4027 rum
2140 3972 2438 4039 calumnia,
2477 3986 2645 4042 quam
2676 3970 2747 4026 ad
2793 3972 2875 4026 sui
2907 3972 3358 4043 expurgatiouem
3386 3973 3585 4044 vulga-

1985 4065 2121 4121 bant
2159 4066 2547 4131 concubinarii,
2581 4065 2727 4136 quod
2772 4073 2894 4135 post
2920 4064 3126 4121 factum
3157 4065 3453 4121 divortium
3496 4066 3583 4120 in-

1986 4167 2067 4212 ter
2105 4157 2434 4213 Mathildem
2488 4167 2541 4213 et
2576 4157 2967 4223 Godefridum,
3029 4157 3268 4230 pontifex
3307 4159 3583 4215 Mathildis

1986 4252 2320 4323 amplexibus
2358 4250 2574 4306 furtivis
2624 4250 2899 4306 frueretur
2954 4272 2965 4306 :
3020 4268 3188 4323 quam
3241 4252 3579 4307 calumniam

1986 4362 2099 4400 non
2130 4352 2347 4400 tantum
2373 4361 2472 4399 suo
2505 4354 2752 4415 tempore
2786 4345 3135 4411 Lambertus,
3163 4362 3354 4402 verum
3408 4347 3577 4402 etiam

1989 4438 2091 4492 hac
2120 4445 2305 4492 nostra
2348 4445 2509 4492 aetate
2557 4453 2617 4491 ex
2675 4445 2886 4508 regesto
2939 4438 3291 4506 epistolarum
3327 4439 3579 4510 Gregorii

1990 4530 2255 4586 Baronius
2285 4542 2397 4585 tam
2426 4530 2633 4586 erudite
2663 4529 2910 4585 etsolide
2936 4529 3199 4585 refutavit
3247 4545 3308 4585 ac
3352 4530 3578 4599 detexit,

1989 4633 2150 4695 atque
2176 4640 2205 4678 a
2232 4623 2638 4679 mendaciorum
2669 4622 2962 4679 involucris
2988 4621 3298 4689 vindicavit,
3331 4632 3393 4679 ut
3416 4640 3581 4682 nemo

1987 4725 2110 4789 post
2148 4717 2249 4772 hac
2273 4717 2373 4771 nisi
2399 4717 2762 4771 calumniator
2792 4724 2851 4771 et
2876 4715 3169 4771 haereticus
3193 4714 3404 4773 fabellae
3429 4733 3581 4773 men-

1988 4810 2109 4865 daci
2149 4824 2312 4865 aures
2354 4808 2596 4879 prabere
2639 4809 2825 4880 possit.
2867 4812 2948 4865 Ut
2992 4824 3193 4880 magno
3250 4808 3579 4866 Christianae

1989 4903 2263 4974 religionis
2283 4902 2431 4957 bono
2468 4916 2577 4956 non
2605 4901 2787 4957 solum
2813 4903 3109 4959 Saracenos
3132 4904 3373 4959 exercitu
3400 4919 3573 4975 expu-

1989 5004 2200 5069 gnaret,
2231 4995 2327 5051 sed
2363 4996 2531 5050 etiam
2568 4995 2903 5051 Orientalem
2942 4996 3244 5051 Ecclesiam
3289 4996 3583 5053 schismate

1988 5090 2057 5145 ab
2086 5089 2421 5146 Occidentali
2454 5088 2684 5144 divisam
2716 5090 2919 5155 unirct,
2978 5095 3251 5146 Armenos
3296 5107 3326 5144 a
3353 5090 3463 5147 ﬁde
3491 5106 3579 5145 ca-

1988 5183 2187 5238 tholica
2216 5183 2429 5254 penitus
2469 5184 2783 5239 aberrantes
2812 5183 2881 5238 ad
2910 5192 3075 5239 rectae
3122 5183 3249 5239 ﬁdei
3296 5185 3573 5239 tramitem

1990 5276 2335 5343 restitueret,
2386 5276 2672 5347 plusquam
2708 5278 3093 5349 quinquaginta
3144 5278 3314 5332 millia
3344 5277 3581 5332 militum

1992 5370 2326 5440 conscripsit
2370 5378 2423 5423 et
2449 5370 2690 5441 collegit.
2727 5371 2813 5425 Ab
2870 5371 3135 5437 Henrico,
3170 5378 3293 5441 post
3336 5373 3581 5426 Saxones

1989 5463 2327 5534 subjugatos,
2362 5471 2592 5533 postque
2621 5479 2740 5519 eam
2771 5464 3057 5519 victoriam
3113 5464 3467 5519 insolentiore
3500 5464 3579 5518 fa-

1989 5565 2079 5611 cto
2118 5556 2282 5625 etrapit
2323 5556 2619 5623 contemni,
2672 5556 2918 5611 Guiberti
2986 5558 3190 5628 antiqui
3221 5556 3577 5621 schismatici,

1990 5656 2176 5720 postea
2208 5665 2334 5704 vero
2364 5650 2710 5705 Ravennatis
2737 5651 2991 5722 episcOpi,
3046 5650 3172 5705 dolo
3221 5659 3277 5704 et
3323 5649 3512 5704 fraude
3550 5664 3578 5701 a

1990 5743 2181 5797 Cincio
2224 5745 2480 5798 Romano
2554 5743 2813 5813 przefecto
2879 5744 3116 5807 invasus,
3170 5751 3381 5812 captus,
3421 5750 3473 5794 et
3527 5740 3577 5793 in

1991 5853 2206 5892 carcere
2227 5836 2484 5893 detentus
2511 5846 2618 5905 est,
2660 5851 2938 5907 quousque
2972 5852 3063 5906 per
3089 5834 3345 5903 populum
3378 5834 3578 5889 tumul-
