4106 6182
518 278 619 335 187

1744 273 1800 328 S.
1840 270 2222 330 GREGOBlUS
2260 272 2352 333 VII
2387 274 2583 333 PAPA.
3707 280 3806 333 188

515 410 782 470 tuentem,
823 411 878 460 et
907 412 1024 459 tam
1067 403 1309 457 immane
1352 396 1533 454 scelus
1586 396 1773 453 ulcisci
1823 406 2099 470 paratum,
2134 403 2187 465 Α
2214 398 2400 471 erepit,
2430 397 2751 471 quem,.sibi
2779 412 2989 470 suoque
3011 412 3181 470 regno
3216 397 3443 469 timens,
3460 399 3727 457 hactenus
3749 418 3809 458 se

516 499 833 569 eriperetur,
863 506 1025 569 atque
1054 494 1300 566 pristinae
1324 491 1561 547 libertati
1584 491 1977 549 restitueretur.
1998 492 2107 549 Sed

516 608 647 649 cum
674 594 928 648 Romano
966 588 1171 660 populo
1202 585 1414 642 vindice
1442 595 1659 643 tantum
1682 587 1857 643 scelus
1887 586 2104 644 irritum

516 685 797 742 redditum
828 691 989 748 esset,
1021 681 1164 737 idem
1196 680 1492 737 Guibertus
1532 688 1748 752 accepta
1801 697 1830 735 a
1863 698 1997 754 papa
2039 683 2101 737 li-

515 780 691 836 centia
712 782 1040 836 Ravennam
1070 791 1128 832 se
1154 775 1411 842 contulit,
1440 774 1622 847 ibique
1649 776 2105 847 conspirationem

513 871 801 930 rebellium
819 868 1199 942 episcoporum
1230 867 1735 942 Longobardorum
1767 869 2107 926 machinatus

513 965 631 1023 fuit.
662 964 936 1021 Henricus
960 964 1161 1019 timore
1188 964 1467 1020 Saxonum
1499 963 1719 1020 solutus
1770 965 2108 1037 contempsit

516 1058 742 1131 implere
785 1074 848 1115 ea
885 1073 1009 1129 qua:
1038 1056 1351 1130 apostolica:
1394 1056 1542 1113 sedis
1583 1056 1776 1129 legatis
1815 1066 1945 1114 ante
1984 1074 2108 1131 pro—

515 1153 760 1222 miserat,
791 1161 951 1224 atque
978 1150 1481 1208 excommunicatos
1522 1167 1553 1207 a
1592 1150 1851 1223 pontiﬁce
1905 1152 2107 1224 recepit

515 1256 570 1303 et
595 1246 743 1303 fovit.
776 1248 953 1319 Quem
1000 1253 1378 1317 contemptum
1410 1261 1532 1300 cum
1562 1245 1807 1317 pontifex
1841 1260 1957 1300 non
1985 1244 2104 1301 diu-

515 1341 623 1398 tius
650 1340 997 1397 tolerandum
1030 1354 1149 1396 esse
1190 1348 1455 1411 putasset,
1499 1339 1757 1395 eumdem
1808 1354 1994 1412 regem
2036 1339 2105 1395 ad

514 1434 806 1493 dicendam
835 1449 1056 1491 causam
1083 1450 1177 1506 per
1209 1433 1416 1506 legatos
1444 1437 1687 1489 Romam
1706 1434 1894 1489 citavit
1916 1434 1988 1491 ad
2016 1450 2102 1507 sy-

514 1528 723 1585 nodum
750 1529 997 1600 proxima
1032 1527 1447 1600 quadragesima
1500 1527 1954 1600 congregandam.
1990 1531 2103 1584 Ex-

515 1623 659 1695 cepit
697 1622 784 1678 ille
820 1623 1174 1695 legationem,
1219 1622 1311 1678 sed
1354 1637 1552 1693 magna
1596 1637 1722 1677 cum
1776 1622 2104 1678 contumelia

515 1716 787 1789 pontiﬁcis
826 1714 1052 1772 eosdem
1091 1723 1275 1786 postea
1314 1715 1531 1787 abiecit,
1580 1715 1899 1788 indictoque
1936 1719 2095 1773 Wor-

515 1810 767 1867 matiensi
788 1810 1163 1867 conventiculo
1194 1809 1510 1881 pontiﬁcem
1530 1811 1811 1867 absentem
1834 1809 1903 1866 de
1923 1811 2102 1866 erimi-

479 1919 493 1928 ·
514 1906 674 1961 nibus
698 1904 925 1977 objectis
953 1902 1381 1960 condemnatum
1412 1920 1507 1976 per
1535 1905 1863 1960 sententiam
1889 1904 2105 1977 deponi,

515 2014 747 2071 eamque
776 1998 872 2069 ipsi
919 1996 1183 2053 insinuari
1215 1998 1441 2054 curavit.
1489 1998 1707 2070 Legatis
1756 2001 1996 2054 Romam
2026 2015 2109 2054 re-

514 2092 703 2157 versis,
736 2091 918 2147 habita
969 2100 1052 2147 est
1095 2091 1352 2163 postridie
1399 2092 1663 2164 synodus,
1714 2092 1771 2146 in
1828 2108 1936 2163 qua
1971 2092 2105 2148 dum

515 2186 591 2242 illi
618 2185 847 2259 injurias
881 2185 984 2241 sibi
1032 2185 1299 2256 irrogatas
1341 2185 1681 2252 retulissent,
1737 2186 2043 2257 litteraeque
2075 2203 2105 2242 a

516 2294 642 2352 rege
669 2280 850 2335 missae
876 2280 1116 2335 recitatae
1146 2279 1396 2347 fuissent,
1426 2296 1532 2335 una
1575 2296 1699 2335 cum
1738 2295 1865 2351 rege
1894 2280 2107 2335 Henri-

512 2389 579 2430 co
600 2372 904 2445 Sigefridus
944 2374 1304 2444 Moguntinae,
1345 2373 1675 2431 Wilhelmus
1722 2374 2103 2445 Trajectensis,

513 2475 571 2523 et
608 2467 887 2523 Robertus
932 2467 1355 2539 Bambergensis
1398 2466 1654 2523 Ecclesiae
1709 2467 2103 2539 archiepiscOpi

514 2561 975 2617 excommunicati
1004 2559 1247 2617 fuerunt.
1286 2565 1478 2617 Latam
1509 2561 1832 2616 sententiam
1862 2560 2105 2632 pontifex

518 2654 778 2711 omnibus
820 2655 1056 2712 subditis
1089 2672 1117 2709 a
1164 2656 1479 2727 juramento
1528 2654 1801 2711 fidelitatis
1838 2654 2105 2710 absolutis

520 2748 819 2818 intimavit,
880 2765 1109 2821 eamque
1156 2753 1307 2805 Deus
1328 2749 1545 2821 tcontra
1602 2748 2109 2805 excommunicatcs

516 2843 741 2899 Henrici
772 2843 1012 2899 fautores
1044 2844 1332 2916 episcopos
1362 2843 1671 2899 interventu
1713 2844 1909 2899 mortis
1933 2843 2104 2915 pessi-

510 2953 616 2995 mae
661 2946 950 2994 exsecutus
978 2937 1101 2993 fuit.
1132 2940 1375 2993 Saxones
1422 2954 1453 2994 a
1495 2954 1619 3009 rege
1661 2938 1999 3005 defecerunt,
2052 2945 2106 2992 et

507 3031 772 3088 adversus
803 3048 930 3087 eum
951 3030 1304 3086 formidando
1335 3040 1600 3101 apparatu
1638 3031 1824 3101 praelio
1856 3031 2102 3084 insurre-

512 3133 733 3182 xerunt.
767 3124 1026 3180 Similiter
1057 3125 1221 3194 etiam
1268 3124 1538 3194 principes
1571 3124 1882 3179 Germania:
1929 3122 2101 3193 majo-
2140 3152 2184 3214 C

512 3234 600 3273 res
623 3217 880 3288 episcopi,
920 3231 1219 3287 omnesque
1247 3215 1457 3282 fideles,
1488 3231 1648 3286 quos,
1677 3216 1809 3271 dum
1862 3215 2104 3287 pontifex

513 3318 706 3381 rogatu
742 3308 1046 3365 Hermanni
1079 3310 1343 3365 Metensis
1378 3308 1615 3381 episcopi
1670 3310 2105 3365 commonuisset

514 3410 580 3460 ut
627 3418 812 3476 regem
859 3394 931 3460 ad
987 3402 1365 3474 paenitentiam
1413 3402 1787 3469 hortarentur,
1840 3402 2105 3458 Triburim

514 3506 843 3555 conventum
881 3496 1228 3565 indixerunt;
1278 3498 1333 3553 in
1390 3513 1529 3570 quo,
1562 3496 1697 3553 dum
1740 3496 1809 3553 de
1840 3496 1945 3553 alio
1979 3512 2105 3569 rege

516 3593 828 3650 Germaniae
860 3592 1106 3665 eligendo
1148 3601 1421 3664 ageretur,
1452 3591 1726 3647 Henricus
1756 3606 1853 3661 per
1894 3592 2103 3663 legatos

515 3702 704 3757 pacem
731 3685 941 3756 rogavit
979 3694 1034 3739 et
1061 3685 1497 3741 emendationem
1527 3700 1747 3739 morum
1786 3685 2039 3755 promisit
2092 3705 2103 3740 :

511 3779 795 3849 aliquoties
840 3778 1107 3847 repulsam
1143 3793 1352 3849 passus,
1393 3777 1492 3832 hac
1523 3778 1741 3834 tandem
1789 3777 1906 3851 lege
1948 3795 2105 3834 rece-

516 3881 642 3944 ptus
671 3880 773 3937 est,
806 3879 885 3936 ut,
916 3870 1154 3927 dimissis
1176 3871 1668 3926 excommunicatis
1697 3887 1832 3942 quos
1861 3872 2107 3939 fovebat,

515 3967 772 4021 Romano
802 3963 1041 4035 pontiﬁci
1069 3981 1126 4020 se
1153 3964 1522 4032 submitteret,
1573 3979 1741 4036 seque
1768 3981 1865 4035 per
1888 3968 2104 4019 Roma-

514 4074 650 4114 num
698 4057 1007 4130 pontiﬁcem
1051 4073 1081 4113 a
1123 4058 1341 4113 vinculo
1382 4058 1972 4114 excommunicationis
2014 4058 2109 4113 ab-

517 4152 655 4209 solvi
697 4160 1035 4224 procuraret.
1065 4154 1249 4208 Parnit
1275 4167 1391 4218 rex,
1433 4152 1767 4223 veniensque
1786 4153 1846 4207 in
1876 4153 2093 4209 Italiam

516 4262 547 4302 a
578 4245 833 4317 pontiﬁce
862 4244 1266 4301 absolutionem
1306 4246 1558 4301 obtinuit.
1594 4248 1801 4302 Verum
1848 4246 2105 4301 schisma—

515 4339 753 4395 ticorum
795 4346 851 4394 ct
885 4339 1403 4395 concubinariorum
1458 4340 1835 4412 episcoporum
1882 4341 2103 4412 instiga-

512 4434 663 4489 tione
690 4431 882 4489 accidit
911 4442 973 4489 ut
999 4432 1087 4487 vix
1115 4433 1172 4487 in
1207 4434 1565 4490 Germaniam
1597 4449 1863 4502 reversus,
1899 4434 2100 4490 iterum

518 4529 573 4585 in
604 4527 831 4610 pristina
856 4527 1205 4583 relaberetur.
1244 4532 1379 4583 Nam
1424 4544 1549 4583 cum
1580 4529 1852 4585 Guiberto
1881 4528 2105 4600 aliisque
2134 4515 2183 4577 D

515 4621 837 4693 quibusdam
858 4620 1150 4677 rebellibus
1191 4637 1391 4677 novam
1438 4622 1874 4694 conjurationem
1921 4622 2108 4677 adver-

520 4730 613 4771 sus
656 4714 972 4787 pontiﬁcem
997 4714 1363 4773 fmdissimam
1410 4718 1703 4773 contraxit.
1753 4717 1917 4786 Quod
1975 4717 2107 4771 dum

514 4808 779 4881 principes
804 4810 1119 4867 Germaniae
1161 4811 1565 4885 cognovissent,
1599 4811 1912 4867 inconsulto
1966 4812 2107 4867 Grc-

516 4904 673 4975 gorio
702 4903 1083 4976 Rudolphum,
1123 4906 1329 4961 Suevize
1359 4903 1579 4973 ducem,
1634 4906 1685 4960 in
1721 4921 1907 4978 regem
1936 4905 2109 4975 elege-

514 5006 668 5067 runt,
700 4996 1031 5069 ductumque
1058 5000 1399 5071 Moguntiam
1445 5016 1473 5053 a
1504 4996 1769 5069 Sigefrido
1807 4999 2107 5054 consecrari

517 5101 791 5147 curarunt.
826 5094 899 5146 Re
939 5092 1127 5146 bellica
1148 5100 1337 5147 contra
1374 5092 1727 5163 Rudolphum
1779 5106 2029 5162 suscepta
2055 5099 2109 5146 et

515 5184 749 5242 feliciter
780 5194 933 5256 gesta
965 5184 1145 5241 factus
1166 5186 1375 5248 elatior,
1406 5186 1732 5257 Gregorium
1756 5194 2104 5240 contemnere

2216 494 2399 549 colere
2433 501 2488 547 et
2528 492 2801 564 obsequiis
2848 491 3199 564 frequentare
3238 493 3534 549 simulavit.
3582 496 3699 563 Qua
3740 495 3807 551 de

2215 604 2378 643 causa
2408 588 2608 644 iterum
2637 590 2835 643 Romae
2858 586 3104 659 synodali
3134 602 3407 643 consensu
3437 589 3807 644 excommuni-

2215 690 2390 749 catus,
2432 697 2623 754 regno,
2666 681 2813 752 quod
2851 680 3147 752 Rudolpho
3190 681 3451 737 collatum
3487 681 3611 749 fuit,
3645 683 3807 754 digne

2216 776 2410 848 privari
2445 776 2760 846 promeruit.
2792 775 2888 830 llle
2916 790 3043 831 vero
3061 814 3078 839 ,
3103 774 3289 830 habito
3318 790 3450 832 cum
3492 776 3804 832 schismati-

2223 872 2304 926 cis
2357 869 2722 925 conciliabulo
2760 868 3027 924 Brixiensi
3084 867 3447 941 [Brixinensij,
3505 870 3557 924 in
3606 870 3806 925 absen-

2215 973 2324 1021 tem
2351 963 2703 1035 depositionis
2746 962 3071 1018 sententiam
3099 960 3252 1030 ferri,
3289 963 3445 1034 eique
3478 963 3805 1021 Guibertum

2214 1058 2525 1115 schismatis
2574 1065 2878 1120 auctorem,
2935 1070 3081 1128 saepe
3131 1057 3678 1113 excommunicatum
3750 1066 3804 1113 et

2213 1150 2543 1224 depositum,
2574 1151 2633 1207 in
2661 1148 2979 1222 pontiﬁcatu
3001 1149 3284 1223 subrogari
3314 1150 3611 1233 mandavit.
3635 1153 3803 1208 Cum-

2214 1261 2322 1319 que
2362 1245 2566 1301 interea
2621 1243 2950 1316 Rudolphus
2988 1259 3085 1301 rex
3139 1243 3385 1313 obiisset,
3413 1244 3638 1318 ejusque
3668 1260 3805 1301 nece

2213 1356 2300 1396 res
2326 1340 2635 1396 Germaniae
2659 1338 2713 1394 in
2738 1339 2941 1394 tutiore
2977 1346 3121 1395 statu
3173 1338 3457 1396 collocatae
3513 1345 3719 1408 essent,
3750 1340 3803 1396 in

2215 1435 2425 1490 Italiam
2461 1434 2665 1505 paravit
2721 1432 3035 1499 adventum,
3089 1440 3151 1487 ut
3190 1433 3519 1505 Gregorium
3580 1449 3801 1507 papam,

2212 1544 2376 1601 quem
2411 1526 2512 1585 sibi
2552 1526 2986 1583 infensissimum
3025 1527 3273 1598 putabat,
3298 1543 3328 1584 e
3354 1525 3481 1583 sede
3511 1527 3656 1583 Petri
3709 1530 3806 1583 de.

2216 1631 2460 1696 poneret,
2480 1622 2703 1694 ejusque
2734 1620 3114 1676 adversarium
3135 1620 3463 1678 Guibertum
3488 1621 3802 1693 antipapam

2213 1718 2268 1774 in
2317 1733 2377 1772 ea
2416 1717 2727 1773 collocaret.
2776 1716 3023 1786 Cumque
3062 1714 3256 1771 urbem
3313 1714 3612 1771 Leoninam
3660 1715 3805 1771 binis

2215 1812 2426 1867 vicibus
2465 1810 2664 1866 frustra
2692 1817 2955 1865 tentatam
2982 1817 3036 1865 et
3061 1809 3342 1865 obsessam
3371 1819 3495 1881 post
3514 1809 3800 1865 biennium

2214 1921 2326 1963 suae
2353 1904 2750 1977 persecutionis
2786 1912 3169 1976 expugnasset,
3211 1904 3539 1960 Guibertum
3578 1907 3804 1960 Raven-

2212 2008 2395 2056 natem
2435 1999 2742 2070 perjurum,
2799 1998 3117 2069 depositum
3157 2006 3211 2053 et
3254 1998 3803 2066 anathematizatum,

2214 2093 2355 2165 apud
2378 2102 2628 2150 sanctum
2650 2095 2871 2148 Petrum
2902 2107 2997 2163 per
3016 2092 3385 2148 Mutinensem
3425 2099 3481 2147 et
3504 2092 3805 2149 Ariminen-

2212 2202 2330 2244 sem
2359 2187 2646 2259 episcopos
2688 2186 2807 2258 jam
2836 2186 3022 2242 multis
3054 2194 3177 2241 ante
3218 2184 3377 2242 annis
3417 2184 3698 2257 depositos
3749 2193 3805 2241 et

2216 2279 2719 2337 excommunicatos
2744 2280 3158 2342 inthronizavit,
3191 2280 3355 2352 eique
3400 2280 3697 2336 Clementis
3727 2283 3804 2336 IIl

2213 2390 2418 2430 nomen
2448 2374 2735 2445 imposuit.
2768 2376 2948 2445 Ipsam
2984 2388 3115 2429 vero
3145 2377 3387 2429 Romam
3419 2373 3607 2444 ejusve
3654 2376 3802 2430 cives

2212 2484 2325 2524 non
2354 2468 2455 2523 nisi
2489 2484 2582 2540 per
2632 2467 2949 2523 triennalem
2995 2467 3341 2523 obsidionem
3392 2484 3527 2523 auro
3578 2468 3804 2524 tandem

2214 2571 2269 2618 et
2299 2563 2521 2634 pecunia
2548 2562 2895 2633 expugnavit,
2926 2577 3091 2633 quam
3115 2562 3286 2617 armis
3311 2562 3530 2618 vincere
3572 2577 3681 2618 non
3712 2578 3805 2633 po-

2212 2665 2373 2712 terat.
2404 2657 2708 2727 Gregorius
2738 2671 2870 2727 papa
2901 2671 3025 2710 cum
3072 2656 3258 2727 paucis
3299 2656 3578 2712 nobilibus
3619 2658 3677 2712 in
3707 2673 3801 2712 ca-

2214 2751 2432 2807 stellum
2461 2749 2645 2806 Sancti
2678 2749 2866 2821 Angeli
2900 2765 2958 2804 se
2999 2749 3206 2821 recepit
3254 2770 3265 2804 :
3299 2749 3503 2806 interea
3539 2766 3800 2807 coronam

2213 2845 2443 2915 imperii,
2475 2859 2639 2915 quam
2684 2844 2983 2915 Gregorius
3031 2843 3375 2899 schismatico
3412 2853 3467 2899 et
3498 2859 3807 2900 excommu.

2212 2939 2395 2993 nicato
2440 2936 2755 3008 imperatori
2800 2937 3028 2992 solemni
3082 2937 3191 2992 ritu
3233 2936 3483 2993 conferre
3524 2954 3694 3009 usque
3738 2937 3803 2995 ad

2214 3031 2531 3102 sanguinem
2561 3040 2923 3097 recusaverat,
2951 3032 3208 3085 Clemens
3243 3030 3495 3101 antipapa
3526 3032 3637 3103 regi
3664 3031 3804 3086 schi-

2212 3126 2438 3181 smatico
2472 3125 2803 3197 imponit,‘et
2834 3123 3427 3197 pseudoimperatorem
3459 3125 3804 3196 pseudopon-

2212 3218 2343 3274 tifex
2372 3218 2668 3274 constituit.
2702 3220 2949 3289 Cumque
2975 3217 3030 3271 in
3062 3217 3331 3271 Aventino
3365 3225 3555 3272 monte
3590 3232 3649 3272 se
3676 3233 3803 3273 con.

2212 3313 2430 3379 tineret,
2462 3312 2720 3385 urbisque
2758 3312 3096 3368 obsidionem
3142 3309 3416 3368 indefesso
3445 3310 3625 3366 studio
3677 3326 3802 3383 pro-

2212 3415 2550 3478 scqueretur,
2588 3406 2888 3479 Gregorius
2925 3423 2954 3461 a
3000 3405 3241 3460 Roberto
3294 3404 3803 3461 Northmannornm

2214 3501 2351 3556 duce
2388 3500 2708 3565 subsidium,
2741 3499 2890 3571 quod
2918 3503 3185 3555 Romanze
3228 3498 3487 3554 Ecclesiae
3515 3514 3614 3571 per
3653 3498 3806 3572 jura-

2215 3603 2467 3650 mentum
2507 3595 2844 3666 promiserat,
2900 3592 3227 3664 imploravit.
3268 3592 3373 3664 Qui
3413 3592 3600 3647 statim
3654 3593 3810 3648 novis

2215 3688 2383 3759 copiis
2407 3687 2748 3758 congregatis
2770 3688 2824 3741 in
2858 3687 3070 3741 Italiam
3102 3685 3364 3741 advolaus
3390 3686 3687 3741 Henricum
3728 3686 3809 3741 fu-

2216 3782 2379 3853 gavit,
2412 3781 2696 3852 ipsumque
2725 3780 3039 3851 pontificem
3071 3779 3655 3846 felicissimeliberavit,
3684 3796 3807 3835 om-

2214 3890 2421 3945 nesque
2468 3873 2995 3945 pseudocardiuales,
3042 3890 3183 3946 quos
3239 3873 3533 3929 Guibertus
3573 3874 3807 3945 pseudo-

2216 3968 2461 4043 pontifex
2485 3976 2777 4034 creaverat,
2805 3968 2886 4023 vel
2913 3969 3102 4024 saltem
3144 3984 3173 4023 a
3206 3982 3332 4023 vero
3381 3967 3643 4039 pontifice
3684 3966 3804 4023 abso

2215 4072 2477 4130 traxerat,
2520 4062 2655 4119 urbe
2691 4062 2906 4134 expulit.
2938 4062 3150 4131 Quibus
3190 4062 3450 4132 expulsis,
3505 4061 3806 4134 Gregorius

2216 4158 2517 4213 concilium
2544 4161 2741 4213 Romae
2762 4156 3127 4228 congregavit,
3151 4170 3261 4227 quo
3282 4154 3805 4227 pseudopontiﬁcem

2213 4268 2337 4307 cum
2365 4251 2903 4323 pseudoimperatore
2929 4248 3169 4303 Henrico
3194 4249 3392 4304 iterum
3414 4248 3805 4305 excommuni-

2212 4346 2371 4400 cavit.
2406 4347 2599 4400 Postea
2634 4345 2700 4399 ab
2744 4343 2877 4399 urbe
2920 4341 3180 4398 recedens
3227 4344 3514 4398 Cassinum
3559 4342 3803 4410 advenit,

2211 4447 2370 4510 atque
2404 4437 2529 4493 inde
2553 4436 2623 4491 ad
2646 4435 3007 4492 dedicandam
3031 4435 3309 4492 basilicam
3348 4437 3521 4513 sancti
3550 4434 3801 4493 Matthaei

2215 4530 2449 4603 apostoli
2515 4531 2800 4586 Salernum
2862 4546 2919 4586 se
2967 4531 3218 4597 contulit,
3266 4530 3443 4602 ibique
3503 4531 3806 4602 permansit

2216 4642 2389 4698 usque
2414 4624 2481 4681 ad
2500 4624 2731 4693 obitum,
2764 4625 2854 4697 qui
2869 4624 3096 4697 contigit
3120 4624 3382 4696 vigesimo
3411 4634 3606 4696 quarto
3654 4624 3802 4691 Maii,

2216 4736 2361 4776 anno
2392 4719 2593 4776 Christi
2618 4718 2983 4791 redemptoris
3023 4724 3181 4784 1085,
3206 4733 3333 4773 cum
3360 4717 3589 4775 sedisset
3636 4734 3806 4774 annos

2216 4814 2530 4882 duodecim,
2560 4829 2808 4870 mensem
2840 4827 3007 4869 unum
3034 4821 3087 4868 et
3114 4812 3229 4868 dies
3254 4820 3393 4870 tres.
3430 4814 3723 4869 Sanctitate
3754 4820 3809 4867 et

2216 4907 2496 4963 miraculis
2544 4916 2666 4979 post
2737 4916 2972 4963 mortem
3037 4906 3390 4976 clarissimus,
3446 4906 3689 4979 sepultus
3726 4915 3810 4962 est

2218 5002 2356 5056 intra
2385 4999 2660 5056 basilicam
2711 5000 2882 5057 sancti
2916 4999 3145 5071 apostoli
3184 5009 3239 5055 et
3286 5001 3629 5073 evangelistae
3671 5002 3808 5055 Mat-

2216 5094 2364 5163 tlimi,
2392 5110 2558 5167 quam
2585 5097 2744 5168 paulo
2775 5104 2896 5150 ante
2936 5093 3147 5149 obitum
3178 5093 3360 5151 divino
3410 5092 3573 5148 cultui
3617 5108 3809 5149 conse-

2218 5198 2483 5245 oraverat.
