4122 6184
300 300 396 353 189

1084 284 1608 357 PROLEGOMENA.
1650 326 1723 345 -
1758 298 2102 358 APOLOGIA
2140 298 2275 355 ριῑο
2313 294 2661 357 cnseomo
2698 303 2810 360 vn.

3344 302 3417 375 .‘
3489 316 3591 370 490

294 442 3599 488 Μ

875 602 1577 723 APOLOGIA
1664 605 1935 721 PRO
2019 605 2738 724 GREGORIO
2824 611 3026 731 VII

1451 835 1839 920 CONTRA
1908 836 2445 920 SECTARIOS

293 1015 373 1076 In
416 1031 534 1096 qua
575 1013 640 1076 in
671 1021 816 1076 sunt
852 1012 1133 1075 hactenus
1167 1012 1399 1076 inedita
1427 1015 1704 1096 quaedam
1740 1033 1861 1097 pro
1902 1013 2102 1176 isdem
2132 1017 2406 1096 pontiﬁce
2433 1017 2719 1096 opuscula
2765 1015 3076 1084 BERNALDI
3124 1022 3584 1087 Constantiensis

1760 1113 1896 1174 pres
2003 1114 2123 1169 eri,

1760 1113 1896 1174 pres
1902 1113 2088 1174 oyterz
2102 1144 2123 1169 ,

893 1256 1161 1320 Auctore
1191 1265 1252 1321 et
1277 1254 1515 1319 editore
1540 1255 1773 1319 Jacobo
1796 1257 2141 1337 Gnn'rssno,
2178 1256 2495 1320 Societatis
2520 1260 2665 1321 Jesu
2694 1258 3003 1340 theologo.

1561 1417 1725 1493 (Opp.
1765 1420 1894 1475 tom.
1941 1418 2041 1483 VI,
2074 1433 2210 1490 pag.
2250 1421 2330 1488 6.)

1744 1589 2190 1609 ψ

355 1728 689 1787 Inmdibile
730 1743 955 1803 prorsus
1001 1737 1059 1787 et
1092 1730 1473 1804 inexplicabile
1507 1738 1624 1799 est,
1676 1740 1883 1804 quanto
1913 1737 1967 1802 Α
2064 1735 2271 1789 Verum
2307 1733 2457 1790 enim
2504 1749 2630 1792 vero
2658 1734 2897 1792 fremant
2939 1736 3056 1805 isti,
3083 1734 3404 1805 frondeant,
3450 1737 3593 1795 insa-

279 1822 414 1881 odio
446 1823 708 1881 hodierni
728 1833 1021 1882 novatores
1042 1824 1096 1881 in
1122 1824 1410 1898 pontiﬁces
1428 1829 1713 1883 Romanos
1732 1865 1749 1895 ,
1772 1826 1887 1898 pri-

276 1932 405 1975 scos
434 1917 599 1990 juxta
638 1933 705 1975 ac
738 1919 1069 1976 recentiores
1121 1916 1385 1987 ardeant;
1429 1927 1487 1976 et
1534 1928 1673 1993 quot
1706 1919 1889 1977 modis

277 2012 389 2068 hoc
442 2026 613 2068 suum
649 2026 764 2068 non
807 2012 1119 2069 humanum
1135 2053 1153 2081 ,
1203 2013 1303 2070 sed
1355 2013 1514 2085 plane
1560 2016 1888 2070 Tartareum

275 2103 481 2164 odium
505 2113 807 2178 testentur,
852 2108 1143 2180 palamque
1180 2105 1417 2177 faciant;
1457 2108 1513 2164 in
1549 2107 1751 2180 quibus
1776 2107 1886 2180 pri-

275 2215 443 2257 mum
458 2199 649 2258 locum
665 2198 918 2257 obtinent
933 2200 1217 2258 mendacia
1236 2241 1253 2269 ,
1267 2200 1558 2259 maledicta
1579 2241 1595 2270 ,
1614 2202 1857 2258 convicia
1872 2245 1886 2270 ,

273 2294 552 2366 ﬁgmenta
570 2336 591 2365 ,
619 2302 935 2351 commenta
975 2294 1389 2352 innumerabilia
1406 2336 1421 2365 ,
1452 2296 1654 2369 quibus
1694 2309 1889 2352 omnes

272 2387 693 2462 propemodum
739 2387 911 2445 libros
954 2398 1111 2445 suos
1134 2389 1409 2462 complent
1451 2404 1515 2446 ac
1552 2386 1884 2461 inferciunt;

271 2490 396 2539 tam
414 2480 725 2539 immodice
744 2490 799 2539 et
815 2483 1176 2556 impotenter,
1211 2490 1277 2540 ut
1300 2483 1458 2540 multi
1484 2498 1550 2541 ex
1580 2483 1781 2541 horum
1807 2483 1888 2540 ob

272 2576 449 2634 ﬁcina
482 2574 715 2649 profecti
754 2576 879 2632 libri
916 2577 990 2632 nil
1036 2577 1325 2634 videantur
1364 2576 1535 2634 aliud
1565 2592 1684 2634 esse
1720 2593 1887 2650 quam

268 2685 463 2728 unum
486 2669 774 2743 quoddam
802 2671 1028 2743 perenni
1058 2680 1115 2728 et
1140 2686 1417 2744 nusquam
1451 2671 1758 2745 interrupto
1791 2671 1887 2737 ﬁlo

274 2772 615 2822 contextum
668 2764 1021 2822 mendacium
1066 2773 1125 2823 et
1172 2764 1505 2822 convicium.
1557 2767 1672 2821 Nec
1720 2764 1888 2822 ullius

274 2858 467 2931 superi
486 2858 571 2916 vel
596 2857 757 2915 inferi
786 2859 1092 2916 reverentia
1115 2859 1325 2917 moveri
1348 2874 1408 2916 se
1437 2859 1652 2927 sinunt,
1679 2866 1740 2915 ut
1759 2873 1886 2915 mo-

275 2951 534 3010 deratius
566 2961 761 3025 agant,
794 2960 853 3010 et
882 2953 1053 3010 sobrii
1092 2953 1338 3011 hominis
1374 2953 1765 3028 cogitationem
1800 2953 1882 3009 vel
1936 3002 1939 3005 ,

274 3047 351 3103 ad
376 3055 651 3119 punctum
687 3047 959 3121 temporis
997 3047 1328 3120 suscipiant;
1366 3055 1423 3105 et
1454 3048 1706 3120 quamvis
1729 3062 1887 3120 aper-

1950 1838 1953 1841 '
1996 1826 2175 1897 niant,
2207 1843 2433 1899 manus,
2465 1828 2661 1901 pedes,
2691 1831 2870 1886 calces
2898 1839 2953 1888 et
2969 1831 3141 1904 capita
3161 1830 3387 1888 domum
3412 1846 3511 1888 sua
3539 1832 3593 1889 in

1998 1930 2241 1993 petram,
2289 1937 2451 1993 super
2488 1937 2656 1995 quam
2695 1924 2854 1981 sedes
2890 1926 3189 1999 apostolica
3215 1924 3440 1982 fundata
3487 1934 3592 1991 est,

1996 2014 2231 2084 illidant;
2253 2019 2355 2087 qui
2375 2017 2590 2073 habitat
2625 2021 2685 2074 in
2712 2020 2890 2088 caelis,
2918 2019 3167 2076 irridebit
3190 2034 3308 2083 eos,
3343 2020 3394 2076 et
3423 2022 3597 2077 Domi-

1994 2125 2097 2166 nus
2116 2110 2474 2167 subsannabit
2497 2126 2582 2167 eos
2598 2114 2770 2180 (Psal.
2802 2116 2892 2180 tt).
2928 2113 3201 2172 Convleiis
3236 2121 3458 2181 tonent,
3486 2112 3595 2171 ful-

1996 2203 2574 2278 minent,~fulgureut,
2606 2206 2844 2262 millenis
2876 2206 3181 2263 maledictis
3208 2214 3263 2263 et
3293 2206 3599 2265 mendacis-

1996 2299 2151 2355 simis
2201 2297 2478 2370 ﬁgmentis
2506 2300 2820 2372 apostolicae
2858 2300 3001 2358 sedis
3357 2300 3599 2358 lacerent

1996 2407 2060 2448 ac
2096 2393 2401 2465 lancinent;
2432 2408 2535 2450 nos
2563 2409 2692 2450 cum
2727 2399 2794 2452 Ι).
2827 2395 3126 2466 Augustino
3168 2394 3263 2453 lib.
3314 2411 3362 2453 ιι
3391 2396 3598 2452 Contra

1997 2487 2355 2556 Petilianum,
2384 2503 2503 2559 cap.
2544 2493 2644 2557 51,
2677 2489 2853 2559 palam
2882 2497 2937 2545 et
2964 2482 3228 2561 intrepide
3265 2488 3370 2546 illis
3404 2490 3599 2546 recini-

1996 2596 2122 2637 mus
2162 2601 2173 2637 :
2198 2582 2465 2639 Cathedra
2495 2583 2632 2653 quid
2674 2585 2778 2638 tibi
2801 2585 2933 2652 fecit
2960 2584 3209 2639 Ecclesia:
3239 2587 3510 2652 Romonce,
3536 2586 3601 2639 in

1997 2691 2109 2745 qua
2140 2678 2334 2731 Petrus
2352 2675 2515 2743 sedit,
2538 2681 2588 2731 et
2609 2679 2666 2733 in
2695 2692 2807 2747 qua
2830 2676 2991 2733 hodie
3004 2679 3371 2743 Anastasius(
3398 2672 3597 2735 Paulus

1995 2771 2064 2835 V)
2092 2769 2234 2824 sedet
2264 2787 2283 2822 :
2325 2771 2409 2825 vel
2438 2771 2684 2826 Ecclesia:
2712 2771 3229 2842 Hierosolymitanw,
3260 2774 3321 2827 in
3351 2787 3460 2842 qua
3503 2774 3596 2827 Ja-

1995 2863 2159 2918 cobus
2196 2863 2356 2929 sedit,
2389 2866 2441 2918 et
2468 2865 2527 2916 in
2559 2879 2667 2932 qua
2712 2863 2867 2919 hodie
2893 2865 3124 2920 Joannes
3162 2865 3307 2920 sedet
3346 2885 3364 2917 :
3408 2865 3603 2935 quibus

1995 2972 2090 3012 nos
2114 2959 2173 3011 in
2209 2957 2469 3012 catholica
2504 2958 2713 3012 unitate
2740 2958 3120 3021 connectimur,
3152 2962 3204 3012 et
3228 2973 3263 3012 a
3290 2958 3490 3028 quibus
3510 2972 3602 3013 vos

1996 3051 2210 3119 nefario
2231 3051 2417 3118 ﬁtrore
2453 3052 2788 3121 separastis?
2816 3052 2991 3119 Quare
3019 3047 3263 3122 appellas
3290 3050 3602 3107 cathedram

272 3141 517 3199 tissime:
559 3138 810 3197 falsitatis
848 3142 1264 3211 convincantur,
1313 3150 1372 3198 et
1408 3142 1463 3198 in
1504 3140 1891 3199 manifestariis
1920 3126 1968 3188 Β
1995 3144 2335 3216 pestilentia,
2377 3144 2687 3200 cathedram
2730 3143 3115 3217 apostolicam?
3151 3146 3203 3201 si
3244 3149 3466 3216 prapter
3503 3145 3603 3200 ho-
3658 3206 3661 3211 ἱ

276 3233 660 3309 pseudologiis
691 3242 745 3291 et
764 3234 1008 3293 laedoriis
1036 3235 1540 3308 deprehendantur,
1567 3235 1779 3292 nullum
1806 3243 1888 3292 ta-

276 3343 417 3385 men
451 3328 672 3385 ruboris
699 3329 915 3403 signum
946 3328 1148 3398 edunt,
1188 3329 1283 3386 sed
1317 3328 1617 3386 calumnias
1636 3329 1792 3398 ,retsi
1823 3326 1892 3386 ab

278 3423 445 3480 omni
486 3437 617 3480 vero
654 3422 1052 3491 alienissimas,
1093 3422 1384 3496 ingerunt,
1442 3430 1713 3496 oggerunt
1753 3423 1895 3479 occi-

280 3524 431 3574 nunt
450 3559 465 3584 ,
484 3517 773 3586 recinunt,
801 3516 1164 3590 privatimque
1186 3524 1240 3574 et
1271 3516 1484 3589 publice
1510 3517 1856 3589 ingeminant
1877 3558 1891 3581 ,

282 3619 351 3668 ut
388 3610 678 3684 pontiﬁces
728 3608 1014 3668 Romanos
1042 3610 1306 3668 omnibus
1347 3606 1544 3668 excisos
1583 3610 1894 3683 invisosque

281 3705 562 3775 efﬁciant,
586 3718 862 3762 memores
883 3703 1033 3761 illius
1061 3706 1227 3762 Dolus
1264 3718 1338 3760 an
1355 3707 1562 3771 virtus,
1591 3703 1799 3761 falsitas
1824 3719 1894 3760 an

283 3799 489 3856 veritas
504 3841 517 3867 ,
544 3802 663 3870 quis
690 3803 754 3855 in
789 3801 932 3856 hoste
959 3802 1247 3870 requirat?

359 3896 714 3966 Quamquam
740 3902 927 3950 autem
955 3894 1044 3950 vix
1068 3892 1375 3950 inveniatur
1400 3893 1688 3951 haereticus
1704 3935 1719 3962 ,
1757 3908 1895 3965 prae-

288 3988 485 4045 sertim
518 3986 674 4043 verbi
719 4002 934 4061 praeco,
983 3996 1039 4045 et
1065 3995 1232 4044 secta:
1259 4002 1373 4044 sum
1414 4002 1515 4058 per
1558 3987 1894 4059 scriptorum

284 4091 655 4139 monumenta
695 4089 1099 4155 propugnator,
1141 4081 1235 4154 qui
1275 4080 1329 4136 in
1360 4080 1465 4136 hac
1504 4088 1621 4137 arte
1651 4094 1765 4136 non
1798 4096 1894 4137 ex-

285 4176 482 4243 cellat,
505 4175 764 4232 omnibus
786 4185 998 4244 tamen,
1020 4182 1085 4232 ut
1112 4174 1363 4231 omnium
1384 4173 1625 4247 primus,
1658 4174 1896 4245 palmam

284 4268 575 4344 praeripuit
599 4268 879 4326 Lutherus
898 4309 915 4338 ,
941 4270 1101 4343 cujus
1127 4268 1333 4327 chartae
1356 4284 1533 4341 usque
1563 4266 1703 4324 adeo
1728 4269 1896 4324 male-

284 4365 528 4422 dicentia
550 4365 609 4420 in
647 4372 894 4421 eummos
936 4362 1224 4435 pontiﬁces
1262 4360 1483 4419 referta:
1508 4369 1666 4441 sunt,
1704 4370 1766 4418 ut
1804 4361 1892 4417 vix

282 4473 380 4514 me
408 4456 620 4531 capiam
639 4472 751 4530 prae
778 4456 1171 4525 admiratione,
1204 4456 1486 4529 quomodo
1507 4455 1631 4526 ﬁat,
1664 4463 1726 4512 ut
1746 4456 1891 4512 ullus

1945 3268 1953 3279 η
2000 3241 2170 3294 mines
2211 3254 2343 3309 quos
2367 3242 2535 3309 putas
2570 3239 2738 3308 legem
2781 3239 2949 3310 loqui,
2994 3243 3045 3294 et
3084 3255 3189 3295 non
3226 3241 3424 3308 facere,
3454 3254 3598 3294 nun-

2001 3332 2138 3403 quid
2171 3334 2429 3388 Dominus
2470 3335 2621 3388 Iesus
2651 3333 2893 3389 Christus
2926 3338 3147 3403 propter
3186 3334 3507 3397 Pharisazos,
3540 3333 3606 3388 de

2000 3427 2198 3497 quibus
2222 3428 2302 3480 ait
2327 3445 2344 3477 :
2376 3444 2406 3477 ι(
2430 3426 2639 3480 Dicunt
2667 3426 2829 3493 enim,
2865 3430 2915 3481 et
2946 3442 3049 3480 non
3076 3428 3322 3495 faciunt,-
3358 3447 3381 3474 ι
3422 3427 3605 3482 cathe-

2001 3520 2113 3574 drae
2138 3522 2196 3573 in
2215 3534 2325 3589 qua
2349 3519 2600 3574 sedebant
2630 3520 2801 3573 ullam
2823 3520 2956 3587 fecit
2984 3521 3247 3589 injuriam
3278 3522 3307 3579 ?
3324 3521 3511 3576 Nonne
3531 3521 3606 3574 il-

2001 3614 2115 3668 lum
2159 3612 2475 3668 cathedram
2501 3614 2680 3683 Moysi
2703 3613 3108 3677 commendavit,
3141 3616 3192 3668 et
3224 3613 3370 3681 illos,
3395 3616 3606 3667 servato

2002 3707 2194 3762 honore
2227 3706 2511 3771 cathedrae,
2547 3707 2866 3776 redarguit?
2898 3708 2996 3762 Ait
3020 3709 3161 3762 enim
3189 3724 3210 3762 :
3256 3728 3281 3754 σι
3317 3708 3490 3777 Super
3516 3720 3603 3760 ca-

2002 3801 2249 3856 thedram
2267 3802 2442 3870 Moysi
2457 3801 2640 3856 sedent
2668 3821 2680 3856 :
2704 3816 2826 3871 qua:
2851 3800 3042 3856 dicunt
3060 3801 3256 3868 facite;
3286 3815 3407 3871 qua:
3426 3803 3605 3856 autem

2001 3897 2235 3964 faciunt,
2272 3896 2450 3963 facere
2482 3895 2647 3949 nolite
2668 3910 2688 3949 :
2708 3894 2897 3950 dicunt
2915 3896 3080 3959 enim,
3107 3898 3158 3950 et
3176 3910 3282 3949 non
3306 3895 3539 3962 faciunt.
3574 3914 3601 3944 η

2001 3991 2126 4045 Haec
2153 3990 2202 4045 si
2220 3991 2542 4058 cogitaretis,
2562 4004 2668 4044 non
2689 3994 2917 4060 propter
2937 3988 3173 4044 homines
3196 4003 3329 4059 quos
3356 3990 3605 4056 infama-

2005 4085 2073 4139 tis
2120 4083 2561 4154 blasphemaretis
2609 4082 2923 4140 cathedram
2968 4084 3330 4155 apostolicam,
3372 4083 3463 4137 cui
3500 4098 3606 4137 non

2003 4180 2429 4245 communicatis,
2450 4176 2548 4232 sed
2578 4178 2713 4247 quid
2737 4181 2821 4232 est
2839 4176 3000 4233 aliud
3027 4192 3195 4248 quam
3234 4178 3435 4232 nescire
3470 4168 3605 4246 quid
3666 4204 3673 4205 ί

2004 4270 2195 4335 dicere,
2228 4276 2277 4326 et
2303 4275 2479 4326 tamen
2506 4286 2611 4325 non
2642 4286 2798 4342 posse
2829 4272 2939 4327 nisi
2962 4271 3332 4340 maledicere?

2075 4367 2250 4421 Porro
2276 4371 2336 4418 ut
2363 4363 2531 4434 aliqui
2564 4362 2675 4418 vita
2722 4372 2779 4418 et
2804 4363 3056 4418 moribus
3094 4363 3277 4418 minus
3307 4361 3606 4418 laudabiles

2000 4467 2054 4515 et
2102 4455 2570 4514 commendabiles
2624 4455 2941 4513 cathedram
3001 4455 3149 4511 Petri
3204 4454 3604 4524 obtinuissent,

283 4552 615 4609 mortalium
672 4550 1190 4608 maledicentissimo
1247 4558 1304 4607 et
1351 4548 1720 4607 furiosissime
1766 4549 1894 4606 huic
1923 4531 1966 4593 (ἶ
2000 4552 2087 4608 vel
2131 4550 2464 4619 tenuissent,
2510 4549 2640 4622 quid
2668 4548 2837 4606 inde?
2881 4543 3341 4621 Quandoquidem
3367 4546 3434 4603 de
3455 4564 3607 4620 prm-

285 4644 649 4703 conviciatori
673 4643 834 4702 ﬁdem
861 4644 1094 4701 habeat?
1118 4644 1264 4716 Quid
1279 4687 1294 4714 ,
1317 4642 1481 4701 ﬁdem
1507 4640 1757 4700 habeat?
1784 4643 1895 4700 imo

284 4749 339 4797 et
368 4741 557 4797 locum
600 4738 744 4795 inter
776 4740 1068 4811 prophetas
1115 4746 1171 4795 et
1206 4738 1606 4811 prapemodum
1641 4738 1780 4793 inter
1810 4737 1896 4809 ip—

284 4850 380 4891 sos
416 4835 778 4904 evangelistas
812 4841 867 4889 et
906 4834 1167 4905 apostolos
1198 4830 1614 4888 concedendum
1642 4829 1898 4904 suffragio

283 4943 386 4985 suo
413 4927 691 4985 decernat.
718 4929 843 4984 Non
873 4927 1032 4999 longe
1063 4925 1313 4983 abierim.
1348 4926 1446 4982 Vel
1477 4926 1737 4982 ultimum
1774 4927 1893 4983 Lu-

285 5022 424 5078 theri
449 5022 656 5079 librum
678 5024 755 5079 De
772 5026 983 5093 papam
997 5038 1098 5093 per
1113 5021 1394 5077 diabolum
1410 5022 1643 5089 fundato
1663 5024 1713 5076 et
1732 5024 1897 5077 erecto

289 5117 523 5189 inspice;
566 5130 737 5190 quem
766 5115 974 5172 vicinus
1006 5114 1123 5189 jam
1162 5122 1217 5171 et
1252 5121 1504 5171 maturus
1552 5113 1704 5187 Stygi
1738 5128 1896 5170 com-

290 5211 472 5282 posuit
508 5217 564 5266 et
588 5210 645 5266 in
672 5207 950 5282 publicum
974 5207 1155 5278 dedit;
1187 5207 1282 5280 qui
1320 5207 1454 5264 nihil
1496 5207 1641 5264 aliud
1680 5215 1767 5263 est
1793 5207 1896 5264 nisi

291 5305 579 5361 continuus
610 5302 833 5375 quidam
863 5302 922 5358 in
949 5317 1145 5375 papam
1172 5300 1355 5369 furor,
1392 5301 1544 5374 isque
1569 5315 1670 5358 nec
1704 5300 1897 5358 huma-

172 5468 175 5475 ι
289 5413 421 5465 nus,
444 5413 551 5455 nec
579 5396 878 5465 belluinus,
900 5395 996 5453 sed
1020 5396 1176 5468 plane
1204 5395 1538 5464 diabolicus,
1560 5395 1634 5452 ita
1665 5402 1727 5452 ut
1746 5395 1893 5452 nulla

289 5491 556 5549 dubitatio
586 5505 674 5548 me
706 5476 920 5559 tendat,
947 5490 1130 5563 ipsum
1152 5490 1343 5547 salutis
1377 5498 1578 5547 nostrae
1607 5488 1891 5563 capitalem

288 5586 524 5653 hostem,
561 5592 617 5642 et
642 5586 897 5643 omnium
939 5583 1398 5641 calumniatorum
1441 5583 1891 5657 arehistrategum

290 5690 343 5736 et
386 5687 862 5753 progeneratorem
884 5722 900 5749 ,
942 5678 1065 5736 libri
1095 5676 1259 5751 hujus
1300 5687 1583 5751 parentem
1626 5694 1746 5736 esse
1785 5694 1802 5731 :
1838 5685 1893 5734 et

291 5789 632 5847 quaecunque
655 5773 712 5829 in
744 5789 810 5829 eo
847 5770 1227 5841 continentur,
1269 5771 1577 5830 Lutherum
1596 5813 1613 5843 ,
1642 5771 1891 5830 dictante

292 5866 509 5926 diabolo
525 5908 543 5935 ,
572 5866 630 5923 in
657 5867 904 5925 chartam
931 5866 1195 5925 retulisse.

1998 4648 2194 4718 positis
2236 4645 2387 4709 mali,
2420 4652 2482 4701 ut
2508 4644 2582 4699 ait
2615 4646 2670 4700 S.
2706 4644 3065 4717 Augustinus,
3103 4643 3257 4715 epist.
3302 4648 3428 4711 166,
3459 4651 3606 4700 secu-

2005 4754 2123 4797 ram
2173 4742 2302 4810 fecit
2334 4739 2541 4810 plebem
2585 4754 2759 4802 suam,
2819 4754 2885 4794 ne
2920 4740 3148 4810 propter
3192 4738 3314 4793 illos
3352 4738 3609 4793 doctrina

2006 4835 2267 4891 salutaris
2296 4833 2554 4888 cathedra
2582 4834 2882 4897 deseratur,
2914 4835 2972 4888 in
3001 4848 3111 4904 qua
3150 4837 3416 4902 coguntur
3445 4835 3608 4888 etiam

2005 4931 2140 4985 mali
2158 4928 2297 4984 bona
2326 4928 2515 4984 dicere.
2549 4931 2728 4999 Neque
2756 4930 2898 4984 enim
2926 4943 3027 4983 sua
3064 4930 3209 4991 sunt,
3237 4942 3359 4998 quae
3389 4927 3604 4997 dicunt;

2005 5023 2099 5079 sed
2134 5025 2255 5090 Dei,
2286 5023 2387 5094 qui
2423 5024 2483 5078 in
2514 5023 2777 5079 cathedra
2810 5024 3045 5078 unitatis
3074 5022 3379 5077 doctrinam
3418 5024 3607 5092 posuit

2005 5119 2274 5175 ueritatis.
2324 5118 2569 5173 Etiamsi
2612 5119 2673 5170 in
2714 5117 2872 5172 illum
2919 5110 3169 5173 ordinem
3212 5117 3603 5187 episcoporum,

2003 5211 2180 5284 inquit
2216 5210 2361 5267 idem
2390 5211 2450 5267 S.
2490 5210 2853 5282 Augustinus,
2882 5210 3038 5283 epist.
3084 5214 3209 5279 165,
3249 5212 3351 5281 qui
3386 5209 3607 5265 ducitur

2003 5307 2072 5360 ab
2122 5308 2237 5376 ipso
2270 5307 2431 5361 Petro
2478 5319 2645 5376 usque
2697 5304 2772 5360 ad
2809 5306 3167 5361 Anastasium
3208 5302 3468 5375 (Paulum
3511 5307 3602 5372 V),

2004 5403 2104 5470 qui
2129 5415 2271 5455 nunc
2300 5399 2539 5455 eamdem
2571 5399 2887 5455 cathedram
2919 5398 3085 5463 sedet,
3116 5400 3391 5470 quispiam
3429 5399 3606 5455 tradi-

2002 5498 2086 5549 tor
2128 5492 2455 5565 (improbus)
2490 5508 2589 5565 per
2638 5493 2735 5548 illa
2765 5497 3003 5564 tempora
3047 5492 3421 5563 subrepsisset,
3464 5493 3607 5550 nihil

1993 5587 2384 5660 prcejudicaret
2419 5588 2687 5658 Ecclesia,
2742 5592 2793 5644 et
2841 5588 3203 5643 innocentibus
3251 5587 3597 5655 Christianis,

2001 5682 2198 5753 quibus
2221 5684 2479 5738 Dominus
2499 5682 2791 5753 providens
2818 5684 2920 5749 ait,
2949 5681 3014 5735 de
3039 5682 3351 5751 prapositis
3382 5683 3545 5737 malis
3573 5697 3593 5731 :

2007 5795 2035 5827 α
2069 5777 2196 5843 Qua:
2234 5755 2423 5834 dicunt
2460 5778 2649 5845 facite,
2685 5793 2804 5847 quae
2841 5778 3021 5831 autem
3055 5774 3271 5840 faciunt
3311 5772 3473 5827 nolite
3505 5776 3567 5843 fa
3632 5796 3639 5799 -

1999 5883 2126 5923 cere.
