4122 6184
520 262 625 342 isi
690 338 695 343 ,
766 352 771 359 ,

1755 275 1810 330 S.
1848 272 2233 337 GREGORIUS
2270 271 2359 327 Vl‘l
2398 272 2595 327 PAPA.

3721 268 3823 322 192

598 410 881 471 Memento,
938 404 1117 478 inquit
1164 403 1221 459 S.
1271 400 1610 473 Augustinus
1658 398 1757 456 lib.
1815 413 1868 455 ιι
1894 399 2120 463 {Contra
2147 400 2205 465 Α
2233 401 2348 452 tum
2368 397 2546 451 orbem
2580 397 2940 453 inveniremus
2963 395 3230 466 emempla,
3266 396 3320 449 si
3351 394 3533 448 omnia
3567 392 3749 455 scribi,
3774 397 3825 446 et

530 502 877 567 Petilianum,
924 514 1042 570 cap.
1087 502 1155 552 47
1194 503 1250 550 et
1289 500 1384 564 61,
1432 496 1782 550 sacramentis
1828 492 1908 546 nil
1954 492 2129 546 obesse

530 611 701 652 mores
735 596 996 649 malorum
1035 592 1329 657 hominum,
1370 605 1474 660 quo
1499 589 1601 643 illa
1635 589 1720 641 vel
1759 588 1977 641 omnino
2019 600 2126 639 non

530 692 658 757 sint,
704 689 787 742 vel
824 689 1003 741 minus
1046 688 1234 738 sancta
1276 685 1409 750 sint,
1464 681 1557 736 sed
1596 684 1730 751 ipsis
1773 680 1931 735 malis
1956 681 2124 734 homi-

414 768 423 773 ’
530 783 708 844 nibus,
735 785 795 834 ut
823 780 933 834 haec
961 778 1196 833 habeant
1223 776 1298 830 ad
1327 776 1696 830 testimonium
1734 774 2125 839 damnationis,

529 891 633 930 non
655 874 728 928 ad
749 873 1086 943 adjutorium
1110 870 1386 926 sanitatis.
1418 870 1556 924 Hinc
1576 872 1804 939 propter
1830 868 2128 923 Pharisaeos

532 966 871 1023 facinorosos
903 972 962 1020 et
996 963 1295 1036 improbos,
1329 978 1438 1017 non
1464 963 1721 1033 praecipit
1740 963 1998 1016 Dominus
2039 960 2130 1015 de-

532 1063 643 1116 seri
665 1060 976 1115 cathedram
998 1058 1188 1127 Moysi,
1215 1058 1274 1111 in
1292 1071 1403 1126 qua
1432 1057 1618 1125 utique
1636 1055 1908 1124 ﬁgurabat
1934 1069 2125 1120 suam;

529 1154 711 1209 dicens
750 1154 949 1223 quippe
982 1152 1102 1205 illos
1133 1165 1293 1220 super
1329 1150 1635 1203 cathedram
1681 1150 1856 1217 Moysi
1894 1148 2127 1203 sedentes

531 1247 705 1301 dicere
748 1250 799 1300 et
830 1260 937 1299 non
982 1246 1194 1311 facere;
1239 1247 1417 1298 monet
1461 1246 1642 1297 tamen
1674 1241 1900 1313 populos
1947 1242 2130 1308 facere

530 1355 652 1409 qua:
674 1338 859 1393 dicunt
890 1342 940 1393 et
967 1352 1073 1392 non
1103 1339 1280 1405 facere
1323 1351 1445 1406 qua:
1468 1338 1722 1403 faciunt:
1765 1351 1830 1389 ne
1861 1336 2127 1390 cathedrae

531 1434 791 1487 sanctitas
817 1431 1124 1494 deseratur,
1165 1434 1215 1485 et
1236 1434 1460 1501 propter
1472 1434 1712 1500 pastores
1738 1430 1926 1495 malos,
1953 1432 2128 1498 gregis

531 1526 710 1580 unitas
739 1524 1036 1580 dividatur.
1070 1522 1383 1579 Praesertim
1413 1537 1542 1579 cum
1574 1537 1640 1577 ex
1671 1530 1753 1578 tot
1780 1521 2128 1593 pontiﬁcibus

531 1616 888 1691 paucissimos
934 1616 1142 1673 sectarii
1186 1614 1493 1689 designent,
1547 1614 1746 1686 quibus
1794 1616 2127 1672 nominatim

527 1709 729 1767 scelera
759 1718 817 1767 et
847 1709 1058 1781 ﬂagitia
1080 1709 1373 1782 objectent,
1391 1708 1558 1780 idque
1576 1724 1687 1765 non
1715 1723 1781 1764 ex
1806 1709 1967 1765 certis
1987 1724 2119 1780 pro-

2232 492 2289 544 in
2328 492 2700 545 auctoritatem
2738 490 2920 558 redigi
2951 490 3253 560 potuissent
3279 507 3296 542 :
3322 492 3500 542 tamen
3527 488 3637 541 lucc
3678 488 3823 555 ipsa,

2231 600 2351 655 quae
2391 584 2663 652 habemus,
2709 583 2991 639 advertite.
3038 583 3251 638 Tolerat
3282 584 3393 651 ipse
3421 581 3679 636 Dominus
3725 582 3827 633 Ju-

2232 678 2377 742 dam,
2408 677 2700 745 diabolum,
2727 678 2907 744 furem
2927 680 2979 731 et
3000 675 3329 731 venditorem
3354 690 3513 730 suum
3544 692 3560 728 :
3581 673 3716 727 sinit
3740 687 3830 726 ac-

2233 773 2407 841 cipere
2449 772 2595 826 inter
2631 773 2932 825 innocentes
2982 769 3291 840 discipulos,
3319 768 3466 839 quod
3504 767 3685 837 ﬁdeles
3730 782 3829 821 no-

2231 870 2441 929 verunt,
2481 867 2719 936 pretium
2751 870 3013 921 nostrum.
3058 864 3301 919 Toleiunt
3335 862 3566 932 apostoli
3594 860 3824 931 pseudo-

2231 962 2514 1029 apostolos,
2544 964 2595 1013 et
2635 960 2777 1013 inter
2796 974 2897 1013 sua
2917 961 3217 1031 quwrentes
3237 970 3341 1011 non
3376 969 3498 1026 qua:
3523 958 3648 1011 Iesu
3676 955 3830 1011 Chri-

2233 1055 2336 1117 sti,
2373 1054 2599 1116 Paulus,
2628 1068 2736 1107 non
2765 1068 2866 1107 sua
2890 1066 3153 1122 quaerens,
3178 1049 3273 1105 sed
3304 1064 3427 1119 quia
3451 1052 3573 1104 Iesu
3599 1049 3825 1115 Christi,

2232 1163 2353 1202 cum
2394 1148 2782 1216 gloriosissima
2804 1146 3093 1201 tolerantia
3135 1146 3495 1199 conversatur.
3536 1143 3671 1200 Hac
3710 1142 3825 1214 pul-

2232 1239 2499 1297 cherrime
2525 1241 2583 1297 S.
2611 1239 2969 1312 Augustinus.

2304 1335 2358 1390 Si
2395 1349 2526 1405 ergo
2570 1332 2793 1389 unitatis
2819 1341 2878 1389 et
2920 1330 3234 1389 concordiae
3267 1328 3459 1403 gratia,
3498 1337 3561 1385 ut
3587 1328 3826 1387 schisma

2230 1427 2449 1496 vitetur,
2486 1426 2646 1483 malai
2696 1441 2827 1482 oves
2865 1425 3082 1482 tolerari
3128 1424 3351 1491 debent,
3397 1431 3607 1501 quanto
3651 1422 3829 1495 magis

2233 1537 2365 1579 eum
2394 1520 2466 1577 ob
2515 1520 2681 1576 ﬁnem
2718 1519 2862 1576 ferre
2895 1517 3169 1592 oportebit
3197 1517 3407 1575 malum
3440 1523 3739 1590 pastorem,
3776 1518 3825 1574 si

2233 1613 2455 1688 quando
2483 1614 2769 1687 obtingat?

2295 1711 2413 1765 Nec
2436 1708 2612 1764 verbis
2642 1715 2697 1763 et
2728 1706 2884 1763 libris
2910 1707 3090 1763 solum
3123 1703 3563 1779 injuriosissimis
3601 1712 3657 1760 et
3697 1719 3828 1760 con-

527 1803 780 1875 batisque
813 1802 1040 1860 testibus
1076 1810 1133 1860 et
1163 1801 1507 1870 auctoribus,
1536 1801 1637 1859 sed
1670 1817 1737 1858 ex
1763 1800 1895 1870 illis,
1924 1802 2121 1875 quibus
2146 1784 2195 1846 Β
2234 1801 2697 1859 tumeliosissimis
2770 1800 2826 1856 in
2892 1799 3178 1872 pontiﬁces
3245 1801 3529 1857 Romanos
3588 1798 3826 1854 haeretici

528 1897 725 1953 veritas
766 1896 823 1952 in
868 1895 1160 1968 postremis
1193 1904 1339 1963 erat;
1381 1895 1554 1968 qualis
1604 1903 1791 1951 nostra
1836 1903 1997 1953 aetate
2036 1910 2118 1951 se-

528 1990 681 2046 ctarii
702 1989 774 2046 illi
808 1989 1175 2061 potissimum,
1197 1989 1288 2060 qui
1309 2003 1397 2044 res
1424 1996 1601 2061 gestas
1637 1988 1955 2060 pontiﬁcum
2004 2003 2122 2045 sese

528 2082 723 2139 litteris
749 2080 1139 2139 commendare
1159 2081 1391 2154 professi
1411 2089 1541 2138 sunt
1553 2121 1570 2148 ,
1589 2082 1731 2138 inter
1749 2097 1891 2154 quos
1910 2082 2122 2140 Balmus

528 2174 755 2243 Latine,
776 2182 833 2231 et
858 2175 1117 2247 Nigrinus
1148 2175 1468 2233 Germanice
1494 2175 1610 2232 suis
1636 2176 1692 2230 in
1715 2174 1972 2247 operibus
2000 2176 2119 2247 plu-

525 2283 615 2325 res
658 2266 1108 2325 mendacissimas
1148 2268 1359 2325 fabulas
1401 2268 1470 2325 de
1511 2267 1862 2338 pontiﬁcibus
1909 2267 2119 2324 conﬁn-

526 2369 750 2429 xerunt,
807 2362 888 2417 vel
932 2376 963 2416 a
1002 2362 1085 2423 sui
1134 2361 1413 2418 similibus
1451 2360 1822 2419 ardelionibus
1860 2361 2118 2419 conﬁctas

525 2453 729 2515 chartis
771 2454 1147 2522 intexuerunt,
1191 2464 1249 2510 et
1285 2453 1353 2511 ad
1399 2462 1650 2526 posteros
1693 2469 1822 2510 suos
1859 2454 2119 2511 transmic

523 2555 734 2616 serunt,
763 2563 931 2620 quam
960 2556 1148 2616 noctu,
1178 2564 1304 2606 cum
1326 2547 1527 2605 sudum
1554 2556 1669 2617 est,
1701 2548 1871 2606 stellis
1893 2548 1948 2604 in
1974 2548 2118 2605 caelo

526 2640 769 2710 luceant;
810 2640 1006 2713 quibus
1045 2641 1389 2698 contumeliis
1421 2650 1476 2698 et
1508 2641 1979 2699 criminationibus
2012 2642 2117 2697 im-

527 2734 698 2807 pulsae
742 2742 798 2791 et
825 2733 1095 2817 ventilatis
1133 2734 1277 2791 leves
1314 2735 1482 2807 palea;
1510 2743 1661 2792 extra
1703 2751 1892 2791 aream
1922 2736 2114 2792 Domi-

528 2827 711 2884 nicam
762 2828 981 2885 evolant
1033 2836 1088 2885 et
1131 2828 1385 2896 avolant;
1436 2845 1548 2886 non
1593 2829 1720 2885 item
1777 2829 1838 2897 ii,
1878 2845 2118 2903 quorum

526 2920 692 2992 pedes
708 2937 878 2992 supra
896 2926 1108 2993 petram
1131 2923 1319 2980 statuti
1359 2930 1416 2979 et
1442 2921 1647 2979 ﬁrmati
1673 2931 1824 2990 sunt,
1849 2939 1974 2995 quae
2008 2923 2113 2981 cri-

528 3013 673 3071 mina
697 3023 754 3071 et
769 3015 994 3082 scelera,
1011 3015 1056 3073 si
1079 3015 1247 3071 etiam
1271 3032 1401 3070 vera
1414 3021 1465 3070 et
1482 3020 1771 3085 prtesentia
1792 3018 2114 3086 videremus,

524 3108 701 3180 inquit
720 3108 778 3163 S.
811 3110 1166 3179 Augustinus,
1196 3108 1354 3179 epist.
1382 3113 1507 3175 162,
1534 3108 1602 3163 ad
1623 3108 1909 3180 episcopos
1930 3112 2117 3166 Dona-

2229 1894 2562 1960 desmviunt,
2620 1893 2717 1951 sed
2770 1902 2827 1950 et
2881 1893 3194 1965 sculpturis,
3251 1891 3546 1961 caelaturis,
3608 1891 3824 1959 statuis,

2229 1989 2578 2062 imaginibus,
2611 1987 2843 2059 picturis
2877 1985 3228 2058 turpissimis,
3258 1993 3315 2042 et
3355 2000 3591 2057 quarum
3617 1984 3827 2056 aliquas

2230 2081 2417 2138 nullus
2444 2081 2712 2138 honestus
2737 2080 2930 2137 oculus
2952 2079 3159 2152 absque
3185 2078 3386 2135 rubore
3421 2079 3605 2135 vultus
3630 2078 3828 2135 intueri

2230 2183 2415 2247 queat.
2469 2174 2750 2232 Nimirum
2809 2172 3024 2230 sectarii
3073 2179 3403 2230 mutuantur
3445 2171 3516 2227 ab
3569 2170 3824 2237 ethnicis,

2228 2267 2500 2325 haereticis
2532 2275 2594 2325 et
2615 2265 2978 2324 schismaticis
3015 2280 3126 2323 non
3154 2272 3373 2323 tantum
3399 2279 3680 2337 perversae
3707 2265 3828 2336 opi-

2227 2363 2420 2419 niones
2450 2370 2509 2419 et
2536 2360 2840 2433 perniciosa
2863 2360 3122 2433 dogmata
3143 2358 3240 2416 sed
3268 2358 3437 2415 etiam
3476 2357 3825 2426 criminandi,

2225 2464 2281 2512 et
2323 2464 2441 2511 tam
2481 2453 2705 2527 profana
2734 2469 2900 2526 quam
2925 2468 3080 2510 sacra
3107 2450 3479 2511 subsannandi
3523 2449 3826 2518 libidinem,

2228 2552 2531 2620 praesrtim
2572 2548 2747 2618 illam,
2785 2562 2908 2619 qua
2938 2545 3196 2604 Ecclesia
3235 2544 3498 2618 presulcs
3522 2554 3580 2601 et
3599 2544 3827 2602 ordines

2226 2642 2451 2714 picturis
2480 2649 2536 2697 et
2583 2640 2909 2713 imaginibus
2954 2640 3204 2709 incessit;
3259 2638 3443 2711 idque,
3498 2646 3563 2696 ut
3602 2637 3827 2695 demon-

2224 2746 2418 2805 strem,
2466 2751 2580 2792 non
2618 2742 2867 2807 repetam
2913 2741 3158 2790 veterem
3200 2732 3358 2789 illum
3404 2748 3462 2788 in
3498 2730 3826 2789 frustrandis

2225 2830 2414 2888 bestiis
2441 2829 2838 2886 mercenarium
2865 2827 3121 2899 noxium,
3147 2826 3264 2898 qui,
3308 2834 3370 2883 ut
3403 2833 3483 2883 est
3518 2824 3663 2898 apud
3689 2827 3824 2882 Ter-

2222 2925 2513 2981 tullianum
2540 2922 2594 2979 in
2622 2920 2978 2994 Apologetico
3024 2940 3041 2975 :
3072 2922 3352 2976 Picturam
3388 2922 3671 2991 proposuit
3705 2935 3826 2975 cum

2227 3017 2489 3087 ejusmodi
2523 3018 2873 3085 inscriptione
2920 3033 2936 3068 :
2982 3018 3121 3071 Deus
3149 3014 3579 3072 Christianorum
3616 3028 3827 3082 anony-

2228 3111 2412 3166 chites.
2451 3112 2509 3164 Is
2540 3113 2658 3165 erat
2680 3109 2911 3164 auribus
2946 3110 3195 3172 asininis,
3235 3108 3404 3164 altero
3426 3107 3564 3178 pede
3599 3107 3830 3175 ungula-

523 3200 795 3264 tistarum,
843 3205 894 3254 et
946 3202 1176 3254 zizaniis
1212 3206 1436 3270 propter
1488 3202 1766 3267 frumenta
1823 3208 2115 3272 parcentes,
2152 3208 2199 3272 C
2227 3208 2342 3271 tus,
2364 3204 2563 3258 librum
2587 3207 2822 3272 gestans,
2844 3207 2896 3258 et
2922 3206 3137 3271 togatus
3163 3220 3183 3254 :
3213 3200 3400 3258 dicere
3424 3200 3566 3257 enim
3594 3208 3826 3271 possent

516 3308 621 3362 pro
660 3294 883 3347 unitate
913 3293 1277 3361 toleraremus,
1307 3308 1414 3348 non
1440 3295 1612 3349 solum
1639 3295 1789 3349 nulla
1829 3297 2109 3366 reprehen-

520 3386 687 3449 sione,
717 3386 810 3440 sed
836 3387 1003 3440 etiam
1030 3402 1140 3445 non
1171 3402 1351 3457 parva
1380 3388 1538 3444 laude
1559 3403 1652 3443 nos
1672 3389 1867 3458 dignos
1891 3390 2108 3455 diceret,

523 3480 826 3549 quicunque
860 3480 1167 3551 Scripturas
1206 3484 1417 3536 sanctas
1449 3497 1557 3536 non
1594 3482 1750 3539 corde
1778 3484 1975 3540 surdus
2013 3501 2111 3540 (zu-

522 3572 683 3628 diret.
720 3574 936 3629 Tolerat
974 3573 1162 3629 Aaron
1190 3573 1595 3630 multitudinem
1642 3566 1845 3632 idolum
1886 3581 2111 3647 exigen-

522 3669 645 3727 tem,
685 3669 736 3719 et
774 3665 1150 3731 fabricantem,
1206 3671 1257 3721 et
1284 3667 1617 3723 adorantem.
1653 3670 1859 3725 Tolerat
1907 3673 2110 3741 Moyses

524 3757 786 3812 adversus
810 3760 979 3813 Deum
1005 3763 1083 3814 tot
1103 3760 1282 3814 millia
1314 3764 1739 3831 murmurantia,
1774 3768 1827 3819 et
1852 3766 2004 3819 toties
2031 3767 2111 3833 of-

517 3850 797 3919 fendentia
833 3857 1074 3907 sanctum
1101 3868 1289 3909 nomen
1324 3855 1460 3925 ejus.
1512 3856 1721 3912 Tolerat
1759 3858 1943 3915 David
1965 3860 2109 3914 Sau-

523 3944 623 3999 lem
644 3949 1032 4015 persecutorem
1071 3963 1251 4017 suum,
1292 3949 1559 4004 sceleratis
1602 3951 1838 4004 moribus
1879 3953 2111 4007 ccelestia

520 4038 864 4108 deserentem,
893 4042 1115 4109 magicis
1135 4042 1348 4097 artibus
1370 4044 1591 4110 inferna
1619 4048 1942 4113 qucerentem
1969 4048 2111 4101 occi-

519 4146 640 4185 sum
663 4132 923 4187 vindicat.
957 4133 1230 4190 Christum
1257 4136 1421 4190 etiam
1447 4138 1666 4192 Domini
1680 4141 1902 4207 propter
1919 4154 2111 4194 sacra-

518 4228 753 4280 mentum
792 4226 1113 4282 venerandae
1149 4230 1422 4284 unctionis
1465 4231 1724 4300 appellat.
1777 4232 1987 4287 Tolerat
2013 4234 2109 4289 Sa-

518 4319 661 4373 muel
711 4319 977 4386 nefandos
1012 4322 1153 4391 ﬁlios
1199 4323 1325 4378 Heli
1352 4339 1734 4395 perversosque
1779 4325 1919 4395 ﬁlios
1968 4342 2109 4391 suos,

520 4427 652 4480 quos
674 4414 927 4484 populus,
958 4417 1090 4486 quia
1110 4416 1339 4472 tolerare
1365 4418 1563 4481 noluit,
1583 4418 1772 4475 divina
1789 4423 2113 4477 auctoritate

516 4511 824 4576 accusatus,
883 4508 1073 4564 divina
1113 4512 1393 4566 severitate
1440 4516 1711 4583 correptus
1759 4517 1856 4567 est.
1909 4515 2117 4570 Tolerat

2223 3305 2534 3365 novatores,
2555 3295 2764 3353 factum
2792 3294 2898 3352 hoc
2916 3295 3145 3352 cessisse
3175 3294 3233 3351 in
3260 3293 3622 3367 ignominiam
3654 3291 3826 3364 ipsius

2227 3388 2459 3459 Christi;
2485 3391 2664 3461 quasi,
2689 3404 2813 3461 qum
2841 3388 2940 3460 ipsi
2956 3430 2975 3457 ,
3007 3389 3125 3461 pari
3154 3388 3556 3461 propemodum
3580 3385 3825 3443 ludiﬁca-

2221 3485 2369 3541 tione
2408 3483 2801 3541 commiserunt
2839 3484 2897 3538 in
2947 3481 3208 3539 vicarium
3250 3490 3308 3538 et
3356 3496 3546 3539 servos
3583 3479 3813 3547 Christi,

2220 3593 2334 3634 non
2364 3576 2681 3634 redundent
2709 3577 2765 3633 in
2788 3584 3173 3649 contemptum
3206 3575 3424 3633 Christi.
3456 3573 3562 3632 Sed
3590 3582 3821 3646 praetcr-

2220 3671 2331 3740 ibo,
2379 3679 2442 3728 ut
2479 3670 2752 3738 dicebam,
2791 3668 3117 3726 mercenarii
3169 3669 3333 3742 hujus
3381 3667 3712 3741 nequitiam,
3762 3675 3825 3725 ut

2220 3782 2286 3823 ex
2326 3766 2515 3822 Niceta
2550 3764 2714 3820 vitam
2753 3762 2947 3834 lgnstii
2977 3762 3304 3835 patriarcha
3328 3761 3823 3835 Constantinopoli-

2219 3858 2331 3915 tani
2380 3858 2761 3914 conscribente
2809 3856 3039 3929 planum
3086 3857 3304 3924 faciam,
3338 3856 3476 3913 istos
3509 3855 3825 3913 verissimos

2220 3960 2276 4009 et
2310 3951 2469 4024 plane
2505 3965 2798 4024 germanos
2846 3949 3148 4007 imitatores
3184 3965 3305 4006 esse
3342 3949 3530 4007 Photii
3575 3958 3631 4004 et
3674 3949 3821 4005 Pho-

2220 4046 2499 4103 tianorum
2544 4043 3035 4113 schismaticorum,
3066 4043 3122 4100 in
3160 4043 3351 4116 primis
3387 4042 3636 4116 Gregorii
3667 4045 3821 4117 Syra-

2219 4139 2439 4207 cusani,
2477 4138 2598 4211 qui,
2630 4146 2693 4193 ut
2728 4146 2985 4193 sanctum
3026 4137 3335 4210 lgnatium,
3369 4152 3559 4193 verum
3585 4144 3641 4193 et
3681 4136 3819 4209 legi-

2220 4232 2420 4289 timum
2455 4230 2844 4304 patriarcham,
2888 4230 3157 4287 omnibus
3199 4246 3430 4289 exosum
3474 4229 3822 4303 invisumque

2221 4324 2515 4381 redderent
2534 4333 2592 4381 et
2626 4324 2694 4381 de
2724 4323 2855 4380 sede
2882 4322 3261 4394 deturbarent,
3291 4324 3533 4380 inﬁnitas
3559 4322 3823 4380 adversus

2222 4418 2375 4474 illum
2393 4416 2805 4474 criminationes
2818 4418 3128 4474 commenti
3150 4427 3281 4475 sunt
3296 4457 3314 4486 ,
3330 4417 3638 4489 composito
3656 4417 3822 4473 etiam

2225 4511 2384 4582 libro,
2435 4525 2548 4568 non
2600 4510 2722 4567 sine
2776 4511 3186 4568 contumeliosis
3240 4510 3602 4584 imaginibus,
3656 4526 3822 4582 opera

519 4598 746 4668 denique
767 4602 947 4671 ipsum
954 4604 1216 4673 populum
1237 4605 1543 4693 spperbum,
1563 4610 1967 4676 contemptorem
1995 4609 2110 4663 Dei.
2143 4591 2194 4654 D
2225 4604 2475 4676 Gregorii
2512 4604 2833 4676 Syracusani
2865 4604 3091 4677 pictoris
3117 4612 3173 4661 et
3214 4604 3421 4660 lictoris
3449 4604 3654 4678 egregii
3682 4619 3821 4660 con-

523 4693 735 4747 Tolerat
762 4695 957 4761 Isaias,
992 4698 1051 4749 in
1085 4711 1214 4765 quos
1251 4700 1361 4752 tam
1388 4698 1561 4752 multa
1589 4714 1717 4753 vera
1754 4701 1981 4754 crimina
2014 4700 2111 4769 ja-

518 4786 747 4840 culatur.
779 4788 990 4842 Tolerat
1012 4792 1289 4858 Jeremias,
1319 4807 1355 4845 a
1382 4792 1578 4861 quibus
1609 4796 1762 4846 tanta
1786 4795 2108 4863 perpetitur.

523 4878 729 4939 Tolerat
777 4880 1067 4935 Zacharias
1106 4883 1402 4939 Phariswos
1455 4889 1505 4938 et
1547 4886 1763 4941 Scribas
1796 4887 1981 4955 quales
2019 4888 2111 4942 illo

517 4974 757 5042 tempore
798 4973 972 5039 fuisse
1014 4975 1295 5044 Scriptura
1335 4981 1586 5032 testatur.
1619 4979 1756 5043 Scio,
1803 4994 1887 5033 me
1920 4981 2112 5036 multos

513 5068 923 5135 praetermisisse
951 5085 969 5121 :
1020 5068 1223 5138 legant,
1249 5071 1347 5138 qui
1369 5071 1585 5139 volunt,-
1613 5073 1811 5141 legant,
1852 5076 1951 5142 qui
1984 5090 2108 5144 pos-

514 5163 643 5214 sunt
685 5160 895 5231 eloquia
934 5161 1196 5229 coelestia;
1216 5222 1220 5227 ,
1240 5164 1510 5219 invenient
1553 5180 1731 5221 omnes
1772 5170 1979 5222 sanctos
2016 5170 2114 5223 Dei

516 5267 711 5320 servos,
731 5257 784 5309 et
815 5256 1010 5310 amicos
1034 5269 1238 5325 semper
1265 5257 1533 5321 habuisse,
1560 5274 1691 5329 quos
1719 5261 1777 5314 in
1796 5275 1892 5316 suo
1908 5263 2109 5332 populo

516 5346 823 5409 tolerarent,
852 5363 971 5402 cum
997 5349 1192 5417 quibus
1221 5354 1418 5415 tamen,
1462 5352 1611 5408 illius
1634 5358 1885 5425 temporis
1917 5371 2107 5410 sacra-

515 5445 696 5495 menta
715 5444 1182 5511 communicantes,
1204 5460 1309 5500 non
1331 5447 1502 5501 solum
1526 5463 1629 5502 non
1654 5450 2102 5518 inquiruzbantur,

512 5534 608 5589 sed
630 5536 815 5603 ,etiam
855 5536 1210 5592 laudabiliter
1245 5540 1600 5609 sustinebant,
1638 5542 1926 5610 studentes,
1970 5545 2108 5599 sicut

511 5630 593 5685 ait
619 5629 925 5699 Apostolus,
958 5648 986 5682 ‹‹
1015 5645 1233 5689 servare
1258 5634 1525 5689 unitatem
1552 5637 1780 5705 spiritus
1808 5638 1869 5690 in
1894 5636 2104 5692 vinculo

508 5725 661 5795 pacis
710 5724 929 5793 (Ephes.
971 5725 1076 5795 ιν).
1120 5743 1148 5776 ι)
1188 5727 1489 5782 Attendunt
1539 5731 1700 5783 etiam
1718 5733 1858 5798 ‘post
1888 5730 2105 5784 Domini

511 5816 819 5885 adventum,
850 5818 948 5873 ubi
972 5819 1140 5874 multo
1165 5821 1331 5889 plura
1365 5821 1525 5886 huius
1561 5822 1865 5875 tolerantia:
1887 5837 1984 5891 per
2022 5826 2099 5876 to-

2224 4699 2491 4764 cinnatus,
2535 4698 2602 4754 de
2638 4698 2835 4770 quibus
2860 4697 2996 4769 hac,
3030 4713 3153 4772 qua:
3189 4706 3515 4771 sequuntur,
3553 4697 3673 4770 jam
3701 4697 3819 4770 jam

2222 4792 2540 4849 nominatus
2567 4791 2783 4849 Nicetas
2809 4808 2820 4844 :

2300 4889 2368 4943 Ut
2406 4902 2529 4942 vero
2568 4888 2739 4941 omnis
2772 4888 3054 4957 iniquitas,
3090 4901 3211 4955 qua:
3241 4891 3428 4941 contra
3458 4890 3702 4943 sanctum
3747 4886 3816 4939 il-

2219 4983 2333 5037 lum
2370 4983 2654 5051 Ignatium
2680 4982 2868 5048 fuerat
2895 4983 3238 5050 perpetrata,
3264 4981 3609 5048 manifestior
3638 4982 3818 5049 ﬁeret,

2218 5079 2377 5145 Deus,
2414 5099 2438 5123 σι
2499 5077 2597 5146 qui
2632 5072 3027 5145 comprehendit
3073 5075 3339 5143 sapientes
3376 5075 3437 5127 in
3475 5073 3684 5129 astutia
3737 5088 3821 5128 eo-

2217 5186 2369 5239 rum,
2398 5174 2449 5226 et
2483 5170 2707 5224 concilia
2728 5155 3028 5237 pravorum
3052 5165 3283 5237 dissipat
3314 5165 3425 5238 (Job
3444 5181 3507 5234 ν,
3546 5165 3654 5235 13),
3687 5186 3714 5215 π
3759 5169 3821 5222 in

2216 5264 2408 5321 Basilii
2430 5262 2773 5332 imperatoris
2795 5260 3037 5314 animum
3070 5261 3348 5316 consilium
3374 5261 3595 5329 ingerit,
3615 5263 3678 5314 ut
3697 5262 3823 5314 mit-

2219 5362 2302 5412 tat
2346 5356 2421 5410 ad
2443 5356 2714 5416 Photium,
2750 5356 2804 5407 et
2823 5355 3005 5407 omnia
3023 5355 3247 5424 scripta,
3285 5369 3406 5423 qua:
3425 5369 3462 5407 a
3475 5352 3821 5427 patriarchio

2214 5449 2489 5505 discedens
2532 5450 2822 5517 acceperat,
2874 5446 3075 5518 absque
3113 5447 3231 5501 ulla
3271 5448 3522 5517 temporis
3550 5461 3728 5510 mora,
3758 5450 3822 5501 ut

2214 5544 2470 5603 mitteret,
2490 5541 2543 5595 ei
2553 5541 2891 5609 principem.
2913 5540 3011 5595 Ille
3039 5556 3159 5595 vero
3173 5539 3541 5609 jurejurando
3561 5541 3815 5610 afﬁrma—

2216 5635 2326 5695 bat,
2373 5634 2490 5687 licet
2506 5633 2680 5709 falso,
2720 5634 2862 5688 nihil
2904 5635 3009 5688 tale
3046 5648 3100 5688 se
3137 5632 3264 5687 inde
3294 5635 3555 5704 accepisse
3586 5637 3817 5703 propter

2213 5728 2621 5795 festinationem
2671 5726 2970 5783 recedendi.
3017 5729 3157 5781 Dum
3203 5742 3327 5782 vero
3386 5729 3496 5782 haec
3546 5743 3583 5780 a
3623 5726 3818 5791 Photio

2204 5823 2497 5892 prceposito
2542 5822 2777 5879 Bahana:
2820 5822 3150 5884 dicerentur,
3201 5823 3374 5894 ipsius
3406 5821 3591 5878 Photii
3608 5819 3817 5891 famuli
