  <div class='ocr_page' id='page_1' title='image "/cluster/home/n/w/nwhite01/storage/ocr_20150623/148/hvd.32044054760061/102.png"; bbox 0 0 4106 6182; ppageno 0'>
   <div class='ocr_carea' id='block_1_1' title="bbox 243 274 3538 348">
    <p class='ocr_par' dir='ltr' id='par_1_1' title="bbox 243 274 3538 348">
     <span class='ocr_line' id='line_1_1' title="bbox 243 274 3538 348; baseline 0.007 -24"><span class='ocrx_word' id='word_1_1' title='bbox 243 274 340 326; x_wconf 85' lang='lat' dir='ltr'><strong><em>l93</em></strong></span> <span class='ocrx_word' id='word_1_2' title='bbox 1038 274 1560 336; x_wconf 80' lang='lat' dir='ltr'><strong><em>PROLEGOMENA.</em></strong></span> <span class='ocrx_word' id='word_1_3' title='bbox 1604 307 1669 317; x_wconf 89' lang='lat'><strong><em>-—</em></strong></span> <span class='ocrx_word' id='word_1_4' title='bbox 1709 279 2048 337; x_wconf 85' lang='lat' dir='ltr'><strong><em>APOLOGIA</em></strong></span> <span class='ocrx_word' id='word_1_5' title='bbox 2087 282 2222 338; x_wconf 81' lang='lat' dir='ltr'><strong><em>PRO</em></strong></span> <span class='ocrx_word' id='word_1_6' title='bbox 2262 285 2606 342; x_wconf 77' lang='lat' dir='ltr'><strong><em>GREGORIO</em></strong></span> <span class='ocrx_word' id='word_1_7' title='bbox 2645 289 2754 342; x_wconf 73' lang='lat' dir='ltr'><strong><em>VII.</em></strong></span> <span class='ocrx_word' id='word_1_8' title='bbox 3441 295 3538 348; x_wconf 66' lang='grc'>194</span> 
     </span>
    </p>
   </div>
   <div class='ocr_carea' id='block_1_2' title="bbox 235 401 3534 486">
    <p class='ocr_par' dir='ltr' id='par_1_2' title="bbox 235 401 3534 486">
     <span class='ocr_line' id='line_1_2' title="bbox 235 401 3534 486; baseline 0.006 -36"><span class='ocrx_word' id='word_1_9' title='bbox 235 414 439 465; x_wconf 82' lang='lat' dir='ltr'><strong><em>magna</em></strong></span> <span class='ocrx_word' id='word_1_10' title='bbox 466 413 585 452; x_wconf 88' lang='lat' dir='ltr'><strong><em>cum</em></strong></span> <span class='ocrx_word' id='word_1_11' title='bbox 619 401 969 464; x_wconf 68' lang='lat' dir='ltr'><strong><em>resiiriatimie</em></strong></span> <span class='ocrx_word' id='word_1_12' title='bbox 995 407 1193 471; x_wconf 81' lang='lat' dir='ltr'><strong><em>septem</em></strong></span> <span class='ocrx_word' id='word_1_13' title='bbox 1232 418 1402 457; x_wconf 88' lang='lat' dir='ltr'><strong><em>saccos</em></strong></span> <span class='ocrx_word' id='word_1_14' title='bbox 1441 405 1834 474; x_wconf 64' lang='lat' dir='ltr'><strong><em>scripturarum</em></strong></span> <span class='ocrx_word' id='word_1_15' title='bbox 1867 414 1918 474; x_wconf 83' lang='grc' dir='ltr'><strong>Α</strong></span> <span class='ocrx_word' id='word_1_16' title='bbox 2017 407 2160 477; x_wconf 88' lang='lat' dir='ltr'><strong>Quid</strong></span> <span class='ocrx_word' id='word_1_17' title='bbox 2201 407 2382 465; x_wconf 89' lang='lat' dir='ltr'><strong><em>dicam</em></strong></span> <span class='ocrx_word' id='word_1_18' title='bbox 2426 409 2493 464; x_wconf 90' lang='lat' dir='ltr'><strong><em>de</em></strong></span> <span class='ocrx_word' id='word_1_19' title='bbox 2542 413 2849 467; x_wconf 84' lang='lat' dir='ltr'><strong><em>Passionali</em></strong></span> <span class='ocrx_word' id='word_1_20' title='bbox 2893 412 3136 482; x_wconf 90' lang='lat' dir='ltr'><strong><em>Lutheri,</em></strong></span> <span class='ocrx_word' id='word_1_21' title='bbox 3167 414 3314 486; x_wconf 88' lang='lat' dir='ltr'><strong><em>quod</em></strong></span> <span class='ocrx_word' id='word_1_22' title='bbox 3342 424 3534 482; x_wconf 85' lang='lat' dir='ltr'><strong><em>exstat,</em></strong></span> 
     </span>
    </p>
   </div>
   <div class='ocr_carea' id='block_1_3' title="bbox 226 492 3538 581">
    <p class='ocr_par' dir='ltr' id='par_1_3' title="bbox 226 492 3538 581">
     <span class='ocr_line' id='line_1_3' title="bbox 226 492 3538 581; baseline 0.007 -38"><span class='ocrx_word' id='word_1_23' title='bbox 226 492 440 560; x_wconf 84' lang='lat' dir='ltr'><strong><em>plenos,</em></strong></span> <span class='ocrx_word' id='word_1_24' title='bbox 478 492 731 560; x_wconf 87' lang='lat' dir='ltr'><strong><em>plumbeo</em></strong></span> <span class='ocrx_word' id='word_1_25' title='bbox 759 495 938 561; x_wconf 83' lang='lat' dir='ltr'><strong><em>sigillo</em></strong></span> <span class='ocrx_word' id='word_1_26' title='bbox 982 497 1220 563; x_wconf 86' lang='lat' dir='ltr'><strong><em>signatos</em></strong></span> <span class='ocrx_word' id='word_1_27' title='bbox 1265 497 1340 550; x_wconf 87' lang='lat' dir='ltr'><strong><em>ad</em></strong></span> <span class='ocrx_word' id='word_1_28' title='bbox 1370 497 1706 552; x_wconf 87' lang='lat' dir='ltr'><strong><em>Calamonem</em></strong></span> <span class='ocrx_word' id='word_1_29' title='bbox 1754 501 1839 554; x_wconf 85' lang='lat' dir='ltr'><strong><em>illi</em></strong></span> <span class='ocrx_word' id='word_1_30' title='bbox 1943 510 2084 556; x_wconf 90' lang='lat' dir='ltr'><strong><em>tom.</em></strong></span> <span class='ocrx_word' id='word_1_31' title='bbox 2138 505 2159 556; x_wconf 89' lang='lat' dir='ltr'><strong><em>l</em></strong></span> <span class='ocrx_word' id='word_1_32' title='bbox 2212 517 2480 559; x_wconf 90' lang='lat' dir='ltr'><strong><em>novorum</em></strong></span> <span class='ocrx_word' id='word_1_33' title='bbox 2529 520 2756 575; x_wconf 89' lang='lat' dir='ltr'><strong><em>operum</em></strong></span> <span class='ocrx_word' id='word_1_34' title='bbox 2801 507 3067 564; x_wconf 79' lang='lat' dir='ltr'><strong><em>German.</em></strong></span> <span class='ocrx_word' id='word_1_35' title='bbox 3119 508 3365 576; x_wconf 89' lang='lat' dir='ltr'><strong><em>Lutheri,</em></strong></span> <span class='ocrx_word' id='word_1_36' title='bbox 3414 524 3538 581; x_wconf 90' lang='lat' dir='ltr'><strong><em>qua</em></strong></span> 
     </span>
    </p>
   </div>
   <div class='ocr_carea' id='block_1_4' title="bbox 227 587 1831 654">
    <p class='ocr_par' dir='ltr' id='par_1_4' title="bbox 227 587 1831 654">
     <span class='ocr_line' id='line_1_4' title="bbox 227 587 1831 654; baseline 0.007 -18"><span class='ocrx_word' id='word_1_37' title='bbox 227 587 602 654; x_wconf 75' lang='lat' dir='ltr'><strong><em>propinquum</em></strong></span> <span class='ocrx_word' id='word_1_38' title='bbox 648 587 814 640; x_wconf 84' lang='lat' dir='ltr'><strong><em>locum</em></strong></span> <span class='ocrx_word' id='word_1_39' title='bbox 854 591 1262 652; x_wconf 81' lang='lat' dir='ltr'><strong><em>transtulerunt,</em></strong></span> <span class='ocrx_word' id='word_1_40' title='bbox 1311 592 1615 646; x_wconf 86' lang='lat' dir='ltr'><strong><em>occultandi</em></strong></span> <span class='ocrx_word' id='word_1_41' title='bbox 1652 608 1831 648; x_wconf 88' lang='lat' dir='ltr'><strong><em>causa.</em></strong></span> 
     </span>
    </p>
   </div>
   <div class='ocr_carea' id='block_1_5' title="bbox 234 680 1834 752">
    <p class='ocr_par' dir='ltr' id='par_1_5' title="bbox 234 680 1834 752">
     <span class='ocr_line' id='line_1_5' title="bbox 234 680 1834 752; baseline 0.006 -20"><span class='ocrx_word' id='word_1_42' title='bbox 234 680 386 746; x_wconf 81' lang='lat' dir='ltr'><strong><em>Quod</em></strong></span> <span class='ocrx_word' id='word_1_43' title='bbox 437 696 555 736; x_wconf 85' lang='lat' dir='ltr'><strong><em>cum</em></strong></span> <span class='ocrx_word' id='word_1_44' title='bbox 604 682 805 746; x_wconf 87' lang='lat' dir='ltr'><strong><em>famuli</em></strong></span> <span class='ocrx_word' id='word_1_45' title='bbox 834 685 1113 752; x_wconf 64' lang='lat' dir='ltr'><strong><em>praepositi</em></strong></span> <span class='ocrx_word' id='word_1_46' title='bbox 1152 683 1432 746; x_wconf 82' lang='lat' dir='ltr'><strong><em>vid-issent,</em></strong></span> <span class='ocrx_word' id='word_1_47' title='bbox 1455 690 1506 738; x_wconf 89' lang='lat' dir='ltr'><strong><em>et</em></strong></span> <span class='ocrx_word' id='word_1_48' title='bbox 1551 686 1621 739; x_wconf 91' lang='lat' dir='ltr'><strong><em>ab</em></strong></span> <span class='ocrx_word' id='word_1_49' title='bbox 1657 701 1834 741; x_wconf 85' lang='lat' dir='ltr'><strong><em>eorum</em></strong></span> 
     </span>
    </p>
   </div>
   <div class='ocr_carea' id='block_1_6' title="bbox 233 775 1831 847">
    <p class='ocr_par' dir='ltr' id='par_1_6' title="bbox 233 775 1831 847">
     <span class='ocr_line' id='line_1_6' title="bbox 233 775 1831 847; baseline 0.005 -21"><span class='ocrx_word' id='word_1_50' title='bbox 233 775 488 828; x_wconf 78' lang='lat' dir='ltr'><strong><em>manibus</em></strong></span> <span class='ocrx_word' id='word_1_51' title='bbox 537 776 658 829; x_wconf 81' lang='lat' dir='ltr'><strong><em>illos</em></strong></span> <span class='ocrx_word' id='word_1_52' title='bbox 703 775 1066 844; x_wconf 71' lang='lat' dir='ltr'><strong><em>abstulissent,</em></strong></span> <span class='ocrx_word' id='word_1_53' title='bbox 1104 777 1178 831; x_wconf 90' lang='lat' dir='ltr'><strong><em>ad</em></strong></span> <span class='ocrx_word' id='word_1_54' title='bbox 1213 781 1592 847; x_wconf 68' lang='lat' dir='ltr'><strong><em>imperatorem</em></strong></span> <span class='ocrx_word' id='word_1_55' title='bbox 1635 781 1831 834; x_wconf 86' lang='lat' dir='ltr'><strong><em>attule-</em></strong></span> 
     </span>
    </p>
   </div>
   <div class='ocr_carea' id='block_1_7' title="bbox 231 868 1834 938">
    <p class='ocr_par' dir='ltr' id='par_1_7' title="bbox 231 868 1834 938">
     <span class='ocr_line' id='line_1_7' title="bbox 231 868 1834 938; baseline 0.005 -19"><span class='ocrx_word' id='word_1_56' title='bbox 231 871 379 920; x_wconf 82' lang='lat' dir='ltr'><strong><em>runt.</em></strong></span> <span class='ocrx_word' id='word_1_57' title='bbox 428 868 633 934; x_wconf 77' lang='lat' dir='ltr'><strong><em>Quibus</em></strong></span> <span class='ocrx_word' id='word_1_58' title='bbox 668 872 890 938; x_wconf 87' lang='lat' dir='ltr'><strong><em>apertis,</em></strong></span> <span class='ocrx_word' id='word_1_59' title='bbox 927 872 1205 924; x_wconf 84' lang='lat' dir='ltr'><strong><em>inveniunt</em></strong></span> <span class='ocrx_word' id='word_1_60' title='bbox 1239 872 1371 925; x_wconf 87' lang='lat' dir='ltr'><strong><em>duos</em></strong></span> <span class='ocrx_word' id='word_1_61' title='bbox 1419 872 1586 927; x_wconf 83' lang='lat' dir='ltr'><strong><em>libros</em></strong></span> <span class='ocrx_word' id='word_1_62' title='bbox 1618 889 1754 927; x_wconf 86' lang='lat' dir='ltr'><strong><em>auro</em></strong></span> <span class='ocrx_word' id='word_1_63' title='bbox 1783 878 1834 928; x_wconf 91' lang='lat' dir='ltr'><strong><em>et</em></strong></span> 
     </span>
    </p>
   </div>
   <div class='ocr_carea' id='block_1_8' title="bbox 231 963 1832 1029">
    <p class='ocr_par' dir='ltr' id='par_1_8' title="bbox 231 963 1832 1029">
     <span class='ocr_line' id='line_1_8' title="bbox 231 963 1832 1029; baseline 0.004 -16"><span class='ocrx_word' id='word_1_64' title='bbox 231 966 462 1029; x_wconf 80' lang='lat' dir='ltr'><strong><em>argento</em></strong></span> <span class='ocrx_word' id='word_1_65' title='bbox 522 963 727 1028; x_wconf 77' lang='lat' dir='ltr'><strong><em>deforis</em></strong></span> <span class='ocrx_word' id='word_1_66' title='bbox 783 963 1072 1018; x_wconf 84' lang='lat' dir='ltr'><strong><em>bracteatos</em></strong></span> <span class='ocrx_word' id='word_1_67' title='bbox 1124 969 1176 1019; x_wconf 91' lang='lat' dir='ltr'><strong><em>et</em></strong></span> <span class='ocrx_word' id='word_1_68' title='bbox 1226 967 1392 1020; x_wconf 80' lang='lat' dir='ltr'><strong><em>serico</em></strong></span> <span class='ocrx_word' id='word_1_69' title='bbox 1443 971 1620 1029; x_wconf 87' lang='lat' dir='ltr'><strong><em>tectos,</em></strong></span> <span class='ocrx_word' id='word_1_70' title='bbox 1683 970 1832 1021; x_wconf 85' lang='lat' dir='ltr'><strong><em>intus</em></strong></span> 
     </span>
    </p>
   </div>
   <div class='ocr_carea' id='block_1_9' title="bbox 234 1056 1831 1129">
    <p class='ocr_par' dir='ltr' id='par_1_9' title="bbox 234 1056 1831 1129">
     <span class='ocr_line' id='line_1_9' title="bbox 234 1056 1831 1129; baseline 0.003 -21"><span class='ocrx_word' id='word_1_71' title='bbox 234 1070 358 1109; x_wconf 77' lang='lat' dir='ltr'><strong><em>vero</em></strong></span> <span class='ocrx_word' id='word_1_72' title='bbox 383 1056 579 1110; x_wconf 82' lang='lat' dir='ltr'><strong><em>litteris</em></strong></span> <span class='ocrx_word' id='word_1_73' title='bbox 598 1057 756 1111; x_wconf 82' lang='lat' dir='ltr'><strong><em>valde</em></strong></span> <span class='ocrx_word' id='word_1_74' title='bbox 769 1058 1014 1126; x_wconf 73' lang='lat' dir='ltr'><strong><em>pulchris</em></strong></span> <span class='ocrx_word' id='word_1_75' title='bbox 1044 1063 1094 1112; x_wconf 89' lang='lat' dir='ltr'><strong><em>ct</em></strong></span> <span class='ocrx_word' id='word_1_76' title='bbox 1113 1061 1320 1113; x_wconf 81' lang='lat' dir='ltr'><strong><em>ornatis</em></strong></span> <span class='ocrx_word' id='word_1_77' title='bbox 1346 1060 1672 1128; x_wconf 86' lang='lat' dir='ltr'><strong><em>descriptos;</em></strong></span> <span class='ocrx_word' id='word_1_78' title='bbox 1694 1077 1831 1129; x_wconf 86' lang='lat' dir='ltr'><strong><em>quo-</em></strong></span> 
     </span>
    </p>
   </div>
   <div class='ocr_carea' id='block_1_10' title="bbox 232 1150 1830 1222">
    <p class='ocr_par' dir='ltr' id='par_1_10' title="bbox 232 1150 1830 1222">
     <span class='ocr_line' id='line_1_10' title="bbox 232 1150 1830 1222; baseline 0.004 -22"><span class='ocrx_word' id='word_1_79' title='bbox 232 1165 354 1201; x_wconf 85' lang='lat' dir='ltr'><strong><em>rum</em></strong></span> <span class='ocrx_word' id='word_1_80' title='bbox 383 1150 526 1204; x_wconf 83' lang='lat' dir='ltr'><strong><em>alter</em></strong></span> <span class='ocrx_word' id='word_1_81' title='bbox 553 1151 858 1205; x_wconf 78' lang='lat' dir='ltr'><strong><em>continebat</em></strong></span> <span class='ocrx_word' id='word_1_82' title='bbox 897 1157 1095 1221; x_wconf 82' lang='lat' dir='ltr'><strong><em>septem</em></strong></span> <span class='ocrx_word' id='word_1_83' title='bbox 1122 1155 1358 1208; x_wconf 91' lang='lat' dir='ltr'><strong><em>actiones</em></strong></span> <span class='ocrx_word' id='word_1_84' title='bbox 1386 1154 1688 1221; x_wconf 86' lang='lat' dir='ltr'><strong><em>synodicas,</em></strong></span> <span class='ocrx_word' id='word_1_85' title='bbox 1712 1171 1830 1222; x_wconf 74' lang='lat' dir='ltr'><strong><em>qua:</em></strong></span> 
     </span>
    </p>
   </div>
   <div class='ocr_carea' id='block_1_11' title="bbox 230 1246 1829 1315">
    <p class='ocr_par' dir='ltr' id='par_1_11' title="bbox 230 1246 1829 1315">
     <span class='ocr_line' id='line_1_11' title="bbox 230 1246 1829 1315; baseline 0.003 -20"><span class='ocrx_word' id='word_1_86' title='bbox 230 1258 510 1312; x_wconf 70' lang='lat' dir='ltr'><strong><em>tamquam</em></strong></span> <span class='ocrx_word' id='word_1_87' title='bbox 537 1247 856 1298; x_wconf 68' lang='lat' dir='ltr'><strong><em>exstiterunt</em></strong></span> <span class='ocrx_word' id='word_1_88' title='bbox 896 1260 989 1299; x_wconf 87' lang='lat' dir='ltr'><strong><em>nec</em></strong></span> <span class='ocrx_word' id='word_1_89' title='bbox 1029 1250 1163 1299; x_wconf 71' lang='lat' dir='ltr'><strong><em>acta:</em></strong></span> <span class='ocrx_word' id='word_1_90' title='bbox 1190 1250 1335 1308; x_wconf 88' lang='lat' dir='ltr'><strong><em>sunt,</em></strong></span> <span class='ocrx_word' id='word_1_91' title='bbox 1381 1246 1639 1301; x_wconf 84' lang='lat' dir='ltr'><strong><em>adversus</em></strong></span> <span class='ocrx_word' id='word_1_92' title='bbox 1668 1251 1829 1315; x_wconf 87' lang='lat' dir='ltr'><strong><em>lgna-</em></strong></span> 
     </span>
    </p>
   </div>
   <div class='ocr_carea' id='block_1_12' title="bbox 231 1337 1828 1406">
    <p class='ocr_par' dir='ltr' id='par_1_12' title="bbox 231 1337 1828 1406">
     <span class='ocr_line' id='line_1_12' title="bbox 231 1337 1828 1406; baseline 0.004 -18"><span class='ocrx_word' id='word_1_93' title='bbox 231 1337 366 1389; x_wconf 81' lang='lat' dir='ltr'><strong><em>tium</em></strong></span> <span class='ocrx_word' id='word_1_94' title='bbox 387 1355 403 1400; x_wconf 91' lang='lat'><strong><em>;</em></strong></span> <span class='ocrx_word' id='word_1_95' title='bbox 429 1338 526 1390; x_wconf 90' lang='lat' dir='ltr'><strong><em>sed</em></strong></span> <span class='ocrx_word' id='word_1_96' title='bbox 540 1341 752 1391; x_wconf 87' lang='lat' dir='ltr'><strong><em>tantum</em></strong></span> <span class='ocrx_word' id='word_1_97' title='bbox 773 1338 1032 1392; x_wconf 86' lang='lat' dir='ltr'><strong><em>diabolico</em></strong></span> <span class='ocrx_word' id='word_1_98' title='bbox 1051 1340 1272 1392; x_wconf 87' lang='lat' dir='ltr'><strong><em>consilio</em></strong></span> <span class='ocrx_word' id='word_1_99' title='bbox 1288 1340 1505 1406; x_wconf 86' lang='lat' dir='ltr'><strong><em>frustra</em></strong></span> <span class='ocrx_word' id='word_1_100' title='bbox 1527 1346 1652 1394; x_wconf 89' lang='lat' dir='ltr'><strong><em>sunt</em></strong></span> <span class='ocrx_word' id='word_1_101' title='bbox 1670 1357 1828 1394; x_wconf 67' lang='lat' dir='ltr'><strong><em>eaco-</em></strong></span> 
     </span>
    </p>
   </div>
   <div class='ocr_carea' id='block_1_13' title="bbox 228 1431 1824 1503">
    <p class='ocr_par' dir='ltr' id='par_1_13' title="bbox 228 1431 1824 1503">
     <span class='ocr_line' id='line_1_13' title="bbox 228 1431 1824 1503; baseline 0.004 -21"><span class='ocrx_word' id='word_1_102' title='bbox 228 1431 438 1497; x_wconf 72' lang='lat' dir='ltr'><strong><em>gitatce,</em></strong></span> <span class='ocrx_word' id='word_1_103' title='bbox 467 1435 519 1484; x_wconf 85' lang='lat' dir='ltr'><strong><em>et</em></strong></span> <span class='ocrx_word' id='word_1_104' title='bbox 546 1431 891 1499; x_wconf 85' lang='lat' dir='ltr'><strong><em>singularum</em></strong></span> <span class='ocrx_word' id='word_1_105' title='bbox 911 1434 1178 1486; x_wconf 80' lang='lat' dir='ltr'><strong><em>actionum</em></strong></span> <span class='ocrx_word' id='word_1_106' title='bbox 1203 1433 1331 1498; x_wconf 73' lang='lat' dir='ltr'><strong><em>hac,</em></strong></span> <span class='ocrx_word' id='word_1_107' title='bbox 1364 1449 1484 1503; x_wconf 66' lang='lat' dir='ltr'><strong><em>quae</em></strong></span> <span class='ocrx_word' id='word_1_108' title='bbox 1506 1440 1824 1502; x_wconf 84' lang='lat' dir='ltr'><strong><em>sequuntur,</em></strong></span> 
     </span>
    </p>
   </div>
   <div class='ocr_carea' id='block_1_14' title="bbox 230 1524 1826 1596">
    <p class='ocr_par' dir='ltr' id='par_1_14' title="bbox 230 1524 1826 1596">
     <span class='ocr_line' id='line_1_14' title="bbox 230 1524 1826 1596; baseline 0.004 -21"><span class='ocrx_word' id='word_1_109' title='bbox 230 1524 386 1576; x_wconf 82' lang='lat' dir='ltr'><strong><em>initio</em></strong></span> <span class='ocrx_word' id='word_1_110' title='bbox 433 1524 648 1593; x_wconf 82' lang='lat' dir='ltr'><strong><em>depicta</em></strong></span> <span class='ocrx_word' id='word_1_111' title='bbox 693 1525 1048 1588; x_wconf 86' lang='lat' dir='ltr'><strong><em>habebantur,</em></strong></span> <span class='ocrx_word' id='word_1_112' title='bbox 1092 1542 1252 1596; x_wconf 80' lang='lat' dir='ltr'><strong><em>opera</em></strong></span> <span class='ocrx_word' id='word_1_113' title='bbox 1277 1526 1540 1588; x_wconf 81' lang='lat' dir='ltr'><strong><em>videlicet,</em></strong></span> <span class='ocrx_word' id='word_1_114' title='bbox 1582 1529 1826 1595; x_wconf 81' lang='lat' dir='ltr'><strong><em>Syracu-</em></strong></span> 
     </span>
    </p>
   </div>
   <div class='ocr_carea' id='block_1_15' title="bbox 227 1613 1828 1688">
    <p class='ocr_par' dir='ltr' id='par_1_15' title="bbox 227 1613 1828 1688">
     <span class='ocr_line' id='line_1_15' title="bbox 227 1613 1828 1688; baseline 0.002 -18"><span class='ocrx_word' id='word_1_115' title='bbox 227 1619 347 1670; x_wconf 83' lang='lat' dir='ltr'><strong><em>sani</em></strong></span> <span class='ocrx_word' id='word_1_116' title='bbox 375 1617 531 1670; x_wconf 87' lang='lat' dir='ltr'><strong><em>illius</em></strong></span> <span class='ocrx_word' id='word_1_117' title='bbox 574 1618 822 1686; x_wconf 84' lang='lat' dir='ltr'><strong><em>Gregorii</em></strong></span> <span class='ocrx_word' id='word_1_118' title='bbox 864 1624 1196 1688; x_wconf 86' lang='lat' dir='ltr'><strong><em>cognomento</em></strong></span> <span class='ocrx_word' id='word_1_119' title='bbox 1219 1620 1477 1676; x_wconf 78' lang='lat' dir='ltr'><strong><em>Asbestw.</em></strong></span> <span class='ocrx_word' id='word_1_120' title='bbox 1509 1613 1646 1675; x_wconf 83' lang='lat' dir='ltr'><strong><em>Erat</em></strong></span> <span class='ocrx_word' id='word_1_121' title='bbox 1684 1624 1828 1675; x_wconf 86' lang='lat' dir='ltr'><strong><em>enim</em></strong></span> 
     </span>
    </p>
   </div>
   <div class='ocr_carea' id='block_1_16' title="bbox 230 1710 1828 1784">
    <p class='ocr_par' dir='ltr' id='par_1_16' title="bbox 230 1710 1828 1784">
     <span class='ocr_line' id='line_1_16' title="bbox 230 1710 1828 1784; baseline 0.004 -22"><span class='ocrx_word' id='word_1_122' title='bbox 230 1710 392 1763; x_wconf 86' lang='lat' dir='ltr'><strong><em>bon-us</em></strong></span> <span class='ocrx_word' id='word_1_123' title='bbox 418 1711 514 1764; x_wconf 87' lang='lat' dir='ltr'><strong><em>ille</em></strong></span> <span class='ocrx_word' id='word_1_124' title='bbox 543 1713 624 1765; x_wconf 74' lang='lat' dir='ltr'><strong><em>vir</em></strong></span> <span class='ocrx_word' id='word_1_125' title='bbox 635 1713 906 1780; x_wconf 79' lang='lat' dir='ltr'><strong><em>pingendi</em></strong></span> <span class='ocrx_word' id='word_1_126' title='bbox 914 1715 1148 1782; x_wconf 87' lang='lat' dir='ltr'><strong><em>peritus,</em></strong></span> <span class='ocrx_word' id='word_1_127' title='bbox 1168 1717 1303 1784; x_wconf 85' lang='lat' dir='ltr'><strong><em>puto</em></strong></span> <span class='ocrx_word' id='word_1_128' title='bbox 1318 1729 1422 1783; x_wconf 86' lang='lat' dir='ltr'><strong><em>pro</em></strong></span> <span class='ocrx_word' id='word_1_129' title='bbox 1451 1715 1828 1768; x_wconf 82' lang='lat' dir='ltr'><strong><em>additamenta</em></strong></span> 
     </span>
    </p>
   </div>
   <div class='ocr_carea' id='block_1_17' title="bbox 225 1805 1710 1876">
    <p class='ocr_par' dir='ltr' id='par_1_17' title="bbox 225 1805 1710 1876">
     <span class='ocr_line' id='line_1_17' title="bbox 225 1805 1710 1876; baseline 0.004 -21"><span class='ocrx_word' id='word_1_130' title='bbox 225 1818 448 1856; x_wconf 85' lang='lat' dir='ltr'><strong><em>suorum</em></strong></span> <span class='ocrx_word' id='word_1_131' title='bbox 487 1805 772 1859; x_wconf 84' lang='lat' dir='ltr'><strong><em>malorum.</em></strong></span> <span class='ocrx_word' id='word_1_132' title='bbox 802 1809 882 1859; x_wconf 84' lang='lat' dir='ltr'><strong><em>Et</em></strong></span> <span class='ocrx_word' id='word_1_133' title='bbox 913 1806 1157 1876; x_wconf 84' lang='lat' dir='ltr'><strong><em>depictus</em></strong></span> <span class='ocrx_word' id='word_1_134' title='bbox 1197 1807 1278 1860; x_wconf 87' lang='lat' dir='ltr'><strong><em>ibi</em></strong></span> <span class='ocrx_word' id='word_1_135' title='bbox 1304 1811 1417 1862; x_wconf 89' lang='lat' dir='ltr'><strong><em>erat</em></strong></span> <span class='ocrx_word' id='word_1_136' title='bbox 1444 1809 1710 1876; x_wconf 88' lang='lat' dir='ltr'><strong><em>Ignatius.</em></strong></span> 
     </span>
    </p>
   </div>
   <div class='ocr_carea' id='block_1_18' title="bbox 294 1898 1832 1970">
    <p class='ocr_par' dir='ltr' id='par_1_18' title="bbox 294 1898 1832 1970">
     <span class='ocr_line' id='line_1_18' title="bbox 294 1898 1832 1970; baseline 0.004 -20"><span class='ocrx_word' id='word_1_137' title='bbox 294 1900 358 1951; x_wconf 85' lang='lat' dir='ltr'><strong><em>In</em></strong></span> <span class='ocrx_word' id='word_1_138' title='bbox 393 1900 586 1967; x_wconf 76' lang='lat' dir='ltr'><strong><em>prima</em></strong></span> <span class='ocrx_word' id='word_1_139' title='bbox 616 1898 832 1967; x_wconf 82' lang='lat' dir='ltr'><strong><em>quidem</em></strong></span> <span class='ocrx_word' id='word_1_140' title='bbox 874 1901 1079 1954; x_wconf 86' lang='lat' dir='ltr'><strong><em>actione</em></strong></span> <span class='ocrx_word' id='word_1_141' title='bbox 1107 1902 1379 1969; x_wconf 86' lang='lat' dir='ltr'><strong><em>Ignatium</em></strong></span> <span class='ocrx_word' id='word_1_142' title='bbox 1425 1901 1693 1970; x_wconf 65' lang='lat' dir='ltr'><strong><em>depinxit,</em></strong></span> <span class='ocrx_word' id='word_1_143' title='bbox 1736 1905 1832 1970; x_wconf 87' lang='lat' dir='ltr'><strong><em>qui</em></strong></span> 
     </span>
    </p>
   </div>
   <div class='ocr_carea' id='block_1_19' title="bbox 223 1991 1827 2064">
    <p class='ocr_par' dir='ltr' id='par_1_19' title="bbox 223 1991 1827 2064">
     <span class='ocr_line' id='line_1_19' title="bbox 223 1991 1827 2064; baseline 0.002 -19"><span class='ocrx_word' id='word_1_144' title='bbox 223 1991 541 2058; x_wconf 77' lang='lat' dir='ltr'><strong><em>trahebatur</em></strong></span> <span class='ocrx_word' id='word_1_145' title='bbox 583 1997 634 2046; x_wconf 91' lang='lat' dir='ltr'><strong><em>et</em></strong></span> <span class='ocrx_word' id='word_1_146' title='bbox 669 1991 982 2062; x_wconf 81' lang='lat' dir='ltr'><strong><em>vapulabat.</em></strong></span> <span class='ocrx_word' id='word_1_147' title='bbox 1015 1993 1196 2063; x_wconf 87' lang='lat' dir='ltr'><strong><em>Supra</em></strong></span> <span class='ocrx_word' id='word_1_148' title='bbox 1222 2010 1344 2048; x_wconf 84' lang='lat' dir='ltr'><strong><em>vero</em></strong></span> <span class='ocrx_word' id='word_1_149' title='bbox 1367 1994 1516 2049; x_wconf 84' lang='lat' dir='ltr'><strong><em>illius</em></strong></span> <span class='ocrx_word' id='word_1_150' title='bbox 1553 1999 1712 2064; x_wconf 87' lang='lat' dir='ltr'><strong><em>caput</em></strong></span> <span class='ocrx_word' id='word_1_151' title='bbox 1747 1998 1827 2049; x_wconf 91' lang='lat' dir='ltr'><strong><em>ita</em></strong></span> 
     </span>
    </p>
   </div>
   <div class='ocr_carea' id='block_1_20' title="bbox 221 2087 1826 2158">
    <p class='ocr_par' dir='ltr' id='par_1_20' title="bbox 221 2087 1826 2158">
     <span class='ocr_line' id='line_1_20' title="bbox 221 2087 1826 2158; baseline 0.003 -20"><span class='ocrx_word' id='word_1_152' title='bbox 221 2088 439 2156; x_wconf 77' lang='lat' dir='ltr'><strong><em>scripsit</em></strong></span> <span class='ocrx_word' id='word_1_153' title='bbox 487 2103 507 2138; x_wconf 88' lang='lat'><em>:</em></span> <span class='ocrx_word' id='word_1_154' title='bbox 557 2087 952 2142; x_wconf 81' lang='lat' dir='ltr'><strong><em>DIABOLUS.</em></strong></span> <span class='ocrx_word' id='word_1_155' title='bbox 1005 2089 1121 2143; x_wconf 87' lang='lat' dir='ltr'><strong><em>Non</em></strong></span> <span class='ocrx_word' id='word_1_156' title='bbox 1169 2088 1433 2142; x_wconf 79' lang='lat' dir='ltr'><strong><em>hor-misti</em></strong></span> <span class='ocrx_word' id='word_1_157' title='bbox 1487 2088 1826 2158; x_wconf 74' lang='lat' dir='ltr'><strong><em>blasphemia</em></strong></span> 
     </span>
    </p>
   </div>
   <div class='ocr_carea' id='block_1_21' title="bbox 222 2180 1827 2249">
    <p class='ocr_par' dir='ltr' id='par_1_21' title="bbox 222 2180 1827 2249">
     <span class='ocr_line' id='line_1_21' title="bbox 222 2180 1827 2249; baseline 0.002 -16"><span class='ocrx_word' id='word_1_158' title='bbox 222 2195 496 2234; x_wconf 57' lang='lat' dir='ltr'><strong><em>recessim</em></strong></span> <span class='ocrx_word' id='word_1_159' title='bbox 515 2183 542 2233; x_wconf 87' lang='lat'><strong><em>?</em></strong></span> <span class='ocrx_word' id='word_1_160' title='bbox 564 2181 628 2236; x_wconf 92' lang='lat' dir='ltr'><strong><em>Si</em></strong></span> <span class='ocrx_word' id='word_1_161' title='bbox 656 2182 799 2234; x_wconf 87' lang='lat' dir='ltr'><strong><em>enim</em></strong></span> <span class='ocrx_word' id='word_1_162' title='bbox 825 2185 1039 2249; x_wconf 81' lang='lat' dir='ltr'><strong><em>patrem</em></strong></span> <span class='ocrx_word' id='word_1_163' title='bbox 1075 2180 1323 2248; x_wconf 79' lang='lat' dir='ltr'><strong><em>familias</em></strong></span> <span class='ocrx_word' id='word_1_164' title='bbox 1361 2183 1647 2238; x_wconf 78' lang='lat' dir='ltr'><strong><em>Beelzebub</em></strong></span> <span class='ocrx_word' id='word_1_165' title='bbox 1673 2198 1827 2237; x_wconf 77' lang='lat' dir='ltr'><strong><em>voca-</em></strong></span> 
     </span>
    </p>
   </div>
   <div class='ocr_carea' id='block_1_22' title="bbox 221 2255 1818 2346">
    <p class='ocr_par' dir='ltr' id='par_1_22' title="bbox 221 2255 1818 2346">
     <span class='ocr_line' id='line_1_22' title="bbox 221 2255 1818 2346; baseline 0.004 -21"><span class='ocrx_word' id='word_1_166' title='bbox 221 2276 314 2334; x_wconf 77' lang='lat' dir='ltr'><strong><em>rit,</em></strong></span> <span class='ocrx_word' id='word_1_167' title='bbox 352 2273 497 2342; x_wconf 82' lang='lat' dir='ltr'><strong><em>quid</em></strong></span> <span class='ocrx_word' id='word_1_168' title='bbox 535 2255 718 2339; x_wconf 82' lang='lat' dir='ltr'><strong><em>facere</em></strong></span> <span class='ocrx_word' id='word_1_169' title='bbox 750 2274 972 2328; x_wconf 86' lang='lat' dir='ltr'><strong><em>debebat</em></strong></span> <span class='ocrx_word' id='word_1_170' title='bbox 1011 2275 1380 2342; x_wconf 83' lang='lat' dir='ltr'><strong><em>familiaribus</em></strong></span> <span class='ocrx_word' id='word_1_171' title='bbox 1417 2276 1568 2344; x_wconf 83' lang='lat' dir='ltr'><strong><em>ejus?</em></strong></span> <span class='ocrx_word' id='word_1_172' title='bbox 1608 2277 1818 2346; x_wconf 70' lang='lat' dir='ltr'><strong><em>(Matth.</em></strong></span> 
     </span>
    </p>
   </div>
   <div class='ocr_carea' id='block_1_23' title="bbox 216 2367 427 2435">
    <p class='ocr_par' dir='ltr' id='par_1_23' title="bbox 216 2367 427 2435">
     <span class='ocr_line' id='line_1_23' title="bbox 216 2367 427 2435; baseline 0 -15"><span class='ocrx_word' id='word_1_173' title='bbox 216 2381 275 2430; x_wconf 74' lang='grc' dir='ltr'><strong><em>χ,</em></strong></span> <span class='ocrx_word' id='word_1_174' title='bbox 311 2367 427 2435; x_wconf 80' lang='lat'><strong><em>25.)</em></strong></span> 
     </span>
    </p>
   </div>
   <div class='ocr_carea' id='block_1_24' title="bbox 287 2461 1825 2534">
    <p class='ocr_par' dir='ltr' id='par_1_24' title="bbox 287 2461 1825 2534">
     <span class='ocr_line' id='line_1_24' title="bbox 287 2461 1825 2534; baseline 0.003 -19"><span class='ocrx_word' id='word_1_175' title='bbox 287 2463 348 2515; x_wconf 81' lang='lat' dir='ltr'><strong><em>In</em></strong></span> <span class='ocrx_word' id='word_1_176' title='bbox 400 2461 642 2514; x_wconf 83' lang='lat' dir='ltr'><strong><em>secunda</em></strong></span> <span class='ocrx_word' id='word_1_177' title='bbox 687 2463 882 2515; x_wconf 85' lang='lat' dir='ltr'><strong><em>iterum</em></strong></span> <span class='ocrx_word' id='word_1_178' title='bbox 927 2465 1133 2517; x_wconf 82' lang='lat' dir='ltr'><strong><em>actione</em></strong></span> <span class='ocrx_word' id='word_1_179' title='bbox 1183 2466 1463 2533; x_wconf 86' lang='lat' dir='ltr'><strong><em>Ignatium</em></strong></span> <span class='ocrx_word' id='word_1_180' title='bbox 1502 2464 1825 2534; x_wconf 70' lang='lat' dir='ltr'><strong><em>depinxerat</em></strong></span> 
     </span>
    </p>
   </div>
   <div class='ocr_carea' id='block_1_25' title="bbox 217 2556 1821 2627">
    <p class='ocr_par' dir='ltr' id='par_1_25' title="bbox 217 2556 1821 2627">
     <span class='ocr_line' id='line_1_25' title="bbox 217 2556 1821 2627; baseline 0.003 -20"><span class='ocrx_word' id='word_1_181' title='bbox 217 2556 389 2622; x_wconf 83' lang='lat' dir='ltr'><strong><em>sputis</em></strong></span> <span class='ocrx_word' id='word_1_182' title='bbox 437 2559 872 2624; x_wconf 85' lang='lat' dir='ltr'><strong><em>conspurcatum,</em></strong></span> <span class='ocrx_word' id='word_1_183' title='bbox 915 2572 1116 2624; x_wconf 90' lang='lat' dir='ltr'><strong><em>magna</em></strong></span> <span class='ocrx_word' id='word_1_184' title='bbox 1151 2560 1209 2610; x_wconf 79' lang='lat' dir='ltr'><strong><em>vi</em></strong></span> <span class='ocrx_word' id='word_1_185' title='bbox 1250 2563 1499 2625; x_wconf 87' lang='lat' dir='ltr'><strong><em>tractum,</em></strong></span> <span class='ocrx_word' id='word_1_186' title='bbox 1539 2558 1689 2627; x_wconf 84' lang='lat' dir='ltr'><strong><em>cujus</em></strong></span> <span class='ocrx_word' id='word_1_187' title='bbox 1734 2562 1821 2612; x_wconf 89' lang='lat' dir='ltr'><strong><em>in-</em></strong></span> 
     </span>
    </p>
   </div>
   <div class='ocr_carea' id='block_1_26' title="bbox 217 2649 1544 2716">
    <p class='ocr_par' dir='ltr' id='par_1_26' title="bbox 217 2649 1544 2716">
     <span class='ocr_line' id='line_1_26' title="bbox 217 2649 1544 2716; baseline 0.004 -15"><span class='ocrx_word' id='word_1_188' title='bbox 217 2649 439 2716; x_wconf 78' lang='lat' dir='ltr'><strong><em>scriptio</em></strong></span> <span class='ocrx_word' id='word_1_189' title='bbox 476 2649 604 2701; x_wconf 88' lang='lat' dir='ltr'><strong><em>talis</em></strong></span> <span class='ocrx_word' id='word_1_190' title='bbox 634 2653 750 2702; x_wconf 83' lang='lat' dir='ltr'><strong><em>erat</em></strong></span> <span class='ocrx_word' id='word_1_191' title='bbox 787 2667 803 2700; x_wconf 88' lang='lat'><strong><em>:</em></strong></span> <span class='ocrx_word' id='word_1_192' title='bbox 843 2650 1194 2706; x_wconf 84' lang='lat' dir='ltr'><strong><em>PRINCEPS</em></strong></span> <span class='ocrx_word' id='word_1_193' title='bbox 1230 2650 1544 2706; x_wconf 83' lang='lat' dir='ltr'><strong><em>PECCATI.</em></strong></span> 
     </span>
    </p>
   </div>
   <div class='ocr_carea' id='block_1_27' title="bbox 283 2743 1822 2812">
    <p class='ocr_par' dir='ltr' id='par_1_27' title="bbox 283 2743 1822 2812">
     <span class='ocr_line' id='line_1_27' title="bbox 283 2743 1822 2812; baseline 0.003 -17"><span class='ocrx_word' id='word_1_194' title='bbox 283 2743 349 2795; x_wconf 88' lang='lat' dir='ltr'><strong><em>In</em></strong></span> <span class='ocrx_word' id='word_1_195' title='bbox 409 2743 577 2795; x_wconf 81' lang='lat' dir='ltr'><strong><em>tertia</em></strong></span> <span class='ocrx_word' id='word_1_196' title='bbox 633 2757 755 2796; x_wconf 79' lang='lat' dir='ltr'><strong><em>vero</em></strong></span> <span class='ocrx_word' id='word_1_197' title='bbox 814 2745 1020 2797; x_wconf 84' lang='lat' dir='ltr'><strong><em>actione</em></strong></span> <span class='ocrx_word' id='word_1_198' title='bbox 1082 2746 1360 2812; x_wconf 85' lang='lat' dir='ltr'><strong><em>Ignatium</em></strong></span> <span class='ocrx_word' id='word_1_199' title='bbox 1413 2750 1822 2800; x_wconf 71' lang='lat' dir='ltr'><strong><em>exauctoratum</em></strong></span> 
     </span>
    </p>
   </div>
   <div class='ocr_carea' id='block_1_28' title="bbox 215 2835 1822 2905">
    <p class='ocr_par' dir='ltr' id='par_1_28' title="bbox 215 2835 1822 2905">
     <span class='ocr_line' id='line_1_28' title="bbox 215 2835 1822 2905; baseline 0.006 -21"><span class='ocrx_word' id='word_1_200' title='bbox 215 2837 506 2903; x_wconf 60' lang='lat' dir='ltr'><strong><em>potaverat,</em></strong></span> <span class='ocrx_word' id='word_1_201' title='bbox 533 2839 585 2888; x_wconf 89' lang='lat' dir='ltr'><strong><em>et</em></strong></span> <span class='ocrx_word' id='word_1_202' title='bbox 617 2835 731 2903; x_wconf 83' lang='lat' dir='ltr'><strong><em>ejus</em></strong></span> <span class='ocrx_word' id='word_1_203' title='bbox 759 2837 1042 2905; x_wconf 82' lang='lat' dir='ltr'><strong><em>inscriptio</em></strong></span> <span class='ocrx_word' id='word_1_204' title='bbox 1082 2837 1192 2891; x_wconf 77' lang='lat' dir='ltr'><strong><em>haec</em></strong></span> <span class='ocrx_word' id='word_1_205' title='bbox 1223 2843 1338 2891; x_wconf 85' lang='lat' dir='ltr'><strong><em>erat</em></strong></span> <span class='ocrx_word' id='word_1_206' title='bbox 1381 2856 1393 2889; x_wconf 92' lang='lat'>:</span> <span class='ocrx_word' id='word_1_207' title='bbox 1427 2838 1670 2893; x_wconf 86' lang='lat' dir='ltr'><strong>FILIUS</strong></span> <span class='ocrx_word' id='word_1_208' title='bbox 1698 2840 1822 2894; x_wconf 85' lang='grc' dir='ltr'>ΙΝΙ-</span> 
     </span>
    </p>
   </div>
   <div class='ocr_carea' id='block_1_29' title="bbox 219 2927 590 2998">
    <p class='ocr_par' dir='ltr' id='par_1_29' title="bbox 219 2927 590 2998">
     <span class='ocr_line' id='line_1_29' title="bbox 219 2927 590 2998; baseline 0.003 -17"><span class='ocrx_word' id='word_1_209' title='bbox 219 2927 590 2998; x_wconf 77' lang='lat' dir='ltr'><strong><em>QUITATIS.</em></strong></span> 
     </span>
    </p>
   </div>
   <div class='ocr_carea' id='block_1_30' title="bbox 286 3022 1821 3093">
    <p class='ocr_par' dir='ltr' id='par_1_30' title="bbox 286 3022 1821 3093">
     <span class='ocr_line' id='line_1_30' title="bbox 286 3022 1821 3093; baseline 0.004 -19"><span class='ocrx_word' id='word_1_210' title='bbox 286 3023 351 3075; x_wconf 86' lang='lat' dir='ltr'><strong><em>In</em></strong></span> <span class='ocrx_word' id='word_1_211' title='bbox 389 3026 601 3090; x_wconf 85' lang='lat' dir='ltr'><strong><em>quarta</em></strong></span> <span class='ocrx_word' id='word_1_212' title='bbox 625 3022 815 3076; x_wconf 84' lang='lat' dir='ltr'><strong><em>itidem</em></strong></span> <span class='ocrx_word' id='word_1_213' title='bbox 854 3023 1079 3090; x_wconf 86' lang='lat' dir='ltr'><strong><em>actione,</em></strong></span> <span class='ocrx_word' id='word_1_214' title='bbox 1112 3024 1349 3078; x_wconf 87' lang='lat' dir='ltr'><strong><em>eumdem</em></strong></span> <span class='ocrx_word' id='word_1_215' title='bbox 1368 3026 1644 3093; x_wconf 84' lang='lat' dir='ltr'><strong><em>Ignatium</em></strong></span> <span class='ocrx_word' id='word_1_216' title='bbox 1679 3041 1821 3080; x_wconf 90' lang='lat' dir='ltr'><strong><em>ana-</em></strong></span> 
     </span>
    </p>
   </div>
   <div class='ocr_carea' id='block_1_31' title="bbox 220 3115 1820 3188">
    <p class='ocr_par' dir='ltr' id='par_1_31' title="bbox 220 3115 1820 3188">
     <span class='ocr_line' id='line_1_31' title="bbox 220 3115 1820 3188; baseline 0.004 -21"><span class='ocrx_word' id='word_1_217' title='bbox 220 3115 450 3169; x_wconf 75' lang='lat' dir='ltr'><strong><em>themate</em></strong></span> <span class='ocrx_word' id='word_1_218' title='bbox 474 3118 641 3184; x_wconf 88' lang='lat' dir='ltr'><strong><em>atque</em></strong></span> <span class='ocrx_word' id='word_1_219' title='bbox 676 3115 867 3170; x_wconf 63' lang='lat' dir='ltr'><strong><em>exsilio</em></strong></span> <span class='ocrx_word' id='word_1_220' title='bbox 888 3116 1206 3171; x_wconf 87' lang='lat' dir='ltr'><strong><em>damnatum</em></strong></span> <span class='ocrx_word' id='word_1_221' title='bbox 1233 3121 1436 3188; x_wconf 86' lang='lat' dir='ltr'><strong><em>posuit,</em></strong></span> <span class='ocrx_word' id='word_1_222' title='bbox 1469 3123 1519 3174; x_wconf 89' lang='lat' dir='ltr'><strong><em>et</em></strong></span> <span class='ocrx_word' id='word_1_223' title='bbox 1545 3121 1820 3188; x_wconf 83' lang='lat' dir='ltr'><strong><em>inscriptio</em></strong></span> 
     </span>
    </p>
   </div>
   <div class='ocr_carea' id='block_1_32' title="bbox 223 3209 962 3266">
    <p class='ocr_par' dir='ltr' id='par_1_32' title="bbox 223 3209 962 3266">
     <span class='ocr_line' id='line_1_32' title="bbox 223 3209 962 3266; baseline 0.003 -3"><span class='ocrx_word' id='word_1_224' title='bbox 223 3213 331 3263; x_wconf 76' lang='lat' dir='ltr'><strong><em>erat</em></strong></span> <span class='ocrx_word' id='word_1_225' title='bbox 368 3228 384 3263; x_wconf 91' lang='lat'><strong><em>:</em></strong></span> <span class='ocrx_word' id='word_1_226' title='bbox 415 3209 648 3264; x_wconf 76' lang='lat' dir='ltr'><strong><em>SIMON</em></strong></span> <span class='ocrx_word' id='word_1_227' title='bbox 681 3209 962 3266; x_wconf 82' lang='lat' dir='ltr'><strong><em>MAGUS.</em></strong></span> 
     </span>
    </p>
   </div>
   <div class='ocr_carea' id='block_1_33' title="bbox 289 3302 1820 3377">
    <p class='ocr_par' dir='ltr' id='par_1_33' title="bbox 289 3302 1820 3377">
     <span class='ocr_line' id='line_1_33' title="bbox 289 3302 1820 3377; baseline 0.003 -20"><span class='ocrx_word' id='word_1_228' title='bbox 289 3305 348 3357; x_wconf 82' lang='lat' dir='ltr'><strong><em>In</em></strong></span> <span class='ocrx_word' id='word_1_229' title='bbox 387 3305 663 3372; x_wconf 82' lang='lat' dir='ltr'><strong><em>principio</em></strong></span> <span class='ocrx_word' id='word_1_230' title='bbox 688 3302 883 3358; x_wconf 87' lang='lat' dir='ltr'><strong><em>deinde</em></strong></span> <span class='ocrx_word' id='word_1_231' title='bbox 907 3307 1113 3374; x_wconf 75' lang='lat' dir='ltr'><strong><em>quinta:</em></strong></span> <span class='ocrx_word' id='word_1_232' title='bbox 1145 3309 1371 3361; x_wconf 86' lang='lat' dir='ltr'><strong><em>actionis</em></strong></span> <span class='ocrx_word' id='word_1_233' title='bbox 1395 3308 1621 3362; x_wconf 81' lang='lat' dir='ltr'><strong><em>vinculis</em></strong></span> <span class='ocrx_word' id='word_1_234' title='bbox 1655 3310 1820 3377; x_wconf 85' lang='lat' dir='ltr'><strong><em>Igna-</em></strong></span> 
     </span>
    </p>
   </div>
   <div class='ocr_carea' id='block_1_34' title="bbox 225 3396 1821 3470">
    <p class='ocr_par' dir='ltr' id='par_1_34' title="bbox 225 3396 1821 3470">
     <span class='ocr_line' id='line_1_34' title="bbox 225 3396 1821 3470; baseline 0.004 -22"><span class='ocrx_word' id='word_1_235' title='bbox 225 3399 352 3449; x_wconf 80' lang='lat' dir='ltr'><strong><em>tium</em></strong></span> <span class='ocrx_word' id='word_1_236' title='bbox 394 3396 794 3450; x_wconf 86' lang='lat' dir='ltr'><strong><em>circumdatum</em></strong></span> <span class='ocrx_word' id='word_1_237' title='bbox 823 3399 1091 3467; x_wconf 68' lang='lat' dir='ltr'><strong><em>pinxerat</em></strong></span> <span class='ocrx_word' id='word_1_238' title='bbox 1128 3404 1177 3454; x_wconf 91' lang='lat' dir='ltr'><strong><em>et</em></strong></span> <span class='ocrx_word' id='word_1_239' title='bbox 1216 3403 1472 3463; x_wconf 76' lang='lat' dir='ltr'><strong><em>vinctum,</em></strong></span> <span class='ocrx_word' id='word_1_240' title='bbox 1517 3402 1667 3470; x_wconf 85' lang='lat' dir='ltr'><strong><em>cujus</em></strong></span> <span class='ocrx_word' id='word_1_241' title='bbox 1705 3407 1821 3456; x_wconf 85' lang='lat' dir='ltr'><strong><em>erat</em></strong></span> 
     </span>
    </p>
   </div>
   <div class='ocr_carea' id='block_1_35' title="bbox 221 3490 1822 3563">
    <p class='ocr_par' dir='ltr' id='par_1_35' title="bbox 221 3490 1822 3563">
     <span class='ocr_line' id='line_1_35' title="bbox 221 3490 1822 3563; baseline 0.006 -22"><span class='ocrx_word' id='word_1_242' title='bbox 221 3490 503 3559; x_wconf 73' lang='lat' dir='ltr'><strong><em>inscriptio</em></strong></span> <span class='ocrx_word' id='word_1_243' title='bbox 527 3507 543 3542; x_wconf 91' lang='lat'><strong><em>:</em></strong></span> <span class='ocrx_word' id='word_1_244' title='bbox 565 3490 999 3548; x_wconf 77' lang='lat' dir='ltr'><strong><em>EXTOLLENS</em></strong></span> <span class='ocrx_word' id='word_1_245' title='bbox 1024 3493 1109 3547; x_wconf 89' lang='lat' dir='ltr'><strong>SE</strong></span> <span class='ocrx_word' id='word_1_246' title='bbox 1122 3493 1361 3549; x_wconf 83' lang='lat' dir='ltr'><strong><em>SUPER</em></strong></span> <span class='ocrx_word' id='word_1_247' title='bbox 1383 3495 1593 3550; x_wconf 86' lang='lat' dir='ltr'><strong><em>OMNE</em></strong></span> <span class='ocrx_word' id='word_1_248' title='bbox 1615 3495 1822 3563; x_wconf 90' lang='lat' dir='ltr'><strong><em>QUOD</em></strong></span> 
     </span>
    </p>
   </div>
   <div class='ocr_carea' id='block_1_36' title="bbox 222 3583 772 3640">
    <p class='ocr_par' dir='ltr' id='par_1_36' title="bbox 222 3583 772 3640">
     <span class='ocr_line' id='line_1_36' title="bbox 222 3583 772 3640; baseline 0.005 -4"><span class='ocrx_word' id='word_1_249' title='bbox 222 3583 536 3637; x_wconf 81' lang='lat' dir='ltr'><strong><em>DICITUR</em></strong></span> <span class='ocrx_word' id='word_1_250' title='bbox 559 3583 772 3640; x_wconf 84' lang='lat' dir='ltr'><strong><em>DEUS.</em></strong></span> 
     </span>
    </p>
   </div>
   <div class='ocr_carea' id='block_1_37' title="bbox 286 3678 1820 3752">
    <p class='ocr_par' dir='ltr' id='par_1_37' title="bbox 286 3678 1820 3752">
     <span class='ocr_line' id='line_1_37' title="bbox 286 3678 1820 3752; baseline 0.005 -23"><span class='ocrx_word' id='word_1_251' title='bbox 286 3678 346 3730; x_wconf 85' lang='lat' dir='ltr'><strong><em>In</em></strong></span> <span class='ocrx_word' id='word_1_252' title='bbox 385 3681 543 3730; x_wconf 68' lang='lat' dir='ltr'><strong><em>secta</em></strong></span> <span class='ocrx_word' id='word_1_253' title='bbox 578 3693 701 3731; x_wconf 79' lang='lat' dir='ltr'><strong><em>vero</em></strong></span> <span class='ocrx_word' id='word_1_254' title='bbox 737 3680 944 3733; x_wconf 85' lang='lat' dir='ltr'><strong><em>actione</em></strong></span> <span class='ocrx_word' id='word_1_255' title='bbox 977 3680 1229 3750; x_wconf 59' lang='lat' dir='ltr'><strong><em>deputant</em></strong></span> <span class='ocrx_word' id='word_1_256' title='bbox 1265 3683 1543 3752; x_wconf 85' lang='lat' dir='ltr'><strong><em>Ignatium</em></strong></span> <span class='ocrx_word' id='word_1_257' title='bbox 1589 3683 1820 3738; x_wconf 88' lang='lat' dir='ltr'><strong><em>damna-</em></strong></span> 
     </span>
    </p>
   </div>
   <div class='ocr_carea' id='block_1_38' title="bbox 225 3769 1821 3844">
    <p class='ocr_par' dir='ltr' id='par_1_38' title="bbox 225 3769 1821 3844">
     <span class='ocr_line' id='line_1_38' title="bbox 225 3769 1821 3844; baseline 0.007 -24"><span class='ocrx_word' id='word_1_258' title='bbox 225 3769 358 3822; x_wconf 82' lang='lat' dir='ltr'><strong><em>tioni</em></strong></span> <span class='ocrx_word' id='word_1_259' title='bbox 393 3769 692 3836; x_wconf 87' lang='lat' dir='ltr'><strong><em>traditum;</em></strong></span> <span class='ocrx_word' id='word_1_260' title='bbox 733 3772 850 3840; x_wconf 86' lang='lat' dir='ltr'><strong><em>ejus</em></strong></span> <span class='ocrx_word' id='word_1_261' title='bbox 886 3776 964 3826; x_wconf 89' lang='lat' dir='ltr'><strong><em>est</em></strong></span> <span class='ocrx_word' id='word_1_262' title='bbox 992 3775 1276 3844; x_wconf 84' lang='lat' dir='ltr'><strong><em>inscript-io</em></strong></span> <span class='ocrx_word' id='word_1_263' title='bbox 1313 3794 1329 3828; x_wconf 90' lang='lat'><strong><em>:</em></strong></span> <span class='ocrx_word' id='word_1_264' title='bbox 1362 3777 1821 3832; x_wconf 82' lang='grc' dir='ltr'><strong><em>ΛΒΟΜΙΝΑΤΙΟ</em></strong></span> 
     </span>
    </p>
   </div>
   <div class='ocr_carea' id='block_1_39' title="bbox 222 3861 779 3919">
    <p class='ocr_par' dir='ltr' id='par_1_39' title="bbox 222 3861 779 3919">
     <span class='ocr_line' id='line_1_39' title="bbox 222 3861 779 3919; baseline 0.011 -7"><span class='ocrx_word' id='word_1_265' title='bbox 222 3861 779 3919; x_wconf 80' lang='lat' dir='ltr'><strong><em>DESOLATIONIS.</em></strong></span> 
     </span>
    </p>
   </div>
   <div class='ocr_carea' id='block_1_40' title="bbox 189 3957 1822 4033">
    <p class='ocr_par' dir='ltr' id='par_1_40' title="bbox 189 3957 1822 4033">
     <span class='ocr_line' id='line_1_40' title="bbox 189 3957 1822 4033; baseline 0.007 -26"><span class='ocrx_word' id='word_1_266' title='bbox 189 3960 198 3966; x_wconf 90' lang='lat'><strong><em>&#39;</em></strong></span> <span class='ocrx_word' id='word_1_267' title='bbox 291 3957 354 4008; x_wconf 85' lang='lat' dir='ltr'><strong><em>In</em></strong></span> <span class='ocrx_word' id='word_1_268' title='bbox 404 3959 632 4026; x_wconf 82' lang='lat' dir='ltr'><strong><em>septima</em></strong></span> <span class='ocrx_word' id='word_1_269' title='bbox 679 3959 898 4013; x_wconf 86' lang='lat' dir='ltr'><strong><em>tandem</em></strong></span> <span class='ocrx_word' id='word_1_270' title='bbox 941 3965 992 4014; x_wconf 89' lang='lat' dir='ltr'><strong><em>et</em></strong></span> <span class='ocrx_word' id='word_1_271' title='bbox 1038 3966 1280 4016; x_wconf 73' lang='lat' dir='ltr'><strong><em>emtrema</em></strong></span> <span class='ocrx_word' id='word_1_272' title='bbox 1324 3965 1530 4018; x_wconf 85' lang='lat' dir='ltr'><strong><em>actione</em></strong></span> <span class='ocrx_word' id='word_1_273' title='bbox 1573 3965 1822 4033; x_wconf 78' lang='lat' dir='ltr'><strong><em>depth</em></strong></span> 
     </span>
    </p>
   </div>
   <div class='ocr_carea' id='block_1_41' title="bbox 221 4049 1822 4126">
    <p class='ocr_par' dir='ltr' id='par_1_41' title="bbox 221 4049 1822 4126">
     <span class='ocr_line' id='line_1_41' title="bbox 221 4049 1822 4126; baseline 0.007 -25"><span class='ocrx_word' id='word_1_274' title='bbox 221 4049 493 4115; x_wconf 80' lang='lat' dir='ltr'><strong><em>Ignatium</em></strong></span> <span class='ocrx_word' id='word_1_275' title='bbox 526 4055 877 4119; x_wconf 80' lang='lat' dir='ltr'><strong><em>protractum,</em></strong></span> <span class='ocrx_word' id='word_1_276' title='bbox 921 4058 981 4107; x_wconf 90' lang='lat' dir='ltr'><strong><em>ut</em></strong></span> <span class='ocrx_word' id='word_1_277' title='bbox 1010 4055 1095 4107; x_wconf 87' lang='lat' dir='ltr'><strong><em>illi</em></strong></span> <span class='ocrx_word' id='word_1_278' title='bbox 1125 4059 1289 4124; x_wconf 88' lang='lat' dir='ltr'><strong><em>caput</em></strong></span> <span class='ocrx_word' id='word_1_279' title='bbox 1323 4061 1732 4126; x_wconf 84' lang='lat' dir='ltr'><strong><em>amputaretur;</em></strong></span> <span class='ocrx_word' id='word_1_280' title='bbox 1772 4061 1822 4111; x_wconf 90' lang='lat' dir='ltr'><strong><em>et</em></strong></span> 
     </span>
    </p>
   </div>
   <div class='ocr_carea' id='block_1_42' title="bbox 217 4142 1428 4212">
    <p class='ocr_par' dir='ltr' id='par_1_42' title="bbox 217 4142 1428 4212">
     <span class='ocr_line' id='line_1_42' title="bbox 217 4142 1428 4212; baseline 0.006 -17"><span class='ocrx_word' id='word_1_281' title='bbox 217 4142 502 4212; x_wconf 78' lang='lat' dir='ltr'><strong><em>inscriptio</em></strong></span> <span class='ocrx_word' id='word_1_282' title='bbox 533 4144 658 4199; x_wconf 87' lang='lat' dir='ltr'><strong><em>talis</em></strong></span> <span class='ocrx_word' id='word_1_283' title='bbox 682 4151 802 4200; x_wconf 88' lang='lat' dir='ltr'><strong><em>erat</em></strong></span> <span class='ocrx_word' id='word_1_284' title='bbox 828 4164 844 4199; x_wconf 89' lang='lat'><strong>:</strong></span> <span class='ocrx_word' id='word_1_285' title='bbox 872 4147 1428 4206; x_wconf 78' lang='lat' dir='ltr'><strong><em>ANTICHRISTUS.</em></strong></span> 
     </span>
    </p>
   </div>
   <div class='ocr_carea' id='block_1_43' title="bbox 283 4235 1815 4313">
    <p class='ocr_par' dir='ltr' id='par_1_43' title="bbox 283 4235 1815 4313">
     <span class='ocr_line' id='line_1_43' title="bbox 283 4235 1815 4313; baseline 0.005 -22"><span class='ocrx_word' id='word_1_286' title='bbox 283 4241 374 4291; x_wconf 80' lang='lat' dir='ltr'><strong><em>An</em></strong></span> <span class='ocrx_word' id='word_1_287' title='bbox 414 4251 530 4292; x_wconf 92' lang='lat' dir='ltr'><strong><em>non</em></strong></span> <span class='ocrx_word' id='word_1_288' title='bbox 557 4235 729 4306; x_wconf 81' lang='lat' dir='ltr'><strong><em>vides,</em></strong></span> <span class='ocrx_word' id='word_1_289' title='bbox 760 4238 937 4295; x_wconf 92' lang='lat' dir='ltr'><strong><em>amice</em></strong></span> <span class='ocrx_word' id='word_1_290' title='bbox 966 4239 1158 4307; x_wconf 80' lang='lat' dir='ltr'><strong><em>lector,</em></strong></span> <span class='ocrx_word' id='word_1_291' title='bbox 1203 4241 1532 4313; x_wconf 90' lang='lat' dir='ltr'><strong><em>prodromos</em></strong></span> <span class='ocrx_word' id='word_1_292' title='bbox 1559 4243 1815 4298; x_wconf 85' lang='lat' dir='ltr'><strong><em>sectario-</em></strong></span> 
     </span>
    </p>
   </div>
   <div class='ocr_carea' id='block_1_44' title="bbox 217 4327 1816 4407">
    <p class='ocr_par' dir='ltr' id='par_1_44' title="bbox 217 4327 1816 4407">
     <span class='ocr_line' id='line_1_44' title="bbox 217 4327 1816 4407; baseline 0.006 -25"><span class='ocrx_word' id='word_1_293' title='bbox 217 4341 336 4383; x_wconf 89' lang='lat' dir='ltr'><strong><em>rnm</em></strong></span> <span class='ocrx_word' id='word_1_294' title='bbox 375 4336 729 4398; x_wconf 89' lang='lat' dir='ltr'><strong><em>nostrorum,</em></strong></span> <span class='ocrx_word' id='word_1_295' title='bbox 776 4331 890 4388; x_wconf 92' lang='lat' dir='ltr'><strong><em>imo</em></strong></span> <span class='ocrx_word' id='word_1_296' title='bbox 935 4331 1190 4389; x_wconf 88' lang='lat' dir='ltr'><strong><em>doctores</em></strong></span> <span class='ocrx_word' id='word_1_297' title='bbox 1243 4341 1300 4389; x_wconf 89' lang='lat' dir='ltr'><strong><em>et</em></strong></span> <span class='ocrx_word' id='word_1_298' title='bbox 1351 4335 1674 4407; x_wconf 82' lang='lat' dir='ltr'><strong><em>magistros?</em></strong></span> <span class='ocrx_word' id='word_1_299' title='bbox 1727 4327 1816 4390; x_wconf 23' lang='lat' dir='ltr'><strong><em>An-</em></strong></span> 
     </span>
    </p>
   </div>
   <div class='ocr_carea' id='block_1_45' title="bbox 213 4422 1811 4497">
    <p class='ocr_par' dir='ltr' id='par_1_45' title="bbox 213 4422 1811 4497">
     <span class='ocr_line' id='line_1_45' title="bbox 213 4422 1811 4497; baseline 0.006 -22"><span class='ocrx_word' id='word_1_300' title='bbox 213 4437 322 4476; x_wconf 88' lang='lat' dir='ltr'><strong><em>non</em></strong></span> <span class='ocrx_word' id='word_1_301' title='bbox 353 4422 502 4478; x_wconf 84' lang='lat' dir='ltr'><strong><em>sicut</em></strong></span> <span class='ocrx_word' id='word_1_302' title='bbox 523 4422 597 4478; x_wconf 86' lang='lat' dir='ltr'><strong><em>illi</em></strong></span> <span class='ocrx_word' id='word_1_303' title='bbox 629 4425 760 4480; x_wconf 93' lang='lat' dir='ltr'><strong><em>olim</em></strong></span> <span class='ocrx_word' id='word_1_304' title='bbox 787 4425 1091 4497; x_wconf 88' lang='lat' dir='ltr'><strong><em>Ignatium,</em></strong></span> <span class='ocrx_word' id='word_1_305' title='bbox 1117 4428 1193 4482; x_wconf 85' lang='lat' dir='ltr'><strong><em>ita</em></strong></span> <span class='ocrx_word' id='word_1_306' title='bbox 1213 4426 1465 4484; x_wconf 87' lang='lat' dir='ltr'><strong><em>hodierni</em></strong></span> <span class='ocrx_word' id='word_1_307' title='bbox 1487 4437 1811 4497; x_wconf 79' lang='lat' dir='ltr'><strong><em>novatores;</em></strong></span> 
     </span>
    </p>
   </div>
   <div class='ocr_carea' id='block_1_46' title="bbox 211 4515 1812 4591">
    <p class='ocr_par' dir='ltr' id='par_1_46' title="bbox 211 4515 1812 4591">
     <span class='ocr_line' id='line_1_46' title="bbox 211 4515 1812 4591; baseline 0.005 -21"><span class='ocrx_word' id='word_1_308' title='bbox 211 4515 478 4571; x_wconf 80' lang='lat' dir='ltr'><strong><em>Ecclesia</em></strong></span> <span class='ocrx_word' id='word_1_309' title='bbox 521 4517 803 4574; x_wconf 74' lang='lat' dir='ltr'><strong><em>Catholica</em></strong></span> <span class='ocrx_word' id='word_1_310' title='bbox 851 4520 1134 4590; x_wconf 81' lang='lat' dir='ltr'><strong><em>prasules,</em></strong></span> <span class='ocrx_word' id='word_1_311' title='bbox 1182 4522 1485 4591; x_wconf 89' lang='lat' dir='ltr'><strong><em>prasertim</em></strong></span> <span class='ocrx_word' id='word_1_312' title='bbox 1526 4537 1812 4578; x_wconf 89' lang='lat' dir='ltr'><strong><em>summum</em></strong></span> 
     </span>
    </p>
   </div>
   <div class='ocr_carea' id='block_1_47' title="bbox 211 4608 1813 4690">
    <p class='ocr_par' dir='ltr' id='par_1_47' title="bbox 211 4608 1813 4690">
     <span class='ocr_line' id='line_1_47' title="bbox 211 4608 1813 4690; baseline 0.006 -28"><span class='ocrx_word' id='word_1_313' title='bbox 211 4608 558 4678; x_wconf 89' lang='lat' dir='ltr'><strong><em>pontiﬁcem,</em></strong></span> <span class='ocrx_word' id='word_1_314' title='bbox 610 4610 977 4682; x_wconf 80' lang='lat' dir='ltr'><strong><em>ignominioso</em></strong></span> <span class='ocrx_word' id='word_1_315' title='bbox 1029 4621 1086 4668; x_wconf 89' lang='lat' dir='ltr'><strong><em>et</em></strong></span> <span class='ocrx_word' id='word_1_316' title='bbox 1145 4614 1408 4680; x_wconf 82' lang='lat' dir='ltr'><strong><em>probrose</em></strong></span> <span class='ocrx_word' id='word_1_317' title='bbox 1467 4615 1813 4690; x_wconf 79' lang='lat' dir='ltr'><strong><em>depingunt?</em></strong></span> 
     </span>
    </p>
   </div>
   <div class='ocr_carea' id='block_1_48' title="bbox 209 4701 1816 4781">
    <p class='ocr_par' dir='ltr' id='par_1_48' title="bbox 209 4701 1816 4781">
     <span class='ocr_line' id='line_1_48' title="bbox 209 4701 1816 4781; baseline 0.006 -25"><span class='ocrx_word' id='word_1_318' title='bbox 209 4701 562 4773; x_wconf 86' lang='lat' dir='ltr'><strong><em>Picturisque</em></strong></span> <span class='ocrx_word' id='word_1_319' title='bbox 586 4704 1004 4774; x_wconf 88' lang='lat' dir='ltr'><strong><em>probrosissima</em></strong></span> <span class='ocrx_word' id='word_1_320' title='bbox 1043 4722 1274 4780; x_wconf 86' lang='lat' dir='ltr'><strong><em>quaque</em></strong></span> <span class='ocrx_word' id='word_1_321' title='bbox 1296 4717 1596 4765; x_wconf 89' lang='lat' dir='ltr'><strong><em>scommata</em></strong></span> <span class='ocrx_word' id='word_1_322' title='bbox 1620 4709 1684 4766; x_wconf 91' lang='lat' dir='ltr'><strong><em>ad</em></strong></span> <span class='ocrx_word' id='word_1_323' title='bbox 1685 4711 1816 4781; x_wconf 86' lang='lat' dir='ltr'><strong><em>jun-</em></strong></span> 
     </span>
    </p>
   </div>
   <div class='ocr_carea' id='block_1_49' title="bbox 211 4793 1813 4874">
    <p class='ocr_par' dir='ltr' id='par_1_49' title="bbox 211 4793 1813 4874">
     <span class='ocr_line' id='line_1_49' title="bbox 211 4793 1813 4874; baseline 0.007 -26"><span class='ocrx_word' id='word_1_324' title='bbox 211 4804 369 4865; x_wconf 87' lang='lat' dir='ltr'><strong><em>gunt.</em></strong></span> <span class='ocrx_word' id='word_1_325' title='bbox 430 4793 667 4863; x_wconf 84' lang='lat' dir='ltr'><strong><em>Videsis,</em></strong></span> <span class='ocrx_word' id='word_1_326' title='bbox 721 4813 844 4866; x_wconf 90' lang='lat' dir='ltr'><strong><em>oro,</em></strong></span> <span class='ocrx_word' id='word_1_327' title='bbox 898 4799 1195 4873; x_wconf 82' lang='lat' dir='ltr'><strong><em>imaginem</em></strong></span> <span class='ocrx_word' id='word_1_328' title='bbox 1250 4800 1400 4858; x_wconf 88' lang='lat' dir='ltr'><strong><em>illam</em></strong></span> <span class='ocrx_word' id='word_1_329' title='bbox 1456 4818 1632 4874; x_wconf 87' lang='lat' dir='ltr'><strong><em>papa,</em></strong></span> <span class='ocrx_word' id='word_1_330' title='bbox 1691 4819 1813 4874; x_wconf 86' lang='lat' dir='ltr'><strong><em>qua</em></strong></span> 
     </span>
    </p>
   </div>
   <div class='ocr_carea' id='block_1_50' title="bbox 214 4886 1810 4965">
    <p class='ocr_par' dir='ltr' id='par_1_50' title="bbox 214 4886 1810 4965">
     <span class='ocr_line' id='line_1_50' title="bbox 214 4886 1810 4965; baseline 0.008 -24"><span class='ocrx_word' id='word_1_331' title='bbox 214 4886 566 4959; x_wconf 77' lang='lat' dir='ltr'><strong><em>frontispicio</em></strong></span> <span class='ocrx_word' id='word_1_332' title='bbox 615 4889 736 4962; x_wconf 89' lang='lat' dir='ltr'><strong><em>ejus</em></strong></span> <span class='ocrx_word' id='word_1_333' title='bbox 789 4891 944 4961; x_wconf 88' lang='lat' dir='ltr'><strong><em>libri,</em></strong></span> <span class='ocrx_word' id='word_1_334' title='bbox 996 4893 1090 4964; x_wconf 89' lang='lat' dir='ltr'><strong><em>qui</em></strong></span> <span class='ocrx_word' id='word_1_335' title='bbox 1138 4896 1434 4965; x_wconf 80' lang='lat' dir='ltr'><strong><em>Apiarium</em></strong></span> <span class='ocrx_word' id='word_1_336' title='bbox 1472 4895 1810 4965; x_wconf 79' lang='lat' dir='ltr'><strong><em>inscribitur,</em></strong></span> 
     </span>
    </p>
   </div>
   <div class='ocr_carea' id='block_1_51' title="bbox 214 4980 1812 5060">
    <p class='ocr_par' dir='ltr' id='par_1_51' title="bbox 214 4980 1812 5060">
     <span class='ocr_line' id='line_1_51' title="bbox 214 4980 1812 5060; baseline 0.007 -26"><span class='ocrx_word' id='word_1_337' title='bbox 214 4980 442 5050; x_wconf 79' lang='lat' dir='ltr'><strong><em>praﬁxa</em></strong></span> <span class='ocrx_word' id='word_1_338' title='bbox 482 4989 588 5037; x_wconf 89' lang='lat' dir='ltr'><strong><em>est.</em></strong></span> <span class='ocrx_word' id='word_1_339' title='bbox 637 4983 776 5040; x_wconf 86' lang='lat' dir='ltr'><strong><em>Vide</em></strong></span> <span class='ocrx_word' id='word_1_340' title='bbox 802 4985 974 5052; x_wconf 87' lang='lat' dir='ltr'><strong><em>illam,</em></strong></span> <span class='ocrx_word' id='word_1_341' title='bbox 1006 5003 1175 5059; x_wconf 91' lang='lat' dir='ltr'><strong><em>quam</em></strong></span> <span class='ocrx_word' id='word_1_342' title='bbox 1214 4988 1510 5059; x_wconf 76' lang='lat' dir='ltr'><strong><em>praeposuit</em></strong></span> <span class='ocrx_word' id='word_1_343' title='bbox 1537 4990 1812 5060; x_wconf 89' lang='lat' dir='ltr'><strong><em>Spannen-</em></strong></span> 
     </span>
    </p>
   </div>
   <div class='ocr_carea' id='block_1_52' title="bbox 214 5073 1811 5150">
    <p class='ocr_par' dir='ltr' id='par_1_52' title="bbox 214 5073 1811 5150">
     <span class='ocr_line' id='line_1_52' title="bbox 214 5073 1811 5150; baseline 0.008 -23"><span class='ocrx_word' id='word_1_344' title='bbox 214 5073 496 5146; x_wconf 79' lang='lat' dir='ltr'><strong><em>bergerns,</em></strong></span> <span class='ocrx_word' id='word_1_345' title='bbox 557 5075 866 5146; x_wconf 87' lang='lat' dir='ltr'><strong><em>pradicans</em></strong></span> <span class='ocrx_word' id='word_1_346' title='bbox 929 5079 1278 5136; x_wconf 89' lang='lat' dir='ltr'><strong><em>Lutheranus</em></strong></span> <span class='ocrx_word' id='word_1_347' title='bbox 1334 5080 1548 5136; x_wconf 88' lang='lat' dir='ltr'><strong><em>famoso</em></strong></span> <span class='ocrx_word' id='word_1_348' title='bbox 1605 5082 1811 5150; x_wconf 91' lang='lat' dir='ltr'><strong><em>libello,</em></strong></span> 
     </span>
    </p>
   </div>
   <div class='ocr_carea' id='block_1_53' title="bbox 214 5166 1810 5244">
    <p class='ocr_par' dir='ltr' id='par_1_53' title="bbox 214 5166 1810 5244">
     <span class='ocr_line' id='line_1_53' title="bbox 214 5166 1810 5244; baseline 0.007 -25"><span class='ocrx_word' id='word_1_349' title='bbox 214 5166 297 5221; x_wconf 85' lang='lat' dir='ltr'><strong><em>cui</em></strong></span> <span class='ocrx_word' id='word_1_350' title='bbox 314 5167 541 5224; x_wconf 77' lang='lat' dir='ltr'><strong><em>titulum</em></strong></span> <span class='ocrx_word' id='word_1_351' title='bbox 556 5166 719 5224; x_wconf 81' lang='lat' dir='ltr'><strong><em>fecit:</em></strong></span> <span class='ocrx_word' id='word_1_352' title='bbox 747 5171 934 5227; x_wconf 88' lang='lat' dir='ltr'><strong><em>Wider</em></strong></span> <span class='ocrx_word' id='word_1_353' title='bbox 957 5173 1044 5227; x_wconf 85' lang='lat' dir='ltr'><strong><em>die</em></strong></span> <span class='ocrx_word' id='word_1_354' title='bbox 1067 5174 1222 5229; x_wconf 87' lang='lat' dir='ltr'><strong><em>bosen</em></strong></span> <span class='ocrx_word' id='word_1_355' title='bbox 1247 5177 1420 5231; x_wconf 87' lang='lat' dir='ltr'><strong><em>Sitten</em></strong></span> <span class='ocrx_word' id='word_1_356' title='bbox 1439 5177 1524 5228; x_wconf 86' lang='lat' dir='ltr'><strong><em>ins</em></strong></span> <span class='ocrx_word' id='word_1_357' title='bbox 1559 5177 1810 5244; x_wconf 77' lang='lat' dir='ltr'><strong><em>Teuffels-</em></strong></span> 
     </span>
    </p>
   </div>
   <div class='ocr_carea' id='block_1_54' title="bbox 217 5261 1812 5338">
    <p class='ocr_par' dir='ltr' id='par_1_54' title="bbox 217 5261 1812 5338">
     <span class='ocr_line' id='line_1_54' title="bbox 217 5261 1812 5338; baseline 0.006 -24"><span class='ocrx_word' id='word_1_358' title='bbox 217 5261 697 5332; x_wconf 69' lang='lat' dir='ltr'><strong><em>Kahrnoﬁ‘elspihl.</em></strong></span> <span class='ocrx_word' id='word_1_359' title='bbox 723 5265 865 5319; x_wconf 84' lang='lat' dir='ltr'><strong><em>Item</em></strong></span> <span class='ocrx_word' id='word_1_360' title='bbox 887 5263 1058 5331; x_wconf 88' lang='lat' dir='ltr'><strong><em>illam,</em></strong></span> <span class='ocrx_word' id='word_1_361' title='bbox 1083 5282 1207 5338; x_wconf 86' lang='lat' dir='ltr'><strong><em>qua</em></strong></span> <span class='ocrx_word' id='word_1_362' title='bbox 1222 5275 1444 5338; x_wconf 86' lang='lat' dir='ltr'><strong><em>apparet</em></strong></span> <span class='ocrx_word' id='word_1_363' title='bbox 1461 5267 1514 5321; x_wconf 89' lang='lat' dir='ltr'><strong><em>in</em></strong></span> <span class='ocrx_word' id='word_1_364' title='bbox 1544 5267 1812 5324; x_wconf 86' lang='lat' dir='ltr'><strong><em>vestibulo</em></strong></span> 
     </span>
    </p>
   </div>
   <div class='ocr_carea' id='block_1_55' title="bbox 216 5351 1814 5432">
    <p class='ocr_par' dir='ltr' id='par_1_55' title="bbox 216 5351 1814 5432">
     <span class='ocr_line' id='line_1_55' title="bbox 216 5351 1814 5432; baseline 0.005 -24"><span class='ocrx_word' id='word_1_365' title='bbox 216 5351 356 5419; x_wconf 81' lang='lat' dir='ltr'><strong><em>libri,</em></strong></span> <span class='ocrx_word' id='word_1_366' title='bbox 387 5354 476 5410; x_wconf 88' lang='lat' dir='ltr'><strong><em>cui</em></strong></span> <span class='ocrx_word' id='word_1_367' title='bbox 511 5369 732 5424; x_wconf 88' lang='lat' dir='ltr'><strong><em>nomen,</em></strong></span> <span class='ocrx_word' id='word_1_368' title='bbox 757 5358 860 5412; x_wconf 87' lang='lat' dir='ltr'><strong><em>das</em></strong></span> <span class='ocrx_word' id='word_1_369' title='bbox 892 5359 1276 5432; x_wconf 78' lang='lat' dir='ltr'><strong><em>Wol/fgesang.</em></strong></span> <span class='ocrx_word' id='word_1_370' title='bbox 1313 5363 1374 5415; x_wconf 90' lang='lat' dir='ltr'><strong><em>ln</em></strong></span> <span class='ocrx_word' id='word_1_371' title='bbox 1407 5360 1573 5416; x_wconf 91' lang='lat' dir='ltr'><strong><em>tomis</em></strong></span> <span class='ocrx_word' id='word_1_372' title='bbox 1604 5361 1814 5418; x_wconf 82' lang='lat' dir='ltr'><strong><em>Latinis</em></strong></span> 
     </span>
    </p>
   </div>
   <div class='ocr_carea' id='block_1_56' title="bbox 215 5447 1811 5525">
    <p class='ocr_par' dir='ltr' id='par_1_56' title="bbox 215 5447 1811 5525">
     <span class='ocr_line' id='line_1_56' title="bbox 215 5447 1811 5525; baseline 0.007 -25"><span class='ocrx_word' id='word_1_373' title='bbox 215 5453 268 5500; x_wconf 83' lang='lat' dir='ltr'><strong><em>et</em></strong></span> <span class='ocrx_word' id='word_1_374' title='bbox 310 5447 930 5507; x_wconf 87' lang='lat' dir='ltr'><strong><em>Germanicis‘Lutheri</em></strong></span> <span class='ocrx_word' id='word_1_375' title='bbox 979 5450 1219 5509; x_wconf 85' lang='lat' dir='ltr'><strong><em>invenies</em></strong></span> <span class='ocrx_word' id='word_1_376' title='bbox 1245 5456 1606 5525; x_wconf 86' lang='lat' dir='ltr'><strong><em>Papasellum,</em></strong></span> <span class='ocrx_word' id='word_1_377' title='bbox 1655 5471 1811 5511; x_wconf 88' lang='lat' dir='ltr'><strong><em>com-</em></strong></span> 
     </span>
    </p>
   </div>
   <div class='ocr_carea' id='block_1_57' title="bbox 217 5541 1810 5621">
    <p class='ocr_par' dir='ltr' id='par_1_57' title="bbox 217 5541 1810 5621">
     <span class='ocr_line' id='line_1_57' title="bbox 217 5541 1810 5621; baseline 0.008 -28"><span class='ocrx_word' id='word_1_378' title='bbox 217 5541 496 5596; x_wconf 85' lang='lat' dir='ltr'><strong><em>mentariis</em></strong></span> <span class='ocrx_word' id='word_1_379' title='bbox 538 5542 779 5616; x_wconf 88' lang='lat' dir='ltr'><strong><em>Philippi</em></strong></span> <span class='ocrx_word' id='word_1_380' title='bbox 818 5543 1176 5612; x_wconf 85' lang='lat' dir='ltr'><strong><em>illustratum,</em></strong></span> <span class='ocrx_word' id='word_1_381' title='bbox 1202 5563 1368 5619; x_wconf 89' lang='lat' dir='ltr'><strong><em>quem</em></strong></span> <span class='ocrx_word' id='word_1_382' title='bbox 1400 5548 1641 5620; x_wconf 89' lang='lat' dir='ltr'><strong><em>lllyricus</em></strong></span> <span class='ocrx_word' id='word_1_383' title='bbox 1683 5565 1810 5621; x_wconf 90' lang='lat' dir='ltr'><strong><em>pro-</em></strong></span> 
     </span>
    </p>
   </div>
   <div class='ocr_carea' id='block_1_58' title="bbox 215 5633 1809 5714">
    <p class='ocr_par' dir='ltr' id='par_1_58' title="bbox 215 5633 1809 5714">
     <span class='ocr_line' id='line_1_58' title="bbox 215 5633 1809 5714; baseline 0.007 -27"><span class='ocrx_word' id='word_1_384' title='bbox 215 5633 537 5704; x_wconf 84' lang='lat' dir='ltr'><strong><em>cognatione</em></strong></span> <span class='ocrx_word' id='word_1_385' title='bbox 565 5643 621 5692; x_wconf 90' lang='lat' dir='ltr'><strong><em>et</em></strong></span> <span class='ocrx_word' id='word_1_386' title='bbox 645 5635 916 5695; x_wconf 85' lang='lat' dir='ltr'><strong><em>afﬁnitate</em></strong></span> <span class='ocrx_word' id='word_1_387' title='bbox 949 5654 1047 5696; x_wconf 89' lang='lat' dir='ltr'><strong><em>sua</em></strong></span> <span class='ocrx_word' id='word_1_388' title='bbox 1082 5655 1208 5696; x_wconf 90' lang='lat' dir='ltr'><strong><em>cum</em></strong></span> <span class='ocrx_word' id='word_1_389' title='bbox 1239 5641 1355 5707; x_wconf 89' lang='lat' dir='ltr'><strong><em>illo,</em></strong></span> <span class='ocrx_word' id='word_1_390' title='bbox 1382 5639 1565 5700; x_wconf 88' lang='lat' dir='ltr'><strong><em>denuo</em></strong></span> <span class='ocrx_word' id='word_1_391' title='bbox 1593 5657 1809 5714; x_wconf 86' lang='lat' dir='ltr'><strong><em>separa-</em></strong></span> 
     </span>
    </p>
   </div>
   <div class='ocr_carea' id='block_1_59' title="bbox 216 5726 1810 5808">
    <p class='ocr_par' dir='ltr' id='par_1_59' title="bbox 216 5726 1810 5808">
     <span class='ocr_line' id='line_1_59' title="bbox 216 5726 1810 5808; baseline 0.008 -29"><span class='ocrx_word' id='word_1_392' title='bbox 216 5726 310 5782; x_wconf 85' lang='lat' dir='ltr'><strong><em>tim</em></strong></span> <span class='ocrx_word' id='word_1_393' title='bbox 370 5727 762 5800; x_wconf 84' lang='lat' dir='ltr'><strong><em>evnlgandum,</em></strong></span> <span class='ocrx_word' id='word_1_394' title='bbox 835 5740 892 5788; x_wconf 89' lang='lat' dir='ltr'><strong><em>et</em></strong></span> <span class='ocrx_word' id='word_1_395' title='bbox 957 5733 1116 5790; x_wconf 91' lang='lat' dir='ltr'><strong><em>novis</em></strong></span> <span class='ocrx_word' id='word_1_396' title='bbox 1183 5733 1399 5806; x_wconf 86' lang='lat' dir='ltr'><strong><em>glossis,</em></strong></span> <span class='ocrx_word' id='word_1_397' title='bbox 1472 5735 1556 5792; x_wconf 89' lang='lat' dir='ltr'><strong><em>vel</em></strong></span> <span class='ocrx_word' id='word_1_398' title='bbox 1629 5736 1810 5808; x_wconf 88' lang='lat' dir='ltr'><strong><em>potius</em></strong></span> 
     </span>
    </p>
   </div>
   <div class='ocr_carea' id='block_1_60' title="bbox 215 5820 1616 5886">
    <p class='ocr_par' dir='ltr' id='par_1_60' title="bbox 215 5820 1616 5886">
     <span class='ocr_line' id='line_1_60' title="bbox 215 5820 1616 5886; baseline 0.009 -11"><span class='ocrx_word' id='word_1_399' title='bbox 215 5820 505 5878; x_wconf 82' lang='lat' dir='ltr'><strong><em>caluman</em></strong></span> <span class='ocrx_word' id='word_1_400' title='bbox 531 5833 587 5880; x_wconf 90' lang='lat' dir='ltr'><strong><em>et</em></strong></span> <span class='ocrx_word' id='word_1_401' title='bbox 631 5823 930 5883; x_wconf 85' lang='lat' dir='ltr'><strong><em>mendaciis</em></strong></span> <span class='ocrx_word' id='word_1_402' title='bbox 953 5824 1339 5884; x_wconf 83' lang='lat' dir='ltr'><strong><em>illustrandum</em></strong></span> <span class='ocrx_word' id='word_1_403' title='bbox 1379 5829 1616 5886; x_wconf 88' lang='lat' dir='ltr'><strong><em>censuit.</em></strong></span> 
     </span>
    </p>
   </div>
   <div class='ocr_carea' id='block_1_61' title="bbox 1943 592 3537 670">
    <p class='ocr_par' dir='ltr' id='par_1_61' title="bbox 1943 592 3537 670">
     <span class='ocr_line' id='line_1_61' title="bbox 1943 592 3537 670; baseline 0.006 -21"><span class='ocrx_word' id='word_1_404' title='bbox 1943 592 2235 649; x_wconf 81' lang='lat' dir='ltr'><strong><em>Aurifaber</em></strong></span> <span class='ocrx_word' id='word_1_405' title='bbox 2279 596 2533 668; x_wconf 63' lang='lat' dir='ltr'><strong><em>collegit?</em></strong></span> <span class='ocrx_word' id='word_1_406' title='bbox 2577 598 2835 670; x_wconf 86' lang='lat' dir='ltr'><strong><em>Ejusdem</em></strong></span> <span class='ocrx_word' id='word_1_407' title='bbox 2877 599 3062 657; x_wconf 86' lang='lat' dir='ltr'><strong><em>farina</em></strong></span> <span class='ocrx_word' id='word_1_408' title='bbox 3091 609 3174 657; x_wconf 90' lang='lat' dir='ltr'><strong><em>est</em></strong></span> <span class='ocrx_word' id='word_1_409' title='bbox 3207 605 3391 658; x_wconf 86' lang='lat' dir='ltr'><strong><em>Passio</em></strong></span> <span class='ocrx_word' id='word_1_410' title='bbox 3441 605 3537 658; x_wconf 86' lang='lat' dir='ltr'><strong><em>illa</em></strong></span> 
     </span>
    </p>
   </div>
   <div class='ocr_carea' id='block_1_62' title="bbox 1943 688 3533 766">
    <p class='ocr_par' dir='ltr' id='par_1_62' title="bbox 1943 688 3533 766">
     <span class='ocr_line' id='line_1_62' title="bbox 1943 688 3533 766; baseline 0.006 -22"><span class='ocrx_word' id='word_1_411' title='bbox 1943 689 2161 752; x_wconf 83' lang='lat' dir='ltr'><strong><em>Christi,</em></strong></span> <span class='ocrx_word' id='word_1_412' title='bbox 2186 689 2274 744; x_wconf 91' lang='lat' dir='ltr'><strong><em>ubi</em></strong></span> <span class='ocrx_word' id='word_1_413' title='bbox 2310 688 2582 758; x_wconf 83' lang='lat' dir='ltr'><strong><em>Pontifex,</em></strong></span> <span class='ocrx_word' id='word_1_414' title='bbox 2605 693 2928 762; x_wconf 86' lang='lat' dir='ltr'><strong><em>cardinales,</em></strong></span> <span class='ocrx_word' id='word_1_415' title='bbox 2960 694 3222 766; x_wconf 87' lang='lat' dir='ltr'><strong><em>episcopi,</em></strong></span> <span class='ocrx_word' id='word_1_416' title='bbox 3274 697 3533 753; x_wconf 89' lang='lat' dir='ltr'><strong><em>monachi</em></strong></span> 
     </span>
    </p>
   </div>
   <div class='ocr_carea' id='block_1_63' title="bbox 1941 779 3535 854">
    <p class='ocr_par' dir='ltr' id='par_1_63' title="bbox 1941 779 3535 854">
     <span class='ocr_line' id='line_1_63' title="bbox 1941 779 3535 854; baseline 0.004 -17"><span class='ocrx_word' id='word_1_417' title='bbox 1941 779 2188 852; x_wconf 84' lang='lat' dir='ltr'><strong><em>Caipha,</em></strong></span> <span class='ocrx_word' id='word_1_418' title='bbox 2238 785 2433 850; x_wconf 86' lang='lat' dir='ltr'><strong><em>Anna,</em></strong></span> <span class='ocrx_word' id='word_1_419' title='bbox 2477 783 2655 847; x_wconf 88' lang='lat' dir='ltr'><strong><em>Pilati,</em></strong></span> <span class='ocrx_word' id='word_1_420' title='bbox 2708 786 2963 854; x_wconf 81' lang='lat' dir='ltr'><strong><em>Herodis,</em></strong></span> <span class='ocrx_word' id='word_1_421' title='bbox 2994 787 3246 844; x_wconf 87' lang='lat' dir='ltr'><strong><em>lictorum</em></strong></span> <span class='ocrx_word' id='word_1_422' title='bbox 3273 797 3328 844; x_wconf 89' lang='lat' dir='ltr'><strong><em>et</em></strong></span> <span class='ocrx_word' id='word_1_423' title='bbox 3367 789 3535 845; x_wconf 84' lang='lat' dir='ltr'><strong><em>carni-</em></strong></span> 
     </span>
    </p>
   </div>
   <div class='ocr_carea' id='block_1_64' title="bbox 1939 873 2860 948">
    <p class='ocr_par' dir='ltr' id='par_1_64' title="bbox 1939 873 2860 948">
     <span class='ocr_line' id='line_1_64' title="bbox 1939 873 2860 948; baseline 0.007 -20"><span class='ocrx_word' id='word_1_424' title='bbox 1939 873 2108 930; x_wconf 89' lang='lat' dir='ltr'><strong><em>ﬁcum</em></strong></span> <span class='ocrx_word' id='word_1_425' title='bbox 2132 874 2616 947; x_wconf 59' lang='lat' dir='ltr'><strong><em>Christijpersonas</em></strong></span> <span class='ocrx_word' id='word_1_426' title='bbox 2642 887 2860 948; x_wconf 89' lang='lat' dir='ltr'><strong><em>gerunt.</em></strong></span> 
     </span>
    </p>
   </div>
   <div class='ocr_carea' id='block_1_65' title="bbox 2012 970 3532 1047">
    <p class='ocr_par' dir='ltr' id='par_1_65' title="bbox 2012 970 3532 1047">
     <span class='ocr_line' id='line_1_65' title="bbox 2012 970 3532 1047; baseline 0.007 -25"><span class='ocrx_word' id='word_1_427' title='bbox 2012 973 2172 1023; x_wconf 84' lang='lat' dir='ltr'><strong><em>Anno</em></strong></span> <span class='ocrx_word' id='word_1_428' title='bbox 2218 974 2351 1024; x_wconf 81' lang='lat'><strong>1527</strong></span> <span class='ocrx_word' id='word_1_429' title='bbox 2395 970 2666 1041; x_wconf 88' lang='lat' dir='ltr'><strong><em>evulgavit</em></strong></span> <span class='ocrx_word' id='word_1_430' title='bbox 2707 971 2910 1042; x_wconf 91' lang='lat' dir='ltr'><strong><em>impius</em></strong></span> <span class='ocrx_word' id='word_1_431' title='bbox 2957 974 3269 1031; x_wconf 89' lang='lat' dir='ltr'><strong><em>Paracelsus</em></strong></span> <span class='ocrx_word' id='word_1_432' title='bbox 3309 975 3532 1047; x_wconf 82' lang='lat' dir='ltr'><strong><em>triginta</em></strong></span> 
     </span>
    </p>
   </div>
   <div class='ocr_carea' id='block_1_66' title="bbox 1938 1059 3534 1137">
    <p class='ocr_par' dir='ltr' id='par_1_66' title="bbox 1938 1059 3534 1137">
     <span class='ocr_line' id='line_1_66' title="bbox 1938 1059 3534 1137; baseline 0.007 -23"><span class='ocrx_word' id='word_1_433' title='bbox 1938 1059 2200 1131; x_wconf 86' lang='lat' dir='ltr'><strong><em>imagines</em></strong></span> <span class='ocrx_word' id='word_1_434' title='bbox 2219 1061 2506 1118; x_wconf 86' lang='lat' dir='ltr'><strong><em>dedecoris</em></strong></span> <span class='ocrx_word' id='word_1_435' title='bbox 2528 1071 2582 1118; x_wconf 91' lang='lat' dir='ltr'><strong><em>et</em></strong></span> <span class='ocrx_word' id='word_1_436' title='bbox 2601 1064 2788 1134; x_wconf 88' lang='lat' dir='ltr'><strong><em>probri</em></strong></span> <span class='ocrx_word' id='word_1_437' title='bbox 2813 1065 2870 1120; x_wconf 93' lang='lat' dir='ltr'><strong><em>in</em></strong></span> <span class='ocrx_word' id='word_1_438' title='bbox 2893 1067 3202 1137; x_wconf 85' lang='lat' dir='ltr'><strong><em>pontiﬁcem</em></strong></span> <span class='ocrx_word' id='word_1_439' title='bbox 3215 1072 3534 1125; x_wconf 82' lang='lat' dir='ltr'><strong><em>Romanum</em></strong></span> 
     </span>
    </p>
   </div>
   <div class='ocr_carea' id='block_1_67' title="bbox 1939 1154 3532 1229">
    <p class='ocr_par' dir='ltr' id='par_1_67' title="bbox 1939 1154 3532 1229">
     <span class='ocr_line' id='line_1_67' title="bbox 1939 1154 3532 1229; baseline 0.007 -21"><span class='ocrx_word' id='word_1_440' title='bbox 1939 1154 2304 1224; x_wconf 90' lang='lat' dir='ltr'><strong><em>plenissimas.</em></strong></span> <span class='ocrx_word' id='word_1_441' title='bbox 2353 1159 2586 1212; x_wconf 83' lang='lat' dir='ltr'><strong><em>Exstant</em></strong></span> <span class='ocrx_word' id='word_1_442' title='bbox 2633 1157 2689 1212; x_wconf 93' lang='lat' dir='ltr'><strong><em>in</em></strong></span> <span class='ocrx_word' id='word_1_443' title='bbox 2736 1157 3052 1229; x_wconf 77' lang='lat' dir='ltr'><strong><em>Appendice</em></strong></span> <span class='ocrx_word' id='word_1_444' title='bbox 3096 1161 3162 1215; x_wconf 90' lang='lat' dir='ltr'><strong><em>ad</em></strong></span> <span class='ocrx_word' id='word_1_445' title='bbox 3217 1169 3435 1218; x_wconf 88' lang='lat' dir='ltr'><strong><em>tomum</em></strong></span> <span class='ocrx_word' id='word_1_446' title='bbox 3474 1165 3532 1218; x_wconf 82' lang='lat' dir='ltr'><strong>X</strong></span> 
     </span>
    </p>
   </div>
   <div class='ocr_carea' id='block_1_68' title="bbox 1935 1249 3530 1324">
    <p class='ocr_par' dir='ltr' id='par_1_68' title="bbox 1935 1249 3530 1324">
     <span class='ocr_line' id='line_1_68' title="bbox 1935 1249 3530 1324; baseline 0.005 -23"><span class='ocrx_word' id='word_1_447' title='bbox 1935 1249 2176 1318; x_wconf 81' lang='lat' dir='ltr'><strong><em>Operam</em></strong></span> <span class='ocrx_word' id='word_1_448' title='bbox 2197 1251 2492 1306; x_wconf 89' lang='lat' dir='ltr'><strong><em>Paracelsi.</em></strong></span> <span class='ocrx_word' id='word_1_449' title='bbox 2519 1253 2765 1322; x_wconf 90' lang='lat' dir='ltr'><strong><em>Quarum</em></strong></span> <span class='ocrx_word' id='word_1_450' title='bbox 2786 1267 2854 1307; x_wconf 87' lang='lat' dir='ltr'><strong><em>ne</em></strong></span> <span class='ocrx_word' id='word_1_451' title='bbox 2879 1252 2998 1324; x_wconf 87' lang='lat' dir='ltr'><strong><em>ipse</em></strong></span> <span class='ocrx_word' id='word_1_452' title='bbox 3018 1262 3211 1308; x_wconf 88' lang='lat' dir='ltr'><strong><em>auctor</em></strong></span> <span class='ocrx_word' id='word_1_453' title='bbox 3229 1253 3530 1324; x_wconf 87' lang='lat' dir='ltr'><strong><em>videretur,</em></strong></span> 
     </span>
    </p>
   </div>
   <div class='ocr_carea' id='block_1_69' title="bbox 1933 1346 3534 1418">
    <p class='ocr_par' dir='ltr' id='par_1_69' title="bbox 1933 1346 3534 1418">
     <span class='ocr_line' id='line_1_69' title="bbox 1933 1346 3534 1418; baseline 0.004 -22"><span class='ocrx_word' id='word_1_454' title='bbox 1933 1351 2283 1398; x_wconf 89' lang='lat' dir='ltr'><strong><em>commentus</em></strong></span> <span class='ocrx_word' id='word_1_455' title='bbox 2316 1353 2422 1411; x_wconf 91' lang='lat' dir='ltr'><strong><em>est,</em></strong></span> <span class='ocrx_word' id='word_1_456' title='bbox 2462 1361 2519 1400; x_wconf 89' lang='lat' dir='ltr'><strong><em>se</em></strong></span> <span class='ocrx_word' id='word_1_457' title='bbox 2583 1361 2675 1400; x_wconf 87' lang='lat' dir='ltr'><strong><em>eas</em></strong></span> <span class='ocrx_word' id='word_1_458' title='bbox 2718 1346 2901 1401; x_wconf 87' lang='lat' dir='ltr'><strong><em>nescio</em></strong></span> <span class='ocrx_word' id='word_1_459' title='bbox 2949 1346 3148 1417; x_wconf 88' lang='lat' dir='ltr'><strong><em>quibus</em></strong></span> <span class='ocrx_word' id='word_1_460' title='bbox 3193 1347 3534 1418; x_wconf 72' lang='lat' dir='ltr'><strong><em>in‘antiquis</em></strong></span> 
     </span>
    </p>
   </div>
   <div class='ocr_carea' id='block_1_70' title="bbox 1933 1435 3531 1511">
    <p class='ocr_par' dir='ltr' id='par_1_70' title="bbox 1933 1435 3531 1511">
     <span class='ocr_line' id='line_1_70' title="bbox 1933 1435 3531 1511; baseline 0.004 -22"><span class='ocrx_word' id='word_1_461' title='bbox 1933 1435 2309 1492; x_wconf 88' lang='lat' dir='ltr'><strong><em>monumentis</em></strong></span> <span class='ocrx_word' id='word_1_462' title='bbox 2350 1438 2431 1493; x_wconf 87' lang='lat' dir='ltr'><strong><em>vel</em></strong></span> <span class='ocrx_word' id='word_1_463' title='bbox 2475 1439 2772 1509; x_wconf 86' lang='lat' dir='ltr'><strong><em>parietibus</em></strong></span> <span class='ocrx_word' id='word_1_464' title='bbox 2797 1439 3084 1507; x_wconf 83' lang='lat' dir='ltr'><strong><em>invenisse,</em></strong></span> <span class='ocrx_word' id='word_1_465' title='bbox 3114 1455 3252 1511; x_wconf 89' lang='lat' dir='ltr'><strong><em>quas</em></strong></span> <span class='ocrx_word' id='word_1_466' title='bbox 3280 1439 3387 1495; x_wconf 89' lang='lat' dir='ltr'><strong><em>hoc</em></strong></span> <span class='ocrx_word' id='word_1_467' title='bbox 3412 1441 3531 1511; x_wconf 90' lang='lat' dir='ltr'><strong><em>ipso</em></strong></span> 
     </span>
    </p>
   </div>
   <div class='ocr_carea' id='block_1_71' title="bbox 1931 1528 3533 1602">
    <p class='ocr_par' dir='ltr' id='par_1_71' title="bbox 1931 1528 3533 1602">
     <span class='ocr_line' id='line_1_71' title="bbox 1931 1528 3533 1602; baseline 0.003 -18"><span class='ocrx_word' id='word_1_468' title='bbox 1931 1543 2076 1584; x_wconf 88' lang='lat' dir='ltr'><strong><em>anno</em></strong></span> <span class='ocrx_word' id='word_1_469' title='bbox 2111 1535 2246 1584; x_wconf 83' lang='lat'><strong><em>1608</em></strong></span> <span class='ocrx_word' id='word_1_470' title='bbox 2280 1528 2547 1587; x_wconf 84' lang='lat' dir='ltr'><strong><em>fanaticus</em></strong></span> <span class='ocrx_word' id='word_1_471' title='bbox 2576 1531 2803 1602; x_wconf 92' lang='lat' dir='ltr'><strong><em>quidam</em></strong></span> <span class='ocrx_word' id='word_1_472' title='bbox 2823 1533 3086 1588; x_wconf 88' lang='lat' dir='ltr'><strong><em>sectarius</em></strong></span> <span class='ocrx_word' id='word_1_473' title='bbox 3106 1534 3346 1589; x_wconf 88' lang='lat' dir='ltr'><strong><em>Joannes</em></strong></span> <span class='ocrx_word' id='word_1_474' title='bbox 3379 1533 3533 1589; x_wconf 85' lang='lat' dir='ltr'><strong><em>Rud-</em></strong></span> 
     </span>
    </p>
   </div>
   <div class='ocr_carea' id='block_1_72' title="bbox 1933 1619 3534 1682">
    <p class='ocr_par' dir='ltr' id='par_1_72' title="bbox 1933 1619 3534 1682">
     <span class='ocr_line' id='line_1_72' title="bbox 1933 1619 3534 1682; baseline 0.003 -7"><span class='ocrx_word' id='word_1_475' title='bbox 1933 1619 2081 1677; x_wconf 84' lang='lat' dir='ltr'><strong><em>rauff</em></strong></span> <span class='ocrx_word' id='word_1_476' title='bbox 2127 1623 2185 1677; x_wconf 86' lang='lat' dir='ltr'><strong><em>in</em></strong></span> <span class='ocrx_word' id='word_1_477' title='bbox 2248 1625 2624 1681; x_wconf 87' lang='lat' dir='ltr'><strong><em>commentitio</em></strong></span> <span class='ocrx_word' id='word_1_478' title='bbox 2685 1625 2776 1680; x_wconf 92' lang='lat' dir='ltr'><strong><em>illo</em></strong></span> <span class='ocrx_word' id='word_1_479' title='bbox 2841 1641 2944 1682; x_wconf 91' lang='lat' dir='ltr'><strong><em>suo</em></strong></span> <span class='ocrx_word' id='word_1_480' title='bbox 3000 1625 3072 1681; x_wconf 89' lang='lat' dir='ltr'><strong><em>de</em></strong></span> <span class='ocrx_word' id='word_1_481' title='bbox 3129 1633 3344 1681; x_wconf 89' lang='lat' dir='ltr'><strong><em>cometa</em></strong></span> <span class='ocrx_word' id='word_1_482' title='bbox 3406 1625 3534 1681; x_wconf 91' lang='lat' dir='ltr'><strong><em>anni</em></strong></span> 
     </span>
    </p>
   </div>
   <div class='ocr_carea' id='block_1_73' title="bbox 1935 1714 3532 1791">
    <p class='ocr_par' dir='ltr' id='par_1_73' title="bbox 1935 1714 3532 1791">
     <span class='ocr_line' id='line_1_73' title="bbox 1935 1714 3532 1791; baseline 0.004 -22"><span class='ocrx_word' id='word_1_483' title='bbox 1935 1714 2230 1786; x_wconf 88' lang='lat' dir='ltr'><strong><em>superioris</em></strong></span> <span class='ocrx_word' id='word_1_484' title='bbox 2270 1719 2670 1774; x_wconf 87' lang='lat' dir='ltr'><strong><em>commentario</em></strong></span> <span class='ocrx_word' id='word_1_485' title='bbox 2701 1724 2888 1791; x_wconf 88' lang='lat' dir='ltr'><strong><em>(quem</em></strong></span> <span class='ocrx_word' id='word_1_486' title='bbox 2910 1719 3036 1790; x_wconf 87' lang='lat' dir='ltr'><strong><em>jure</em></strong></span> <span class='ocrx_word' id='word_1_487' title='bbox 3076 1719 3259 1774; x_wconf 89' lang='lat' dir='ltr'><strong><em>omnis</em></strong></span> <span class='ocrx_word' id='word_1_488' title='bbox 3284 1718 3532 1775; x_wconf 81' lang='lat' dir='ltr'><strong><em>stultitia</em></strong></span> 
     </span>
    </p>
   </div>
   <div class='ocr_carea' id='block_1_74' title="bbox 1857 1792 3528 1884">
    <p class='ocr_par' dir='ltr' id='par_1_74' title="bbox 1857 1792 3528 1884">
     <span class='ocr_line' id='line_1_74' title="bbox 1857 1792 3528 1884; baseline 0.002 -22"><span class='ocrx_word' id='word_1_489' title='bbox 1857 1792 1904 1854; x_wconf 88' lang='grc' dir='ltr'><strong>Β</strong></span> <span class='ocrx_word' id='word_1_490' title='bbox 1935 1816 1991 1863; x_wconf 91' lang='lat' dir='ltr'><strong><em>et</em></strong></span> <span class='ocrx_word' id='word_1_491' title='bbox 2039 1809 2270 1866; x_wconf 86' lang='lat' dir='ltr'><strong><em>vesania</em></strong></span> <span class='ocrx_word' id='word_1_492' title='bbox 2310 1810 2751 1883; x_wconf 79' lang='lat' dir='ltr'><strong><em>promptuarium</em></strong></span> <span class='ocrx_word' id='word_1_493' title='bbox 2805 1811 3177 1884; x_wconf 87' lang='lat' dir='ltr'><strong><em>appellaveris)</em></strong></span> <span class='ocrx_word' id='word_1_494' title='bbox 3225 1827 3414 1867; x_wconf 90' lang='lat' dir='ltr'><strong><em>rursus</em></strong></span> <span class='ocrx_word' id='word_1_495' title='bbox 3471 1812 3528 1866; x_wconf 91' lang='lat' dir='ltr'><strong><em>in</em></strong></span> 
     </span>
    </p>
   </div>
   <div class='ocr_carea' id='block_1_75' title="bbox 1936 1903 3528 1978">
    <p class='ocr_par' dir='ltr' id='par_1_75' title="bbox 1936 1903 3528 1978">
     <span class='ocr_line' id='line_1_75' title="bbox 1936 1903 3528 1978; baseline 0.001 -21"><span class='ocrx_word' id='word_1_496' title='bbox 1936 1903 2113 1958; x_wconf 91' lang='lat' dir='ltr'><strong><em>lucem</em></strong></span> <span class='ocrx_word' id='word_1_497' title='bbox 2133 1905 2412 1974; x_wconf 88' lang='lat' dir='ltr'><strong><em>protuluit,</em></strong></span> <span class='ocrx_word' id='word_1_498' title='bbox 2438 1913 2494 1962; x_wconf 89' lang='lat' dir='ltr'><strong><em>et</em></strong></span> <span class='ocrx_word' id='word_1_499' title='bbox 2525 1904 2826 1962; x_wconf 85' lang='lat' dir='ltr'><strong><em>vanissimis</em></strong></span> <span class='ocrx_word' id='word_1_500' title='bbox 2852 1905 3169 1978; x_wconf 84' lang='lat' dir='ltr'><strong><em>exegesibus</em></strong></span> <span class='ocrx_word' id='word_1_501' title='bbox 3194 1905 3528 1961; x_wconf 86' lang='lat' dir='ltr'><strong><em>illustratum</em></strong></span> 
     </span>
    </p>
   </div>
   <div class='ocr_carea' id='block_1_76' title="bbox 1935 1995 2282 2053">
    <p class='ocr_par' dir='ltr' id='par_1_76' title="bbox 1935 1995 2282 2053">
     <span class='ocr_line' id='line_1_76' title="bbox 1935 1995 2282 2053; baseline 0.006 -2"><span class='ocrx_word' id='word_1_502' title='bbox 1935 1995 2138 2052; x_wconf 88' lang='lat' dir='ltr'><strong><em>scilicet</em></strong></span> <span class='ocrx_word' id='word_1_503' title='bbox 2168 1997 2282 2053; x_wconf 89' lang='lat' dir='ltr'><strong><em>ivit.</em></strong></span> 
     </span>
    </p>
   </div>
   <div class='ocr_carea' id='block_1_77' title="bbox 2005 2089 3524 2158">
    <p class='ocr_par' dir='ltr' id='par_1_77' title="bbox 2005 2089 3524 2158">
     <span class='ocr_line' id='line_1_77' title="bbox 2005 2089 3524 2158; baseline 0.001 -14"><span class='ocrx_word' id='word_1_504' title='bbox 2005 2089 2214 2145; x_wconf 83' lang='lat' dir='ltr'><strong><em>Retulit</em></strong></span> <span class='ocrx_word' id='word_1_505' title='bbox 2273 2091 2491 2148; x_wconf 91' lang='lat' dir='ltr'><strong><em>easdem</em></strong></span> <span class='ocrx_word' id='word_1_506' title='bbox 2555 2107 2683 2157; x_wconf 83' lang='lat' dir='ltr'><strong><em>cum</em></strong></span> <span class='ocrx_word' id='word_1_507' title='bbox 2736 2091 3000 2148; x_wconf 88' lang='lat' dir='ltr'><strong><em>Paracelsi</em></strong></span> <span class='ocrx_word' id='word_1_508' title='bbox 3057 2089 3524 2158; x_wconf 87' lang='lat' dir='ltr'><strong><em>adnotationibus,</em></strong></span> 
     </span>
    </p>
   </div>
   <div class='ocr_carea' id='block_1_78' title="bbox 1933 2182 3550 2257">
    <p class='ocr_par' dir='ltr' id='par_1_78' title="bbox 1933 2182 3550 2257">
     <span class='ocr_line' id='line_1_78' title="bbox 1933 2182 3550 2257; baseline 0.005 -21"><span class='ocrx_word' id='word_1_509' title='bbox 1933 2182 2183 2254; x_wconf 91' lang='lat' dir='ltr'><strong><em>notisque</em></strong></span> <span class='ocrx_word' id='word_1_510' title='bbox 2223 2185 2614 2257; x_wconf 87' lang='lat' dir='ltr'><strong><em>marginalibus</em></strong></span> <span class='ocrx_word' id='word_1_511' title='bbox 2647 2185 2844 2241; x_wconf 83' lang='lat' dir='ltr'><strong><em>Adami</em></strong></span> <span class='ocrx_word' id='word_1_512' title='bbox 2865 2184 3165 2249; x_wconf 83' lang='lat' dir='ltr'><strong><em>Durischii,</em></strong></span> <span class='ocrx_word' id='word_1_513' title='bbox 3209 2192 3266 2240; x_wconf 92' lang='lat' dir='ltr'><strong><em>et</em></strong></span> <span class='ocrx_word' id='word_1_514' title='bbox 3290 2183 3550 2255; x_wconf 84' lang='lat' dir='ltr'><strong><em>exegesi-._</em></strong></span> 
     </span>
    </p>
   </div>
   <div class='ocr_carea' id='block_1_79' title="bbox 1934 2275 3521 2351">
    <p class='ocr_par' dir='ltr' id='par_1_79' title="bbox 1934 2275 3521 2351">
     <span class='ocr_line' id='line_1_79' title="bbox 1934 2275 3521 2351; baseline 0.001 -21"><span class='ocrx_word' id='word_1_515' title='bbox 1934 2275 2034 2332; x_wconf 90' lang='lat' dir='ltr'><strong><em>bus</em></strong></span> <span class='ocrx_word' id='word_1_516' title='bbox 2059 2279 2285 2333; x_wconf 88' lang='lat' dir='ltr'><strong><em>Joannis</em></strong></span> <span class='ocrx_word' id='word_1_517' title='bbox 2309 2277 2629 2344; x_wconf 78' lang='lat' dir='ltr'><strong><em>Adrasderi,</em></strong></span> <span class='ocrx_word' id='word_1_518' title='bbox 2666 2287 2826 2334; x_wconf 88' lang='lat' dir='ltr'><strong><em>terra</em></strong></span> <span class='ocrx_word' id='word_1_519' title='bbox 2854 2277 2972 2344; x_wconf 88' lang='lat' dir='ltr'><strong><em>ﬁlii,</em></strong></span> <span class='ocrx_word' id='word_1_520' title='bbox 3003 2278 3261 2351; x_wconf 88' lang='lat' dir='ltr'><strong><em>ignobilis</em></strong></span> <span class='ocrx_word' id='word_1_521' title='bbox 3283 2276 3521 2344; x_wconf 89' lang='lat' dir='ltr'><strong><em>sectarii,</em></strong></span> 
     </span>
    </p>
   </div>
   <div class='ocr_carea' id='block_1_80' title="bbox 1930 2370 3529 2433">
    <p class='ocr_par' dir='ltr' id='par_1_80' title="bbox 1930 2370 3529 2433">
     <span class='ocr_line' id='line_1_80' title="bbox 1930 2370 3529 2433; baseline 0.001 -9"><span class='ocrx_word' id='word_1_522' title='bbox 1930 2370 1982 2424; x_wconf 90' lang='lat' dir='ltr'><strong><em>in</em></strong></span> <span class='ocrx_word' id='word_1_523' title='bbox 2018 2386 2182 2426; x_wconf 90' lang='lat' dir='ltr'><strong><em>suum</em></strong></span> <span class='ocrx_word' id='word_1_524' title='bbox 2234 2370 2626 2428; x_wconf 89' lang='lat' dir='ltr'><strong><em>duodecimum</em></strong></span> <span class='ocrx_word' id='word_1_525' title='bbox 2664 2371 3332 2433; x_wconf 61' lang='lat' dir='ltr'><strong><em>CentenariumTJoannes</em></strong></span> <span class='ocrx_word' id='word_1_526' title='bbox 3372 2372 3529 2426; x_wconf 89' lang='lat' dir='ltr'><strong><em>Wol-</em></strong></span> 
     </span>
    </p>
   </div>
   <div class='ocr_carea' id='block_1_81' title="bbox 1931 2462 3523 2536">
    <p class='ocr_par' dir='ltr' id='par_1_81' title="bbox 1931 2462 3523 2536">
     <span class='ocr_line' id='line_1_81' title="bbox 1931 2462 3523 2536; baseline 0 -18"><span class='ocrx_word' id='word_1_527' title='bbox 1931 2463 2052 2531; x_wconf 89' lang='lat' dir='ltr'><strong><em>ﬁus,</em></strong></span> <span class='ocrx_word' id='word_1_528' title='bbox 2088 2465 2179 2536; x_wconf 90' lang='lat' dir='ltr'><strong><em>qui</em></strong></span> <span class='ocrx_word' id='word_1_529' title='bbox 2205 2463 2260 2520; x_wconf 88' lang='lat' dir='ltr'><strong><em>id</em></strong></span> <span class='ocrx_word' id='word_1_530' title='bbox 2293 2465 2520 2520; x_wconf 89' lang='lat' dir='ltr'><strong><em>unicum</em></strong></span> <span class='ocrx_word' id='word_1_531' title='bbox 2545 2481 2693 2522; x_wconf 83' lang='lat' dir='ltr'><strong><em>cura</em></strong></span> <span class='ocrx_word' id='word_1_532' title='bbox 2715 2463 3010 2534; x_wconf 89' lang='lat' dir='ltr'><strong><em>studioque</em></strong></span> <span class='ocrx_word' id='word_1_533' title='bbox 3053 2463 3248 2520; x_wconf 88' lang='lat' dir='ltr'><strong><em>habuit</em></strong></span> <span class='ocrx_word' id='word_1_534' title='bbox 3276 2473 3336 2519; x_wconf 92' lang='lat' dir='ltr'><strong><em>ut</em></strong></span> <span class='ocrx_word' id='word_1_535' title='bbox 3363 2462 3523 2534; x_wconf 88' lang='lat' dir='ltr'><strong><em>quid-</em></strong></span> 
     </span>
    </p>
   </div>
   <div class='ocr_carea' id='block_1_82' title="bbox 1929 2555 3525 2630">
    <p class='ocr_par' dir='ltr' id='par_1_82' title="bbox 1929 2555 3525 2630">
     <span class='ocr_line' id='line_1_82' title="bbox 1929 2555 3525 2630; baseline 0 -19"><span class='ocrx_word' id='word_1_536' title='bbox 1929 2557 2056 2628; x_wconf 90' lang='lat' dir='ltr'><strong><em>quid</em></strong></span> <span class='ocrx_word' id='word_1_537' title='bbox 2107 2574 2340 2630; x_wconf 90' lang='lat' dir='ltr'><strong><em>usquam</em></strong></span> <span class='ocrx_word' id='word_1_538' title='bbox 2388 2559 2443 2614; x_wconf 88' lang='lat' dir='ltr'><strong><em>in</em></strong></span> <span class='ocrx_word' id='word_1_539' title='bbox 2493 2559 2801 2629; x_wconf 88' lang='lat' dir='ltr'><strong><em>pontiﬁces,</em></strong></span> <span class='ocrx_word' id='word_1_540' title='bbox 2848 2559 3154 2630; x_wconf 89' lang='lat' dir='ltr'><strong><em>episcopos,</em></strong></span> <span class='ocrx_word' id='word_1_541' title='bbox 3204 2555 3525 2623; x_wconf 89' lang='lat' dir='ltr'><strong><em>monachos,</em></strong></span> 
     </span>
    </p>
   </div>
   <div class='ocr_carea' id='block_1_83' title="bbox 1929 2649 3527 2722">
    <p class='ocr_par' dir='ltr' id='par_1_83' title="bbox 1929 2649 3527 2722">
     <span class='ocr_line' id='line_1_83' title="bbox 1929 2649 3527 2722; baseline 0 -18"><span class='ocrx_word' id='word_1_542' title='bbox 1929 2649 2216 2720; x_wconf 88' lang='lat' dir='ltr'><strong><em>moniales,</em></strong></span> <span class='ocrx_word' id='word_1_543' title='bbox 2235 2659 2522 2722; x_wconf 88' lang='lat' dir='ltr'><strong><em>totumque</em></strong></span> <span class='ocrx_word' id='word_1_544' title='bbox 2543 2651 3041 2708; x_wconf 86' lang='lat' dir='ltr'><strong><em>ecclesiasticorum</em></strong></span> <span class='ocrx_word' id='word_1_545' title='bbox 3063 2659 3117 2706; x_wconf 88' lang='lat' dir='ltr'><strong><em>et</em></strong></span> <span class='ocrx_word' id='word_1_546' title='bbox 3147 2651 3527 2722; x_wconf 88' lang='lat' dir='ltr'><strong><em>religiosorum</em></strong></span> 
     </span>
    </p>
   </div>
   <div class='ocr_carea' id='block_1_84' title="bbox 1927 2743 3524 2816">
    <p class='ocr_par' dir='ltr' id='par_1_84' title="bbox 1927 2743 3524 2816">
     <span class='ocr_line' id='line_1_84' title="bbox 1927 2743 3524 2816; baseline 0 -18"><span class='ocrx_word' id='word_1_547' title='bbox 1927 2751 2134 2798; x_wconf 89' lang='lat' dir='ltr'><strong><em>statum</em></strong></span> <span class='ocrx_word' id='word_1_548' title='bbox 2181 2751 2237 2800; x_wconf 90' lang='lat' dir='ltr'><strong><em>et</em></strong></span> <span class='ocrx_word' id='word_1_549' title='bbox 2280 2743 2532 2800; x_wconf 88' lang='lat' dir='ltr'><strong><em>ordinem</em></strong></span> <span class='ocrx_word' id='word_1_550' title='bbox 2579 2745 2907 2816; x_wconf 89' lang='lat' dir='ltr'><strong><em>probrosum</em></strong></span> <span class='ocrx_word' id='word_1_551' title='bbox 2957 2760 3022 2799; x_wconf 87' lang='lat' dir='ltr'><strong><em>ac</em></strong></span> <span class='ocrx_word' id='word_1_552' title='bbox 3060 2743 3524 2800; x_wconf 90' lang='lat' dir='ltr'><strong><em>contumeliosum</em></strong></span> 
     </span>
    </p>
   </div>
   <div class='ocr_carea' id='block_1_85' title="bbox 1929 2835 3522 2909">
    <p class='ocr_par' dir='ltr' id='par_1_85' title="bbox 1929 2835 3522 2909">
     <span class='ocr_line' id='line_1_85' title="bbox 1929 2835 3522 2909; baseline 0.001 -18"><span class='ocrx_word' id='word_1_553' title='bbox 1929 2836 2151 2908; x_wconf 88' lang='lat' dir='ltr'><strong><em>legerat,</em></strong></span> <span class='ocrx_word' id='word_1_554' title='bbox 2179 2837 2423 2893; x_wconf 89' lang='lat' dir='ltr'><strong><em>audierat</em></strong></span> <span class='ocrx_word' id='word_1_555' title='bbox 2453 2838 2533 2892; x_wconf 87' lang='lat' dir='ltr'><strong><em>vel</em></strong></span> <span class='ocrx_word' id='word_1_556' title='bbox 2577 2837 2646 2892; x_wconf 92' lang='lat' dir='ltr'><strong><em>ab</em></strong></span> <span class='ocrx_word' id='word_1_557' title='bbox 2679 2837 2798 2892; x_wconf 91' lang='lat' dir='ltr'><strong><em>aliis</em></strong></span> <span class='ocrx_word' id='word_1_558' title='bbox 2834 2846 3144 2909; x_wconf 88' lang='lat' dir='ltr'><strong><em>acceperat,</em></strong></span> <span class='ocrx_word' id='word_1_559' title='bbox 3177 2835 3230 2892; x_wconf 93' lang='lat' dir='ltr'><strong><em>id</em></strong></span> <span class='ocrx_word' id='word_1_560' title='bbox 3259 2837 3320 2892; x_wconf 91' lang='lat' dir='ltr'><strong><em>in</em></strong></span> <span class='ocrx_word' id='word_1_561' title='bbox 3350 2851 3522 2892; x_wconf 88' lang='lat' dir='ltr'><strong><em>unum</em></strong></span> 
     </span>
    </p>
   </div>
   <div class='ocr_carea' id='block_1_86' title="bbox 1926 2928 3520 3002">
    <p class='ocr_par' dir='ltr' id='par_1_86' title="bbox 1926 2928 3520 3002">
     <span class='ocr_line' id='line_1_86' title="bbox 1926 2928 3520 3002; baseline -0.001 -18"><span class='ocrx_word' id='word_1_562' title='bbox 1926 2928 2130 2985; x_wconf 87' lang='lat' dir='ltr'><strong><em>fascem</em></strong></span> <span class='ocrx_word' id='word_1_563' title='bbox 2159 2938 2532 3001; x_wconf 77' lang='lat' dir='ltr'><strong><em>comportarat</em></strong></span> <span class='ocrx_word' id='word_1_564' title='bbox 2570 2945 2634 2985; x_wconf 90' lang='lat' dir='ltr'><strong><em>ac</em></strong></span> <span class='ocrx_word' id='word_1_565' title='bbox 2662 2930 2962 3002; x_wconf 88' lang='lat' dir='ltr'><strong><em>colligaret,</em></strong></span> <span class='ocrx_word' id='word_1_566' title='bbox 2992 2938 3054 2986; x_wconf 91' lang='lat' dir='ltr'><strong><em>ut</em></strong></span> <span class='ocrx_word' id='word_1_567' title='bbox 3083 2929 3285 2986; x_wconf 89' lang='lat' dir='ltr'><strong><em>scurris</em></strong></span> <span class='ocrx_word' id='word_1_568' title='bbox 3313 2937 3366 2984; x_wconf 91' lang='lat' dir='ltr'><strong><em>et</em></strong></span> <span class='ocrx_word' id='word_1_569' title='bbox 3393 2944 3520 2984; x_wconf 89' lang='lat' dir='ltr'><strong><em>san-</em></strong></span> 
     </span>
    </p>
   </div>
   <div class='ocr_carea' id='block_1_87' title="bbox 1928 3021 3522 3096">
    <p class='ocr_par' dir='ltr' id='par_1_87' title="bbox 1928 3021 3522 3096">
     <span class='ocr_line' id='line_1_87' title="bbox 1928 3021 3522 3096; baseline -0.001 -18"><span class='ocrx_word' id='word_1_570' title='bbox 1928 3022 2188 3080; x_wconf 90' lang='lat' dir='ltr'><strong><em>nionibus</em></strong></span> <span class='ocrx_word' id='word_1_571' title='bbox 2212 3039 2426 3096; x_wconf 87' lang='lat' dir='ltr'><strong><em>semper</em></strong></span> <span class='ocrx_word' id='word_1_572' title='bbox 2451 3031 2597 3080; x_wconf 89' lang='lat' dir='ltr'><strong><em>esset</em></strong></span> <span class='ocrx_word' id='word_1_573' title='bbox 2626 3023 2678 3078; x_wconf 89' lang='lat' dir='ltr'><strong><em>in</em></strong></span> <span class='ocrx_word' id='word_1_574' title='bbox 2719 3031 2980 3095; x_wconf 89' lang='lat' dir='ltr'><strong><em>promptu</em></strong></span> <span class='ocrx_word' id='word_1_575' title='bbox 3008 3022 3227 3093; x_wconf 86' lang='lat' dir='ltr'><strong><em>copiosa</em></strong></span> <span class='ocrx_word' id='word_1_576' title='bbox 3274 3021 3522 3088; x_wconf 88' lang='lat' dir='ltr'><strong><em>materia,</em></strong></span> 
     </span>
    </p>
   </div>
   <div class='ocr_carea' id='block_1_88' title="bbox 1929 3115 3525 3190">
    <p class='ocr_par' dir='ltr' id='par_1_88' title="bbox 1929 3115 3525 3190">
     <span class='ocr_line' id='line_1_88' title="bbox 1929 3115 3525 3190; baseline -0.003 -16"><span class='ocrx_word' id='word_1_577' title='bbox 1929 3117 2360 3189; x_wconf 88' lang='lat' dir='ltr'><strong><em>quotiescunque</em></strong></span> <span class='ocrx_word' id='word_1_578' title='bbox 2403 3116 2644 3190; x_wconf 85' lang='lat' dir='ltr'><strong><em>linguam</em></strong></span> <span class='ocrx_word' id='word_1_579' title='bbox 2683 3116 2766 3173; x_wconf 89' lang='lat' dir='ltr'><strong><em>vel</em></strong></span> <span class='ocrx_word' id='word_1_580' title='bbox 2794 3116 2996 3189; x_wconf 88' lang='lat' dir='ltr'><strong><em>stylum</em></strong></span> <span class='ocrx_word' id='word_1_581' title='bbox 3036 3115 3092 3170; x_wconf 92' lang='lat' dir='ltr'><strong><em>in</em></strong></span> <span class='ocrx_word' id='word_1_582' title='bbox 3121 3115 3438 3186; x_wconf 86' lang='lat' dir='ltr'><strong><em>pontiﬁcem</em></strong></span> <span class='ocrx_word' id='word_1_583' title='bbox 3469 3121 3525 3170; x_wconf 91' lang='lat' dir='ltr'><strong><em>et</em></strong></span> 
     </span>
    </p>
   </div>
   <div class='ocr_carea' id='block_1_89' title="bbox 1928 3208 3526 3283">
    <p class='ocr_par' dir='ltr' id='par_1_89' title="bbox 1928 3208 3526 3283">
     <span class='ocr_line' id='line_1_89' title="bbox 1928 3208 3526 3283; baseline -0.002 -17"><span class='ocrx_word' id='word_1_584' title='bbox 1928 3211 2065 3267; x_wconf 88' lang='lat' dir='ltr'><strong><em>alios</em></strong></span> <span class='ocrx_word' id='word_1_585' title='bbox 2089 3210 2359 3283; x_wconf 86' lang='lat' dir='ltr'><strong><em>stringere</em></strong></span> <span class='ocrx_word' id='word_1_586' title='bbox 2387 3210 2567 3278; x_wconf 83' lang='lat' dir='ltr'><strong><em>lubet;</em></strong></span> <span class='ocrx_word' id='word_1_587' title='bbox 2597 3209 2822 3282; x_wconf 90' lang='lat' dir='ltr'><strong><em>quando</em></strong></span> <span class='ocrx_word' id='word_1_588' title='bbox 2849 3218 3035 3266; x_wconf 88' lang='lat' dir='ltr'><strong><em>autem</em></strong></span> <span class='ocrx_word' id='word_1_589' title='bbox 3060 3225 3172 3265; x_wconf 92' lang='lat' dir='ltr'><strong><em>non</em></strong></span> <span class='ocrx_word' id='word_1_590' title='bbox 3199 3208 3384 3265; x_wconf 81' lang='lat' dir='ltr'><strong><em>lubet?</em></strong></span> <span class='ocrx_word' id='word_1_591' title='bbox 3412 3211 3526 3264; x_wconf 87' lang='lat' dir='ltr'><strong><em>Nec</em></strong></span> 
     </span>
    </p>
   </div>
   <div class='ocr_carea' id='block_1_90' title="bbox 1929 3300 3523 3375">
    <p class='ocr_par' dir='ltr' id='par_1_90' title="bbox 1929 3300 3523 3375">
     <span class='ocr_line' id='line_1_90' title="bbox 1929 3300 3523 3375; baseline -0.002 -15"><span class='ocrx_word' id='word_1_592' title='bbox 1929 3305 2099 3361; x_wconf 88' lang='lat' dir='ltr'><strong><em>refert</em></strong></span> <span class='ocrx_word' id='word_1_593' title='bbox 2139 3303 2285 3375; x_wconf 90' lang='lat' dir='ltr'><strong><em>quod</em></strong></span> <span class='ocrx_word' id='word_1_594' title='bbox 2315 3303 2656 3368; x_wconf 87' lang='lat' dir='ltr'><strong><em>Paracelsus,</em></strong></span> <span class='ocrx_word' id='word_1_595' title='bbox 2689 3303 2921 3360; x_wconf 89' lang='lat' dir='ltr'><strong><em>Wolﬁus</em></strong></span> <span class='ocrx_word' id='word_1_596' title='bbox 2961 3312 3019 3359; x_wconf 88' lang='lat' dir='ltr'><strong><em>et</em></strong></span> <span class='ocrx_word' id='word_1_597' title='bbox 3044 3302 3203 3374; x_wconf 89' lang='lat' dir='ltr'><strong><em>hujus</em></strong></span> <span class='ocrx_word' id='word_1_598' title='bbox 3234 3301 3415 3358; x_wconf 86' lang='lat' dir='ltr'><strong><em>tribus</em></strong></span> <span class='ocrx_word' id='word_1_599' title='bbox 3437 3300 3523 3358; x_wconf 89' lang='lat' dir='ltr'><strong><em>alii</em></strong></span> 
     </span>
    </p>
   </div>
   <div class='ocr_carea' id='block_1_91' title="bbox 1927 3394 3520 3468">
    <p class='ocr_par' dir='ltr' id='par_1_91' title="bbox 1927 3394 3520 3468">
     <span class='ocr_line' id='line_1_91' title="bbox 1927 3394 3520 3468; baseline -0.003 -14"><span class='ocrx_word' id='word_1_600' title='bbox 1927 3414 2132 3454; x_wconf 89' lang='lat' dir='ltr'><strong><em>nomen</em></strong></span> <span class='ocrx_word' id='word_1_601' title='bbox 2178 3396 2446 3453; x_wconf 87' lang='lat' dir='ltr'><strong><em>Joachimi</em></strong></span> <span class='ocrx_word' id='word_1_602' title='bbox 2497 3394 2710 3453; x_wconf 87' lang='lat' dir='ltr'><strong><em>abbatis</em></strong></span> <span class='ocrx_word' id='word_1_603' title='bbox 2752 3402 3141 3468; x_wconf 85' lang='lat' dir='ltr'><strong><em>pratexerunt,</em></strong></span> <span class='ocrx_word' id='word_1_604' title='bbox 3185 3395 3308 3466; x_wconf 78' lang='lat' dir='ltr'><strong><em>quia</em></strong></span> <span class='ocrx_word' id='word_1_605' title='bbox 3357 3411 3520 3450; x_wconf 91' lang='lat' dir='ltr'><strong><em>nemo</em></strong></span> 
     </span>
    </p>
   </div>
   <div class='ocr_carea' id='block_1_92' title="bbox 1929 3487 3522 3563">
    <p class='ocr_par' dir='ltr' id='par_1_92' title="bbox 1929 3487 3522 3563">
     <span class='ocr_line' id='line_1_92' title="bbox 1929 3487 3522 3563; baseline -0.004 -16"><span class='ocrx_word' id='word_1_606' title='bbox 1929 3492 2145 3563; x_wconf 89' lang='lat' dir='ltr'><strong><em>ignorat</em></strong></span> <span class='ocrx_word' id='word_1_607' title='bbox 2171 3493 2303 3547; x_wconf 92' lang='lat' dir='ltr'><strong><em>istos</em></strong></span> <span class='ocrx_word' id='word_1_608' title='bbox 2333 3490 2412 3545; x_wconf 92' lang='lat' dir='ltr'><strong><em>sic</em></strong></span> <span class='ocrx_word' id='word_1_609' title='bbox 2437 3505 2556 3546; x_wconf 88' lang='lat' dir='ltr'><strong><em>esse</em></strong></span> <span class='ocrx_word' id='word_1_610' title='bbox 2579 3490 2734 3545; x_wconf 87' lang='lat' dir='ltr'><strong><em>ﬁctos</em></strong></span> <span class='ocrx_word' id='word_1_611' title='bbox 2774 3498 2829 3544; x_wconf 89' lang='lat' dir='ltr'><strong><em>et</em></strong></span> <span class='ocrx_word' id='word_1_612' title='bbox 2868 3489 3039 3544; x_wconf 87' lang='lat' dir='ltr'><strong><em>factos</em></strong></span> <span class='ocrx_word' id='word_1_613' title='bbox 3072 3497 3133 3544; x_wconf 91' lang='lat' dir='ltr'><strong><em>ut</em></strong></span> <span class='ocrx_word' id='word_1_614' title='bbox 3162 3489 3262 3543; x_wconf 91' lang='lat' dir='ltr'><strong><em>sub</em></strong></span> <span class='ocrx_word' id='word_1_615' title='bbox 3291 3487 3522 3542; x_wconf 86' lang='lat' dir='ltr'><strong><em>aliorum</em></strong></span> 
     </span>
    </p>
   </div>
   <div class='ocr_carea' id='block_1_93' title="bbox 1925 3580 3526 3655">
    <p class='ocr_par' dir='ltr' id='par_1_93' title="bbox 1925 3580 3526 3655">
     <span class='ocr_line' id='line_1_93' title="bbox 1925 3580 3526 3655; baseline -0.004 -15"><span class='ocrx_word' id='word_1_616' title='bbox 1925 3584 2266 3648; x_wconf 90' lang='lat' dir='ltr'><strong><em>nominibus,</em></strong></span> <span class='ocrx_word' id='word_1_617' title='bbox 2318 3583 2472 3655; x_wconf 91' lang='lat' dir='ltr'><strong><em>quasi</em></strong></span> <span class='ocrx_word' id='word_1_618' title='bbox 2527 3583 2866 3650; x_wconf 85' lang='lat' dir='ltr'><strong><em>velamentis,</em></strong></span> <span class='ocrx_word' id='word_1_619' title='bbox 2908 3598 3066 3638; x_wconf 91' lang='lat' dir='ltr'><strong><em>suam</em></strong></span> <span class='ocrx_word' id='word_1_620' title='bbox 3116 3580 3416 3652; x_wconf 87' lang='lat' dir='ltr'><strong><em>nequitiam</em></strong></span> <span class='ocrx_word' id='word_1_621' title='bbox 3470 3589 3526 3634; x_wconf 88' lang='lat' dir='ltr'><strong><em>et</em></strong></span> 
     </span>
    </p>
   </div>
   <div class='ocr_carea' id='block_1_94' title="bbox 1926 3673 3524 3750">
    <p class='ocr_par' dir='ltr' id='par_1_94' title="bbox 1926 3673 3524 3750">
     <span class='ocr_line' id='line_1_94' title="bbox 1926 3673 3524 3750; baseline -0.004 -16"><span class='ocrx_word' id='word_1_622' title='bbox 1926 3677 2367 3750; x_wconf 84' lang='lat' dir='ltr'><strong><em>improbitatem,</em></strong></span> <span class='ocrx_word' id='word_1_623' title='bbox 2394 3684 2660 3748; x_wconf 90' lang='lat' dir='ltr'><strong><em>quantum</em></strong></span> <span class='ocrx_word' id='word_1_624' title='bbox 2708 3675 2827 3731; x_wconf 90' lang='lat' dir='ltr'><strong><em>ﬁeri</em></strong></span> <span class='ocrx_word' id='word_1_625' title='bbox 2859 3683 3059 3747; x_wconf 88' lang='lat' dir='ltr'><strong><em>potest,</em></strong></span> <span class='ocrx_word' id='word_1_626' title='bbox 3101 3673 3366 3746; x_wconf 86' lang='lat' dir='ltr'><strong><em>aperiant.</em></strong></span> <span class='ocrx_word' id='word_1_627' title='bbox 3410 3676 3524 3729; x_wconf 87' lang='lat' dir='ltr'><strong><em>Nec</em></strong></span> 
     </span>
    </p>
   </div>
   <div class='ocr_carea' id='block_1_95' title="bbox 1926 3765 3524 3840">
    <p class='ocr_par' dir='ltr' id='par_1_95' title="bbox 1926 3765 3524 3840">
     <span class='ocr_line' id='line_1_95' title="bbox 1926 3765 3524 3840; baseline -0.004 -12"><span class='ocrx_word' id='word_1_628' title='bbox 1926 3772 2191 3828; x_wconf 86' lang='lat' dir='ltr'><strong><em>dissident</em></strong></span> <span class='ocrx_word' id='word_1_629' title='bbox 2235 3770 2304 3826; x_wconf 93' lang='lat' dir='ltr'><strong><em>ab</em></strong></span> <span class='ocrx_word' id='word_1_630' title='bbox 2332 3770 2417 3826; x_wconf 91' lang='lat' dir='ltr'><strong><em>his</em></strong></span> <span class='ocrx_word' id='word_1_631' title='bbox 2445 3769 2704 3825; x_wconf 86' lang='lat' dir='ltr'><strong><em>vaticinia</em></strong></span> <span class='ocrx_word' id='word_1_632' title='bbox 2745 3769 2958 3840; x_wconf 88' lang='lat' dir='ltr'><strong><em>triginta</em></strong></span> <span class='ocrx_word' id='word_1_633' title='bbox 2986 3765 3254 3824; x_wconf 88' lang='lat' dir='ltr'><strong><em>Joachimi</em></strong></span> <span class='ocrx_word' id='word_1_634' title='bbox 3291 3767 3524 3834; x_wconf 84' lang='lat' dir='ltr'><strong><em>abbatis,</em></strong></span> 
     </span>
    </p>
   </div>
   <div class='ocr_carea' id='block_1_96' title="bbox 1927 3860 3520 3929">
    <p class='ocr_par' dir='ltr' id='par_1_96' title="bbox 1927 3860 3520 3929">
     <span class='ocr_line' id='line_1_96' title="bbox 1927 3860 3520 3929; baseline -0.004 -7"><span class='ocrx_word' id='word_1_635' title='bbox 1927 3875 1990 3922; x_wconf 90' lang='lat' dir='ltr'><strong><em>ut</em></strong></span> <span class='ocrx_word' id='word_1_636' title='bbox 2025 3873 2182 3922; x_wconf 87' lang='lat' dir='ltr'><strong><em>vocat</em></strong></span> <span class='ocrx_word' id='word_1_637' title='bbox 2219 3864 2474 3929; x_wconf 88' lang='lat' dir='ltr'><strong><em>Wolﬁus,</em></strong></span> <span class='ocrx_word' id='word_1_638' title='bbox 2505 3863 2824 3920; x_wconf 88' lang='lat' dir='ltr'><strong><em>centenario</em></strong></span> <span class='ocrx_word' id='word_1_639' title='bbox 2860 3861 3276 3918; x_wconf 89' lang='lat' dir='ltr'><strong><em>mendaciorum</em></strong></span> <span class='ocrx_word' id='word_1_640' title='bbox 3313 3860 3520 3916; x_wconf 88' lang='lat' dir='ltr'><strong><em>duode-</em></strong></span> 
     </span>
    </p>
   </div>
   <div class='ocr_carea' id='block_1_97' title="bbox 1926 3954 3546 4029">
    <p class='ocr_par' dir='ltr' id='par_1_97' title="bbox 1926 3954 3546 4029">
     <span class='ocr_line' id='line_1_97' title="bbox 1926 3954 3546 4029; baseline -0.004 -15"><span class='ocrx_word' id='word_1_641' title='bbox 1926 3959 2091 4027; x_wconf 90' lang='lat' dir='ltr'><strong><em>cimo,</em></strong></span> <span class='ocrx_word' id='word_1_642' title='bbox 2135 3957 2548 4014; x_wconf 89' lang='lat' dir='ltr'><strong><em>contumeliosis</em></strong></span> <span class='ocrx_word' id='word_1_643' title='bbox 2576 3955 2930 4029; x_wconf 83' lang='lat' dir='ltr'><strong><em>imaginibus,</em></strong></span> <span class='ocrx_word' id='word_1_644' title='bbox 2974 3954 3362 4012; x_wconf 88' lang='lat' dir='ltr'><strong><em>hareticorum</em></strong></span> <span class='ocrx_word' id='word_1_645' title='bbox 3403 3961 3546 4010; x_wconf 83' lang='lat' dir='ltr'><strong><em>stu-~</em></strong></span> 
     </span>
    </p>
   </div>
   <div class='ocr_carea' id='block_1_98' title="bbox 1927 4051 2353 4122">
    <p class='ocr_par' dir='ltr' id='par_1_98' title="bbox 1927 4051 2353 4122">
     <span class='ocr_line' id='line_1_98' title="bbox 1927 4051 2353 4122; baseline -0.002 -14"><span class='ocrx_word' id='word_1_646' title='bbox 1927 4051 2037 4118; x_wconf 91' lang='lat' dir='ltr'><strong><em>dio,</em></strong></span> <span class='ocrx_word' id='word_1_647' title='bbox 2077 4066 2353 4122; x_wconf 83' lang='lat' dir='ltr'><strong><em>expressa.</em></strong></span> 
     </span>
    </p>
   </div>
   <div class='ocr_carea' id='block_1_99' title="bbox 2001 4141 3522 4217">
    <p class='ocr_par' dir='ltr' id='par_1_99' title="bbox 2001 4141 3522 4217">
     <span class='ocr_line' id='line_1_99' title="bbox 2001 4141 3522 4217; baseline -0.003 -18"><span class='ocrx_word' id='word_1_648' title='bbox 2001 4144 2254 4217; x_wconf 81' lang='lat' dir='ltr'><strong><em>Ejusdem</em></strong></span> <span class='ocrx_word' id='word_1_649' title='bbox 2284 4144 2492 4217; x_wconf 87' lang='lat' dir='ltr'><strong><em>generis</em></strong></span> <span class='ocrx_word' id='word_1_650' title='bbox 2519 4153 2602 4200; x_wconf 90' lang='lat' dir='ltr'><strong><em>est</em></strong></span> <span class='ocrx_word' id='word_1_651' title='bbox 2638 4142 2880 4215; x_wconf 87' lang='lat' dir='ltr'><strong><em>ejusdem</em></strong></span> <span class='ocrx_word' id='word_1_652' title='bbox 2909 4141 3172 4198; x_wconf 87' lang='lat' dir='ltr'><strong><em>Paracelsi</em></strong></span> <span class='ocrx_word' id='word_1_653' title='bbox 3212 4143 3522 4210; x_wconf 80' lang='lat' dir='ltr'><strong><em>Prognosti-</em></strong></span> 
     </span>
    </p>
   </div>
   <div class='ocr_carea' id='block_1_100' title="bbox 1923 4235 3630 4310">
    <p class='ocr_par' dir='ltr' id='par_1_100' title="bbox 1923 4235 3630 4310">
     <span class='ocr_line' id='line_1_100' title="bbox 1923 4235 3630 4310; baseline -0.002 -17"><span class='ocrx_word' id='word_1_654' title='bbox 1923 4241 2062 4293; x_wconf 79' lang='lat' dir='ltr'><strong><em>catio</em></strong></span> <span class='ocrx_word' id='word_1_655' title='bbox 2088 4237 2306 4310; x_wconf 87' lang='lat' dir='ltr'><strong><em>triginta</em></strong></span> <span class='ocrx_word' id='word_1_656' title='bbox 2329 4237 2540 4294; x_wconf 90' lang='lat' dir='ltr'><strong><em>duabus</em></strong></span> <span class='ocrx_word' id='word_1_657' title='bbox 2569 4237 2757 4309; x_wconf 87' lang='lat' dir='ltr'><strong><em>ﬁguris</em></strong></span> <span class='ocrx_word' id='word_1_658' title='bbox 2774 4252 2870 4292; x_wconf 90' lang='lat' dir='ltr'><strong><em>seu</em></strong></span> <span class='ocrx_word' id='word_1_659' title='bbox 2886 4235 3218 4308; x_wconf 90' lang='lat' dir='ltr'><strong><em>imaginibus</em></strong></span> <span class='ocrx_word' id='word_1_660' title='bbox 3240 4244 3519 4301; x_wconf 85' lang='lat' dir='ltr'><strong><em>constans,</em></strong></span> <span class='ocrx_word' id='word_1_661' title='bbox 3627 4289 3630 4296; x_wconf 73' lang='grc'><em>,</em></span> 
     </span>
    </p>
   </div>
   <div class='ocr_carea' id='block_1_101' title="bbox 1924 4329 3523 4403">
    <p class='ocr_par' dir='ltr' id='par_1_101' title="bbox 1924 4329 3523 4403">
     <span class='ocr_line' id='line_1_101' title="bbox 1924 4329 3523 4403; baseline -0.003 -16"><span class='ocrx_word' id='word_1_662' title='bbox 1924 4347 2090 4403; x_wconf 91' lang='lat' dir='ltr'><strong><em>quam</em></strong></span> <span class='ocrx_word' id='word_1_663' title='bbox 2131 4348 2160 4386; x_wconf 93' lang='lat' dir='ltr'><strong><em>a</em></strong></span> <span class='ocrx_word' id='word_1_664' title='bbox 2197 4331 2482 4393; x_wconf 88' lang='lat' dir='ltr'><strong><em>Schramo,</em></strong></span> <span class='ocrx_word' id='word_1_665' title='bbox 2515 4331 2837 4402; x_wconf 88' lang='lat' dir='ltr'><strong><em>pradicante</em></strong></span> <span class='ocrx_word' id='word_1_666' title='bbox 2882 4329 3248 4401; x_wconf 86' lang='lat' dir='ltr'><strong><em>Neoburgico,</em></strong></span> <span class='ocrx_word' id='word_1_667' title='bbox 3294 4344 3358 4384; x_wconf 84' lang='lat' dir='ltr'><strong><em>ex</em></strong></span> <span class='ocrx_word' id='word_1_668' title='bbox 3389 4329 3523 4384; x_wconf 88' lang='lat' dir='ltr'><strong><em>Ger-</em></strong></span> 
     </span>
    </p>
   </div>
   <div class='ocr_carea' id='block_1_102' title="bbox 1920 4421 3521 4480">
    <p class='ocr_par' dir='ltr' id='par_1_102' title="bbox 1920 4421 3521 4480">
     <span class='ocr_line' id='line_1_102' title="bbox 1920 4421 3521 4480; baseline -0.002 0"><span class='ocrx_word' id='word_1_669' title='bbox 1920 4425 2134 4480; x_wconf 88' lang='lat' dir='ltr'><strong><em>manico</em></strong></span> <span class='ocrx_word' id='word_1_670' title='bbox 2159 4423 2213 4479; x_wconf 91' lang='lat' dir='ltr'><strong><em>in</em></strong></span> <span class='ocrx_word' id='word_1_671' title='bbox 2234 4423 2492 4479; x_wconf 89' lang='lat' dir='ltr'><strong><em>Latinum</em></strong></span> <span class='ocrx_word' id='word_1_672' title='bbox 2515 4438 2828 4479; x_wconf 88' lang='lat' dir='ltr'><strong><em>sermonem</em></strong></span> <span class='ocrx_word' id='word_1_673' title='bbox 2850 4423 3167 4477; x_wconf 88' lang='lat' dir='ltr'><strong><em>translatam</em></strong></span> <span class='ocrx_word' id='word_1_674' title='bbox 3190 4421 3335 4477; x_wconf 89' lang='lat' dir='ltr'><strong><em>idem</em></strong></span> <span class='ocrx_word' id='word_1_675' title='bbox 3362 4421 3521 4476; x_wconf 88' lang='lat' dir='ltr'><strong><em>Wol-</em></strong></span> 
     </span>
    </p>
   </div>
   <div class='ocr_carea' id='block_1_103' title="bbox 1924 4513 3522 4575">
    <p class='ocr_par' dir='ltr' id='par_1_103' title="bbox 1924 4513 3522 4575">
     <span class='ocr_line' id='line_1_103' title="bbox 1924 4513 3522 4575; baseline -0.003 -3"><span class='ocrx_word' id='word_1_676' title='bbox 1924 4518 2029 4575; x_wconf 90' lang='lat' dir='ltr'><strong><em>ﬁus</em></strong></span> <span class='ocrx_word' id='word_1_677' title='bbox 2051 4517 2266 4574; x_wconf 88' lang='lat' dir='ltr'><strong><em>decimo</em></strong></span> <span class='ocrx_word' id='word_1_678' title='bbox 2289 4526 2444 4574; x_wconf 83' lang='lat' dir='ltr'><strong><em>sexto</em></strong></span> <span class='ocrx_word' id='word_1_679' title='bbox 2464 4515 2878 4572; x_wconf 88' lang='lat' dir='ltr'><strong><em>mendaciorum</em></strong></span> <span class='ocrx_word' id='word_1_680' title='bbox 2902 4523 2958 4570; x_wconf 91' lang='lat' dir='ltr'><strong><em>et</em></strong></span> <span class='ocrx_word' id='word_1_681' title='bbox 2971 4513 3373 4570; x_wconf 90' lang='lat' dir='ltr'><strong><em>calumniarum</em></strong></span> <span class='ocrx_word' id='word_1_682' title='bbox 3402 4529 3522 4568; x_wconf 59' lang='lat' dir='ltr'><strong><em>suae</em></strong></span> 
     </span>
    </p>
   </div>
   <div class='ocr_carea' id='block_1_104' title="bbox 1926 4608 3523 4675">
    <p class='ocr_par' dir='ltr' id='par_1_104' title="bbox 1926 4608 3523 4675">
     <span class='ocr_line' id='line_1_104' title="bbox 1926 4608 3523 4675; baseline -0.003 -8"><span class='ocrx_word' id='word_1_683' title='bbox 1926 4627 2050 4667; x_wconf 89' lang='lat' dir='ltr'><strong><em>rum</em></strong></span> <span class='ocrx_word' id='word_1_684' title='bbox 2091 4611 2402 4667; x_wconf 89' lang='lat' dir='ltr'><strong><em>centenario</em></strong></span> <span class='ocrx_word' id='word_1_685' title='bbox 2437 4610 2689 4675; x_wconf 83' lang='lat' dir='ltr'><strong><em>intexuit,</em></strong></span> <span class='ocrx_word' id='word_1_686' title='bbox 2730 4616 2789 4663; x_wconf 89' lang='lat' dir='ltr'><strong><em>ut</em></strong></span> <span class='ocrx_word' id='word_1_687' title='bbox 2818 4616 2873 4663; x_wconf 90' lang='lat' dir='ltr'><strong><em>et</em></strong></span> <span class='ocrx_word' id='word_1_688' title='bbox 2914 4609 3204 4663; x_wconf 87' lang='lat' dir='ltr'><strong><em>antitheses</em></strong></span> <span class='ocrx_word' id='word_1_689' title='bbox 3249 4608 3452 4664; x_wconf 82' lang='lat' dir='ltr'><strong><em>Christi</em></strong></span> <span class='ocrx_word' id='word_1_690' title='bbox 3472 4611 3523 4662; x_wconf 91' lang='lat' dir='ltr'><strong><em>et</em></strong></span> 
     </span>
    </p>
   </div>
   <div class='ocr_carea' id='block_1_105' title="bbox 1923 4701 3520 4774">
    <p class='ocr_par' dir='ltr' id='par_1_105' title="bbox 1923 4701 3520 4774">
     <span class='ocr_line' id='line_1_105' title="bbox 1923 4701 3520 4774; baseline -0.003 -15"><span class='ocrx_word' id='word_1_691' title='bbox 1923 4705 2269 4768; x_wconf 83' lang='lat' dir='ltr'><strong><em>Antichristi,</em></strong></span> <span class='ocrx_word' id='word_1_692' title='bbox 2287 4721 2315 4758; x_wconf 93' lang='lat' dir='ltr'><strong><em>a</em></strong></span> <span class='ocrx_word' id='word_1_693' title='bbox 2327 4707 2512 4759; x_wconf 84' lang='lat' dir='ltr'><strong><em>nescio</em></strong></span> <span class='ocrx_word' id='word_1_694' title='bbox 2531 4718 2641 4774; x_wconf 90' lang='lat' dir='ltr'><strong><em>quo</em></strong></span> <span class='ocrx_word' id='word_1_695' title='bbox 2657 4701 2912 4768; x_wconf 89' lang='lat' dir='ltr'><strong><em>sectario,</em></strong></span> <span class='ocrx_word' id='word_1_696' title='bbox 2925 4701 3150 4757; x_wconf 89' lang='lat' dir='ltr'><strong><em>Simone</em></strong></span> <span class='ocrx_word' id='word_1_697' title='bbox 3161 4701 3392 4756; x_wconf 82' lang='lat' dir='ltr'><strong><em>Rosario</em></strong></span> <span class='ocrx_word' id='word_1_698' title='bbox 3404 4716 3520 4755; x_wconf 92' lang='lat' dir='ltr'><strong><em>ma-</em></strong></span> 
     </span>
    </p>
   </div>
   <div class='ocr_carea' id='block_1_106' title="bbox 1925 4792 3524 4866">
    <p class='ocr_par' dir='ltr' id='par_1_106' title="bbox 1925 4792 3524 4866">
     <span class='ocr_line' id='line_1_106' title="bbox 1925 4792 3524 4866; baseline -0.002 -14"><span class='ocrx_word' id='word_1_699' title='bbox 1925 4797 2365 4853; x_wconf 88' lang='lat' dir='ltr'><strong><em>ledicentissimis</em></strong></span> <span class='ocrx_word' id='word_1_700' title='bbox 2393 4795 2641 4851; x_wconf 89' lang='lat' dir='ltr'><strong><em>versibus</em></strong></span> <span class='ocrx_word' id='word_1_701' title='bbox 2668 4794 3025 4866; x_wconf 89' lang='lat' dir='ltr'><strong><em>compositas,</em></strong></span> <span class='ocrx_word' id='word_1_702' title='bbox 3067 4792 3266 4850; x_wconf 91' lang='lat' dir='ltr'><strong><em>additis</em></strong></span> <span class='ocrx_word' id='word_1_703' title='bbox 3301 4792 3524 4850; x_wconf 87' lang='lat' dir='ltr'><strong><em>nefariis</em></strong></span> 
     </span>
    </p>
   </div>
   <div class='ocr_carea' id='block_1_107' title="bbox 1925 4886 3520 4963">
    <p class='ocr_par' dir='ltr' id='par_1_107' title="bbox 1925 4886 3520 4963">
     <span class='ocr_line' id='line_1_107' title="bbox 1925 4886 3520 4963; baseline -0.003 -17"><span class='ocrx_word' id='word_1_704' title='bbox 1925 4899 1978 4946; x_wconf 91' lang='lat' dir='ltr'><strong><em>et</em></strong></span> <span class='ocrx_word' id='word_1_705' title='bbox 2004 4889 2290 4963; x_wconf 85' lang='lat' dir='ltr'><strong><em>ﬂagitiosis</em></strong></span> <span class='ocrx_word' id='word_1_706' title='bbox 2331 4887 2634 4955; x_wconf 88' lang='lat' dir='ltr'><strong><em>iconismis,</em></strong></span> <span class='ocrx_word' id='word_1_707' title='bbox 2660 4895 2723 4944; x_wconf 89' lang='lat' dir='ltr'><strong><em>ut</em></strong></span> <span class='ocrx_word' id='word_1_708' title='bbox 2745 4887 2932 4944; x_wconf 90' lang='lat' dir='ltr'><strong><em>odium</em></strong></span> <span class='ocrx_word' id='word_1_709' title='bbox 2966 4902 3141 4960; x_wconf 90' lang='lat' dir='ltr'><strong><em>papa,</em></strong></span> <span class='ocrx_word' id='word_1_710' title='bbox 3171 4903 3332 4960; x_wconf 91' lang='lat' dir='ltr'><strong><em>quem</em></strong></span> <span class='ocrx_word' id='word_1_711' title='bbox 3363 4886 3520 4942; x_wconf 86' lang='lat' dir='ltr'><strong><em>fana-</em></strong></span> 
     </span>
    </p>
   </div>
   <div class='ocr_carea' id='block_1_108' title="bbox 1922 4981 3520 5054">
    <p class='ocr_par' dir='ltr' id='par_1_108' title="bbox 1922 4981 3520 5054">
     <span class='ocr_line' id='line_1_108' title="bbox 1922 4981 3520 5054; baseline -0.001 -17"><span class='ocrx_word' id='word_1_712' title='bbox 1922 4982 2066 5039; x_wconf 90' lang='lat' dir='ltr'><strong><em>ticus</em></strong></span> <span class='ocrx_word' id='word_1_713' title='bbox 2111 4990 2387 5054; x_wconf 89' lang='lat' dir='ltr'><strong><em>poetaster</em></strong></span> <span class='ocrx_word' id='word_1_714' title='bbox 2441 4996 2656 5053; x_wconf 87' lang='lat' dir='ltr'><strong><em>semper</em></strong></span> <span class='ocrx_word' id='word_1_715' title='bbox 2699 4982 3100 5037; x_wconf 76' lang='lat' dir='ltr'><strong><em>Antichn‘stum</em></strong></span> <span class='ocrx_word' id='word_1_716' title='bbox 3146 4988 3200 5036; x_wconf 88' lang='lat' dir='ltr'><strong><em>et</em></strong></span> <span class='ocrx_word' id='word_1_717' title='bbox 3245 4981 3520 5036; x_wconf 87' lang='lat' dir='ltr'><strong><em>Plutonem</em></strong></span> 
     </span>
    </p>
   </div>
   <div class='ocr_carea' id='block_1_109' title="bbox 1923 5073 3518 5148">
    <p class='ocr_par' dir='ltr' id='par_1_109' title="bbox 1923 5073 3518 5148">
     <span class='ocr_line' id='line_1_109' title="bbox 1923 5073 3518 5148; baseline -0.002 -17"><span class='ocrx_word' id='word_1_718' title='bbox 1923 5075 2222 5148; x_wconf 88' lang='lat' dir='ltr'><strong><em>appellitat,</em></strong></span> <span class='ocrx_word' id='word_1_719' title='bbox 2271 5091 2366 5148; x_wconf 89' lang='lat' dir='ltr'><strong><em>per</em></strong></span> <span class='ocrx_word' id='word_1_720' title='bbox 2393 5074 2540 5146; x_wconf 91' lang='lat' dir='ltr'><strong><em>ipsos</em></strong></span> <span class='ocrx_word' id='word_1_721' title='bbox 2571 5074 2761 5130; x_wconf 89' lang='lat' dir='ltr'><strong><em>oculos</em></strong></span> <span class='ocrx_word' id='word_1_722' title='bbox 2807 5073 3135 5146; x_wconf 90' lang='lat' dir='ltr'><strong><em>profundius</em></strong></span> <span class='ocrx_word' id='word_1_723' title='bbox 3164 5073 3220 5130; x_wconf 90' lang='lat' dir='ltr'><strong><em>in</em></strong></span> <span class='ocrx_word' id='word_1_724' title='bbox 3245 5073 3518 5131; x_wconf 89' lang='lat' dir='ltr'><strong><em>lectorum</em></strong></span> 
     </span>
    </p>
   </div>
   <div class='ocr_carea' id='block_1_110' title="bbox 1923 5167 3518 5241">
    <p class='ocr_par' dir='ltr' id='par_1_110' title="bbox 1923 5167 3518 5241">
     <span class='ocr_line' id='line_1_110' title="bbox 1923 5167 3518 5241; baseline -0.002 -16"><span class='ocrx_word' id='word_1_725' title='bbox 1923 5177 1978 5225; x_wconf 90' lang='lat' dir='ltr'><strong><em>et</em></strong></span> <span class='ocrx_word' id='word_1_726' title='bbox 2011 5177 2381 5241; x_wconf 88' lang='lat' dir='ltr'><strong><em>spectatorum</em></strong></span> <span class='ocrx_word' id='word_1_727' title='bbox 2412 5175 2627 5225; x_wconf 89' lang='lat' dir='ltr'><strong><em>mentes</em></strong></span> <span class='ocrx_word' id='word_1_728' title='bbox 2654 5167 2956 5225; x_wconf 90' lang='lat' dir='ltr'><strong><em>delabatur.</em></strong></span> <span class='ocrx_word' id='word_1_729' title='bbox 2999 5168 3121 5238; x_wconf 89' lang='lat' dir='ltr'><strong><em>Quo</em></strong></span> <span class='ocrx_word' id='word_1_730' title='bbox 3159 5167 3518 5238; x_wconf 82' lang='lat' dir='ltr'><strong><em>etiam&#39;perti-</em></strong></span> 
     </span>
    </p>
   </div>
   <div class='ocr_carea' id='block_1_111' title="bbox 1922 5261 3524 5333">
    <p class='ocr_par' dir='ltr' id='par_1_111' title="bbox 1922 5261 3524 5333">
     <span class='ocr_line' id='line_1_111' title="bbox 1922 5261 3524 5333; baseline -0.001 -17"><span class='ocrx_word' id='word_1_731' title='bbox 1922 5271 2015 5317; x_wconf 90' lang='lat' dir='ltr'><strong><em>net</em></strong></span> <span class='ocrx_word' id='word_1_732' title='bbox 2043 5263 2256 5333; x_wconf 89' lang='lat' dir='ltr'><strong><em>gemina</em></strong></span> <span class='ocrx_word' id='word_1_733' title='bbox 2288 5261 2496 5333; x_wconf 87' lang='lat' dir='ltr'><strong><em>efﬁgies</em></strong></span> <span class='ocrx_word' id='word_1_734' title='bbox 2531 5261 2659 5318; x_wconf 84' lang='lat' dir='ltr'><strong><em>Julii</em></strong></span> <span class='ocrx_word' id='word_1_735' title='bbox 2692 5263 2744 5316; x_wconf 89' lang='lat' dir='ltr'><strong><em>ll</em></strong></span> <span class='ocrx_word' id='word_1_736' title='bbox 2775 5261 3080 5333; x_wconf 87' lang='lat' dir='ltr'><strong><em>pontiﬁcis,</em></strong></span> <span class='ocrx_word' id='word_1_737' title='bbox 3117 5277 3258 5317; x_wconf 90' lang='lat' dir='ltr'><strong><em>anno</em></strong></span> <span class='ocrx_word' id='word_1_738' title='bbox 3302 5265 3439 5317; x_wconf 79' lang='lat'><strong><em>1512</em></strong></span> <span class='ocrx_word' id='word_1_739' title='bbox 3470 5267 3524 5315; x_wconf 91' lang='lat' dir='ltr'><strong><em>et</em></strong></span> 
     </span>
    </p>
   </div>
   <div class='ocr_carea' id='block_1_112' title="bbox 1926 5349 3546 5427">
    <p class='ocr_par' dir='ltr' id='par_1_112' title="bbox 1926 5349 3546 5427">
     <span class='ocr_line' id='line_1_112' title="bbox 1926 5349 3546 5427; baseline 0 -17"><span class='ocrx_word' id='word_1_740' title='bbox 1926 5361 2086 5424; x_wconf 81' lang='lat'><strong><em>1513,</em></strong></span> <span class='ocrx_word' id='word_1_741' title='bbox 2129 5363 2184 5410; x_wconf 90' lang='lat' dir='ltr'><strong><em>et</em></strong></span> <span class='ocrx_word' id='word_1_742' title='bbox 2224 5355 2424 5427; x_wconf 88' lang='lat' dir='ltr'><strong><em>duplex</em></strong></span> <span class='ocrx_word' id='word_1_743' title='bbox 2473 5355 2565 5410; x_wconf 89' lang='lat' dir='ltr'><strong><em>illa</em></strong></span> <span class='ocrx_word' id='word_1_744' title='bbox 2611 5371 2780 5426; x_wconf 90' lang='lat' dir='ltr'><strong><em>quam</em></strong></span> <span class='ocrx_word' id='word_1_745' title='bbox 2829 5354 3068 5411; x_wconf 88' lang='lat' dir='ltr'><strong><em>Wolﬁus</em></strong></span> <span class='ocrx_word' id='word_1_746' title='bbox 3111 5353 3337 5410; x_wconf 82' lang='lat' dir='ltr'><strong><em>exhibet</em></strong></span> <span class='ocrx_word' id='word_1_747' title='bbox 3376 5349 3546 5412; x_wconf 51' lang='lat' dir='ltr'><strong><em>anno“</em></strong></span> 
     </span>
    </p>
   </div>
   <div class='ocr_carea' id='block_1_113' title="bbox 1923 5447 3522 5518">
    <p class='ocr_par' dir='ltr' id='par_1_113' title="bbox 1923 5447 3522 5518">
     <span class='ocr_line' id='line_1_113' title="bbox 1923 5447 3522 5518; baseline -0.001 -13"><span class='ocrx_word' id='word_1_748' title='bbox 1923 5448 2126 5505; x_wconf 90' lang='lat' dir='ltr'><strong><em>Christi</em></strong></span> <span class='ocrx_word' id='word_1_749' title='bbox 2159 5455 2318 5513; x_wconf 80' lang='lat'><strong><em>1580,</em></strong></span> <span class='ocrx_word' id='word_1_750' title='bbox 2348 5448 2633 5513; x_wconf 88' lang='lat' dir='ltr'><strong><em>nimirum,</em></strong></span> <span class='ocrx_word' id='word_1_751' title='bbox 2663 5448 2720 5503; x_wconf 88' lang='lat' dir='ltr'><strong><em>in</em></strong></span> <span class='ocrx_word' id='word_1_752' title='bbox 2741 5447 2959 5503; x_wconf 88' lang='lat' dir='ltr'><strong><em>decimo</em></strong></span> <span class='ocrx_word' id='word_1_753' title='bbox 2989 5455 3144 5503; x_wconf 87' lang='lat' dir='ltr'><strong><em>sexto</em></strong></span> <span class='ocrx_word' id='word_1_754' title='bbox 3165 5447 3522 5518; x_wconf 85' lang='lat' dir='ltr'><strong><em>impudentia</em></strong></span> 
     </span>
    </p>
   </div>
   <div class='ocr_carea' id='block_1_114' title="bbox 1924 5541 3521 5612">
    <p class='ocr_par' dir='ltr' id='par_1_114' title="bbox 1924 5541 3521 5612">
     <span class='ocr_line' id='line_1_114' title="bbox 1924 5541 3521 5612; baseline -0.001 -15"><span class='ocrx_word' id='word_1_755' title='bbox 1924 5541 2196 5598; x_wconf 85' lang='lat' dir='ltr'><strong><em>haretica</em></strong></span> <span class='ocrx_word' id='word_1_756' title='bbox 2226 5541 2560 5611; x_wconf 89' lang='lat' dir='ltr'><strong><em>centenario,</em></strong></span> <span class='ocrx_word' id='word_1_757' title='bbox 2589 5550 2881 5612; x_wconf 89' lang='lat' dir='ltr'><strong><em>utramque</em></strong></span> <span class='ocrx_word' id='word_1_758' title='bbox 2921 5541 3128 5597; x_wconf 84' lang='lat' dir='ltr'><strong><em>efﬁnxit</em></strong></span> <span class='ocrx_word' id='word_1_759' title='bbox 3153 5541 3412 5608; x_wconf 87' lang='lat' dir='ltr'><strong><em>Wolﬁus,</em></strong></span> <span class='ocrx_word' id='word_1_760' title='bbox 3454 5558 3521 5596; x_wconf 81' lang='lat' dir='ltr'><strong><em>ex</em></strong></span> 
     </span>
    </p>
   </div>
   <div class='ocr_carea' id='block_1_115' title="bbox 1921 5633 3521 5708">
    <p class='ocr_par' dir='ltr' id='par_1_115' title="bbox 1921 5633 3521 5708">
     <span class='ocr_line' id='line_1_115' title="bbox 1921 5633 3521 5708; baseline -0.001 -19"><span class='ocrx_word' id='word_1_761' title='bbox 1921 5635 2160 5706; x_wconf 88' lang='lat' dir='ltr'><strong><em>epistolis</em></strong></span> <span class='ocrx_word' id='word_1_762' title='bbox 2193 5637 2374 5704; x_wconf 87' lang='lat' dir='ltr'><strong><em>Beza,</em></strong></span> <span class='ocrx_word' id='word_1_763' title='bbox 2403 5634 2558 5691; x_wconf 89' lang='lat' dir='ltr'><strong><em>testis</em></strong></span> <span class='ocrx_word' id='word_1_764' title='bbox 2590 5634 2698 5692; x_wconf 90' lang='lat' dir='ltr'><strong><em>ﬁde</em></strong></span> <span class='ocrx_word' id='word_1_765' title='bbox 2725 5633 3053 5708; x_wconf 88' lang='lat' dir='ltr'><strong><em>dignissimi,</em></strong></span> <span class='ocrx_word' id='word_1_766' title='bbox 3078 5634 3285 5691; x_wconf 88' lang='lat' dir='ltr'><strong><em>scilicet</em></strong></span> <span class='ocrx_word' id='word_1_767' title='bbox 3315 5635 3430 5706; x_wconf 89' lang='lat' dir='ltr'><strong><em>qui,</em></strong></span> <span class='ocrx_word' id='word_1_768' title='bbox 3463 5641 3521 5688; x_wconf 89' lang='lat' dir='ltr'><strong><em>ut</em></strong></span> 
     </span>
    </p>
   </div>
   <div class='ocr_carea' id='block_1_116' title="bbox 1921 5725 3516 5800">
    <p class='ocr_par' dir='ltr' id='par_1_116' title="bbox 1921 5725 3516 5800">
     <span class='ocr_line' id='line_1_116' title="bbox 1921 5725 3516 5800; baseline -0.003 -17"><span class='ocrx_word' id='word_1_769' title='bbox 1921 5743 2146 5784; x_wconf 88' lang='lat' dir='ltr'><strong><em>omnem</em></strong></span> <span class='ocrx_word' id='word_1_770' title='bbox 2183 5728 2548 5800; x_wconf 87' lang='lat' dir='ltr'><strong><em>suspicionem</em></strong></span> <span class='ocrx_word' id='word_1_771' title='bbox 2575 5727 2697 5783; x_wconf 87' lang='lat' dir='ltr'><strong><em>novi</em></strong></span> <span class='ocrx_word' id='word_1_772' title='bbox 2719 5728 2999 5800; x_wconf 85' lang='lat' dir='ltr'><strong><em>plasmatis</em></strong></span> <span class='ocrx_word' id='word_1_773' title='bbox 3033 5726 3252 5795; x_wconf 88' lang='lat' dir='ltr'><strong><em>devitet,</em></strong></span> <span class='ocrx_word' id='word_1_774' title='bbox 3290 5725 3516 5795; x_wconf 86' lang='lat' dir='ltr'><strong><em>antiqui-</em></strong></span> 
     </span>
    </p>
   </div>
   <div class='ocr_carea' id='block_1_117' title="bbox 1921 5829 3517 5902">
    <p class='ocr_par' dir='ltr' id='par_1_117' title="bbox 1921 5829 3517 5902">
     <span class='ocr_line' id='line_1_117' title="bbox 1921 5829 3517 5902; baseline -0.004 -15"><span class='ocrx_word' id='word_1_775' title='bbox 1921 5838 2089 5887; x_wconf 84' lang='lat' dir='ltr'><strong><em>tatem</em></strong></span> <span class='ocrx_word' id='word_1_776' title='bbox 2135 5830 2572 5887; x_wconf 88' lang='lat' dir='ltr'><strong><em>comminiscitur</em></strong></span> <span class='ocrx_word' id='word_1_777' title='bbox 2615 5845 2741 5902; x_wconf 83' lang='lat' dir='ltr'><strong><em>qua</em></strong></span> <span class='ocrx_word' id='word_1_778' title='bbox 2786 5829 2968 5885; x_wconf 82' lang='lat' dir='ltr'><strong><em>forsan</em></strong></span> <span class='ocrx_word' id='word_1_779' title='bbox 3014 5835 3232 5884; x_wconf 88' lang='lat' dir='ltr'><strong><em>atatem</em></strong></span> <span class='ocrx_word' id='word_1_780' title='bbox 3272 5833 3517 5882; x_wconf 90' lang='lat' dir='ltr'><strong><em>nostram</em></strong></span> 
     </span>
    </p>
   </div>
  </div>
