4106 6182
560 238 663 321 ἱθε

1782 258 1839 318 s.
1881 254 2262 321 assecutus
2300 250 2390 321 ‘vu
2427 263 2622 320 PAPA.

3755 262 3857 319 196

561 405 674 446 non
718 389 1087 456 transcendit;
1134 394 1229 445 aut
1266 386 1311 443 si
1334 384 1700 465 transcendit,
1733 385 1805 443 ab
1832 387 2016 459 aliquo
2044 387 2157 446 Wi-
2186 393 2241 457 Α
2267 389 2599 459 sacerdotes,
2622 388 2924 446 monachos
2938 396 2993 446 et
3025 388 3293 446 mouiales
3315 386 3558 460 exspuit?
3587 388 3676 443 An
3698 387 3859 453 lectio

560 484 801 552 clevista,
833 484 918 540 vel
940 482 1162 539 Hussita
1190 479 1489 537 descendit.

633 576 835 633 Mirum
856 576 1038 633 dictu!
1064 582 1354 631 novatores
1371 581 1625 643 nostros,
1660 574 1881 647 quando
1909 577 2153 649 sculptu-

560 686 700 738 ram,
744 669 1031 741 picturam,
1062 668 1144 724 vel
1170 668 1484 725 caelaturam
1511 667 1826 740 quampiam
1852 668 2153 740 inveniunt,

559 763 750 819 oculos
776 776 1058 834 nunquam
1098 760 1168 819 ad
1196 777 1254 819 se
1296 768 1510 819 et'suos
1540 762 1842 833 reflectere,
1872 764 1975 822 sed
2013 781 2045 821 e
2069 780 2156 822 ve-

557 856 723 928 stigio
750 854 822 911 ad
848 855 1166 928 pontiﬁcem
1198 863 1254 911 et
1289 854 1533 927 pontiﬁci
1559 856 1830 925 addictos,
1855 860 2157 930 prmsertim

554 948 870 1006 sacerdotes
909 958 960 1006 et
1009 949 1310 1006 monachos
1352 965 1656 1019 recurrere,
1697 959 1997 1025 totumque
2021 952 2156 1011 illud

555 1043 868 1115 symbolum
912 1043 983 1099 de
1026 1042 1132 1111 his,
1179 1058 1296 1099 non
1324 1043 1393 1100 de
1425 1058 1486 1100 se
1527 1051 1585 1100 et
1629 1044 1743 1102 suis
1790 1045 2154 1129 interpretari.

558 1136 715 1194 Tales
743 1144 873 1193 sunt
891 1136 999 1193 illa:
1024 1136 1315 1210 imagines,
1341 1152 1477 1210 quas
1502 1137 1561 1193 in
1590 1138 1805 1196 decimo
1823 1148 1977 1197 sexto
2000 1156 2160 1197 meu-

556 1228 842 1287 daciorum
885 1244 1114 1286 suorum
1156 1231 1503 1300 centenario,
1548 1240 1605 1288 et
1646 1233 1966 1290 Lutherano
2012 1236 2160 1292 Her-

557 1322 764 1381 brando
814 1321 987 1380 refert
1007 1332 1067 1380 et
1109 1322 1344 1397 explicat
1370 1324 1633 1393 Wolﬁus,
1657 1326 1924 1397 inventas,
1968 1327 2013 1384 si
2044 1344 2158 1385 non

555 1417 904 1474 mentiuntur
926 1426 1243 1491 novatores,
1267 1419 1613 1493 Argentorati
1637 1420 1695 1476 in
1725 1422 1984 1494 primario
2012 1430 2160 1479 tem—

555 1513 666 1583 plo.
715 1514 830 1569 Cur
867 1511 1020 1569 enim
1066 1513 1256 1570 asinus
1309 1519 1460 1571 stans
1497 1516 1574 1571 ad
1624 1532 1783 1572 aram
1823 1516 2159 1574 catholicum

552 1604 913 1676 sacerdotem,
963 1605 1126 1663 divini
1162 1606 1423 1664 sacriﬁcii
1474 1610 1732 1681 mysteria
1782 1618 2155 1683 peragentem,

554 1698 838 1772 signiﬁcet,
876 1707 933 1757 et
975 1714 1086 1758 non
1132 1701 1316 1773 potius
1352 1702 1745 1775 praedicantem
1786 1719 1995 1762 mensa:
2044 1718 2158 1761 suae

2262 485 2559 549 recmtdita,
2610 483 2861 557 colligere
2908 492 2963 540 et
3010 483 3068 538 in
3096 499 3266 540 unum
3296 476 3579 538 cumulum
3632 482 3858 554 conglo-

2261 579 2414 648 bare,
2442 577 2701 651 quidquid
2722 577 3013 635 infamiam
3037 577 3353 645 chartarum
3375 575 3445 632 ab
3482 575 3592 632 ullo
3616 592 3861 648 unquam

2265 673 2665 747 propemodum
2708 688 2895 730 scurra
2944 672 3090 733 foras
3140 679 3458 747 protrusum
3488 678 3544 726 et
3583 670 3641 725 in
3668 670 3862 743 vulgus

2263 767 2455 825 datum
2480 766 2615 825 fuit?
2653 766 2957 824 Recondita
3004 781 3136 822 sane
3184 765 3345 822 lectio
3390 764 3639 822 evolvere
3668 764 3860 820 talium

2264 860 2647 918 tenebrionum
2665 859 2870 929 ﬁmeta,
2909 860 3073 928 oleta,
3099 858 3329 926 cloacas,
3359 866 3417 916 et
3442 856 3707 930 quidquid
3741 871 3862 914 sor-

2264 954 2424 1011 dium
2451 954 2763 1022 continent;
2791 952 2865 1026 ;id
2912 952 3152 1010 studiose
3191 968 3425 1025 egerere,
3465 951 3627 1024 inque
3669 949 3861 1038 faciem

2267 1054 2322 1103 et
2344 1062 2408 1104 os
2428 1047 2700 1103 lectorum
2725 1054 2781 1104 et
2802 1054 3175 1118 spectatorum
3203 1045 3465 1118 ingerere.

2337 1142 2413 1197 At
2462 1139 2632 1196 misso
2686 1138 3001 1212 aliquandiu
3067 1138 3295 1195 immani
3351 1138 3458 1193 isto
3513 1138 3695 1209 Lupo,
3760 1152 3864 1194 seu

2268 1231 2495 1299 Wolﬁo,
2520 1232 2590 1289 de
2618 1231 2857 1304 imagine
2880 1230 3224 1305 Babylonica;
3247 1229 3545 1287 meretricis
3567 1228 3755 1286 bestia
3770 1244 3861 1285 se-

2268 1333 2420 1398 ptem
2448 1325 2739 1399 capitibus,
2770 1334 2827 1383 et
2856 1323 3047 1381 decem
3067 1323 3327 1380 cornibus
3344 1322 3588 1395 prmditae
3613 1320 3861 1378 insiden-

2268 1418 2361 1487 tis,
2404 1426 2460 1476 et
2487 1418 2743 1492 poculum
2787 1434 3015 1475 aureum
3043 1431 3219 1474 manu
3243 1416 3500 1485 tenentis,
3526 1430 3682 1472 mora
3710 1429 3864 1472 mera

2267 1511 2430 1569 fuerit
2456 1512 2655 1570 dicere.
2705 1512 2792 1569 Nil
2841 1512 3038 1569 certius
3080 1519 3166 1569 est
3205 1508 3356 1584 apud
3399 1509 3659 1566 sectarios
3694 1523 3864 1581 quam

2267 1606 2370 1664 hac
2390 1606 2568 1679 efﬁgie
2588 1622 2783 1680 papam
2808 1609 3127 1663 Romanum
3145 1604 3216 1663 ad
3246 1605 3433 1662 vivum
3456 1603 3862 1676 reprmsentari.

2268 1700 2613 1772 Quapropter
2632 1715 2907 1773 nusquam
2924 1715 3038 1756 non
3065 1707 3151 1756 est
3171 1697 3349 1766 obvia,
3373 1695 3865 1770 procumbeutibus

554 1801 853 1863 astantem,
881 1802 939 1851 et
977 1793 1305 1853 Lutheranm
1347 1797 1428 1853 vel
1465 1797 1796 1855 Calvinianae
1837 1813 2015 1856 canae
2054 1796 2161 1855 fer-
2188 1780 2235 1843 Β
2267 1802 2398 1849 ante
2435 1808 2579 1860 eam,
2610 1792 2972 1851 venerationis
3018 1800 3074 1849 et
3110 1791 3450 1848 adorationis
3480 1789 3671 1864 gratia,
3723 1788 3858 1861 ipsis

558 1887 681 1944 cula
708 1896 1064 1961 coquentem,
1095 1890 1340 1947 maxime
1376 1890 1543 1947 talem
1573 1891 1688 1964 qui,
1732 1900 1795 1948 ut
1821 1891 2161 1949 orthodoxe-

552 1996 679 2037 rum
729 1981 1080 2039 sacerdotum
1126 1983 1343 2053 simius,
1398 1985 1643 2042 vestibus
1696 1987 1863 2042 certis
1919 1986 2161 2055 indutus,

554 2074 778 2131 missam
813 2075 1203 2133 Germanicam
1229 2076 1490 2148 celebrat,
1537 2087 1599 2134 ut
1645 2078 1707 2135 iu
1750 2080 2033 2137 nonnullis
2063 2080 2159 2137 ubi

553 2167 1012 2225 Lutheranismus
1042 2172 1253 2243 regnat,
1289 2170 1520 2228 urbibus
1557 2170 1674 2228 ﬁeri
1704 2173 1864 2230 solet.
1894 2176 1977 2232 Tu
2018 2173 2162 2230 dicis

557 2275 678 2319 esse
708 2264 1024 2333 sacriﬁcum.
1048 2266 1167 2336 Ego
1205 2264 1596 2336 prmdicantem
1622 2281 1743 2323 esse
1760 2266 2067 2337 contendo,
2105 2273 2163 2323 et

554 2355 802 2412 evincam
829 2372 960 2413 cum
986 2357 1271 2415 evictionis
1290 2364 1508 2432 tempus
1535 2360 1766 2417 venerit.

626 2450 748 2506 Pari
791 2450 958 2508 modo
999 2451 1219 2509 asinum
1265 2467 1333 2509 ex
1371 2452 1539 2522 libro,
1584 2468 1750 2527 quem
1788 2461 1945 2512 catus
1991 2463 2159 2523 tenet,

557 2542 835 2616 mysteria,
894 2559 1020 2617 quas
1062 2560 1177 2602 non
1215 2561 1338 2619 ego,
1379 2546 1478 2603 sed
1522 2547 1880 2620 pmdicante
1931 2557 2159 2618 norunt,

556 2636 909 2705 lectitantem,
934 2639 1024 2695 aio
1048 2652 1168 2695 esse
1192 2639 1608 2712 praedicantem,
1650 2655 1750 2699 seu
1777 2642 2161 2700 Lutheranum

554 2745 651 2787 seu
692 2731 1094 2789 Calvinianum.
1123 2734 1238 2790 Nec
1278 2734 1411 2791 alios
1433 2750 1603 2808 quam
1642 2735 1779 2794 istos
1807 2744 2165 2809 repraesentat

555 2823 645 2881 illa
690 2824 893 2899 imago,
926 2826 984 2882 in
1025 2842 1135 2899 qua
1183 2842 1385 2900 porcus
1421 2835 1475 2885 et
1514 2829 1699 2886 hircus
1727 2838 1952 2903 gestant
1979 2830 2164 2900 funus,

556 2920 778 2991 vulpem
829 2919 1036 2976 scilicet
1079 2921 1471 2979 dormientem.
1532 2922 1750 2982 Eodem
1802 2933 2016 2997 spectat
2069 2924 2161 2981 illa

551 3024 675 3084 quae
692 3028 883 3070 ursum
915 3028 1076 3087 aqua;
1101 3023 1433 3073 consecratae
1463 3031 1691 3074 urceum
1726 3025 2067 3090 gestantem;
2106 3026 2161 3074 et

554 3104 746 3178 lupum
773 3107 956 3164 crucis
982 3108 1251 3179 bajulum,
1281 3124 1347 3165 ac
1372 3110 1614 3180 leporem
1641 3109 1983 3180 daduchum,
2019 3120 2073 3167 et
2097 3120 2161 3168 ut

2259 1895 2530 1944 terrarum
2549 1886 2766 1959 regibus
2791 1885 3298 1959 etimperatoribus,
3317 1900 3420 1940 nec
3441 1884 3712 1940 absterret
3739 1897 3859 1947 eos,

2262 1978 2510 2052 quamvis
2535 1978 2591 2034 in
2638 1978 2871 2052 imperio
2904 1979 3195 2053 degentes,
3223 1978 3294 2034 ab
3324 1977 3427 2034 hac
3472 1976 3741 2048 sacrilega
3771 1983 3858 2031 te-

2263 2071 2518 2129 meritate
2550 2071 2806 2129 catholici
2833 2072 3181 2145 imperatoris
3226 2079 3408 2128 metus
3428 2079 3485 2126 et
3520 2068 3852 2137 reverentia,

2263 2167 2388 2238 quia
2404 2166 2522 2238 jam
2548 2165 2757 2238 pridem
2780 2182 3004 2222 omnem
3028 2175 3235 2222 metum
3264 2182 3333 2222 ex
3363 2173 3581 2237 pectore
3609 2179 3858 2221 omnem-

2262 2275 2372 2332 que
2400 2260 2760 2317 reverentiam
2793 2275 2859 2316 ex
2900 2261 3053 2317 vultu
3086 2259 3489 2317 absterserunt.

2332 2354 2455 2424 Quo
2478 2353 2663 2411 animo
2682 2353 2962 2411 Lutherus
2976 2354 3030 2409 in
3049 2370 3265 2426 papam,
3289 2351 3615 2423 cardinales,
3639 2351 3858 2426 episco-

2260 2463 2361 2520 pos
2383 2455 2675 2520 totumque
2708 2448 3132 2505 ecclesiasticum
3152 2446 3402 2505 ordinem
3428 2446 3613 2518 fuerit,
3638 2447 3859 2519 planum

2261 2526 2633 2614 testatumque
2660 2541 2786 2598 facit
2811 2558 2941 2599 cum
2964 2542 3095 2599 alias
3131 2541 3449 2613 smpissime,
3478 2550 3604 2599 tum
3638 2540 3694 2597 in
3722 2529 3879 2597 libro.

2260 2635 2355 2693 illo
2374 2636 2645 2693 diabolico
2673 2640 2863 2693 contra
2889 2639 3178 2707 Papatum,
3208 2634 3276 2693 de
3299 2652 3408 2708 quo
3436 2651 3629 2709 supra;
3659 2634 3753 2692 ubi
3782 2635 3865 2691 ita

2262 2727 2403 2787 furit
2448 2727 2678 2786 Islebius
2721 2729 3012 2802 Furippus,
3063 2728 3359 2802 interprete
3406 2744 3473 2785 ex
3523 2728 3861 2786 Germanico

2263 2821 2527 2880 Matthmo
2552 2821 2766 2890 Iudice,
2790 2821 3184 2879 clamosissimo
3209 2828 3264 2878 et
3280 2821 3697 2879 seditiosissime
3724 2837 3865 2894 prai-

2260 2915 2478 2973 dicante
2524 2936 2538 2972 :
2571 2918 2726 2975 Nunc
2752 2918 2914 2988 agite,
2956 2931 2984 2971 ο
3023 2916 3218 2979 Caesar,
3261 2932 3431 2987 reges,
3466 2916 3759 2986 principes,
3812 2918 3866 2970 et

2268 3014 2563 3081 magnetes,
2607 3015 2661 3065 et
2698 3012 2998 3081 quicunque
3028 3009 3348 3081 prehendere
3380 3011 3625 3079 potestis,
3671 3024 3863 3080 appre-

2268 3105 2502 3160 hendite.
2553 3104 2838 3160 Maledicta
2876 3107 2951 3160 sit
2989 3118 3181 3161 manus
3217 3106 3388 3159 otiosa
3435 3108 3487 3159 et
3525 3106 3743 3173 ignava.
3794 3105 3867 3159 Et

554 3214 687 3255 voce
725 3198 1090 3256 ecclesiastica
1118 3209 1263 3268 utar,
1304 3203 1692 3269 ceroferarium
1720 3202 1881 3260 nobis
1920 3202 2155 3260 exhibet.
2194 3188 2239 3253 C
2263 3200 2505 3269 primum
2529 3200 2718 3268 eripite
2739 3200 2987 3269 pontiﬁci
3001 3199 3259 3268 lRomam,
3290 3194 3721 3259 Romandiolam,
3766 3199 3868 3253 Ur-

551 3292 749 3349 Omnia
791 3292 911 3350 haec
950 3293 1228 3365 aptissime
1264 3293 1319 3351 in
1366 3295 1723 3368 praedicantes
1750 3296 2023 3370 quadrant
2043 3339 2058 3366 ,
2088 3305 2150 3354 ut
2261 3292 2467 3360 binum,
2498 3293 2810 3357 Bononiam,
2850 3297 2901 3349 et
2932 3296 3116 3348 omnia
3143 3308 3265 3363 qtae
3286 3296 3425 3347 tenet
3461 3296 3510 3346 et
3542 3291 3781 3362 possidet
3804 3308 3867 3345 eo

549 3384 698 3442 facili
735 3385 920 3444 labore
961 3387 1178 3444 ostendi
1222 3396 1426 3461 posset,
1465 3388 1511 3445 si
1550 3404 1641 3447 res
1675 3397 1731 3448 et
1776 3391 1992 3449 occasio
2037 3389 2147 3449 fer-
2256 3387 2468 3443 nomine
2485 3387 2630 3457 quod
2650 3388 2906 3456 pontifex
2940 3389 3043 3455 sit;
3086 3403 3216 3442 nam
3237 3386 3329 3442 ille
3359 3390 3438 3441 est
3456 3400 3723 3456 possessor
3748 3401 3869 3457 pes-

551 3487 655 3536 ret.
718 3470 728 3477 ’
2255 3483 2406 3536 simis
2428 3481 2586 3551 ﬁdei;
2607 3481 2901 3537 mendaciis
2928 3497 2990 3537 ac
3008 3481 3309 3549 fraudibus
3334 3481 3626 3550 acquisivit
3662 3479 3861 3536 omnia.

621 3573 865 3631 Eosdem
890 3574 960 3632 ad
990 3575 1176 3633 vivum
1204 3586 1562 3651 repmsentat
1589 3577 1820 3651 efﬁgies,
1846 3593 2014 3651 quam
2036 3579 2148 3636 ibi-
2257 3576 2355 3643 At,
2387 3576 2522 3646 quid
2540 3575 2657 3631 dico
2679 3574 2968 3631 mendaciis
2994 3580 3046 3631 et
3075 3576 3352 3631 aedibus?
3372 3576 3489 3630 Imo
3516 3574 3867 3645 blasphemiis

549 3665 679 3723 dem
704 3668 964 3736 Wolﬁus;
992 3685 1087 3725 seu
1132 3673 1337 3741 Lupus,
1372 3671 1587 3728 nomini
1630 3687 1732 3729 suo
1770 3673 2150 3730 consentaneis
2257 3672 2392 3737 suis,
2418 3671 2470 3724 ei
2501 3668 2830 3725 idololatriis
2854 3671 3079 3741 imperio
3096 3672 3335 3727 Romano
3353 3670 3647 3731 subtraxit.
3680 3673 3729 3723 et
3749 3668 3862 3722 eri-

549 3759 801 3818 moribus
828 3760 1085 3832 prth
1114 3760 1415 3833 fabulator,
1437 3780 1505 3821 ex
1524 3764 1852 3824 Herbrandc
1879 3767 2149 3825 lectorum
2252 3766 2402 3835 puit,
2446 3768 2496 3819 et
2522 3764 2630 3819 sibi
2674 3763 2925 3834 subjecit,
2952 3770 3004 3820 et
3041 3766 3302 3821 mercedis
3337 3765 3448 3819 loco
3479 3778 3581 3819 sua
3601 3762 3863 3833 supersti-

549 3852 720 3909 oculis
747 3854 1226 3927 contemplandam
1257 3858 1561 3929 proposuit.
1590 3861 1773 3930 Lupus
1800 3860 2027 3916 indutus
2060 3876 2151 3916 cu-

547 3946 689 4002 culla
714 3950 1005 4004 monasttca
1021 3947 1099 4020 (in
1118 3950 1272 4021 cujus
1295 3953 1551 4022 capputio
1576 3953 1650 4007 ab
1675 3953 1921 4009 humeris
1947 3954 2149 4024 depen-

549 4040 707 4097 dente
727 4057 887 4099 anser
897 4044 1186 4115 prominet)
1224 4045 1285 4099 in
1309 4049 1566 4115 suggestu
1596 4050 1727 4111 stat,
1756 4048 2042 4117 prioribus
2060 4063 2153 4118 pe-

547 4133 726 4199 dibus,
752 4138 915 4206 quasi
936 4136 1186 4192 manibus
1206 4136 1409 4193 librum
1428 4144 1630 4209 tenens,
1660 4155 1729 4195 ea:
1755 4156 1861 4211 quo
1886 4142 2147 4196 nonnulla

546 4228 772 4285 recitare
794 4229 1032 4293 videtur,
1064 4229 1201 4286 mihi
1225 4230 1481 4305 equidem
1502 4231 1710 4306 ignota,
1732 4232 1833 4291 sed
1862 4234 2072 4291 Wolﬁo
2096 4244 2150 4291 et

550 4322 895 4395 Herbrando,
915 4323 1158 4397 aliisque;
1183 4324 1385 4398 lupina;
1408 4325 1605 4399 linguis
1634 4327 1818 4400 gnaris
1840 4328 2145 4386 notissima.

548 4419 706 4486 Infra
743 4419 1052 4476 cathedram
1083 4421 1364 4491 vulpecula
1403 4421 1576 4485 adest,
1607 4423 1768 4493 quasi
1811 4425 1871 4478 in
1910 4424 2145 4480 insidiis.

547 4514 595 4569 Ε
620 4514 835 4583 regione
861 4528 1076 4569 anseres
1118 4515 1432 4584 complures,
1454 4517 1661 4585 singuli
1680 4518 1874 4573 rostris
1903 4518 2017 4572 suis
2062 4532 2150 4573 ro-

2259 3860 2400 3913 tione
2414 3859 2725 3913 innumeras
2743 3860 2951 3914 animas
2974 3859 3047 3914 ad
3071 3861 3282 3927 inferos
3312 3857 3567 3925 deduxit,
3586 3860 3725 3912 sicut
3748 3858 3864 3927 ipse

2247 3952 2490 4022 jactitat,
2518 3949 2576 4007 d.
2601 3955 2694 4021 4ο,
2723 3967 2844 4025 cap.
2890 3956 2942 4007 si
2961 3968 3131 4024 papa,
3161 3961 3268 4009 etc.
3314 3952 3533 4013 Deinde,
3564 3952 3861 4020 magistra-

2258 4049 2346 4101 tus
2366 4046 2591 4102 debebat
2602 4048 2931 4118 pontiﬁcem,
2964 4052 3017 4103 et
3049 4048 3371 4115 cardinales,
3401 4050 3453 4101 et
3489 4046 3721 4115 reliquos
3744 4044 3862 4114 ejus

2258 4140 2485 4210 ordinis,
2517 4145 2569 4196 et
2601 4143 3017 4212 superstitionis,
3045 4145 3095 4196 et
3128 4144 3357 4211 impura:
3384 4141 3691 4196 sanctitatis
3739 4153 3862 4194 con-

2257 4238 2424 4290 sortes
2450 4251 2653 4305 capere,
2678 4237 2877 4305 eisque,
2915 4240 2978 4290 ut
3013 4236 3311 4305 blasphemi
3334 4236 3501 4291 solent
3514 4235 3727 4305 puniri,
3755 4233 3862 4288 lin-

2261 4343 2397 4396 guas
2417 4344 2517 4399 per
2537 4331 2791 4385 ceruicem
2813 4331 3101 4385 extrahere
3119 4334 3170 4385 et
3195 4329 3511 4401 praecidere,
3535 4344 3597 4384 ac
3609 4326 3864 4398 patibulo

2259 4437 2349 4477 eas
2395 4439 2464 4477 ea:
2506 4423 2695 4478 ordine
2737 4424 2998 4493 redigere,
3029 4424 3104 4480 ad
3140 4439 3261 4478 eum
3283 4425 3449 4494 plane
3476 4422 3711 4483 modum,
3753 4436 3863 4491 quo

2260 4516 2368 4586 ipsi
2392 4516 2554 4573 bullis
2570 4518 2683 4574 suis
2699 4520 2859 4589 signa
2881 4518 3180 4589 appendere
3203 4519 3391 4586 solent,
3407 4518 3537 4580 licet
3563 4517 3675 4571 hac
3694 4530 3862 4586 Ρωηα

546 4608 705 4662 saria
745 4610 994 4671 tenentes,
1039 4610 1091 4662 et
1152 4609 1300 4679 Lupo
1367 4611 1700 4665 concionanti
1759 4611 2142 4667 auscultantes.
2175 4588 2226 4653 D
2258 4610 2408 4680 longe
2446 4612 2677 4678 inferior
2709 4615 2761 4669 et
2800 4588 2987 4669 mitior
3016 4628 3124 4670 esse
3158 4613 3399 4683 ipsorum
3434 4609 3774 4683 blasphemiis
3810 4611 3863 4663 et

546 4700 711 4755 Astat
746 4703 798 4755 et
813 4700 985 4771 juxta
1029 4716 1244 4757 anseres
1288 4704 1450 4773 quasi
1486 4708 1678 4769 custos,
1720 4705 1911 4772 fatuus
1952 4706 2011 4759 in
2047 4720 2145 4760 suo

546 4793 762 4849 habitu.
813 4794 1043 4866 Elegans
1089 4793 1333 4867 profecto
1364 4795 1811 4854 Lutheranorum
1861 4806 1918 4853 et
1962 4798 2142 4855 Calvi-

545 4886 851 4956 nianorumj
880 4886 1304 4960 prsedicantium
1351 4890 1688 4948 inconismus
1725 4900 1780 4947 et
1827 4890 2139 4949 delineatio.

545 4979 649 5051 Qui
689 4979 854 5047 volet,
903 4981 1365 5039 commentarium
1405 4983 1687 5058 adjungat,
1735 4985 1968 5057 reperiet
2011 4984 2142 5042 ube-

545 5087 663 5130 rem
704 5074 1120 5133 commentandi
1161 5075 1449 5133 materiem
1462 5118 1476 5132 .

613 5169 793 5239 Quam
832 5168 970 5225 bene
1018 5168 1260 5227 Wolﬁus
1309 5185 1466 5227 suam
1519 5185 1745 5244 operam
1793 5170 2052 5240 locasset,
2096 5170 2143 5229 si

543 5260 665 5319 haec
692 5261 818 5319 talia
848 5264 1121 5334 τυπώματα
1153 5270 1208 5319 et
1247 5261 1452 5331 ἔκτυπα,
1498 5279 1565 5320 eo
1601 5279 1712 5337 quo
1741 5271 2010 5336 spectant,
2036 5265 2145 5322 hoc

542 5364 626 5413 est
650 5355 721 5413 ad
744 5370 877 5413 suos
912 5354 1289 5428 praedicantes,
1320 5356 1613 5414 retulisset.
1652 5359 1811 5414 Nunc
1834 5358 1967 5430 quid
1997 5358 2144 5415 aliud

540 5450 653 5524 egit
688 5465 856 5524 quam
897 5449 1046 5522 quod
1073 5466 1131 5507 se
1172 5449 1474 5508 incredibili
1515 5450 1885 5508 calumniandi
1929 5453 2141 5524 pruritu

540 5544 734 5601 arsisse
785 5543 960 5615 palam
1003 5543 1279 5601 ostendit?
1316 5547 1387 5600 Et
1428 5552 1616 5601 tamen
1661 5553 1845 5602 tomos
1880 5561 2012 5602 suos
2049 5550 2141 5603 Le-

540 5640 774 5694 ctionum
800 5638 1228 5693 memorabilium
1247 5644 1300 5693 et
1323 5639 1729 5695 reconditarum
1760 5638 1917 5697 titulo
1949 5639 2140 5697 vendi-

539 5735 660 5790 tat?
701 5737 859 5789 Anne
894 5731 1051 5789 lectio
1092 5733 1476 5797 memorabilis,
1533 5732 1713 5806 legere
1738 5741 1795 5791 et
1821 5748 2141 5792 coacervare

540 5841 626 5894 ea,
675 5840 798 5899 quae
826 5825 999 5900 quivis
1043 5841 1112 5883 ex
1143 5825 1347 5885 inﬁmae
1383 5825 1554 5901 plebis
1578 5836 1843 5887 cemento
1866 5827 1922 5885 in
1952 5842 2137 5902 papas,

2253 4704 2603 4762 idololatriis.
2632 4709 2741 4763 His
2777 4709 2883 4764 rite
2897 4709 3152 4780 peractis,
3168 4712 3350 4777 posset
3371 4707 3448 4762 eis
3482 4720 3609 4762 sane
3644 4702 3862 4760 concedi

2251 4801 2391 4854 utin
2404 4801 2654 4870 patibulo
2673 4803 2814 4857 inter
2827 4817 3021 4867 corvos,
3040 4804 3143 4857 aut
3168 4801 3231 4855 in
3248 4802 3466 4868 inferno
3489 4803 3635 4855 inter
3659 4798 3860 4854 diabo-

2252 4892 2344 4954 los.
2368 4908 2538 4948 unum
2556 4900 2655 4950 aut
2683 4899 2830 4964 quot,
2870 4911 2972 4966 pro
3018 4895 3297 4950 arbitratu
3319 4911 3437 4959 suo,
3472 4895 3687 4961 vellent,
3728 4893 3862 4949 cele-

2255 4984 2482 5043 brarent
2509 4987 2760 5043 concilia.

2326 5084 2391 5137 In
2418 5079 2614 5139 eodem
2645 5079 2784 5138 libro
2815 5081 2895 5139 sic
2923 5080 3130 5139 insanit
3152 5098 3382 5141 vesanus
3408 5086 3653 5153 apostata
3689 5095 3711 5133 :
3740 5081 3860 5151 Ego

2251 5190 2395 5239 vero,
2442 5177 2495 5232 si
2534 5176 2758 5233 Cresaris
2786 5190 2952 5232 essem
2988 5176 3116 5244 loco,
3168 5178 3264 5233 hoc
3302 5178 3543 5231 actutum
3587 5188 3803 5242 agerem
3836 5194 3855 5226 .-

2251 5273 2463 5324 cunctos
2504 5269 2787 5325 nebulones
2812 5269 2934 5326 illos
2950 5271 3213 5340 nefarios,
3236 5270 3559 5340 pontiﬁcem,
3595 5267 3859 5322 cardina-

2252 5363 2348 5429 les,
2379 5365 2431 5417 et
2465 5362 2700 5433 reliquos
2744 5363 2860 5434 ejus
2887 5365 3091 5431 farina:
3131 5364 3384 5426 homines,
3418 5375 3530 5415 una
3569 5361 3728 5431 quasi
3764 5376 3855 5413 ca.-

2251 5460 2376 5510 tena
2403 5470 2662 5512 connexos
2691 5463 2744 5511 et
2775 5459 3078 5522 succinctos,
3122 5454 3269 5509 haud
3312 5455 3520 5523 longius
3565 5470 3730 5525 quam
3775 5453 3853 5507 ad

2250 5550 2360 5604 tria
2384 5550 2668 5613 milliaria,
2694 5551 2901 5607 Ostiam
2920 5553 3197 5611 nimirum,
3216 5549 3508 5617 abigerem,
3526 5548 3851 5605 soluticnim

2250 5648 2304 5699 et
2325 5643 2592 5707 discincti,
2622 5648 2718 5698 mir
2760 5649 2873 5700 tam
2901 5644 3093 5715 procul
3117 5642 3334 5698 abirent
3380 5659 3437 5699 eo
3482 5658 3587 5713 quo
3628 5641 3844 5696 nollent.

2248 5738 2347 5793 Est
2369 5742 2547 5793 autem
2580 5738 2640 5791 in
2668 5751 2724 5793 eo
2754 5738 2860 5794 loco
2896 5738 3107 5809 piscina
3135 5737 3407 5807 quendam,
3454 5750 3619 5807 quam
3666 5735 3856 5791 Latini

2248 5846 2406 5887 mare
2450 5832 2788 5902 Tyrrhenum
2842 5835 3051 5900 vocant,
3103 5831 3318 5890 salubre
3369 5831 3618 5888 balneum
3663 5831 3845 5885 contra
