  <div class='ocr_page' id='page_1' title='image "/cluster/home/n/w/nwhite01/storage/ocr_20150623/148/hvd.32044054760061/104.png"; bbox 0 0 4122 6184; ppageno 0'>
   <div class='ocr_carea' id='block_1_1' title="bbox 274 298 375 354">
    <p class='ocr_par' dir='ltr' id='par_1_1' title="bbox 274 298 375 354">
     <span class='ocr_line' id='line_1_1' title="bbox 274 298 375 354; baseline -0.02 0"><span class='ocrx_word' id='word_1_1' title='bbox 274 298 375 354; x_wconf 69' lang='lat'><strong><em>197</em></strong></span> 
     </span>
    </p>
   </div>
   <div class='ocr_carea' id='block_1_2' title="bbox 1059 272 2789 368">
    <p class='ocr_par' dir='ltr' id='par_1_2' title="bbox 1059 272 2789 368">
     <span class='ocr_line' id='line_1_2' title="bbox 1059 272 2789 368; baseline 0.005 -10"><span class='ocrx_word' id='word_1_2' title='bbox 1059 302 1585 363; x_wconf 78' lang='lat' dir='ltr'><strong><em>PROLEGOMENA.</em></strong></span> <span class='ocrx_word' id='word_1_3' title='bbox 1630 272 2076 365; x_wconf 68' lang='lat' dir='ltr'><strong><em>—‘AP0LOCIA</em></strong></span> <span class='ocrx_word' id='word_1_4' title='bbox 2117 310 2252 366; x_wconf 77' lang='grc' dir='ltr'><strong><em>Ριιο</em></strong></span> <span class='ocrx_word' id='word_1_5' title='bbox 2292 306 2640 368; x_wconf 75' lang='lat' dir='ltr'><strong><em>cascomo</em></strong></span> <span class='ocrx_word' id='word_1_6' title='bbox 2681 307 2789 366; x_wconf 82' lang='lat' dir='ltr'><strong><em>vn.</em></strong></span> 
     </span>
    </p>
   </div>
   <div class='ocr_carea' id='block_1_3' title="bbox 3477 316 3574 371">
    <p class='ocr_par' dir='ltr' id='par_1_3' title="bbox 3477 316 3574 371">
     <span class='ocr_line' id='line_1_3' title="bbox 3477 316 3574 371; baseline 0.021 -2"><span class='ocrx_word' id='word_1_7' title='bbox 3477 316 3574 371; x_wconf 80' lang='grc'><strong><em>198</em></strong></span> 
     </span>
    </p>
   </div>
   <div class='ocr_carea' id='block_1_4' title="bbox 267 424 3571 509">
    <p class='ocr_par' dir='ltr' id='par_1_4' title="bbox 267 424 3571 509">
     <span class='ocr_line' id='line_1_4' title="bbox 267 424 3571 509; baseline 0.005 -31"><span class='ocrx_word' id='word_1_8' title='bbox 267 424 604 487; x_wconf 83' lang='lat' dir='ltr'><strong><em>omneslues,</em></strong></span> <span class='ocrx_word' id='word_1_9' title='bbox 627 426 933 496; x_wconf 75' lang='lat' dir='ltr'><strong><em>languores,</em></strong></span> <span class='ocrx_word' id='word_1_10' title='bbox 977 430 1028 482; x_wconf 86' lang='lat' dir='ltr'><strong><em>et</em></strong></span> <span class='ocrx_word' id='word_1_11' title='bbox 1055 431 1262 485; x_wconf 82' lang='lat' dir='ltr'><strong><em>morbos</em></strong></span> <span class='ocrx_word' id='word_1_12' title='bbox 1280 432 1570 487; x_wconf 71' lang='lat' dir='ltr'><strong><em>immunda:</em></strong></span> <span class='ocrx_word' id='word_1_13' title='bbox 1597 434 1862 487; x_wconf 84' lang='lat' dir='ltr'><strong><em>sanctita-</em></strong></span> <span class='ocrx_word' id='word_1_14' title='bbox 1894 438 1945 501; x_wconf 83' lang='grc' dir='ltr'><strong>Α</strong></span> <span class='ocrx_word' id='word_1_15' title='bbox 2046 436 2108 489; x_wconf 78' lang='grc' dir='ltr'><strong><em>ιιι</em></strong></span> <span class='ocrx_word' id='word_1_16' title='bbox 2148 434 2412 507; x_wconf 89' lang='lat' dir='ltr'><strong><em>colloquis</em></strong></span> <span class='ocrx_word' id='word_1_17' title='bbox 2454 436 2813 509; x_wconf 86' lang='lat' dir='ltr'><strong><em>symposiacis</em></strong></span> <span class='ocrx_word' id='word_1_18' title='bbox 2840 435 3093 505; x_wconf 84' lang='lat' dir='ltr'><strong><em>Lutheri,</em></strong></span> <span class='ocrx_word' id='word_1_19' title='bbox 3125 436 3283 493; x_wconf 84' lang='lat' dir='ltr'><strong><em>titulo</em></strong></span> <span class='ocrx_word' id='word_1_20' title='bbox 3312 435 3381 493; x_wconf 86' lang='lat' dir='ltr'><strong><em>de</em></strong></span> <span class='ocrx_word' id='word_1_21' title='bbox 3409 440 3571 494; x_wconf 82' lang='lat' dir='ltr'><strong><em>Anti-</em></strong></span> 
     </span>
    </p>
   </div>
   <div class='ocr_carea' id='block_1_5' title="bbox 267 518 1873 588">
    <p class='ocr_par' dir='ltr' id='par_1_5' title="bbox 267 518 1873 588">
     <span class='ocr_line' id='line_1_5' title="bbox 267 518 1873 588; baseline 0.007 -17"><span class='ocrx_word' id='word_1_22' title='bbox 267 518 340 572; x_wconf 79' lang='lat' dir='ltr'><strong><em>tis</em></strong></span> <span class='ocrx_word' id='word_1_23' title='bbox 364 521 684 588; x_wconf 60' lang='lat' dir='ltr'><strong><em>pontiﬁciis,</em></strong></span> <span class='ocrx_word' id='word_1_24' title='bbox 709 525 760 575; x_wconf 87' lang='lat' dir='ltr'><strong><em>et</em></strong></span> <span class='ocrx_word' id='word_1_25' title='bbox 787 522 1025 576; x_wconf 85' lang='lat' dir='ltr'><strong><em>omnium</em></strong></span> <span class='ocrx_word' id='word_1_26' title='bbox 1047 524 1412 580; x_wconf 84' lang='lat' dir='ltr'><strong><em>cardinalium</em></strong></span> <span class='ocrx_word' id='word_1_27' title='bbox 1442 530 1493 580; x_wconf 89' lang='lat' dir='ltr'><strong><em>et</em></strong></span> <span class='ocrx_word' id='word_1_28' title='bbox 1517 528 1677 582; x_wconf 87' lang='lat' dir='ltr'><strong><em>totius</em></strong></span> <span class='ocrx_word' id='word_1_29' title='bbox 1705 527 1873 582; x_wconf 86' lang='lat' dir='ltr'><strong><em>cathe-</em></strong></span> 
     </span>
    </p>
   </div>
   <div class='ocr_carea' id='block_1_6' title="bbox 266 611 1868 687">
    <p class='ocr_par' dir='ltr' id='par_1_6' title="bbox 266 611 1868 687">
     <span class='ocr_line' id='line_1_6' title="bbox 266 611 1868 687; baseline 0.007 -22"><span class='ocrx_word' id='word_1_30' title='bbox 266 611 386 666; x_wconf 60' lang='lat' dir='ltr'><strong><em>dris</em></strong></span> <span class='ocrx_word' id='word_1_31' title='bbox 413 612 759 681; x_wconf 71' lang='lat' dir='ltr'><strong><em>pestilentia.</em></strong></span> <span class='ocrx_word' id='word_1_32' title='bbox 776 617 838 670; x_wconf 81' lang='lat' dir='ltr'><strong><em>In</em></strong></span> <span class='ocrx_word' id='word_1_33' title='bbox 860 615 920 670; x_wconf 89' lang='lat' dir='ltr'><strong><em>id</em></strong></span> <span class='ocrx_word' id='word_1_34' title='bbox 941 631 1065 671; x_wconf 81' lang='lat' dir='ltr'><strong><em>vero</em></strong></span> <span class='ocrx_word' id='word_1_35' title='bbox 1086 619 1221 673; x_wconf 86' lang='lat' dir='ltr'><strong><em>istos</em></strong></span> <span class='ocrx_word' id='word_1_36' title='bbox 1240 620 1546 675; x_wconf 73' lang='lat' dir='ltr'><strong><em>mollissime</em></strong></span> <span class='ocrx_word' id='word_1_37' title='bbox 1570 621 1868 687; x_wconf 83' lang='lat' dir='ltr'><strong><em>collocatos,</em></strong></span> 
     </span>
    </p>
   </div>
   <div class='ocr_carea' id='block_1_7' title="bbox 267 706 1871 785">
    <p class='ocr_par' dir='ltr' id='par_1_7' title="bbox 267 706 1871 785">
     <span class='ocr_line' id='line_1_7' title="bbox 267 706 1871 785; baseline 0.007 -24"><span class='ocrx_word' id='word_1_38' title='bbox 267 706 511 762; x_wconf 67' lang='lat' dir='ltr'><strong><em>lunarem</em></strong></span> <span class='ocrx_word' id='word_1_39' title='bbox 530 714 765 763; x_wconf 83' lang='lat' dir='ltr'><strong><em>strenue.</em></strong></span> <span class='ocrx_word' id='word_1_40' title='bbox 802 710 955 777; x_wconf 82' lang='lat' dir='ltr'><strong><em>Quod</em></strong></span> <span class='ocrx_word' id='word_1_41' title='bbox 978 712 1031 765; x_wconf 88' lang='lat' dir='ltr'><strong><em>si</em></strong></span> <span class='ocrx_word' id='word_1_42' title='bbox 1049 714 1369 781; x_wconf 86' lang='lat' dir='ltr'><strong><em>contingeret</em></strong></span> <span class='ocrx_word' id='word_1_43' title='bbox 1398 718 1458 768; x_wconf 85' lang='lat' dir='ltr'><strong><em>ut</em></strong></span> <span class='ocrx_word' id='word_1_44' title='bbox 1497 730 1695 785; x_wconf 86' lang='lat' dir='ltr'><strong><em>aquam</em></strong></span> <span class='ocrx_word' id='word_1_45' title='bbox 1719 717 1871 782; x_wconf 81' lang='lat' dir='ltr'><strong><em>ferre</em></strong></span> 
     </span>
    </p>
   </div>
   <div class='ocr_carea' id='block_1_8' title="bbox 266 800 1871 875">
    <p class='ocr_par' dir='ltr' id='par_1_8' title="bbox 266 800 1871 875">
     <span class='ocr_line' id='line_1_8' title="bbox 266 800 1871 875; baseline 0.007 -21"><span class='ocrx_word' id='word_1_46' title='bbox 266 800 634 865; x_wconf 70' lang='lat' dir='ltr'><strong><em>abhorrerent,</em></strong></span> <span class='ocrx_word' id='word_1_47' title='bbox 681 803 1128 872; x_wconf 81' lang='lat' dir='ltr'><strong><em>quemadmodum</em></strong></span> <span class='ocrx_word' id='word_1_48' title='bbox 1175 808 1315 862; x_wconf 87' lang='lat' dir='ltr'><strong><em>male</em></strong></span> <span class='ocrx_word' id='word_1_49' title='bbox 1355 809 1552 875; x_wconf 80' lang='lat' dir='ltr'><strong><em>feriati</em></strong></span> <span class='ocrx_word' id='word_1_50' title='bbox 1588 813 1638 863; x_wconf 88' lang='lat' dir='ltr'><strong><em>et</em></strong></span> <span class='ocrx_word' id='word_1_51' title='bbox 1675 809 1871 865; x_wconf 77' lang='lat' dir='ltr'><strong><em>obsessi</em></strong></span> 
     </span>
    </p>
   </div>
   <div class='ocr_carea' id='block_1_9' title="bbox 264 894 1868 972">
    <p class='ocr_par' dir='ltr' id='par_1_9' title="bbox 264 894 1868 972">
     <span class='ocr_line' id='line_1_9' title="bbox 264 894 1868 972; baseline 0.006 -24"><span class='ocrx_word' id='word_1_52' title='bbox 264 894 439 949; x_wconf 90' lang='lat' dir='ltr'><strong><em>solent</em></strong></span> <span class='ocrx_word' id='word_1_53' title='bbox 488 896 566 950; x_wconf 83' lang='lat' dir='ltr'><strong><em>ad</em></strong></span> <span class='ocrx_word' id='word_1_54' title='bbox 598 912 799 965; x_wconf 83' lang='lat' dir='ltr'><strong><em>aquam</em></strong></span> <span class='ocrx_word' id='word_1_55' title='bbox 826 899 1118 968; x_wconf 87' lang='lat' dir='ltr'><strong><em>trepidare,</em></strong></span> <span class='ocrx_word' id='word_1_56' title='bbox 1163 901 1373 970; x_wconf 82' lang='lat' dir='ltr'><strong><em>aliquid</em></strong></span> <span class='ocrx_word' id='word_1_57' title='bbox 1414 902 1527 957; x_wconf 84' lang='lat' dir='ltr'><strong><em>illis</em></strong></span> <span class='ocrx_word' id='word_1_58' title='bbox 1578 902 1868 972; x_wconf 83' lang='lat' dir='ltr'><strong><em>adjicerem</em></strong></span> 
     </span>
    </p>
   </div>
   <div class='ocr_carea' id='block_1_10' title="bbox 265 987 1870 1068">
    <p class='ocr_par' dir='ltr' id='par_1_10' title="bbox 265 987 1870 1068">
     <span class='ocr_line' id='line_1_10' title="bbox 265 987 1870 1068; baseline 0.006 -25"><span class='ocrx_word' id='word_1_59' title='bbox 265 987 337 1043; x_wconf 86' lang='lat' dir='ltr'><strong><em>de</em></strong></span> <span class='ocrx_word' id='word_1_60' title='bbox 375 992 555 1068; x_wconf 68' lang='lat' dir='ltr'><strong><em>petra,</em></strong></span> <span class='ocrx_word' id='word_1_61' title='bbox 584 1005 756 1061; x_wconf 84' lang='lat' dir='ltr'><strong><em>supra</em></strong></span> <span class='ocrx_word' id='word_1_62' title='bbox 777 1007 945 1061; x_wconf 90' lang='lat' dir='ltr'><strong><em>quam</em></strong></span> <span class='ocrx_word' id='word_1_63' title='bbox 971 994 1081 1063; x_wconf 87' lang='lat' dir='ltr'><strong><em>ipsi</em></strong></span> <span class='ocrx_word' id='word_1_64' title='bbox 1102 997 1152 1048; x_wconf 88' lang='lat' dir='ltr'><strong><em>et</em></strong></span> <span class='ocrx_word' id='word_1_65' title='bbox 1162 995 1398 1050; x_wconf 76' lang='lat' dir='ltr'><strong><em>Ecclesia</em></strong></span> <span class='ocrx_word' id='word_1_66' title='bbox 1427 1011 1610 1051; x_wconf 88' lang='lat' dir='ltr'><strong><em>eorum</em></strong></span> <span class='ocrx_word' id='word_1_67' title='bbox 1631 998 1870 1063; x_wconf 84' lang='lat' dir='ltr'><strong><em>fundata</em></strong></span> 
     </span>
    </p>
   </div>
   <div class='ocr_carea' id='block_1_11' title="bbox 267 1081 1867 1160">
    <p class='ocr_par' dir='ltr' id='par_1_11' title="bbox 267 1081 1867 1160">
     <span class='ocr_line' id='line_1_11' title="bbox 267 1081 1867 1160; baseline 0.007 -24"><span class='ocrx_word' id='word_1_68' title='bbox 267 1086 379 1148; x_wconf 79' lang='lat' dir='ltr'><strong><em>est;</em></strong></span> <span class='ocrx_word' id='word_1_69' title='bbox 401 1085 506 1138; x_wconf 86' lang='lat' dir='ltr'><strong><em>imo</em></strong></span> <span class='ocrx_word' id='word_1_70' title='bbox 532 1081 770 1140; x_wconf 72' lang='lat' dir='ltr'><strong><em>clavibus</em></strong></span> <span class='ocrx_word' id='word_1_71' title='bbox 788 1085 898 1141; x_wconf 82' lang='lat' dir='ltr'><strong><em>illis</em></strong></span> <span class='ocrx_word' id='word_1_72' title='bbox 926 1087 1143 1156; x_wconf 84' lang='lat' dir='ltr'><strong><em>aliquid</em></strong></span> <span class='ocrx_word' id='word_1_73' title='bbox 1168 1093 1518 1152; x_wconf 87' lang='lat' dir='ltr'><strong><em>annecterem,</em></strong></span> <span class='ocrx_word' id='word_1_74' title='bbox 1546 1091 1741 1160; x_wconf 84' lang='lat' dir='ltr'><strong><em>quibus</em></strong></span> <span class='ocrx_word' id='word_1_75' title='bbox 1761 1108 1867 1146; x_wconf 86' lang='lat' dir='ltr'><strong><em>om-</em></strong></span> 
     </span>
    </p>
   </div>
   <div class='ocr_carea' id='block_1_12' title="bbox 264 1178 1870 1251">
    <p class='ocr_par' dir='ltr' id='par_1_12' title="bbox 264 1178 1870 1251">
     <span class='ocr_line' id='line_1_12' title="bbox 264 1178 1870 1251; baseline 0.006 -20"><span class='ocrx_word' id='word_1_76' title='bbox 264 1178 365 1230; x_wconf 82' lang='lat' dir='ltr'><strong><em>nia</em></strong></span> <span class='ocrx_word' id='word_1_77' title='bbox 393 1181 611 1247; x_wconf 79' lang='lat' dir='ltr'><strong><em>possent</em></strong></span> <span class='ocrx_word' id='word_1_78' title='bbox 633 1179 853 1244; x_wconf 82' lang='lat' dir='ltr'><strong><em>sol-vere,</em></strong></span> <span class='ocrx_word' id='word_1_79' title='bbox 881 1196 1001 1250; x_wconf 72' lang='lat' dir='ltr'><strong><em>qua:</em></strong></span> <span class='ocrx_word' id='word_1_80' title='bbox 1019 1182 1081 1235; x_wconf 86' lang='lat' dir='ltr'><strong><em>in</em></strong></span> <span class='ocrx_word' id='word_1_81' title='bbox 1104 1182 1255 1245; x_wconf 71' lang='lat' dir='ltr'><strong><em>caelo,</em></strong></span> <span class='ocrx_word' id='word_1_82' title='bbox 1279 1187 1329 1237; x_wconf 84' lang='lat' dir='ltr'><strong><em>et</em></strong></span> <span class='ocrx_word' id='word_1_83' title='bbox 1357 1184 1423 1251; x_wconf 81' lang='lat' dir='ltr'><strong><em>in</em></strong></span> <span class='ocrx_word' id='word_1_84' title='bbox 1447 1187 1592 1238; x_wconf 82' lang='lat' dir='ltr'><strong><em>terra</em></strong></span> <span class='ocrx_word' id='word_1_85' title='bbox 1619 1189 1763 1248; x_wconf 85' lang='lat' dir='ltr'><strong><em>sunt,</em></strong></span> <span class='ocrx_word' id='word_1_86' title='bbox 1808 1189 1870 1240; x_wconf 86' lang='lat' dir='ltr'><strong><em>ut</em></strong></span> 
     </span>
    </p>
   </div>
   <div class='ocr_carea' id='block_1_13' title="bbox 262 1273 1869 1348">
    <p class='ocr_par' dir='ltr' id='par_1_13' title="bbox 262 1273 1869 1348">
     <span class='ocr_line' id='line_1_13' title="bbox 262 1273 1869 1348; baseline 0.006 -24"><span class='ocrx_word' id='word_1_87' title='bbox 262 1285 425 1339; x_wconf 68' lang='lat' dir='ltr'><strong><em>aqua</em></strong></span> <span class='ocrx_word' id='word_1_88' title='bbox 460 1273 791 1343; x_wconf 77' lang='lat' dir='ltr'><strong><em>imperarent</em></strong></span> <span class='ocrx_word' id='word_1_89' title='bbox 843 1290 963 1344; x_wconf 63' lang='lat' dir='ltr'><strong><em>quia</em></strong></span> <span class='ocrx_word' id='word_1_90' title='bbox 1002 1276 1209 1331; x_wconf 75' lang='lat' dir='ltr'><strong><em>vellent.</em></strong></span> <span class='ocrx_word' id='word_1_91' title='bbox 1256 1278 1535 1333; x_wconf 83' lang='lat' dir='ltr'><strong><em>Pastorale</em></strong></span> <span class='ocrx_word' id='word_1_92' title='bbox 1576 1279 1738 1334; x_wconf 87' lang='lat' dir='ltr'><strong><em>etiam</em></strong></span> <span class='ocrx_word' id='word_1_93' title='bbox 1780 1294 1869 1348; x_wconf 84' lang='lat' dir='ltr'><strong><em>pe-</em></strong></span> 
     </span>
    </p>
   </div>
   <div class='ocr_carea' id='block_1_14' title="bbox 264 1364 1868 1443">
    <p class='ocr_par' dir='ltr' id='par_1_14' title="bbox 264 1364 1868 1443">
     <span class='ocr_line' id='line_1_14' title="bbox 264 1364 1868 1443; baseline 0.004 -24"><span class='ocrx_word' id='word_1_94' title='bbox 264 1364 400 1419; x_wconf 73' lang='lat' dir='ltr'><strong><em>dum</em></strong></span> <span class='ocrx_word' id='word_1_95' title='bbox 439 1380 505 1421; x_wconf 89' lang='lat' dir='ltr'><strong><em>ac</em></strong></span> <span class='ocrx_word' id='word_1_96' title='bbox 533 1367 741 1425; x_wconf 70' lang='lat' dir='ltr'><strong><em>clavam</em></strong></span> <span class='ocrx_word' id='word_1_97' title='bbox 760 1369 871 1424; x_wconf 85' lang='lat' dir='ltr'><strong><em>illis</em></strong></span> <span class='ocrx_word' id='word_1_98' title='bbox 893 1373 1155 1440; x_wconf 84' lang='lat' dir='ltr'><strong><em>oporteret</em></strong></span> <span class='ocrx_word' id='word_1_99' title='bbox 1182 1371 1242 1424; x_wconf 89' lang='lat' dir='ltr'><strong><em>in</em></strong></span> <span class='ocrx_word' id='word_1_100' title='bbox 1278 1373 1557 1441; x_wconf 78' lang='lat' dir='ltr'><strong><em>procinctu</em></strong></span> <span class='ocrx_word' id='word_1_101' title='bbox 1586 1387 1713 1441; x_wconf 90' lang='lat' dir='ltr'><strong><em>esse,</em></strong></span> <span class='ocrx_word' id='word_1_102' title='bbox 1754 1374 1868 1443; x_wconf 85' lang='lat' dir='ltr'><strong><em>qui-</em></strong></span> 
     </span>
    </p>
   </div>
   <div class='ocr_carea' id='block_1_15' title="bbox 268 1458 1866 1534">
    <p class='ocr_par' dir='ltr' id='par_1_15' title="bbox 268 1458 1866 1534">
     <span class='ocr_line' id='line_1_15' title="bbox 268 1458 1866 1534; baseline 0.005 -22"><span class='ocrx_word' id='word_1_103' title='bbox 268 1458 374 1513; x_wconf 87' lang='lat' dir='ltr'><strong><em>bus</em></strong></span> <span class='ocrx_word' id='word_1_104' title='bbox 389 1474 553 1529; x_wconf 70' lang='lat' dir='ltr'><strong><em>aqum</em></strong></span> <span class='ocrx_word' id='word_1_105' title='bbox 582 1463 1165 1534; x_wconf 85' lang='lat' dir='ltr'><strong><em>impingerentalapas,</em></strong></span> <span class='ocrx_word' id='word_1_106' title='bbox 1190 1464 1323 1519; x_wconf 89' lang='lat' dir='ltr'><strong><em>adeo</em></strong></span> <span class='ocrx_word' id='word_1_107' title='bbox 1343 1481 1535 1534; x_wconf 82' lang='lat' dir='ltr'><strong><em>graves</em></strong></span> <span class='ocrx_word' id='word_1_108' title='bbox 1562 1471 1625 1520; x_wconf 87' lang='lat' dir='ltr'><strong><em>ut</em></strong></span> <span class='ocrx_word' id='word_1_109' title='bbox 1653 1467 1761 1521; x_wconf 83' lang='lat' dir='ltr'><strong><em>sibi</em></strong></span> <span class='ocrx_word' id='word_1_110' title='bbox 1800 1483 1866 1520; x_wconf 71' lang='lat' dir='ltr'><strong><em>ea:</em></strong></span> 
     </span>
    </p>
   </div>
   <div class='ocr_carea' id='block_1_16' title="bbox 264 1556 1868 1626">
    <p class='ocr_par' dir='ltr' id='par_1_16' title="bbox 264 1556 1868 1626">
     <span class='ocr_line' id='line_1_16' title="bbox 264 1556 1868 1626; baseline 0.006 -20"><span class='ocrx_word' id='word_1_111' title='bbox 264 1568 364 1606; x_wconf 83' lang='lat' dir='ltr'><strong><em>ore</em></strong></span> <span class='ocrx_word' id='word_1_112' title='bbox 398 1558 454 1608; x_wconf 85' lang='lat' dir='ltr'><strong><em>et</em></strong></span> <span class='ocrx_word' id='word_1_113' title='bbox 502 1556 736 1611; x_wconf 87' lang='lat' dir='ltr'><strong><em>naribus</em></strong></span> <span class='ocrx_word' id='word_1_114' title='bbox 792 1560 1011 1626; x_wconf 82' lang='lat' dir='ltr'><strong><em>sanguis</em></strong></span> <span class='ocrx_word' id='word_1_115' title='bbox 1040 1557 1364 1614; x_wconf 63' lang='lat' dir='ltr'><strong><em>emendaret.</em></strong></span> <span class='ocrx_word' id='word_1_116' title='bbox 1407 1561 1675 1615; x_wconf 87' lang='lat' dir='ltr'><strong><em>Postremo</em></strong></span> <span class='ocrx_word' id='word_1_117' title='bbox 1704 1561 1868 1615; x_wconf 86' lang='lat' dir='ltr'><strong><em>etiam</em></strong></span> 
     </span>
    </p>
   </div>
   <div class='ocr_carea' id='block_1_17' title="bbox 264 1648 1869 1722">
    <p class='ocr_par' dir='ltr' id='par_1_17' title="bbox 264 1648 1869 1722">
     <span class='ocr_line' id='line_1_17' title="bbox 264 1648 1869 1722; baseline 0.006 -22"><span class='ocrx_word' id='word_1_118' title='bbox 264 1664 388 1701; x_wconf 66' lang='lat' dir='ltr'><strong><em>ciem</em></strong></span> <span class='ocrx_word' id='word_1_119' title='bbox 417 1648 536 1703; x_wconf 84' lang='lat' dir='ltr'><strong><em>illis</em></strong></span> <span class='ocrx_word' id='word_1_120' title='bbox 578 1650 833 1706; x_wconf 76' lang='lat' dir='ltr'><strong><em>mderent</em></strong></span> <span class='ocrx_word' id='word_1_121' title='bbox 854 1667 1059 1720; x_wconf 86' lang='lat' dir='ltr'><strong><em>pascua</em></strong></span> <span class='ocrx_word' id='word_1_122' title='bbox 1094 1668 1216 1721; x_wconf 87' lang='lat' dir='ltr'><strong><em>sua,</em></strong></span> <span class='ocrx_word' id='word_1_123' title='bbox 1250 1653 1445 1722; x_wconf 85' lang='lat' dir='ltr'><strong><em>quibus</em></strong></span> <span class='ocrx_word' id='word_1_124' title='bbox 1495 1655 1558 1708; x_wconf 85' lang='lat' dir='ltr'><strong><em>in</em></strong></span> <span class='ocrx_word' id='word_1_125' title='bbox 1588 1655 1772 1709; x_wconf 88' lang='lat' dir='ltr'><strong><em>balneo</em></strong></span> <span class='ocrx_word' id='word_1_126' title='bbox 1814 1671 1869 1710; x_wconf 89' lang='lat' dir='ltr'><strong><em>se</em></strong></span> 
     </span>
    </p>
   </div>
   <div class='ocr_carea' id='block_1_18' title="bbox 262 1747 1862 1815">
    <p class='ocr_par' dir='ltr' id='par_1_18' title="bbox 262 1747 1862 1815">
     <span class='ocr_line' id='line_1_18' title="bbox 262 1747 1862 1815; baseline 0.006 -20"><span class='ocrx_word' id='word_1_127' title='bbox 262 1747 573 1797; x_wconf 67' lang='lat' dir='ltr'><strong><em>remearent</em></strong></span> <span class='ocrx_word' id='word_1_128' title='bbox 614 1759 678 1797; x_wconf 90' lang='lat' dir='ltr'><strong><em>ac</em></strong></span> <span class='ocrx_word' id='word_1_129' title='bbox 711 1747 1014 1815; x_wconf 78' lang='lat' dir='ltr'><strong><em>reﬁcerent,</em></strong></span> <span class='ocrx_word' id='word_1_130' title='bbox 1056 1747 1315 1801; x_wconf 79' lang='lat' dir='ltr'><strong><em>nimirum</em></strong></span> <span class='ocrx_word' id='word_1_131' title='bbox 1350 1749 1603 1803; x_wconf 84' lang='lat' dir='ltr'><strong><em>universa</em></strong></span> <span class='ocrx_word' id='word_1_132' title='bbox 1631 1749 1862 1813; x_wconf 86' lang='lat' dir='ltr'><strong><em>decreta,</em></strong></span> 
     </span>
    </p>
   </div>
   <div class='ocr_carea' id='block_1_19' title="bbox 254 1836 1862 1912">
    <p class='ocr_par' dir='ltr' id='par_1_19' title="bbox 254 1836 1862 1912">
     <span class='ocr_line' id='line_1_19' title="bbox 254 1836 1862 1912; baseline 0.004 -21"><span class='ocrx_word' id='word_1_133' title='bbox 254 1836 579 1899; x_wconf 61' lang='lat' dir='ltr'><strong><em>deﬂetalia,</em></strong></span> <span class='ocrx_word' id='word_1_134' title='bbox 605 1840 771 1906; x_wconf 65' lang='grc' dir='ltr'><strong><em>δείδιε,</em></strong></span> <span class='ocrx_word' id='word_1_135' title='bbox 801 1840 1159 1902; x_wconf 76' lang='lat' dir='ltr'><strong><em>Clementince,</em></strong></span> <span class='ocrx_word' id='word_1_136' title='bbox 1200 1846 1640 1912; x_wconf 70' lang='lat' dir='ltr'><strong><em>extravagantes,</em></strong></span> <span class='ocrx_word' id='word_1_137' title='bbox 1684 1844 1862 1912; x_wconf 62' lang='lat' dir='ltr'><strong><em>bullis,</em></strong></span> 
     </span>
    </p>
   </div>
   <div class='ocr_carea' id='block_1_20' title="bbox 252 1931 1864 2005">
    <p class='ocr_par' dir='ltr' id='par_1_20' title="bbox 252 1931 1864 2005">
     <span class='ocr_line' id='line_1_20' title="bbox 252 1931 1864 2005; baseline 0.005 -20"><span class='ocrx_word' id='word_1_138' title='bbox 252 1931 649 2001; x_wconf 66' lang='lat' dir='ltr'><strong><em>indulgentiae,</em></strong></span> <span class='ocrx_word' id='word_1_139' title='bbox 681 1934 873 1989; x_wconf 70' lang='lat' dir='ltr'><strong><em>littera:</em></strong></span> <span class='ocrx_word' id='word_1_140' title='bbox 904 1935 1200 2005; x_wconf 85' lang='lat' dir='ltr'><strong><em>butyrales,</em></strong></span> <span class='ocrx_word' id='word_1_141' title='bbox 1225 1937 1473 2001; x_wconf 86' lang='lat' dir='ltr'><strong><em>caseales,</em></strong></span> <span class='ocrx_word' id='word_1_142' title='bbox 1502 1938 1765 2000; x_wconf 87' lang='lat' dir='ltr'><strong><em>lacteales,</em></strong></span> <span class='ocrx_word' id='word_1_143' title='bbox 1798 1939 1864 1993; x_wconf 84' lang='lat' dir='ltr'><strong><em>de</em></strong></span> 
     </span>
    </p>
   </div>
   <div class='ocr_carea' id='block_1_21' title="bbox 259 2025 1865 2100">
    <p class='ocr_par' dir='ltr' id='par_1_21' title="bbox 259 2025 1865 2100">
     <span class='ocr_line' id='line_1_21' title="bbox 259 2025 1865 2100; baseline 0.004 -20"><span class='ocrx_word' id='word_1_144' title='bbox 259 2025 420 2081; x_wconf 82' lang='lat' dir='ltr'><strong><em>collis</em></strong></span> <span class='ocrx_word' id='word_1_145' title='bbox 447 2028 695 2096; x_wconf 86' lang='lat' dir='ltr'><strong><em>ipsorum</em></strong></span> <span class='ocrx_word' id='word_1_146' title='bbox 712 2042 1003 2099; x_wconf 73' lang='lat' dir='ltr'><strong><em>suspensae,</em></strong></span> <span class='ocrx_word' id='word_1_147' title='bbox 1030 2034 1256 2100; x_wconf 85' lang='lat' dir='ltr'><strong><em>propter</em></strong></span> <span class='ocrx_word' id='word_1_148' title='bbox 1281 2031 1638 2086; x_wconf 89' lang='lat' dir='ltr'><strong><em>omnimodam</em></strong></span> <span class='ocrx_word' id='word_1_149' title='bbox 1665 2035 1865 2087; x_wconf 80' lang='lat' dir='ltr'><strong><em>securi-</em></strong></span> 
     </span>
    </p>
   </div>
   <div class='ocr_carea' id='block_1_22' title="bbox 260 2120 1862 2193">
    <p class='ocr_par' dir='ltr' id='par_1_22' title="bbox 260 2120 1862 2193">
     <span class='ocr_line' id='line_1_22' title="bbox 260 2120 1862 2193; baseline 0.004 -20"><span class='ocrx_word' id='word_1_150' title='bbox 260 2123 456 2174; x_wconf 81' lang='lat' dir='ltr'><strong><em>tatem.</em></strong></span> <span class='ocrx_word' id='word_1_151' title='bbox 495 2120 692 2176; x_wconf 86' lang='lat' dir='ltr'><strong><em>Ausim</em></strong></span> <span class='ocrx_word' id='word_1_152' title='bbox 716 2121 937 2191; x_wconf 77' lang='lat' dir='ltr'><strong><em>quidvis</em></strong></span> <span class='ocrx_word' id='word_1_153' title='bbox 965 2122 1243 2193; x_wconf 76' lang='lat' dir='ltr'><strong><em>deponere,</em></strong></span> <span class='ocrx_word' id='word_1_154' title='bbox 1271 2125 1322 2179; x_wconf 88' lang='lat' dir='ltr'><strong><em>si</em></strong></span> <span class='ocrx_word' id='word_1_155' title='bbox 1356 2140 1459 2180; x_wconf 87' lang='lat' dir='ltr'><strong><em>non</em></strong></span> <span class='ocrx_word' id='word_1_156' title='bbox 1481 2125 1556 2179; x_wconf 89' lang='lat' dir='ltr'><strong><em>ad</em></strong></span> <span class='ocrx_word' id='word_1_157' title='bbox 1574 2124 1862 2180; x_wconf 84' lang='lat' dir='ltr'><strong><em>dimidiam</em></strong></span> 
     </span>
    </p>
   </div>
   <div class='ocr_carea' id='block_1_23' title="bbox 254 2213 1861 2283">
    <p class='ocr_par' dir='ltr' id='par_1_23' title="bbox 254 2213 1861 2283">
     <span class='ocr_line' id='line_1_23' title="bbox 254 2213 1861 2283; baseline 0.004 -16"><span class='ocrx_word' id='word_1_158' title='bbox 254 2213 453 2268; x_wconf 81' lang='lat' dir='ltr'><strong><em>horam</em></strong></span> <span class='ocrx_word' id='word_1_159' title='bbox 478 2215 536 2268; x_wconf 88' lang='lat' dir='ltr'><strong><em>in</em></strong></span> <span class='ocrx_word' id='word_1_160' title='bbox 556 2229 613 2269; x_wconf 91' lang='lat' dir='ltr'><strong><em>eo</em></strong></span> <span class='ocrx_word' id='word_1_161' title='bbox 645 2214 830 2271; x_wconf 86' lang='lat' dir='ltr'><strong><em>balneo</em></strong></span> <span class='ocrx_word' id='word_1_162' title='bbox 852 2218 911 2270; x_wconf 88' lang='lat' dir='ltr'><strong><em>in</em></strong></span> <span class='ocrx_word' id='word_1_163' title='bbox 935 2217 1175 2283; x_wconf 80' lang='lat' dir='ltr'><strong><em>fundum</em></strong></span> <span class='ocrx_word' id='word_1_164' title='bbox 1199 2218 1476 2281; x_wconf 84' lang='lat' dir='ltr'><strong><em>submersi,</em></strong></span> <span class='ocrx_word' id='word_1_165' title='bbox 1500 2219 1568 2273; x_wconf 89' lang='lat' dir='ltr'><strong><em>ab</em></strong></span> <span class='ocrx_word' id='word_1_166' title='bbox 1599 2222 1748 2274; x_wconf 89' lang='lat' dir='ltr'><strong><em>omni</em></strong></span> <span class='ocrx_word' id='word_1_167' title='bbox 1761 2237 1861 2275; x_wconf 77' lang='lat' dir='ltr'><strong><em>sua</em></strong></span> 
     </span>
    </p>
   </div>
   <div class='ocr_carea' id='block_1_24' title="bbox 257 2307 1862 2378">
    <p class='ocr_par' dir='ltr' id='par_1_24' title="bbox 257 2307 1862 2378">
     <span class='ocr_line' id='line_1_24' title="bbox 257 2307 1862 2378; baseline 0.006 -18"><span class='ocrx_word' id='word_1_168' title='bbox 257 2307 611 2376; x_wconf 74' lang='lat' dir='ltr'><strong><em>wgritudine,</em></strong></span> <span class='ocrx_word' id='word_1_169' title='bbox 664 2309 946 2378; x_wconf 80' lang='lat' dir='ltr'><strong><em>languore,</em></strong></span> <span class='ocrx_word' id='word_1_170' title='bbox 998 2314 1050 2366; x_wconf 87' lang='lat' dir='ltr'><strong><em>et</em></strong></span> <span class='ocrx_word' id='word_1_171' title='bbox 1107 2311 1191 2365; x_wconf 88' lang='lat' dir='ltr'><strong><em>lue</em></strong></span> <span class='ocrx_word' id='word_1_172' title='bbox 1220 2312 1535 2368; x_wconf 84' lang='lat' dir='ltr'><strong><em>liberentur.</em></strong></span> <span class='ocrx_word' id='word_1_173' title='bbox 1576 2314 1711 2369; x_wconf 68' lang='lat' dir='ltr'><strong><em>Haec</em></strong></span> <span class='ocrx_word' id='word_1_174' title='bbox 1756 2316 1862 2369; x_wconf 92' lang='lat' dir='ltr'><strong><em>Lu-</em></strong></span> 
     </span>
    </p>
   </div>
   <div class='ocr_carea' id='block_1_25' title="bbox 265 2398 491 2457">
    <p class='ocr_par' dir='ltr' id='par_1_25' title="bbox 265 2398 491 2457">
     <span class='ocr_line' id='line_1_25' title="bbox 265 2398 491 2457; baseline -0.004 -1"><span class='ocrx_word' id='word_1_175' title='bbox 265 2398 491 2457; x_wconf 84' lang='lat' dir='ltr'><strong><em>tberus.</em></strong></span> 
     </span>
    </p>
   </div>
   <div class='ocr_carea' id='block_1_26' title="bbox 337 2494 1859 2573">
    <p class='ocr_par' dir='ltr' id='par_1_26' title="bbox 337 2494 1859 2573">
     <span class='ocr_line' id='line_1_26' title="bbox 337 2494 1859 2573; baseline 0.004 -22"><span class='ocrx_word' id='word_1_176' title='bbox 337 2495 466 2562; x_wconf 81' lang='lat' dir='ltr'><strong><em>Qui,</em></strong></span> <span class='ocrx_word' id='word_1_177' title='bbox 492 2501 555 2550; x_wconf 88' lang='lat' dir='ltr'><strong><em>ut</em></strong></span> <span class='ocrx_word' id='word_1_178' title='bbox 604 2494 787 2569; x_wconf 83' lang='lat' dir='ltr'><strong><em>inquit</em></strong></span> <span class='ocrx_word' id='word_1_179' title='bbox 813 2495 1115 2554; x_wconf 66' lang='lat' dir='ltr'><strong><em>Mattbaaus</em></strong></span> <span class='ocrx_word' id='word_1_180' title='bbox 1136 2497 1312 2555; x_wconf 84' lang='lat' dir='ltr'><strong><em>Judex</em></strong></span> <span class='ocrx_word' id='word_1_181' title='bbox 1364 2499 1687 2573; x_wconf 70' lang='lat' dir='ltr'><strong><em>praedicans,</em></strong></span> <span class='ocrx_word' id='word_1_182' title='bbox 1711 2517 1859 2557; x_wconf 87' lang='lat' dir='ltr'><strong><em>eam-</em></strong></span> 
     </span>
    </p>
   </div>
   <div class='ocr_carea' id='block_1_27' title="bbox 256 2588 1862 2667">
    <p class='ocr_par' dir='ltr' id='par_1_27' title="bbox 256 2588 1862 2667">
     <span class='ocr_line' id='line_1_27' title="bbox 256 2588 1862 2667; baseline 0.004 -23"><span class='ocrx_word' id='word_1_183' title='bbox 256 2588 385 2644; x_wconf 87' lang='lat' dir='ltr'><strong><em>dem</em></strong></span> <span class='ocrx_word' id='word_1_184' title='bbox 407 2592 739 2645; x_wconf 72' lang='lat' dir='ltr'><strong><em>smientiam</em></strong></span> <span class='ocrx_word' id='word_1_185' title='bbox 768 2595 960 2661; x_wconf 84' lang='lat' dir='ltr'><strong><em>paucis</em></strong></span> <span class='ocrx_word' id='word_1_186' title='bbox 973 2595 1131 2648; x_wconf 88' lang='lat' dir='ltr'><strong><em>annis</em></strong></span> <span class='ocrx_word' id='word_1_187' title='bbox 1144 2597 1268 2648; x_wconf 85' lang='lat' dir='ltr'><strong><em>ante</em></strong></span> <span class='ocrx_word' id='word_1_188' title='bbox 1282 2594 1483 2649; x_wconf 87' lang='lat' dir='ltr'><strong><em>obitum</em></strong></span> <span class='ocrx_word' id='word_1_189' title='bbox 1496 2610 1655 2650; x_wconf 87' lang='lat' dir='ltr'><strong><em>suum</em></strong></span> <span class='ocrx_word' id='word_1_190' title='bbox 1668 2597 1862 2667; x_wconf 62' lang='lat' dir='ltr'><strong><em>pinxit</em></strong></span> 
     </span>
    </p>
   </div>
   <div class='ocr_carea' id='block_1_28' title="bbox 262 2684 1861 2766">
    <p class='ocr_par' dir='ltr' id='par_1_28' title="bbox 262 2684 1861 2766">
     <span class='ocr_line' id='line_1_28' title="bbox 262 2684 1861 2766; baseline 0.006 -30"><span class='ocrx_word' id='word_1_191' title='bbox 262 2684 599 2751; x_wconf 82' lang='lat' dir='ltr'><strong><em>imaginibus</em></strong></span> <span class='ocrx_word' id='word_1_192' title='bbox 634 2685 769 2753; x_wconf 85' lang='lat' dir='ltr'><strong><em>illis,</em></strong></span> <span class='ocrx_word' id='word_1_193' title='bbox 818 2702 941 2756; x_wconf 69' lang='lat' dir='ltr'><strong><em>quas</em></strong></span> <span class='ocrx_word' id='word_1_194' title='bbox 973 2687 1288 2757; x_wconf 67' lang='lat' dir='ltr'><strong><em>Witebergce</em></strong></span> <span class='ocrx_word' id='word_1_195' title='bbox 1315 2691 1587 2759; x_wconf 66' lang='lat' dir='ltr'><strong><em>impressa:</em></strong></span> <span class='ocrx_word' id='word_1_196' title='bbox 1632 2695 1779 2759; x_wconf 90' lang='lat' dir='ltr'><strong><em>sunt,</em></strong></span> <span class='ocrx_word' id='word_1_197' title='bbox 1811 2694 1861 2766; x_wconf 83' lang='lat' dir='ltr'><strong><em>et</em></strong></span> 
     </span>
    </p>
   </div>
   <div class='ocr_carea' id='block_1_29' title="bbox 256 2779 1860 2851">
    <p class='ocr_par' dir='ltr' id='par_1_29' title="bbox 256 2779 1860 2851">
     <span class='ocr_line' id='line_1_29' title="bbox 256 2779 1860 2851; baseline 0.005 -20"><span class='ocrx_word' id='word_1_198' title='bbox 256 2780 452 2846; x_wconf 87' lang='lat' dir='ltr'><strong><em>postea</em></strong></span> <span class='ocrx_word' id='word_1_199' title='bbox 474 2779 615 2832; x_wconf 73' lang='lat' dir='ltr'><strong><em>lente</em></strong></span> <span class='ocrx_word' id='word_1_200' title='bbox 659 2794 876 2841; x_wconf 63' lang='lat' dir='ltr'><strong><em>remisse,</em></strong></span> <span class='ocrx_word' id='word_1_201' title='bbox 904 2781 966 2834; x_wconf 86' lang='lat' dir='ltr'><strong><em>in</em></strong></span> <span class='ocrx_word' id='word_1_202' title='bbox 988 2781 1186 2850; x_wconf 86' lang='lat' dir='ltr'><strong><em>quibus</em></strong></span> <span class='ocrx_word' id='word_1_203' title='bbox 1210 2784 1463 2851; x_wconf 73' lang='lat' dir='ltr'><strong><em>pontifem</em></strong></span> <span class='ocrx_word' id='word_1_204' title='bbox 1482 2787 1533 2838; x_wconf 83' lang='lat' dir='ltr'><strong><em>et</em></strong></span> <span class='ocrx_word' id='word_1_205' title='bbox 1559 2783 1860 2839; x_wconf 87' lang='lat' dir='ltr'><strong><em>cardinales</em></strong></span> 
     </span>
    </p>
   </div>
   <div class='ocr_carea' id='block_1_30' title="bbox 248 2870 1861 2946">
    <p class='ocr_par' dir='ltr' id='par_1_30' title="bbox 248 2870 1861 2946">
     <span class='ocr_line' id='line_1_30' title="bbox 248 2870 1861 2946; baseline 0.004 -21"><span class='ocrx_word' id='word_1_206' title='bbox 248 2870 531 2942; x_wconf 81' lang='lat' dir='ltr'><strong><em>patibulo,</em></strong></span> <span class='ocrx_word' id='word_1_207' title='bbox 563 2886 656 2927; x_wconf 85' lang='lat' dir='ltr'><strong><em>seu</em></strong></span> <span class='ocrx_word' id='word_1_208' title='bbox 676 2888 826 2928; x_wconf 87' lang='lat' dir='ltr'><strong><em>cruce</em></strong></span> <span class='ocrx_word' id='word_1_209' title='bbox 847 2875 1273 2946; x_wconf 86' lang='lat' dir='ltr'><strong><em>suspenduntur,</em></strong></span> <span class='ocrx_word' id='word_1_210' title='bbox 1313 2877 1861 2932; x_wconf 80' lang='lat' dir='ltr'><strong><em>circumvolitantibus</em></strong></span> 
     </span>
    </p>
   </div>
   <div class='ocr_carea' id='block_1_31' title="bbox 254 2965 1861 3041">
    <p class='ocr_par' dir='ltr' id='par_1_31' title="bbox 254 2965 1861 3041">
     <span class='ocr_line' id='line_1_31' title="bbox 254 2965 1861 3041; baseline 0.004 -22"><span class='ocrx_word' id='word_1_211' title='bbox 254 2965 735 3030; x_wconf 69' lang='lat' dir='ltr'><strong><em>camdmnonibus,</em></strong></span> <span class='ocrx_word' id='word_1_212' title='bbox 795 2969 893 3038; x_wconf 85' lang='lat' dir='ltr'><strong><em>qui</em></strong></span> <span class='ocrx_word' id='word_1_213' title='bbox 917 2970 1130 3025; x_wconf 87' lang='lat' dir='ltr'><strong><em>animas</em></strong></span> <span class='ocrx_word' id='word_1_214' title='bbox 1158 2986 1340 3025; x_wconf 83' lang='lat' dir='ltr'><strong><em>eorum</em></strong></span> <span class='ocrx_word' id='word_1_215' title='bbox 1378 2970 1685 3041; x_wconf 64' lang='lat' dir='ltr'><strong><em>excipiunt,</em></strong></span> <span class='ocrx_word' id='word_1_216' title='bbox 1725 2975 1777 3026; x_wconf 86' lang='lat' dir='ltr'><strong><em>et</em></strong></span> <span class='ocrx_word' id='word_1_217' title='bbox 1802 2973 1861 3025; x_wconf 89' lang='lat' dir='ltr'><strong><em>in</em></strong></span> 
     </span>
    </p>
   </div>
   <div class='ocr_carea' id='block_1_32' title="bbox 258 3059 1863 3136">
    <p class='ocr_par' dir='ltr' id='par_1_32' title="bbox 258 3059 1863 3136">
     <span class='ocr_line' id='line_1_32' title="bbox 258 3059 1863 3136; baseline 0.005 -25"><span class='ocrx_word' id='word_1_218' title='bbox 258 3061 542 3127; x_wconf 83' lang='lat' dir='ltr'><strong><em>infernum</em></strong></span> <span class='ocrx_word' id='word_1_219' title='bbox 569 3059 840 3128; x_wconf 87' lang='lat' dir='ltr'><strong><em>deferunt,</em></strong></span> <span class='ocrx_word' id='word_1_220' title='bbox 862 3062 955 3116; x_wconf 82' lang='lat' dir='ltr'><strong><em>hoc</em></strong></span> <span class='ocrx_word' id='word_1_221' title='bbox 978 3064 1233 3136; x_wconf 85' lang='lat' dir='ltr'><strong><em>inscripto</em></strong></span> <span class='ocrx_word' id='word_1_222' title='bbox 1254 3065 1446 3119; x_wconf 83' lang='lat' dir='ltr'><strong><em>titulo:</em></strong></span> <span class='ocrx_word' id='word_1_223' title='bbox 1466 3066 1645 3133; x_wconf 83' lang='lat' dir='ltr'><strong><em>Digna</em></strong></span> <span class='ocrx_word' id='word_1_224' title='bbox 1668 3079 1863 3120; x_wconf 84' lang='lat' dir='ltr'><strong><em>merces</em></strong></span> 
     </span>
    </p>
   </div>
   <div class='ocr_carea' id='block_1_33' title="bbox 1896 1798 1943 1862">
    <p class='ocr_par' dir='ltr' id='par_1_33' title="bbox 1896 1798 1943 1862">
     <span class='ocr_line' id='line_1_33' title="bbox 1896 1798 1943 1862; baseline 0 0"><span class='ocrx_word' id='word_1_225' title='bbox 1896 1798 1943 1862; x_wconf 90' lang='grc' dir='ltr'><strong>Β</strong></span> 
     </span>
    </p>
   </div>
   <div class='ocr_carea' id='block_1_34' title="bbox 1976 526 3574 604">
    <p class='ocr_par' dir='ltr' id='par_1_34' title="bbox 1976 526 3574 604">
     <span class='ocr_line' id='line_1_34' title="bbox 1976 526 3574 604; baseline 0.002 -20"><span class='ocrx_word' id='word_1_226' title='bbox 1976 526 2202 594; x_wconf 82' lang='lat' dir='ltr'><strong><em>cbristo,</em></strong></span> <span class='ocrx_word' id='word_1_227' title='bbox 2229 528 2437 587; x_wconf 86' lang='lat' dir='ltr'><strong><em>mentio</em></strong></span> <span class='ocrx_word' id='word_1_228' title='bbox 2458 529 2521 586; x_wconf 87' lang='lat' dir='ltr'><strong><em>ﬁt</em></strong></span> <span class='ocrx_word' id='word_1_229' title='bbox 2560 530 2813 604; x_wconf 82' lang='lat' dir='ltr'><strong><em>imaginis</em></strong></span> <span class='ocrx_word' id='word_1_230' title='bbox 2848 530 3097 588; x_wconf 88' lang='lat' dir='ltr'><strong><em>Luthero</em></strong></span> <span class='ocrx_word' id='word_1_231' title='bbox 3123 530 3322 588; x_wconf 66' lang='lat' dir='ltr'><strong><em>oblatae</em></strong></span> <span class='ocrx_word' id='word_1_232' title='bbox 3344 550 3360 599; x_wconf 91' lang='lat'><strong><em>;</em></strong></span> <span class='ocrx_word' id='word_1_233' title='bbox 3382 530 3439 587; x_wconf 91' lang='lat' dir='ltr'><strong><em>in</em></strong></span> <span class='ocrx_word' id='word_1_234' title='bbox 3466 548 3574 604; x_wconf 90' lang='lat' dir='ltr'><strong><em>qua</em></strong></span> 
     </span>
    </p>
   </div>
   <div class='ocr_carea' id='block_1_35' title="bbox 1978 625 3574 694">
    <p class='ocr_par' dir='ltr' id='par_1_35' title="bbox 1978 625 3574 694">
     <span class='ocr_line' id='line_1_35' title="bbox 1978 625 3574 694; baseline 0.002 -16"><span class='ocrx_word' id='word_1_235' title='bbox 1978 639 2117 694; x_wconf 89' lang='lat' dir='ltr'><strong><em>papa</em></strong></span> <span class='ocrx_word' id='word_1_236' title='bbox 2154 626 2448 680; x_wconf 83' lang='lat' dir='ltr'><strong><em>Romanus</em></strong></span> <span class='ocrx_word' id='word_1_237' title='bbox 2475 640 2603 681; x_wconf 90' lang='lat' dir='ltr'><strong><em>cum</em></strong></span> <span class='ocrx_word' id='word_1_238' title='bbox 2640 627 2673 681; x_wconf 75' lang='grc' dir='ltr'><em>Ι</em></span> <span class='ocrx_word' id='word_1_239' title='bbox 2679 625 2783 683; x_wconf 89' lang='lat' dir='ltr'><strong><em>uda</em></strong></span> <span class='ocrx_word' id='word_1_240' title='bbox 2829 641 2893 681; x_wconf 86' lang='lat' dir='ltr'><strong><em>ex</em></strong></span> <span class='ocrx_word' id='word_1_241' title='bbox 2923 627 3110 682; x_wconf 85' lang='lat' dir='ltr'><strong><em>loculis</em></strong></span> <span class='ocrx_word' id='word_1_242' title='bbox 3134 630 3185 682; x_wconf 88' lang='lat' dir='ltr'><strong><em>et</em></strong></span> <span class='ocrx_word' id='word_1_243' title='bbox 3204 626 3444 683; x_wconf 78' lang='lat' dir='ltr'><strong><em>clavibus</em></strong></span> <span class='ocrx_word' id='word_1_244' title='bbox 3461 628 3574 682; x_wconf 85' lang='lat' dir='ltr'><strong><em>suis</em></strong></span> 
     </span>
    </p>
   </div>
   <div class='ocr_carea' id='block_1_36' title="bbox 1976 715 3577 793">
    <p class='ocr_par' dir='ltr' id='par_1_36' title="bbox 1976 715 3577 793">
     <span class='ocr_line' id='line_1_36' title="bbox 1976 715 3577 793; baseline 0.003 -20"><span class='ocrx_word' id='word_1_245' title='bbox 1976 731 2271 790; x_wconf 81' lang='lat' dir='ltr'><strong><em>su5pensus</em></strong></span> <span class='ocrx_word' id='word_1_246' title='bbox 2295 718 2583 776; x_wconf 84' lang='lat' dir='ltr'><strong><em>visebatur.</em></strong></span> <span class='ocrx_word' id='word_1_247' title='bbox 2640 719 2873 776; x_wconf 87' lang='lat' dir='ltr'><strong><em>Miriﬁce</em></strong></span> <span class='ocrx_word' id='word_1_248' title='bbox 2923 720 3126 793; x_wconf 83' lang='lat' dir='ltr'><strong><em>placuit</em></strong></span> <span class='ocrx_word' id='word_1_249' title='bbox 3157 715 3404 778; x_wconf 84' lang='lat' dir='ltr'><strong><em>Luthero</em></strong></span> <span class='ocrx_word' id='word_1_250' title='bbox 3460 720 3577 778; x_wconf 64' lang='lat' dir='ltr'><strong><em>haec</em></strong></span> 
     </span>
    </p>
   </div>
   <div class='ocr_carea' id='block_1_37' title="bbox 1978 810 3572 887">
    <p class='ocr_par' dir='ltr' id='par_1_37' title="bbox 1978 810 3572 887">
     <span class='ocr_line' id='line_1_37' title="bbox 1978 810 3572 887; baseline 0.003 -20"><span class='ocrx_word' id='word_1_251' title='bbox 1978 810 2228 884; x_wconf 84' lang='lat' dir='ltr'><strong><em>efﬁgies;</em></strong></span> <span class='ocrx_word' id='word_1_252' title='bbox 2257 813 2422 885; x_wconf 89' lang='lat' dir='ltr'><strong><em>inque</em></strong></span> <span class='ocrx_word' id='word_1_253' title='bbox 2465 828 2593 870; x_wconf 90' lang='lat' dir='ltr'><strong><em>eum</em></strong></span> <span class='ocrx_word' id='word_1_254' title='bbox 2613 828 2837 870; x_wconf 88' lang='lat' dir='ltr'><strong><em>sensum</em></strong></span> <span class='ocrx_word' id='word_1_255' title='bbox 2865 813 3074 886; x_wconf 88' lang='lat' dir='ltr'><strong><em>accepit</em></strong></span> <span class='ocrx_word' id='word_1_256' title='bbox 3100 814 3254 887; x_wconf 81' lang='lat' dir='ltr'><strong><em>quasi</em></strong></span> <span class='ocrx_word' id='word_1_257' title='bbox 3276 813 3445 871; x_wconf 82' lang='lat' dir='ltr'><strong><em>divini</em></strong></span> <span class='ocrx_word' id='word_1_258' title='bbox 3469 831 3572 871; x_wconf 88' lang='lat' dir='ltr'><strong><em>nu-</em></strong></span> 
     </span>
    </p>
   </div>
   <div class='ocr_carea' id='block_1_38' title="bbox 1977 904 3573 981">
    <p class='ocr_par' dir='ltr' id='par_1_38' title="bbox 1977 904 3573 981">
     <span class='ocr_line' id='line_1_38' title="bbox 1977 904 3573 981; baseline 0.003 -22"><span class='ocrx_word' id='word_1_259' title='bbox 1977 904 2139 961; x_wconf 88' lang='lat' dir='ltr'><strong><em>minis</em></strong></span> <span class='ocrx_word' id='word_1_260' title='bbox 2156 905 2308 978; x_wconf 88' lang='lat' dir='ltr'><strong><em>justa</em></strong></span> <span class='ocrx_word' id='word_1_261' title='bbox 2327 905 2559 963; x_wconf 85' lang='lat' dir='ltr'><strong><em>vindicta</em></strong></span> <span class='ocrx_word' id='word_1_262' title='bbox 2594 906 2851 963; x_wconf 85' lang='lat' dir='ltr'><strong><em>adversus</em></strong></span> <span class='ocrx_word' id='word_1_263' title='bbox 2886 922 3082 980; x_wconf 86' lang='lat' dir='ltr'><strong><em>papam</em></strong></span> <span class='ocrx_word' id='word_1_264' title='bbox 3126 905 3329 978; x_wconf 85' lang='lat' dir='ltr'><strong><em>fuerit;</em></strong></span> <span class='ocrx_word' id='word_1_265' title='bbox 3375 917 3437 966; x_wconf 91' lang='lat' dir='ltr'><strong><em>ut</em></strong></span> <span class='ocrx_word' id='word_1_266' title='bbox 3481 907 3573 981; x_wconf 90' lang='lat' dir='ltr'><strong><em>qui</em></strong></span> 
     </span>
    </p>
   </div>
   <div class='ocr_carea' id='block_1_39' title="bbox 1976 989 3571 1073">
    <p class='ocr_par' dir='ltr' id='par_1_39' title="bbox 1976 989 3571 1073">
     <span class='ocr_line' id='line_1_39' title="bbox 1976 989 3571 1073; baseline 0.003 -20"><span class='ocrx_word' id='word_1_267' title='bbox 1976 999 2282 1056; x_wconf 89' lang='lat' dir='ltr'><strong><em>Lutherum</em></strong></span> <span class='ocrx_word' id='word_1_268' title='bbox 2311 1015 2441 1056; x_wconf 89' lang='lat' dir='ltr'><strong><em>cum</em></strong></span> <span class='ocrx_word' id='word_1_269' title='bbox 2464 1015 2566 1056; x_wconf 89' lang='lat' dir='ltr'><strong><em>suo</em></strong></span> <span class='ocrx_word' id='word_1_270' title='bbox 2607 989 2901 1073; x_wconf 76' lang='lat' dir='ltr'><strong><em>Evangelio</em></strong></span> <span class='ocrx_word' id='word_1_271' title='bbox 2935 1000 3196 1058; x_wconf 88' lang='lat' dir='ltr'><strong><em>damnare</em></strong></span> <span class='ocrx_word' id='word_1_272' title='bbox 3223 1017 3338 1058; x_wconf 89' lang='lat' dir='ltr'><strong><em>non</em></strong></span> <span class='ocrx_word' id='word_1_273' title='bbox 3374 1000 3571 1058; x_wconf 87' lang='lat' dir='ltr'><strong><em>formi-</em></strong></span> 
     </span>
    </p>
   </div>
   <div class='ocr_carea' id='block_1_40' title="bbox 1975 1090 3570 1167">
    <p class='ocr_par' dir='ltr' id='par_1_40' title="bbox 1975 1090 3570 1167">
     <span class='ocr_line' id='line_1_40' title="bbox 1975 1090 3570 1167; baseline 0.003 -20"><span class='ocrx_word' id='word_1_274' title='bbox 1975 1090 2181 1162; x_wconf 90' lang='lat' dir='ltr'><strong><em>dasset,</em></strong></span> <span class='ocrx_word' id='word_1_275' title='bbox 2208 1092 2406 1165; x_wconf 87' lang='lat' dir='ltr'><strong><em>laqueo</em></strong></span> <span class='ocrx_word' id='word_1_276' title='bbox 2436 1092 2631 1167; x_wconf 89' lang='lat' dir='ltr'><strong><em>dignus</em></strong></span> <span class='ocrx_word' id='word_1_277' title='bbox 2661 1109 2758 1166; x_wconf 88' lang='lat' dir='ltr'><strong><em>per</em></strong></span> <span class='ocrx_word' id='word_1_278' title='bbox 2785 1092 2928 1150; x_wconf 88' lang='lat' dir='ltr'><strong><em>hanc</em></strong></span> <span class='ocrx_word' id='word_1_279' title='bbox 2969 1094 3248 1165; x_wconf 84' lang='lat' dir='ltr'><strong><em>picturam</em></strong></span> <span class='ocrx_word' id='word_1_280' title='bbox 3270 1094 3570 1152; x_wconf 87' lang='lat' dir='ltr'><strong><em>declarare-</em></strong></span> 
     </span>
    </p>
   </div>
   <div class='ocr_carea' id='block_1_41' title="bbox 1975 1193 2086 1243">
    <p class='ocr_par' dir='ltr' id='par_1_41' title="bbox 1975 1193 2086 1243">
     <span class='ocr_line' id='line_1_41' title="bbox 1975 1193 2086 1243; baseline -0.009 -1"><span class='ocrx_word' id='word_1_281' title='bbox 1975 1193 2086 1243; x_wconf 89' lang='lat' dir='ltr'><strong><em>tur.</em></strong></span> 
     </span>
    </p>
   </div>
   <div class='ocr_carea' id='block_1_42' title="bbox 2047 1279 3571 1353">
    <p class='ocr_par' dir='ltr' id='par_1_42' title="bbox 2047 1279 3571 1353">
     <span class='ocr_line' id='line_1_42' title="bbox 2047 1279 3571 1353; baseline 0.001 -17"><span class='ocrx_word' id='word_1_282' title='bbox 2047 1283 2120 1336; x_wconf 87' lang='lat' dir='ltr'><strong><em>At</em></strong></span> <span class='ocrx_word' id='word_1_283' title='bbox 2146 1279 2216 1336; x_wconf 90' lang='lat' dir='ltr'><strong><em>de</em></strong></span> <span class='ocrx_word' id='word_1_284' title='bbox 2240 1279 2497 1337; x_wconf 88' lang='lat' dir='ltr'><strong><em>conviciis</em></strong></span> <span class='ocrx_word' id='word_1_285' title='bbox 2516 1288 2570 1337; x_wconf 90' lang='lat' dir='ltr'><strong><em>et</em></strong></span> <span class='ocrx_word' id='word_1_286' title='bbox 2595 1280 2946 1337; x_wconf 87' lang='lat' dir='ltr'><strong><em>contumeliis</em></strong></span> <span class='ocrx_word' id='word_1_287' title='bbox 2963 1279 3281 1349; x_wconf 82' lang='lat' dir='ltr'><strong><em>verborum,</em></strong></span> <span class='ocrx_word' id='word_1_288' title='bbox 3309 1287 3364 1337; x_wconf 89' lang='lat' dir='ltr'><strong><em>et</em></strong></span> <span class='ocrx_word' id='word_1_289' title='bbox 3398 1280 3571 1353; x_wconf 85' lang='lat' dir='ltr'><strong><em>pictu-</em></strong></span> 
     </span>
    </p>
   </div>
   <div class='ocr_carea' id='block_1_43' title="bbox 1977 1372 3571 1447">
    <p class='ocr_par' dir='ltr' id='par_1_43' title="bbox 1977 1372 3571 1447">
     <span class='ocr_line' id='line_1_43' title="bbox 1977 1372 3571 1447; baseline 0.002 -19"><span class='ocrx_word' id='word_1_290' title='bbox 1977 1388 2184 1443; x_wconf 83' lang='lat' dir='ltr'><strong><em>rarum,</em></strong></span> <span class='ocrx_word' id='word_1_291' title='bbox 2215 1373 2411 1445; x_wconf 88' lang='lat' dir='ltr'><strong><em>quibus</em></strong></span> <span class='ocrx_word' id='word_1_292' title='bbox 2434 1372 2727 1430; x_wconf 82' lang='lat' dir='ltr'><strong><em>adversarii</em></strong></span> <span class='ocrx_word' id='word_1_293' title='bbox 2766 1377 3049 1431; x_wconf 80' lang='lat' dir='ltr'><strong><em>Romanos</em></strong></span> <span class='ocrx_word' id='word_1_294' title='bbox 3090 1373 3374 1447; x_wconf 86' lang='lat' dir='ltr'><strong><em>pontiﬁces</em></strong></span> <span class='ocrx_word' id='word_1_295' title='bbox 3410 1383 3571 1446; x_wconf 83' lang='lat' dir='ltr'><strong><em>petu-</em></strong></span> 
     </span>
    </p>
   </div>
   <div class='ocr_carea' id='block_1_44' title="bbox 1976 1466 3570 1539">
    <p class='ocr_par' dir='ltr' id='par_1_44' title="bbox 1976 1466 3570 1539">
     <span class='ocr_line' id='line_1_44' title="bbox 1976 1466 3570 1539; baseline 0 -16"><span class='ocrx_word' id='word_1_296' title='bbox 1976 1466 2273 1523; x_wconf 78' lang='lat' dir='ltr'><strong><em>lantissima</em></strong></span> <span class='ocrx_word' id='word_1_297' title='bbox 2316 1475 2370 1523; x_wconf 89' lang='lat' dir='ltr'><strong><em>et</em></strong></span> <span class='ocrx_word' id='word_1_298' title='bbox 2406 1467 2829 1539; x_wconf 87' lang='lat' dir='ltr'><strong><em>ﬂagitiosissime</em></strong></span> <span class='ocrx_word' id='word_1_299' title='bbox 2864 1467 3191 1535; x_wconf 84' lang='lat' dir='ltr'><strong><em>traducunt,</em></strong></span> <span class='ocrx_word' id='word_1_300' title='bbox 3238 1478 3290 1524; x_wconf 84' lang='lat' dir='ltr'><strong><em>et</em></strong></span> <span class='ocrx_word' id='word_1_301' title='bbox 3329 1466 3570 1523; x_wconf 85' lang='lat' dir='ltr'><strong><em>ludibrio</em></strong></span> 
     </span>
    </p>
   </div>
   <div class='ocr_carea' id='block_1_45' title="bbox 1976 1560 3574 1633">
    <p class='ocr_par' dir='ltr' id='par_1_45' title="bbox 1976 1560 3574 1633">
     <span class='ocr_line' id='line_1_45' title="bbox 1976 1560 3574 1633; baseline 0 -17"><span class='ocrx_word' id='word_1_302' title='bbox 1976 1576 2249 1632; x_wconf 82' lang='lat' dir='ltr'><strong><em>exponere</em></strong></span> <span class='ocrx_word' id='word_1_303' title='bbox 2290 1560 2530 1628; x_wconf 86' lang='lat' dir='ltr'><strong><em>student,</em></strong></span> <span class='ocrx_word' id='word_1_304' title='bbox 2559 1561 2938 1633; x_wconf 88' lang='lat' dir='ltr'><strong><em>copiosissime</em></strong></span> <span class='ocrx_word' id='word_1_305' title='bbox 2988 1578 3018 1617; x_wconf 89' lang='lat' dir='ltr'><strong><em>a</em></strong></span> <span class='ocrx_word' id='word_1_306' title='bbox 3043 1561 3202 1618; x_wconf 90' lang='lat' dir='ltr'><strong><em>nobis</em></strong></span> <span class='ocrx_word' id='word_1_307' title='bbox 3241 1560 3452 1617; x_wconf 90' lang='lat' dir='ltr'><strong><em>dictum</em></strong></span> <span class='ocrx_word' id='word_1_308' title='bbox 3488 1567 3574 1617; x_wconf 87' lang='lat' dir='ltr'><strong><em>est</em></strong></span> 
     </span>
    </p>
   </div>
   <div class='ocr_carea' id='block_1_46' title="bbox 1978 1653 3567 1726">
    <p class='ocr_par' dir='ltr' id='par_1_46' title="bbox 1978 1653 3567 1726">
     <span class='ocr_line' id='line_1_46' title="bbox 1978 1653 3567 1726; baseline 0.001 -17"><span class='ocrx_word' id='word_1_309' title='bbox 1978 1653 2030 1709; x_wconf 87' lang='lat' dir='ltr'><strong><em>in</em></strong></span> <span class='ocrx_word' id='word_1_310' title='bbox 2052 1661 2288 1725; x_wconf 87' lang='lat' dir='ltr'><strong><em>quatuor</em></strong></span> <span class='ocrx_word' id='word_1_311' title='bbox 2311 1653 2577 1726; x_wconf 89' lang='lat' dir='ltr'><strong><em>apologiis</em></strong></span> <span class='ocrx_word' id='word_1_312' title='bbox 2595 1663 2786 1710; x_wconf 89' lang='lat' dir='ltr'><strong><em>contra</em></strong></span> <span class='ocrx_word' id='word_1_313' title='bbox 2822 1654 3109 1723; x_wconf 87' lang='lat' dir='ltr'><strong><em>Misenum,</em></strong></span> <span class='ocrx_word' id='word_1_314' title='bbox 3135 1662 3190 1709; x_wconf 91' lang='lat' dir='ltr'><strong><em>et</em></strong></span> <span class='ocrx_word' id='word_1_315' title='bbox 3217 1653 3274 1709; x_wconf 91' lang='lat' dir='ltr'><strong><em>in</em></strong></span> <span class='ocrx_word' id='word_1_316' title='bbox 3302 1668 3567 1724; x_wconf 89' lang='lat' dir='ltr'><strong><em>responso</em></strong></span> 
     </span>
    </p>
   </div>
   <div class='ocr_carea' id='block_1_47' title="bbox 1975 1746 3569 1819">
    <p class='ocr_par' dir='ltr' id='par_1_47' title="bbox 1975 1746 3569 1819">
     <span class='ocr_line' id='line_1_47' title="bbox 1975 1746 3569 1819; baseline -0.001 -17"><span class='ocrx_word' id='word_1_317' title='bbox 1975 1746 2045 1803; x_wconf 90' lang='lat' dir='ltr'><strong><em>ad</em></strong></span> <span class='ocrx_word' id='word_1_318' title='bbox 2074 1747 2256 1805; x_wconf 84' lang='lat' dir='ltr'><strong><em>theses</em></strong></span> <span class='ocrx_word' id='word_1_319' title='bbox 2295 1748 2645 1803; x_wconf 87' lang='lat' dir='ltr'><strong><em>Hunnianas.</em></strong></span> <span class='ocrx_word' id='word_1_320' title='bbox 2701 1750 2825 1803; x_wconf 90' lang='lat' dir='ltr'><strong><em>Non</em></strong></span> <span class='ocrx_word' id='word_1_321' title='bbox 2854 1763 3023 1819; x_wconf 87' lang='lat' dir='ltr'><strong><em>pauca</em></strong></span> <span class='ocrx_word' id='word_1_322' title='bbox 3046 1746 3239 1803; x_wconf 89' lang='lat' dir='ltr'><strong><em>itidem</em></strong></span> <span class='ocrx_word' id='word_1_323' title='bbox 3286 1746 3569 1819; x_wconf 83' lang='lat' dir='ltr'><strong><em>attigimus</em></strong></span> 
     </span>
    </p>
   </div>
   <div class='ocr_carea' id='block_1_48' title="bbox 1974 1838 3571 1913">
    <p class='ocr_par' dir='ltr' id='par_1_48' title="bbox 1974 1838 3571 1913">
     <span class='ocr_line' id='line_1_48' title="bbox 1974 1838 3571 1913; baseline 0 -17"><span class='ocrx_word' id='word_1_324' title='bbox 1974 1840 2069 1897; x_wconf 88' lang='lat' dir='ltr'><strong><em>lib.</em></strong></span> <span class='ocrx_word' id='word_1_325' title='bbox 2095 1857 2166 1898; x_wconf 84' lang='grc' dir='ltr'><strong><em>ιιι</em></strong></span> <span class='ocrx_word' id='word_1_326' title='bbox 2193 1845 2273 1897; x_wconf 91' lang='lat' dir='ltr'><strong><em>De</em></strong></span> <span class='ocrx_word' id='word_1_327' title='bbox 2302 1841 2584 1913; x_wconf 87' lang='lat' dir='ltr'><strong><em>pontiﬁce,</em></strong></span> <span class='ocrx_word' id='word_1_328' title='bbox 2607 1840 2700 1897; x_wconf 88' lang='lat' dir='ltr'><strong><em>ubi</em></strong></span> <span class='ocrx_word' id='word_1_329' title='bbox 2720 1839 2789 1896; x_wconf 88' lang='lat' dir='ltr'><strong><em>de.</em></strong></span> <span class='ocrx_word' id='word_1_330' title='bbox 2805 1839 3148 1897; x_wconf 82' lang='lat' dir='ltr'><strong><em>Antichristo</em></strong></span> <span class='ocrx_word' id='word_1_331' title='bbox 3171 1847 3382 1908; x_wconf 88' lang='lat' dir='ltr'><strong><em>actum,</em></strong></span> <span class='ocrx_word' id='word_1_332' title='bbox 3414 1838 3571 1911; x_wconf 88' lang='lat' dir='ltr'><strong><em>cujus</em></strong></span> 
     </span>
    </p>
   </div>
   <div class='ocr_carea' id='block_1_49' title="bbox 1972 1931 3570 2006">
    <p class='ocr_par' dir='ltr' id='par_1_49' title="bbox 1972 1931 3570 2006">
     <span class='ocr_line' id='line_1_49' title="bbox 1972 1931 3570 2006; baseline -0.001 -15"><span class='ocrx_word' id='word_1_333' title='bbox 1972 1935 2254 1991; x_wconf 86' lang='lat' dir='ltr'><strong><em>occasione</em></strong></span> <span class='ocrx_word' id='word_1_334' title='bbox 2308 1934 2620 1991; x_wconf 87' lang='lat' dir='ltr'><strong><em>istiusmodi</em></strong></span> <span class='ocrx_word' id='word_1_335' title='bbox 2665 1934 2950 1991; x_wconf 89' lang='lat' dir='ltr'><strong><em>maledicta</em></strong></span> <span class='ocrx_word' id='word_1_336' title='bbox 3013 1941 3069 1990; x_wconf 89' lang='lat' dir='ltr'><strong><em>et</em></strong></span> <span class='ocrx_word' id='word_1_337' title='bbox 3112 1931 3416 2002; x_wconf 88' lang='lat' dir='ltr'><strong><em>mendacia,</em></strong></span> <span class='ocrx_word' id='word_1_338' title='bbox 3443 1948 3570 2006; x_wconf 69' lang='lat' dir='ltr'><strong><em>qua:</em></strong></span> 
     </span>
    </p>
   </div>
   <div class='ocr_carea' id='block_1_50' title="bbox 1970 2027 3570 2101">
    <p class='ocr_par' dir='ltr' id='par_1_50' title="bbox 1970 2027 3570 2101">
     <span class='ocr_line' id='line_1_50' title="bbox 1970 2027 3570 2101; baseline -0.002 -16"><span class='ocrx_word' id='word_1_339' title='bbox 1970 2029 2180 2085; x_wconf 88' lang='lat' dir='ltr'><strong><em>sectarii</em></strong></span> <span class='ocrx_word' id='word_1_340' title='bbox 2208 2029 2411 2086; x_wconf 79' lang='lat' dir='ltr'><strong><em>inflatis</em></strong></span> <span class='ocrx_word' id='word_1_341' title='bbox 2434 2028 2688 2086; x_wconf 81' lang='lat' dir='ltr'><strong><em>faucibus</em></strong></span> <span class='ocrx_word' id='word_1_342' title='bbox 2712 2035 2959 2101; x_wconf 90' lang='lat' dir='ltr'><strong><em>crepant,</em></strong></span> <span class='ocrx_word' id='word_1_343' title='bbox 2989 2035 3256 2100; x_wconf 87' lang='lat' dir='ltr'><strong><em>quantum</em></strong></span> <span class='ocrx_word' id='word_1_344' title='bbox 3277 2027 3412 2084; x_wconf 88' lang='lat' dir='ltr'><strong><em>satis</em></strong></span> <span class='ocrx_word' id='word_1_345' title='bbox 3427 2035 3570 2096; x_wconf 88' lang='lat' dir='ltr'><strong><em>erat,</em></strong></span> 
     </span>
    </p>
   </div>
   <div class='ocr_carea' id='block_1_51' title="bbox 1968 2121 2889 2196">
    <p class='ocr_par' dir='ltr' id='par_1_51' title="bbox 1968 2121 2889 2196">
     <span class='ocr_line' id='line_1_51' title="bbox 1968 2121 2889 2196; baseline -0.003 -16"><span class='ocrx_word' id='word_1_346' title='bbox 1968 2122 2354 2196; x_wconf 88' lang='lat' dir='ltr'><strong><em>castigavimus</em></strong></span> <span class='ocrx_word' id='word_1_347' title='bbox 2381 2131 2437 2179; x_wconf 90' lang='lat' dir='ltr'><strong><em>et</em></strong></span> <span class='ocrx_word' id='word_1_348' title='bbox 2464 2121 2889 2195; x_wconf 85' lang='lat' dir='ltr'><strong><em>proﬂigavimus.</em></strong></span> 
     </span>
    </p>
   </div>
   <div class='ocr_carea' id='block_1_52' title="bbox 2041 2213 3569 2287">
    <p class='ocr_par' dir='ltr' id='par_1_52' title="bbox 2041 2213 3569 2287">
     <span class='ocr_line' id='line_1_52' title="bbox 2041 2213 3569 2287; baseline -0.001 -15"><span class='ocrx_word' id='word_1_349' title='bbox 2041 2216 2283 2273; x_wconf 85' lang='lat' dir='ltr'><strong><em>Tametsi</em></strong></span> <span class='ocrx_word' id='word_1_350' title='bbox 2313 2225 2497 2273; x_wconf 89' lang='lat' dir='ltr'><strong><em>autem</em></strong></span> <span class='ocrx_word' id='word_1_351' title='bbox 2531 2215 2790 2286; x_wconf 73' lang='lat' dir='ltr'><strong><em>haeretici,</em></strong></span> <span class='ocrx_word' id='word_1_352' title='bbox 2826 2215 2930 2270; x_wconf 88' lang='lat' dir='ltr'><strong><em>hac</em></strong></span> <span class='ocrx_word' id='word_1_353' title='bbox 2971 2221 3321 2287; x_wconf 87' lang='lat' dir='ltr'><strong><em>tempestate,</em></strong></span> <span class='ocrx_word' id='word_1_354' title='bbox 3358 2213 3415 2269; x_wconf 92' lang='lat' dir='ltr'><strong><em>in</em></strong></span> <span class='ocrx_word' id='word_1_355' title='bbox 3448 2215 3569 2270; x_wconf 82' lang='lat' dir='ltr'><strong><em>Ro-</em></strong></span> 
     </span>
    </p>
   </div>
   <div class='ocr_carea' id='block_1_53' title="bbox 1972 2306 3565 2383">
    <p class='ocr_par' dir='ltr' id='par_1_53' title="bbox 1972 2306 3565 2383">
     <span class='ocr_line' id='line_1_53' title="bbox 1972 2306 3565 2383; baseline -0.002 -18"><span class='ocrx_word' id='word_1_356' title='bbox 1972 2326 2166 2367; x_wconf 91' lang='lat' dir='ltr'><strong><em>manos</em></strong></span> <span class='ocrx_word' id='word_1_357' title='bbox 2193 2311 2452 2383; x_wconf 67' lang='lat' dir='ltr'><strong><em>praesules</em></strong></span> <span class='ocrx_word' id='word_1_358' title='bbox 2497 2325 2716 2367; x_wconf 89' lang='lat' dir='ltr'><strong><em>summo</em></strong></span> <span class='ocrx_word' id='word_1_359' title='bbox 2747 2308 2931 2366; x_wconf 85' lang='lat' dir='ltr'><strong><em>furore</em></strong></span> <span class='ocrx_word' id='word_1_360' title='bbox 2957 2308 3243 2364; x_wconf 88' lang='lat' dir='ltr'><strong><em>incurrunt</em></strong></span> <span class='ocrx_word' id='word_1_361' title='bbox 3274 2315 3331 2363; x_wconf 88' lang='lat' dir='ltr'><strong><em>et</em></strong></span> <span class='ocrx_word' id='word_1_362' title='bbox 3363 2306 3565 2364; x_wconf 89' lang='lat' dir='ltr'><strong><em>debac-</em></strong></span> 
     </span>
    </p>
   </div>
   <div class='ocr_carea' id='block_1_54' title="bbox 1968 2402 3569 2476">
    <p class='ocr_par' dir='ltr' id='par_1_54' title="bbox 1968 2402 3569 2476">
     <span class='ocr_line' id='line_1_54' title="bbox 1968 2402 3569 2476; baseline -0.002 -16"><span class='ocrx_word' id='word_1_363' title='bbox 1968 2402 2227 2475; x_wconf 88' lang='lat' dir='ltr'><strong><em>chantur,</em></strong></span> <span class='ocrx_word' id='word_1_364' title='bbox 2255 2403 2616 2461; x_wconf 86' lang='lat' dir='ltr'><strong><em>nihilominus</em></strong></span> <span class='ocrx_word' id='word_1_365' title='bbox 2665 2403 2935 2476; x_wconf 89' lang='lat' dir='ltr'><strong><em>quosdam</em></strong></span> <span class='ocrx_word' id='word_1_366' title='bbox 2964 2418 3032 2459; x_wconf 86' lang='lat' dir='ltr'><strong><em>ex</em></strong></span> <span class='ocrx_word' id='word_1_367' title='bbox 3071 2416 3264 2458; x_wconf 89' lang='lat' dir='ltr'><strong><em>eorum</em></strong></span> <span class='ocrx_word' id='word_1_368' title='bbox 3308 2416 3475 2458; x_wconf 89' lang='lat' dir='ltr'><strong><em>censu</em></strong></span> <span class='ocrx_word' id='word_1_369' title='bbox 3514 2409 3569 2458; x_wconf 91' lang='lat' dir='ltr'><strong><em>et</em></strong></span> 
     </span>
    </p>
   </div>
   <div class='ocr_carea' id='block_1_55' title="bbox 1969 2494 3560 2571">
    <p class='ocr_par' dir='ltr' id='par_1_55' title="bbox 1969 2494 3560 2571">
     <span class='ocr_line' id='line_1_55' title="bbox 1969 2494 3560 2571; baseline -0.001 -18"><span class='ocrx_word' id='word_1_370' title='bbox 1969 2497 2158 2555; x_wconf 89' lang='lat' dir='ltr'><strong><em>ordine</em></strong></span> <span class='ocrx_word' id='word_1_371' title='bbox 2183 2498 2519 2571; x_wconf 87' lang='lat' dir='ltr'><strong><em>delegerunt,</em></strong></span> <span class='ocrx_word' id='word_1_372' title='bbox 2547 2513 2688 2571; x_wconf 89' lang='lat' dir='ltr'><strong><em>quos</em></strong></span> <span class='ocrx_word' id='word_1_373' title='bbox 2719 2496 3076 2570; x_wconf 89' lang='lat' dir='ltr'><strong><em>impotentius</em></strong></span> <span class='ocrx_word' id='word_1_374' title='bbox 3098 2503 3154 2551; x_wconf 93' lang='lat' dir='ltr'><strong><em>et</em></strong></span> <span class='ocrx_word' id='word_1_375' title='bbox 3188 2494 3560 2567; x_wconf 89' lang='lat' dir='ltr'><strong><em>impudentius</em></strong></span> 
     </span>
    </p>
   </div>
   <div class='ocr_carea' id='block_1_56' title="bbox 1970 2587 3567 2649">
    <p class='ocr_par' dir='ltr' id='par_1_56' title="bbox 1970 2587 3567 2649">
     <span class='ocr_line' id='line_1_56' title="bbox 1970 2587 3567 2649; baseline -0.002 -2"><span class='ocrx_word' id='word_1_376' title='bbox 1970 2590 2368 2649; x_wconf 86' lang='lat' dir='ltr'><strong><em>insectarentur</em></strong></span> <span class='ocrx_word' id='word_1_377' title='bbox 2410 2600 2466 2647; x_wconf 88' lang='lat' dir='ltr'><strong><em>et</em></strong></span> <span class='ocrx_word' id='word_1_378' title='bbox 2514 2590 2773 2648; x_wconf 88' lang='lat' dir='ltr'><strong><em>conviciis</em></strong></span> <span class='ocrx_word' id='word_1_379' title='bbox 2825 2590 3203 2647; x_wconf 89' lang='lat' dir='ltr'><strong><em>dilacerarent.</em></strong></span> <span class='ocrx_word' id='word_1_380' title='bbox 3234 2591 3316 2645; x_wconf 85' lang='lat' dir='ltr'><strong><em>Ex</em></strong></span> <span class='ocrx_word' id='word_1_381' title='bbox 3364 2587 3567 2646; x_wconf 89' lang='lat' dir='ltr'><strong><em>horum</em></strong></span> 
     </span>
    </p>
   </div>
   <div class='ocr_carea' id='block_1_57' title="bbox 1969 2682 3571 2758">
    <p class='ocr_par' dir='ltr' id='par_1_57' title="bbox 1969 2682 3571 2758">
     <span class='ocr_line' id='line_1_57' title="bbox 1969 2682 3571 2758; baseline -0.002 -17"><span class='ocrx_word' id='word_1_382' title='bbox 1969 2701 2201 2742; x_wconf 87' lang='lat' dir='ltr'><strong><em>numero</em></strong></span> <span class='ocrx_word' id='word_1_383' title='bbox 2228 2685 2529 2758; x_wconf 67' lang='lat' dir='ltr'><strong><em>praecipuus</em></strong></span> <span class='ocrx_word' id='word_1_384' title='bbox 2553 2700 2671 2741; x_wconf 88' lang='lat' dir='ltr'><strong><em>esse</em></strong></span> <span class='ocrx_word' id='word_1_385' title='bbox 2701 2684 2918 2741; x_wconf 88' lang='lat' dir='ltr'><strong><em>videtur</em></strong></span> <span class='ocrx_word' id='word_1_386' title='bbox 2944 2683 3242 2755; x_wconf 86' lang='lat' dir='ltr'><strong><em>Gregorius</em></strong></span> <span class='ocrx_word' id='word_1_387' title='bbox 3269 2684 3394 2751; x_wconf 86' lang='lat' dir='ltr'><strong><em>VII,</em></strong></span> <span class='ocrx_word' id='word_1_388' title='bbox 3422 2682 3571 2755; x_wconf 87' lang='lat' dir='ltr'><strong><em>prius</em></strong></span> 
     </span>
    </p>
   </div>
   <div class='ocr_carea' id='block_1_58' title="bbox 1969 2775 3569 2850">
    <p class='ocr_par' dir='ltr' id='par_1_58' title="bbox 1969 2775 3569 2850">
     <span class='ocr_line' id='line_1_58' title="bbox 1969 2775 3569 2850; baseline -0.002 -15"><span class='ocrx_word' id='word_1_389' title='bbox 1969 2779 2373 2835; x_wconf 83' lang='lat' dir='ltr'><strong><em>Hildebrandus</em></strong></span> <span class='ocrx_word' id='word_1_390' title='bbox 2401 2779 2597 2845; x_wconf 83' lang='lat' dir='ltr'><strong><em>dictus,</em></strong></span> <span class='ocrx_word' id='word_1_391' title='bbox 2619 2777 2713 2850; x_wconf 88' lang='lat' dir='ltr'><strong><em>qui</em></strong></span> <span class='ocrx_word' id='word_1_392' title='bbox 2741 2778 3119 2849; x_wconf 88' lang='lat' dir='ltr'><strong><em>pontiﬁcatum</em></strong></span> <span class='ocrx_word' id='word_1_393' title='bbox 3140 2775 3264 2831; x_wconf 90' lang='lat' dir='ltr'><strong><em>iniit</em></strong></span> <span class='ocrx_word' id='word_1_394' title='bbox 3289 2792 3432 2832; x_wconf 87' lang='lat' dir='ltr'><strong><em>anno</em></strong></span> <span class='ocrx_word' id='word_1_395' title='bbox 3459 2779 3569 2832; x_wconf 82' lang='lat' dir='ltr'><strong><em>Re-</em></strong></span> 
     </span>
    </p>
   </div>
   <div class='ocr_carea' id='block_1_59' title="bbox 1969 2868 3569 2944">
    <p class='ocr_par' dir='ltr' id='par_1_59' title="bbox 1969 2868 3569 2944">
     <span class='ocr_line' id='line_1_59' title="bbox 1969 2868 3569 2944; baseline -0.003 -15"><span class='ocrx_word' id='word_1_396' title='bbox 1969 2871 2271 2944; x_wconf 88' lang='lat' dir='ltr'><strong><em>demptoris</em></strong></span> <span class='ocrx_word' id='word_1_397' title='bbox 2288 2877 2444 2939; x_wconf 83' lang='lat'><strong><em>1073,</em></strong></span> <span class='ocrx_word' id='word_1_398' title='bbox 2466 2879 2722 2926; x_wconf 90' lang='lat' dir='ltr'><strong><em>mortuus</em></strong></span> <span class='ocrx_word' id='word_1_399' title='bbox 2735 2886 2881 2926; x_wconf 88' lang='lat' dir='ltr'><strong><em>anno</em></strong></span> <span class='ocrx_word' id='word_1_400' title='bbox 2897 2873 3055 2937; x_wconf 84' lang='lat'><strong><em>1085,</em></strong></span> <span class='ocrx_word' id='word_1_401' title='bbox 3076 2876 3135 2926; x_wconf 87' lang='lat' dir='ltr'><strong><em>ut</em></strong></span> <span class='ocrx_word' id='word_1_402' title='bbox 3153 2868 3373 2941; x_wconf 89' lang='lat' dir='ltr'><strong><em>quidem</em></strong></span> <span class='ocrx_word' id='word_1_403' title='bbox 3390 2868 3569 2925; x_wconf 86' lang='lat' dir='ltr'><strong><em>cardi-</em></strong></span> 
     </span>
    </p>
   </div>
   <div class='ocr_carea' id='block_1_60' title="bbox 1968 2962 3567 3036">
    <p class='ocr_par' dir='ltr' id='par_1_60' title="bbox 1968 2962 3567 3036">
     <span class='ocr_line' id='line_1_60' title="bbox 1968 2962 3567 3036; baseline -0.004 -13"><span class='ocrx_word' id='word_1_404' title='bbox 1968 2966 2110 3023; x_wconf 86' lang='lat' dir='ltr'><strong><em>nalis</em></strong></span> <span class='ocrx_word' id='word_1_405' title='bbox 2122 2966 2392 3023; x_wconf 76' lang='lat' dir='ltr'><strong><em>Batonius</em></strong></span> <span class='ocrx_word' id='word_1_406' title='bbox 2403 2974 2559 3021; x_wconf 92' lang='lat' dir='ltr'><strong><em>tomo</em></strong></span> <span class='ocrx_word' id='word_1_407' title='bbox 2576 2967 2624 3021; x_wconf 90' lang='lat' dir='ltr'><strong><em>Il</em></strong></span> <span class='ocrx_word' id='word_1_408' title='bbox 2637 2971 2886 3036; x_wconf 90' lang='lat' dir='ltr'><strong><em>tempora</em></strong></span> <span class='ocrx_word' id='word_1_409' title='bbox 2899 2971 3072 3036; x_wconf 89' lang='lat' dir='ltr'><strong><em>putat.</em></strong></span> <span class='ocrx_word' id='word_1_410' title='bbox 3088 2963 3241 3018; x_wconf 88' lang='lat' dir='ltr'><strong><em>Hunc</em></strong></span> <span class='ocrx_word' id='word_1_411' title='bbox 3252 2962 3567 3033; x_wconf 88' lang='lat' dir='ltr'><strong><em>pontiﬁcem</em></strong></span> 
     </span>
    </p>
   </div>
   <div class='ocr_carea' id='block_1_61' title="bbox 1972 3055 3570 3132">
    <p class='ocr_par' dir='ltr' id='par_1_61' title="bbox 1972 3055 3570 3132">
     <span class='ocr_line' id='line_1_61' title="bbox 1972 3055 3570 3132; baseline -0.004 -16"><span class='ocrx_word' id='word_1_412' title='bbox 1972 3062 2046 3117; x_wconf 90' lang='lat' dir='ltr'><strong><em>ita</em></strong></span> <span class='ocrx_word' id='word_1_413' title='bbox 2075 3061 2274 3132; x_wconf 89' lang='lat' dir='ltr'><strong><em>passim</em></strong></span> <span class='ocrx_word' id='word_1_414' title='bbox 2298 3068 2563 3117; x_wconf 89' lang='lat' dir='ltr'><strong><em>venenato</em></strong></span> <span class='ocrx_word' id='word_1_415' title='bbox 2592 3074 2693 3117; x_wconf 88' lang='lat' dir='ltr'><strong><em>suo</em></strong></span> <span class='ocrx_word' id='word_1_416' title='bbox 2718 3074 2833 3127; x_wconf 92' lang='lat' dir='ltr'><strong><em>ore,</em></strong></span> <span class='ocrx_word' id='word_1_417' title='bbox 2865 3057 3032 3129; x_wconf 88' lang='lat' dir='ltr'><strong><em>stylo,</em></strong></span> <span class='ocrx_word' id='word_1_418' title='bbox 3052 3058 3264 3114; x_wconf 88' lang='lat' dir='ltr'><strong><em>calamo</em></strong></span> <span class='ocrx_word' id='word_1_419' title='bbox 3294 3055 3570 3127; x_wconf 73' lang='lat' dir='ltr'><strong><em>flagellant</em></strong></span> 
     </span>
    </p>
   </div>
   <div class='ocr_carea' id='block_1_62' title="bbox 254 3148 3568 3228">
    <p class='ocr_par' dir='ltr' id='par_1_62' title="bbox 254 3148 3568 3228">
     <span class='ocr_line' id='line_1_62' title="bbox 254 3148 3568 3228; baseline -0.001 -19"><span class='ocrx_word' id='word_1_420' title='bbox 254 3168 416 3223; x_wconf 65' lang='lat' dir='ltr'><strong><em>papa</em></strong></span> <span class='ocrx_word' id='word_1_421' title='bbox 446 3153 802 3224; x_wconf 85' lang='lat' dir='ltr'><strong><em>Sathanismi,</em></strong></span> <span class='ocrx_word' id='word_1_422' title='bbox 833 3159 886 3210; x_wconf 86' lang='lat' dir='ltr'><strong><em>et</em></strong></span> <span class='ocrx_word' id='word_1_423' title='bbox 910 3155 1275 3213; x_wconf 83' lang='lat' dir='ltr'><strong><em>cardinalium</em></strong></span> <span class='ocrx_word' id='word_1_424' title='bbox 1325 3173 1562 3228; x_wconf 87' lang='lat' dir='ltr'><strong><em>suorum,</em></strong></span> <span class='ocrx_word' id='word_1_425' title='bbox 1592 3158 1676 3214; x_wconf 85' lang='lat' dir='ltr'><strong><em>his</em></strong></span> <span class='ocrx_word' id='word_1_426' title='bbox 1699 3158 1869 3227; x_wconf 87' lang='lat' dir='ltr'><strong><em>subje-</em></strong></span> <span class='ocrx_word' id='word_1_427' title='bbox 1897 3155 1943 3219; x_wconf 88' lang='lat' dir='ltr'><strong><em>C</em></strong></span> <span class='ocrx_word' id='word_1_428' title='bbox 1975 3154 2209 3222; x_wconf 88' lang='lat' dir='ltr'><strong><em>sectarii,</em></strong></span> <span class='ocrx_word' id='word_1_429' title='bbox 2239 3162 2301 3211; x_wconf 91' lang='lat' dir='ltr'><strong><em>ut</em></strong></span> <span class='ocrx_word' id='word_1_430' title='bbox 2338 3170 2466 3211; x_wconf 90' lang='lat' dir='ltr'><strong><em>eum</em></strong></span> <span class='ocrx_word' id='word_1_431' title='bbox 2494 3153 2584 3208; x_wconf 85' lang='lat' dir='ltr'><strong><em>vix</em></strong></span> <span class='ocrx_word' id='word_1_432' title='bbox 2614 3151 2795 3208; x_wconf 87' lang='lat' dir='ltr'><strong><em>sinant</em></strong></span> <span class='ocrx_word' id='word_1_433' title='bbox 2823 3167 2940 3207; x_wconf 90' lang='lat' dir='ltr'><strong><em>esse</em></strong></span> <span class='ocrx_word' id='word_1_434' title='bbox 2963 3150 3250 3207; x_wconf 88' lang='lat' dir='ltr'><strong><em>hominem</em></strong></span> <span class='ocrx_word' id='word_1_435' title='bbox 3274 3168 3288 3218; x_wconf 90' lang='lat'><strong><em>;</em></strong></span> <span class='ocrx_word' id='word_1_436' title='bbox 3320 3148 3415 3205; x_wconf 90' lang='lat' dir='ltr'><strong><em>sed</em></strong></span> <span class='ocrx_word' id='word_1_437' title='bbox 3444 3165 3568 3221; x_wconf 87' lang='lat' dir='ltr'><strong><em>pro-</em></strong></span> 
     </span>
    </p>
   </div>
   <div class='ocr_carea' id='block_1_63' title="bbox 255 3248 1073 3318">
    <p class='ocr_par' dir='ltr' id='par_1_63' title="bbox 255 3248 1073 3318">
     <span class='ocr_line' id='line_1_63' title="bbox 255 3248 1073 3318; baseline 0.011 -20"><span class='ocrx_word' id='word_1_438' title='bbox 255 3249 359 3299; x_wconf 82' lang='lat' dir='ltr'><strong><em>ctis</em></strong></span> <span class='ocrx_word' id='word_1_439' title='bbox 383 3248 660 3318; x_wconf 83' lang='lat' dir='ltr'><strong><em>rhythmis</em></strong></span> <span class='ocrx_word' id='word_1_440' title='bbox 686 3251 1020 3307; x_wconf 69' lang='lat' dir='ltr'><strong><em>Germanicis</em></strong></span> <span class='ocrx_word' id='word_1_441' title='bbox 1059 3267 1073 3307; x_wconf 87' lang='lat'><strong><em>:</em></strong></span> 
     </span>
    </p>
   </div>
   <div class='ocr_carea' id='block_1_64' title="bbox 442 3341 1470 3416">
    <p class='ocr_par' dir='ltr' id='par_1_64' title="bbox 442 3341 1470 3416">
     <span class='ocr_line' id='line_1_64' title="bbox 442 3341 1470 3416; baseline 0.005 -20"><span class='ocrx_word' id='word_1_442' title='bbox 442 3342 572 3397; x_wconf 83' lang='lat' dir='ltr'><strong><em>Wie</em></strong></span> <span class='ocrx_word' id='word_1_443' title='bbox 598 3341 816 3398; x_wconf 82' lang='lat' dir='ltr'><strong><em>zeitlich</em></strong></span> <span class='ocrx_word' id='word_1_444' title='bbox 841 3341 1090 3416; x_wconf 81' lang='lat' dir='ltr'><strong><em>gestrafft</em></strong></span> <span class='ocrx_word' id='word_1_445' title='bbox 1108 3344 1216 3401; x_wconf 90' lang='lat' dir='ltr'><strong><em>solt</em></strong></span> <span class='ocrx_word' id='word_1_446' title='bbox 1242 3345 1470 3403; x_wconf 85' lang='lat' dir='ltr'><strong><em>werden</em></strong></span> 
     </span>
    </p>
   </div>
   <div class='ocr_carea' id='block_1_65' title="bbox 441 3436 1393 3506">
    <p class='ocr_par' dir='ltr' id='par_1_65' title="bbox 441 3436 1393 3506">
     <span class='ocr_line' id='line_1_65' title="bbox 441 3436 1393 3506; baseline 0.005 -15"><span class='ocrx_word' id='word_1_447' title='bbox 441 3436 613 3506; x_wconf 82' lang='lat' dir='ltr'><strong><em>Bspst</em></strong></span> <span class='ocrx_word' id='word_1_448' title='bbox 647 3436 759 3492; x_wconf 90' lang='lat' dir='ltr'><strong><em>und</em></strong></span> <span class='ocrx_word' id='word_1_449' title='bbox 783 3436 1030 3494; x_wconf 89' lang='lat' dir='ltr'><strong><em>Cardinal</em></strong></span> <span class='ocrx_word' id='word_1_450' title='bbox 1058 3437 1158 3494; x_wconf 90' lang='lat' dir='ltr'><strong><em>auf</em></strong></span> <span class='ocrx_word' id='word_1_451' title='bbox 1188 3438 1393 3505; x_wconf 83' lang='lat' dir='ltr'><strong><em>Erden,</em></strong></span> 
     </span>
    </p>
   </div>
   <div class='ocr_carea' id='block_1_66' title="bbox 440 3527 1320 3605">
    <p class='ocr_par' dir='ltr' id='par_1_66' title="bbox 440 3527 1320 3605">
     <span class='ocr_line' id='line_1_66' title="bbox 440 3527 1320 3605; baseline 0.006 -21"><span class='ocrx_word' id='word_1_452' title='bbox 440 3527 536 3584; x_wconf 84' lang='lat' dir='ltr'><strong><em>1hr</em></strong></span> <span class='ocrx_word' id='word_1_453' title='bbox 561 3532 867 3605; x_wconf 64' lang='lat' dir='ltr'><strong><em>Iasterung</em></strong></span> <span class='ocrx_word' id='word_1_454' title='bbox 891 3530 1173 3588; x_wconf 86' lang='lat' dir='ltr'><strong><em>verdienet</em></strong></span> <span class='ocrx_word' id='word_1_455' title='bbox 1204 3531 1320 3599; x_wconf 86' lang='lat' dir='ltr'><strong><em>bet,</em></strong></span> 
     </span>
    </p>
   </div>
   <div class='ocr_carea' id='block_1_67' title="bbox 439 3621 1473 3698">
    <p class='ocr_par' dir='ltr' id='par_1_67' title="bbox 439 3621 1473 3698">
     <span class='ocr_line' id='line_1_67' title="bbox 439 3621 1473 3698; baseline 0.002 -19"><span class='ocrx_word' id='word_1_456' title='bbox 439 3623 569 3679; x_wconf 88' lang='lat' dir='ltr'><strong><em>Wie</em></strong></span> <span class='ocrx_word' id='word_1_457' title='bbox 597 3621 686 3680; x_wconf 89' lang='lat' dir='ltr'><strong><em>ihr</em></strong></span> <span class='ocrx_word' id='word_1_458' title='bbox 701 3624 887 3681; x_wconf 74' lang='lat' dir='ltr'><strong><em>Recbt</em></strong></span> <span class='ocrx_word' id='word_1_459' title='bbox 912 3623 1001 3681; x_wconf 87' lang='lat' dir='ltr'><strong><em>hie</em></strong></span> <span class='ocrx_word' id='word_1_460' title='bbox 1029 3626 1264 3698; x_wconf 88' lang='lat' dir='ltr'><strong><em>gemalet</em></strong></span> <span class='ocrx_word' id='word_1_461' title='bbox 1298 3626 1473 3683; x_wconf 87' lang='lat' dir='ltr'><strong><em>steht.</em></strong></span> 
     </span>
    </p>
   </div>
   <div class='ocr_carea' id='block_1_68' title="bbox 448 3717 1174 3790">
    <p class='ocr_par' dir='ltr' id='par_1_68' title="bbox 448 3717 1174 3790">
     <span class='ocr_line' id='line_1_68' title="bbox 448 3717 1174 3790; baseline 0.003 -18"><span class='ocrx_word' id='word_1_462' title='bbox 448 3717 601 3786; x_wconf 80' lang='lat' dir='ltr'><strong><em>Quod</em></strong></span> <span class='ocrx_word' id='word_1_463' title='bbox 626 3720 678 3773; x_wconf 90' lang='lat' dir='ltr'><strong><em>si</em></strong></span> <span class='ocrx_word' id='word_1_464' title='bbox 699 3735 862 3789; x_wconf 64' lang='lat' dir='ltr'><strong><em>plena</em></strong></span> <span class='ocrx_word' id='word_1_465' title='bbox 893 3721 1174 3790; x_wconf 72' lang='lat' dir='ltr'><strong><em>corporali</em></strong></span> 
     </span>
    </p>
   </div>
   <div class='ocr_carea' id='block_1_69' title="bbox 447 3813 1129 3885">
    <p class='ocr_par' dir='ltr' id='par_1_69' title="bbox 447 3813 1129 3885">
     <span class='ocr_line' id='line_1_69' title="bbox 447 3813 1129 3885; baseline 0.001 -18"><span class='ocrx_word' id='word_1_466' title='bbox 447 3814 607 3867; x_wconf 82' lang='lat' dir='ltr'><strong><em>Nunc</em></strong></span> <span class='ocrx_word' id='word_1_467' title='bbox 635 3817 812 3867; x_wconf 88' lang='lat' dir='ltr'><strong><em>essent</em></strong></span> <span class='ocrx_word' id='word_1_468' title='bbox 846 3813 1129 3885; x_wconf 77' lang='lat' dir='ltr'><strong><em>efﬁciendi</em></strong></span> 
     </span>
    </p>
   </div>
   <div class='ocr_carea' id='block_1_70' title="bbox 450 3907 1116 3979">
    <p class='ocr_par' dir='ltr' id='par_1_70' title="bbox 450 3907 1116 3979">
     <span class='ocr_line' id='line_1_70' title="bbox 450 3907 1116 3979; baseline 0.005 -20"><span class='ocrx_word' id='word_1_469' title='bbox 450 3907 517 3961; x_wconf 84' lang='lat' dir='ltr'><strong><em>Et</em></strong></span> <span class='ocrx_word' id='word_1_470' title='bbox 545 3907 848 3962; x_wconf 83' lang='lat' dir='ltr'><strong><em>cardinales</em></strong></span> <span class='ocrx_word' id='word_1_471' title='bbox 875 3911 927 3962; x_wconf 87' lang='lat' dir='ltr'><strong><em>et</em></strong></span> <span class='ocrx_word' id='word_1_472' title='bbox 949 3923 1116 3979; x_wconf 88' lang='lat' dir='ltr'><strong><em>papa,</em></strong></span> 
     </span>
    </p>
   </div>
   <div class='ocr_carea' id='block_1_71' title="bbox 451 4001 1161 4071">
    <p class='ocr_par' dir='ltr' id='par_1_71' title="bbox 451 4001 1161 4071">
     <span class='ocr_line' id='line_1_71' title="bbox 451 4001 1161 4071; baseline 0.001 -16"><span class='ocrx_word' id='word_1_473' title='bbox 451 4002 588 4056; x_wconf 85' lang='lat' dir='ltr'><strong><em>Vere</em></strong></span> <span class='ocrx_word' id='word_1_474' title='bbox 619 4016 801 4056; x_wconf 86' lang='lat' dir='ltr'><strong><em>eorum</em></strong></span> <span class='ocrx_word' id='word_1_475' title='bbox 830 4001 1161 4071; x_wconf 83' lang='lat' dir='ltr'><strong><em>blasphemia</em></strong></span> 
     </span>
    </p>
   </div>
   <div class='ocr_carea' id='block_1_72' title="bbox 447 4095 1136 4150">
    <p class='ocr_par' dir='ltr' id='par_1_72' title="bbox 447 4095 1136 4150">
     <span class='ocr_line' id='line_1_72' title="bbox 447 4095 1136 4150; baseline 0.001 -1"><span class='ocrx_word' id='word_1_476' title='bbox 447 4096 612 4150; x_wconf 87' lang='lat' dir='ltr'><strong><em>Istam</em></strong></span> <span class='ocrx_word' id='word_1_477' title='bbox 637 4097 830 4149; x_wconf 85' lang='lat' dir='ltr'><strong><em>merita</em></strong></span> <span class='ocrx_word' id='word_1_478' title='bbox 848 4095 1136 4150; x_wconf 86' lang='lat' dir='ltr'><strong><em>mercedem</em></strong></span> 
     </span>
    </p>
   </div>
   <div class='ocr_carea' id='block_1_73' title="bbox 448 4188 1333 4259">
    <p class='ocr_par' dir='ltr' id='par_1_73' title="bbox 448 4188 1333 4259">
     <span class='ocr_line' id='line_1_73' title="bbox 448 4188 1333 4259; baseline 0 -17"><span class='ocrx_word' id='word_1_479' title='bbox 448 4190 624 4255; x_wconf 77' lang='lat' dir='ltr'><strong><em>Quam</em></strong></span> <span class='ocrx_word' id='word_1_480' title='bbox 647 4189 724 4242; x_wconf 88' lang='lat' dir='ltr'><strong><em>sic</em></strong></span> <span class='ocrx_word' id='word_1_481' title='bbox 744 4193 914 4243; x_wconf 80' lang='lat' dir='ltr'><strong><em>cernis</em></strong></span> <span class='ocrx_word' id='word_1_482' title='bbox 934 4189 1018 4243; x_wconf 88' lang='lat' dir='ltr'><strong><em>hic</em></strong></span> <span class='ocrx_word' id='word_1_483' title='bbox 1043 4188 1333 4259; x_wconf 87' lang='lat' dir='ltr'><strong><em>depictam.</em></strong></span> 
     </span>
    </p>
   </div>
   <div class='ocr_carea' id='block_1_74' title="bbox 334 4277 1869 4350">
    <p class='ocr_par' dir='ltr' id='par_1_74' title="bbox 334 4277 1869 4350">
     <span class='ocr_line' id='line_1_74' title="bbox 334 4277 1869 4350; baseline -0.001 -13"><span class='ocrx_word' id='word_1_484' title='bbox 334 4283 472 4337; x_wconf 61' lang='lat' dir='ltr'><strong><em>Hac</em></strong></span> <span class='ocrx_word' id='word_1_485' title='bbox 496 4280 747 4337; x_wconf 87' lang='lat' dir='ltr'><strong><em>nefarius</em></strong></span> <span class='ocrx_word' id='word_1_486' title='bbox 763 4280 940 4337; x_wconf 83' lang='lat' dir='ltr'><strong><em>Judex</em></strong></span> <span class='ocrx_word' id='word_1_487' title='bbox 969 4280 1036 4337; x_wconf 89' lang='lat' dir='ltr'><strong><em>de</em></strong></span> <span class='ocrx_word' id='word_1_488' title='bbox 1055 4280 1324 4350; x_wconf 83' lang='lat' dir='ltr'><strong><em>sacrilego</em></strong></span> <span class='ocrx_word' id='word_1_489' title='bbox 1352 4277 1611 4336; x_wconf 88' lang='lat' dir='ltr'><strong><em>Luthero.</em></strong></span> <span class='ocrx_word' id='word_1_490' title='bbox 1644 4280 1782 4349; x_wconf 79' lang='lat' dir='ltr'><strong><em>Quae</em></strong></span> <span class='ocrx_word' id='word_1_491' title='bbox 1814 4289 1869 4336; x_wconf 84' lang='lat' dir='ltr'><strong><em>et</em></strong></span> 
     </span>
    </p>
   </div>
   <div class='ocr_carea' id='block_1_75' title="bbox 256 4373 1866 4448">
    <p class='ocr_par' dir='ltr' id='par_1_75' title="bbox 256 4373 1866 4448">
     <span class='ocr_line' id='line_1_75' title="bbox 256 4373 1866 4448; baseline -0.001 -17"><span class='ocrx_word' id='word_1_492' title='bbox 256 4374 760 4448; x_wconf 81' lang='lat' dir='ltr'><strong><em>Seblusselburgius</em></strong></span> <span class='ocrx_word' id='word_1_493' title='bbox 804 4374 945 4431; x_wconf 89' lang='lat' dir='ltr'><strong><em>libro</em></strong></span> <span class='ocrx_word' id='word_1_494' title='bbox 975 4373 1043 4431; x_wconf 90' lang='lat' dir='ltr'><strong><em>de</em></strong></span> <span class='ocrx_word' id='word_1_495' title='bbox 1096 4373 1503 4446; x_wconf 83' lang='lat' dir='ltr'><strong><em>Adiaphoristis</em></strong></span> <span class='ocrx_word' id='word_1_496' title='bbox 1540 4374 1758 4445; x_wconf 88' lang='lat' dir='ltr'><strong><em>repetit,</em></strong></span> <span class='ocrx_word' id='word_1_497' title='bbox 1799 4390 1866 4430; x_wconf 89' lang='lat' dir='ltr'><strong><em>ne</em></strong></span> 
     </span>
    </p>
   </div>
   <div class='ocr_carea' id='block_1_76' title="bbox 262 4464 1787 4541">
    <p class='ocr_par' dir='ltr' id='par_1_76' title="bbox 262 4464 1787 4541">
     <span class='ocr_line' id='line_1_76' title="bbox 262 4464 1787 4541; baseline 0 -18"><span class='ocrx_word' id='word_1_498' title='bbox 262 4467 602 4524; x_wconf 84' lang='lat' dir='ltr'><strong><em>seditionum</em></strong></span> <span class='ocrx_word' id='word_1_499' title='bbox 625 4467 878 4525; x_wconf 71' lang='lat' dir='ltr'><strong><em>scintillae</em></strong></span> <span class='ocrx_word' id='word_1_500' title='bbox 916 4464 1048 4524; x_wconf 91' lang='lat' dir='ltr'><strong><em>olim</em></strong></span> <span class='ocrx_word' id='word_1_501' title='bbox 1075 4483 1318 4525; x_wconf 73' lang='lat' dir='ltr'><strong><em>accensae</em></strong></span> <span class='ocrx_word' id='word_1_502' title='bbox 1356 4468 1787 4541; x_wconf 87' lang='lat' dir='ltr'><strong><em>exstinguantur.</em></strong></span> 
     </span>
    </p>
   </div>
   <div class='ocr_carea' id='block_1_77' title="bbox 1970 3243 3567 3315">
    <p class='ocr_par' dir='ltr' id='par_1_77' title="bbox 1970 3243 3567 3315">
     <span class='ocr_line' id='line_1_77' title="bbox 1970 3243 3567 3315; baseline -0.004 -11"><span class='ocrx_word' id='word_1_503' title='bbox 1970 3249 2055 3304; x_wconf 90' lang='lat' dir='ltr'><strong><em>cul</em></strong></span> <span class='ocrx_word' id='word_1_504' title='bbox 2087 3247 2227 3304; x_wconf 80' lang='lat' dir='ltr'><strong><em>infra</em></strong></span> <span class='ocrx_word' id='word_1_505' title='bbox 2256 3256 2509 3305; x_wconf 88' lang='lat' dir='ltr'><strong><em>naturam</em></strong></span> <span class='ocrx_word' id='word_1_506' title='bbox 2534 3256 2588 3303; x_wconf 90' lang='lat' dir='ltr'><strong><em>et</em></strong></span> <span class='ocrx_word' id='word_1_507' title='bbox 2610 3247 2925 3303; x_wconf 89' lang='lat' dir='ltr'><strong><em>societatem</em></strong></span> <span class='ocrx_word' id='word_1_508' title='bbox 2949 3244 3254 3301; x_wconf 87' lang='lat' dir='ltr'><strong><em>humanam</em></strong></span> <span class='ocrx_word' id='word_1_509' title='bbox 3283 3243 3567 3315; x_wconf 82' lang='lat' dir='ltr'><strong><em>ablegant:</em></strong></span> 
     </span>
    </p>
   </div>
   <div class='ocr_carea' id='block_1_78' title="bbox 1970 3336 3568 3414">
    <p class='ocr_par' dir='ltr' id='par_1_78' title="bbox 1970 3336 3568 3414">
     <span class='ocr_line' id='line_1_78' title="bbox 1970 3336 3568 3414; baseline -0.004 -16"><span class='ocrx_word' id='word_1_510' title='bbox 1970 3341 2169 3398; x_wconf 90' lang='lat' dir='ltr'><strong><em>ducem</em></strong></span> <span class='ocrx_word' id='word_1_511' title='bbox 2186 3350 2242 3398; x_wconf 93' lang='lat' dir='ltr'><strong><em>et</em></strong></span> <span class='ocrx_word' id='word_1_512' title='bbox 2270 3342 2552 3414; x_wconf 89' lang='lat' dir='ltr'><strong><em>auspicem</em></strong></span> <span class='ocrx_word' id='word_1_513' title='bbox 2597 3340 2763 3397; x_wconf 84' lang='lat' dir='ltr'><strong><em>secuti</em></strong></span> <span class='ocrx_word' id='word_1_514' title='bbox 2797 3339 2992 3411; x_wconf 86' lang='lat' dir='ltr'><strong><em>partim</em></strong></span> <span class='ocrx_word' id='word_1_515' title='bbox 3032 3338 3251 3395; x_wconf 89' lang='lat' dir='ltr'><strong><em>insitam</em></strong></span> <span class='ocrx_word' id='word_1_516' title='bbox 3279 3336 3384 3394; x_wconf 86' lang='lat' dir='ltr'><strong><em>sibi</em></strong></span> <span class='ocrx_word' id='word_1_517' title='bbox 3410 3353 3568 3393; x_wconf 85' lang='lat' dir='ltr'><strong><em>men-</em></strong></span> 
     </span>
    </p>
   </div>
   <div class='ocr_carea' id='block_1_79' title="bbox 1973 3428 3568 3505">
    <p class='ocr_par' dir='ltr' id='par_1_79' title="bbox 1973 3428 3568 3505">
     <span class='ocr_line' id='line_1_79' title="bbox 1973 3428 3568 3505; baseline -0.005 -13"><span class='ocrx_word' id='word_1_518' title='bbox 1973 3435 2172 3505; x_wconf 90' lang='lat' dir='ltr'><strong><em>tiendi,</em></strong></span> <span class='ocrx_word' id='word_1_519' title='bbox 2228 3444 2284 3491; x_wconf 88' lang='lat' dir='ltr'><strong><em>et</em></strong></span> <span class='ocrx_word' id='word_1_520' title='bbox 2324 3451 2517 3491; x_wconf 89' lang='lat' dir='ltr'><strong><em>omnes</em></strong></span> <span class='ocrx_word' id='word_1_521' title='bbox 2567 3433 2852 3505; x_wconf 87' lang='lat' dir='ltr'><strong><em>pontiﬁces</em></strong></span> <span class='ocrx_word' id='word_1_522' title='bbox 2912 3436 3199 3489; x_wconf 83' lang='lat' dir='ltr'><strong><em>Romanos</em></strong></span> <span class='ocrx_word' id='word_1_523' title='bbox 3244 3428 3568 3487; x_wconf 87' lang='lat' dir='ltr'><strong><em>criminandi</em></strong></span> 
     </span>
    </p>
   </div>
   <div class='ocr_carea' id='block_1_80' title="bbox 1973 3522 3565 3602">
    <p class='ocr_par' dir='ltr' id='par_1_80' title="bbox 1973 3522 3565 3602">
     <span class='ocr_line' id='line_1_80' title="bbox 1973 3522 3565 3602; baseline -0.004 -17"><span class='ocrx_word' id='word_1_524' title='bbox 1973 3529 2346 3602; x_wconf 86' lang='lat' dir='ltr'><strong><em>pruriginem;</em></strong></span> <span class='ocrx_word' id='word_1_525' title='bbox 2377 3528 2574 3601; x_wconf 90' lang='lat' dir='ltr'><strong><em>partim</em></strong></span> <span class='ocrx_word' id='word_1_526' title='bbox 2614 3530 2935 3584; x_wconf 90' lang='lat' dir='ltr'><strong><em>Bennonem</em></strong></span> <span class='ocrx_word' id='word_1_527' title='bbox 2992 3522 3565 3597; x_wconf 87' lang='lat' dir='ltr'><strong><em>pseudocardinalem,</em></strong></span> 
     </span>
    </p>
   </div>
   <div class='ocr_carea' id='block_1_81' title="bbox 1973 3616 3571 3696">
    <p class='ocr_par' dir='ltr' id='par_1_81' title="bbox 1973 3616 3571 3696">
     <span class='ocr_line' id='line_1_81' title="bbox 1973 3616 3571 3696; baseline -0.005 -16"><span class='ocrx_word' id='word_1_528' title='bbox 1973 3622 2066 3695; x_wconf 91' lang='lat' dir='ltr'><strong><em>qui</em></strong></span> <span class='ocrx_word' id='word_1_529' title='bbox 2089 3622 2158 3679; x_wconf 89' lang='lat' dir='ltr'><strong><em>de</em></strong></span> <span class='ocrx_word' id='word_1_530' title='bbox 2185 3620 2449 3696; x_wconf 85' lang='lat' dir='ltr'><strong><em>Gregorio</em></strong></span> <span class='ocrx_word' id='word_1_531' title='bbox 2473 3622 2570 3678; x_wconf 86' lang='lat' dir='ltr'><strong><em>VII</em></strong></span> <span class='ocrx_word' id='word_1_532' title='bbox 2598 3618 3058 3678; x_wconf 87' lang='lat' dir='ltr'><strong><em>commentarium</em></strong></span> <span class='ocrx_word' id='word_1_533' title='bbox 3083 3616 3384 3675; x_wconf 86' lang='lat' dir='ltr'><strong><em>mendaciis</em></strong></span> <span class='ocrx_word' id='word_1_534' title='bbox 3410 3624 3469 3674; x_wconf 84' lang='lat' dir='ltr'><strong><em>et</em></strong></span> <span class='ocrx_word' id='word_1_535' title='bbox 3492 3616 3571 3672; x_wconf 90' lang='lat' dir='ltr'><strong><em>in-</em></strong></span> 
     </span>
    </p>
   </div>
   <div class='ocr_carea' id='block_1_82' title="bbox 1973 3711 3571 3788">
    <p class='ocr_par' dir='ltr' id='par_1_82' title="bbox 1973 3711 3571 3788">
     <span class='ocr_line' id='line_1_82' title="bbox 1973 3711 3571 3788; baseline -0.005 -15"><span class='ocrx_word' id='word_1_536' title='bbox 1973 3716 2125 3774; x_wconf 79' lang='lat' dir='ltr'><strong><em>scitia</em></strong></span> <span class='ocrx_word' id='word_1_537' title='bbox 2168 3714 2590 3772; x_wconf 88' lang='lat' dir='ltr'><strong><em>refertissimum</em></strong></span> <span class='ocrx_word' id='word_1_538' title='bbox 2637 3712 2942 3788; x_wconf 83' lang='lat' dir='ltr'><strong><em>posteritati</em></strong></span> <span class='ocrx_word' id='word_1_539' title='bbox 2980 3711 3218 3785; x_wconf 83' lang='lat' dir='ltr'><strong><em>reliquit,</em></strong></span> <span class='ocrx_word' id='word_1_540' title='bbox 3259 3727 3449 3784; x_wconf 88' lang='lat' dir='ltr'><strong><em>quem,</em></strong></span> <span class='ocrx_word' id='word_1_541' title='bbox 3508 3714 3571 3767; x_wconf 85' lang='lat' dir='ltr'><strong><em>ut</em></strong></span> 
     </span>
    </p>
   </div>
   <div class='ocr_carea' id='block_1_83' title="bbox 1975 3787 3571 3883">
    <p class='ocr_par' dir='ltr' id='par_1_83' title="bbox 1975 3787 3571 3883">
     <span class='ocr_line' id='line_1_83' title="bbox 1975 3787 3571 3883; baseline -0.005 -16"><span class='ocrx_word' id='word_1_542' title='bbox 1975 3826 2257 3883; x_wconf 88' lang='lat' dir='ltr'><strong><em>gemmam</em></strong></span> <span class='ocrx_word' id='word_1_543' title='bbox 2291 3787 2767 3882; x_wconf 77' lang='lat' dir='ltr'><strong><em>pretiosissimam,</em></strong></span> <span class='ocrx_word' id='word_1_544' title='bbox 2784 3807 3031 3879; x_wconf 84' lang='lat' dir='ltr'><strong><em>catalogo</em></strong></span> <span class='ocrx_word' id='word_1_545' title='bbox 3055 3805 3283 3863; x_wconf 90' lang='lat' dir='ltr'><strong><em>testium</em></strong></span> <span class='ocrx_word' id='word_1_546' title='bbox 3304 3803 3571 3861; x_wconf 80' lang='lat' dir='ltr'><strong><em>Luthera—</em></strong></span> 
     </span>
    </p>
   </div>
   <div class='ocr_carea' id='block_1_84' title="bbox 1973 3898 3573 3978">
    <p class='ocr_par' dir='ltr' id='par_1_84' title="bbox 1973 3898 3573 3978">
     <span class='ocr_line' id='line_1_84' title="bbox 1973 3898 3573 3978; baseline -0.004 -17"><span class='ocrx_word' id='word_1_547' title='bbox 1973 3921 2061 3961; x_wconf 64' lang='lat' dir='ltr'><strong><em>nae</em></strong></span> <span class='ocrx_word' id='word_1_548' title='bbox 2097 3904 2340 3961; x_wconf 86' lang='lat' dir='ltr'><strong><em>veritatis</em></strong></span> <span class='ocrx_word' id='word_1_549' title='bbox 2358 3904 2610 3978; x_wconf 89' lang='lat' dir='ltr'><strong><em>lllyricus</em></strong></span> <span class='ocrx_word' id='word_1_550' title='bbox 2632 3901 2896 3968; x_wconf 87' lang='lat' dir='ltr'><strong><em>intexuit;</em></strong></span> <span class='ocrx_word' id='word_1_551' title='bbox 2937 3917 3004 3957; x_wconf 89' lang='lat' dir='ltr'><strong><em>ex</em></strong></span> <span class='ocrx_word' id='word_1_552' title='bbox 3036 3916 3148 3973; x_wconf 91' lang='lat' dir='ltr'><strong><em>quo</em></strong></span> <span class='ocrx_word' id='word_1_553' title='bbox 3176 3898 3573 3956; x_wconf 87' lang='lat' dir='ltr'><strong><em>centuriatores</em></strong></span> 
     </span>
    </p>
   </div>
   <div class='ocr_carea' id='block_1_85' title="bbox 1974 3993 3570 4071">
    <p class='ocr_par' dir='ltr' id='par_1_85' title="bbox 1974 3993 3570 4071">
     <span class='ocr_line' id='line_1_85' title="bbox 1974 3993 3570 4071; baseline -0.006 -16"><span class='ocrx_word' id='word_1_554' title='bbox 1974 4014 2195 4071; x_wconf 89' lang='lat' dir='ltr'><strong><em>quoque</em></strong></span> <span class='ocrx_word' id='word_1_555' title='bbox 2214 3997 2564 4055; x_wconf 90' lang='lat' dir='ltr'><strong><em>undecimam</em></strong></span> <span class='ocrx_word' id='word_1_556' title='bbox 2579 4012 2737 4053; x_wconf 88' lang='lat' dir='ltr'><strong><em>suam</em></strong></span> <span class='ocrx_word' id='word_1_557' title='bbox 2754 3995 3059 4052; x_wconf 89' lang='lat' dir='ltr'><strong><em>centuriam</em></strong></span> <span class='ocrx_word' id='word_1_558' title='bbox 3078 3993 3381 4050; x_wconf 88' lang='lat' dir='ltr'><strong><em>multarum</em></strong></span> <span class='ocrx_word' id='word_1_559' title='bbox 3408 4007 3570 4065; x_wconf 86' lang='lat' dir='ltr'><strong><em>pseu-</em></strong></span> 
     </span>
    </p>
   </div>
   <div class='ocr_carea' id='block_1_86' title="bbox 1928 4085 3572 4165">
    <p class='ocr_par' dir='ltr' id='par_1_86' title="bbox 1928 4085 3572 4165">
     <span class='ocr_line' id='line_1_86' title="bbox 1928 4085 3572 4165; baseline -0.004 -18"><span class='ocrx_word' id='word_1_560' title='bbox 1928 4100 1933 4105; x_wconf 66' lang='lat'><strong>‘</strong></span> <span class='ocrx_word' id='word_1_561' title='bbox 1975 4090 2321 4165; x_wconf 89' lang='lat' dir='ltr'><strong><em>dologiarum</em></strong></span> <span class='ocrx_word' id='word_1_562' title='bbox 2347 4100 2402 4147; x_wconf 91' lang='lat' dir='ltr'><strong><em>et</em></strong></span> <span class='ocrx_word' id='word_1_563' title='bbox 2427 4090 2879 4147; x_wconf 89' lang='lat' dir='ltr'><strong><em>criminationum</em></strong></span> <span class='ocrx_word' id='word_1_564' title='bbox 2909 4087 3221 4145; x_wconf 86' lang='lat' dir='ltr'><strong><em>accessione</em></strong></span> <span class='ocrx_word' id='word_1_565' title='bbox 3246 4085 3572 4159; x_wconf 89' lang='lat' dir='ltr'><strong><em>locupletio-</em></strong></span> 
     </span>
    </p>
   </div>
   <div class='ocr_carea' id='block_1_87' title="bbox 1931 4179 3573 4257">
    <p class='ocr_par' dir='ltr' id='par_1_87' title="bbox 1931 4179 3573 4257">
     <span class='ocr_line' id='line_1_87' title="bbox 1931 4179 3573 4257; baseline -0.002 -17"><span class='ocrx_word' id='word_1_566' title='bbox 1931 4216 1937 4223; x_wconf 85' lang='lat'><strong><em>~</em></strong></span> <span class='ocrx_word' id='word_1_567' title='bbox 1974 4201 2093 4242; x_wconf 89' lang='lat' dir='ltr'><strong><em>rem</em></strong></span> <span class='ocrx_word' id='word_1_568' title='bbox 2110 4184 2465 4242; x_wconf 89' lang='lat' dir='ltr'><strong><em>reddiderunt</em></strong></span> <span class='ocrx_word' id='word_1_569' title='bbox 2484 4204 2500 4254; x_wconf 90' lang='lat'><strong><em>;</em></strong></span> <span class='ocrx_word' id='word_1_570' title='bbox 2516 4201 2624 4257; x_wconf 91' lang='lat' dir='ltr'><strong><em>quo</em></strong></span> <span class='ocrx_word' id='word_1_571' title='bbox 2650 4184 2873 4256; x_wconf 90' lang='lat' dir='ltr'><strong><em>insuper</em></strong></span> <span class='ocrx_word' id='word_1_572' title='bbox 2894 4182 3133 4251; x_wconf 80' lang='lat' dir='ltr'><strong><em>Wolﬁus</em></strong></span> <span class='ocrx_word' id='word_1_573' title='bbox 3158 4179 3573 4237; x_wconf 88' lang='lat' dir='ltr'><strong><em>mendaciorum</em></strong></span> 
     </span>
    </p>
   </div>
   <div class='ocr_carea' id='block_1_88' title="bbox 1975 4274 3573 4348">
    <p class='ocr_par' dir='ltr' id='par_1_88' title="bbox 1975 4274 3573 4348">
     <span class='ocr_line' id='line_1_88' title="bbox 1975 4274 3573 4348; baseline -0.004 -13"><span class='ocrx_word' id='word_1_574' title='bbox 1975 4295 2204 4335; x_wconf 90' lang='lat' dir='ltr'><strong><em>suorum</em></strong></span> <span class='ocrx_word' id='word_1_575' title='bbox 2243 4279 2617 4336; x_wconf 89' lang='lat' dir='ltr'><strong><em>centenarium</em></strong></span> <span class='ocrx_word' id='word_1_576' title='bbox 2642 4277 3003 4335; x_wconf 90' lang='lat' dir='ltr'><strong><em>undecimum</em></strong></span> <span class='ocrx_word' id='word_1_577' title='bbox 3034 4274 3314 4348; x_wconf 70' lang='lat' dir='ltr'><strong><em>insigniter</em></strong></span> <span class='ocrx_word' id='word_1_578' title='bbox 3336 4289 3573 4330; x_wconf 83' lang='lat' dir='ltr'><strong><em>exorna-</em></strong></span> 
     </span>
    </p>
   </div>
   <div class='ocr_carea' id='block_1_89' title="bbox 1976 4368 3553 4444">
    <p class='ocr_par' dir='ltr' id='par_1_89' title="bbox 1976 4368 3553 4444">
     <span class='ocr_line' id='line_1_89' title="bbox 1976 4368 3553 4444; baseline -0.004 -16"><span class='ocrx_word' id='word_1_579' title='bbox 1976 4372 2072 4428; x_wconf 87' lang='lat' dir='ltr'><strong><em>vit.</em></strong></span> <span class='ocrx_word' id='word_1_580' title='bbox 2097 4376 2275 4444; x_wconf 90' lang='lat' dir='ltr'><strong><em>Quem</em></strong></span> <span class='ocrx_word' id='word_1_581' title='bbox 2298 4373 2431 4428; x_wconf 89' lang='lat' dir='ltr'><strong><em>item</em></strong></span> <span class='ocrx_word' id='word_1_582' title='bbox 2448 4373 2743 4439; x_wconf 81' lang='lat' dir='ltr'><strong><em>Reinerus,</em></strong></span> <span class='ocrx_word' id='word_1_583' title='bbox 2767 4370 3093 4426; x_wconf 83' lang='lat' dir='ltr'><strong><em>Reineccius</em></strong></span> <span class='ocrx_word' id='word_1_584' title='bbox 3114 4368 3467 4424; x_wconf 83' lang='lat' dir='ltr'><strong><em>Lutheranus</em></strong></span> <span class='ocrx_word' id='word_1_585' title='bbox 3486 4382 3553 4422; x_wconf 92' lang='lat' dir='ltr'><strong><em>ve</em></strong></span> 
     </span>
    </p>
   </div>
   <div class='ocr_carea' id='block_1_90' title="bbox 1974 4457 3571 4533">
    <p class='ocr_par' dir='ltr' id='par_1_90' title="bbox 1974 4457 3571 4533">
     <span class='ocr_line' id='line_1_90' title="bbox 1974 4457 3571 4533; baseline -0.004 -11"><span class='ocrx_word' id='word_1_586' title='bbox 1974 4466 2322 4523; x_wconf 89' lang='lat' dir='ltr'><strong><em>Calvinianus</em></strong></span> <span class='ocrx_word' id='word_1_587' title='bbox 2337 4466 2645 4533; x_wconf 66' lang='lat' dir='ltr'><strong><em>haereticus,</em></strong></span> <span class='ocrx_word' id='word_1_588' title='bbox 2672 4481 2817 4521; x_wconf 88' lang='lat' dir='ltr'><strong><em>anno</em></strong></span> <span class='ocrx_word' id='word_1_589' title='bbox 2837 4463 3030 4520; x_wconf 90' lang='lat' dir='ltr'><strong><em>salutis</em></strong></span> <span class='ocrx_word' id='word_1_590' title='bbox 3044 4468 3177 4520; x_wconf 83' lang='lat'><strong><em>1081</em></strong></span> <span class='ocrx_word' id='word_1_591' title='bbox 3191 4503 3205 4530; x_wconf 90' lang='lat'><strong><em>,</em></strong></span> <span class='ocrx_word' id='word_1_592' title='bbox 3225 4457 3571 4517; x_wconf 83' lang='lat' dir='ltr'><strong><em>Francofurli</em></strong></span> 
     </span>
    </p>
   </div>
   <div class='ocr_carea' id='block_1_91' title="bbox 332 4550 3571 4635">
    <p class='ocr_par' dir='ltr' id='par_1_91' title="bbox 332 4550 3571 4635">
     <span class='ocr_line' id='line_1_91' title="bbox 332 4550 3571 4635; baseline -0.002 -18"><span class='ocrx_word' id='word_1_593' title='bbox 332 4564 528 4635; x_wconf 79' lang='lat' dir='ltr'><strong><em>Neque</em></strong></span> <span class='ocrx_word' id='word_1_594' title='bbox 543 4550 726 4619; x_wconf 66' lang='lat' dir='ltr'><strong><em>solum</em></strong></span> <span class='ocrx_word' id='word_1_595' title='bbox 746 4561 1025 4619; x_wconf 90' lang='lat' dir='ltr'><strong><em>Lutherus</em></strong></span> <span class='ocrx_word' id='word_1_596' title='bbox 1049 4561 1325 4619; x_wconf 89' lang='lat' dir='ltr'><strong><em>coloribus</em></strong></span> <span class='ocrx_word' id='word_1_597' title='bbox 1344 4560 1694 4634; x_wconf 88' lang='lat' dir='ltr'><strong><em>supplicium,</em></strong></span> <span class='ocrx_word' id='word_1_598' title='bbox 1713 4564 1861 4633; x_wconf 89' lang='lat' dir='ltr'><strong><em>quod</em></strong></span> <span class='ocrx_word' id='word_1_599' title='bbox 1895 4572 1946 4634; x_wconf 83' lang='lat' dir='ltr'><strong>D</strong></span> <span class='ocrx_word' id='word_1_600' title='bbox 1974 4576 2105 4617; x_wconf 90' lang='lat' dir='ltr'><strong><em>cum</em></strong></span> <span class='ocrx_word' id='word_1_601' title='bbox 2160 4559 2453 4618; x_wconf 88' lang='lat' dir='ltr'><strong><em>Helmoldo</em></strong></span> <span class='ocrx_word' id='word_1_602' title='bbox 2483 4569 2539 4618; x_wconf 90' lang='lat' dir='ltr'><strong><em>et</em></strong></span> <span class='ocrx_word' id='word_1_603' title='bbox 2568 4556 2820 4616; x_wconf 84' lang='lat' dir='ltr'><strong><em>Arnoldo</em></strong></span> <span class='ocrx_word' id='word_1_604' title='bbox 2850 4555 3160 4613; x_wconf 85' lang='lat' dir='ltr'><strong><em>Lubecensi</em></strong></span> <span class='ocrx_word' id='word_1_605' title='bbox 3198 4554 3400 4612; x_wconf 88' lang='lat' dir='ltr'><strong><em>iterum</em></strong></span> <span class='ocrx_word' id='word_1_606' title='bbox 3428 4554 3571 4627; x_wconf 82' lang='lat' dir='ltr'><strong><em>typis</em></strong></span> 
     </span>
    </p>
   </div>
   <div class='ocr_carea' id='block_1_92' title="bbox 260 4653 1864 4730">
    <p class='ocr_par' dir='ltr' id='par_1_92' title="bbox 260 4653 1864 4730">
     <span class='ocr_line' id='line_1_92' title="bbox 260 4653 1864 4730; baseline -0.001 -18"><span class='ocrx_word' id='word_1_607' title='bbox 260 4671 440 4730; x_wconf 59' lang='lat' dir='ltr'><strong><em>papa,</em></strong></span> <span class='ocrx_word' id='word_1_608' title='bbox 483 4655 868 4725; x_wconf 88' lang='lat' dir='ltr'><strong><em>cardinalibus,</em></strong></span> <span class='ocrx_word' id='word_1_609' title='bbox 913 4655 1178 4729; x_wconf 88' lang='lat' dir='ltr'><strong><em>episcopis</em></strong></span> <span class='ocrx_word' id='word_1_610' title='bbox 1215 4663 1270 4712; x_wconf 88' lang='lat' dir='ltr'><strong><em>et</em></strong></span> <span class='ocrx_word' id='word_1_611' title='bbox 1324 4653 1582 4712; x_wconf 86' lang='lat' dir='ltr'><strong><em>omnibus</em></strong></span> <span class='ocrx_word' id='word_1_612' title='bbox 1621 4655 1864 4711; x_wconf 89' lang='lat' dir='ltr'><strong><em>ecclesia-</em></strong></span> 
     </span>
    </p>
   </div>
   <div class='ocr_carea' id='block_1_93' title="bbox 257 4747 1859 4824">
    <p class='ocr_par' dir='ltr' id='par_1_93' title="bbox 257 4747 1859 4824">
     <span class='ocr_line' id='line_1_93' title="bbox 257 4747 1859 4824; baseline -0.001 -18"><span class='ocrx_word' id='word_1_613' title='bbox 257 4750 417 4807; x_wconf 82' lang='lat' dir='ltr'><strong><em>sticis</em></strong></span> <span class='ocrx_word' id='word_1_614' title='bbox 461 4750 825 4824; x_wconf 88' lang='lat' dir='ltr'><strong><em>inﬁigendum</em></strong></span> <span class='ocrx_word' id='word_1_615' title='bbox 868 4750 1149 4817; x_wconf 88' lang='lat' dir='ltr'><strong><em>censebat,</em></strong></span> <span class='ocrx_word' id='word_1_616' title='bbox 1184 4747 1598 4807; x_wconf 83' lang='lat' dir='ltr'><strong><em>efformandum</em></strong></span> <span class='ocrx_word' id='word_1_617' title='bbox 1632 4749 1859 4817; x_wconf 75' lang='lat' dir='ltr'><strong><em>curavit,</em></strong></span> 
     </span>
    </p>
   </div>
   <div class='ocr_carea' id='block_1_94' title="bbox 260 4841 1865 4918">
    <p class='ocr_par' dir='ltr' id='par_1_94' title="bbox 260 4841 1865 4918">
     <span class='ocr_line' id='line_1_94' title="bbox 260 4841 1865 4918; baseline -0.002 -17"><span class='ocrx_word' id='word_1_618' title='bbox 260 4844 356 4902; x_wconf 78' lang='lat' dir='ltr'><strong><em>sed</em></strong></span> <span class='ocrx_word' id='word_1_619' title='bbox 396 4845 501 4901; x_wconf 86' lang='lat' dir='ltr'><strong><em>alia</em></strong></span> <span class='ocrx_word' id='word_1_620' title='bbox 558 4860 673 4901; x_wconf 91' lang='lat' dir='ltr'><strong><em>non</em></strong></span> <span class='ocrx_word' id='word_1_621' title='bbox 704 4860 896 4918; x_wconf 88' lang='lat' dir='ltr'><strong><em>pauca,</em></strong></span> <span class='ocrx_word' id='word_1_622' title='bbox 945 4859 1070 4917; x_wconf 77' lang='lat' dir='ltr'><strong><em>quae</em></strong></span> <span class='ocrx_word' id='word_1_623' title='bbox 1097 4843 1446 4917; x_wconf 81' lang='lat' dir='ltr'><strong><em>spurcissima</em></strong></span> <span class='ocrx_word' id='word_1_624' title='bbox 1474 4852 1529 4900; x_wconf 88' lang='lat' dir='ltr'><strong><em>et</em></strong></span> <span class='ocrx_word' id='word_1_625' title='bbox 1563 4841 1865 4899; x_wconf 85' lang='lat' dir='ltr'><strong><em>foedissime</em></strong></span> 
     </span>
    </p>
   </div>
   <div class='ocr_carea' id='block_1_95' title="bbox 260 4928 1862 5012">
    <p class='ocr_par' dir='ltr' id='par_1_95' title="bbox 260 4928 1862 5012">
     <span class='ocr_line' id='line_1_95' title="bbox 260 4928 1862 5012; baseline -0.002 -17"><span class='ocrx_word' id='word_1_626' title='bbox 260 4946 448 4995; x_wconf 79' lang='lat' dir='ltr'><strong><em>contra</em></strong></span> <span class='ocrx_word' id='word_1_627' title='bbox 473 4954 670 5012; x_wconf 90' lang='lat' dir='ltr'><strong><em>papam</em></strong></span> <span class='ocrx_word' id='word_1_628' title='bbox 696 4955 762 4995; x_wconf 91' lang='lat' dir='ltr'><strong><em>eo</em></strong></span> <span class='ocrx_word' id='word_1_629' title='bbox 790 4940 846 4995; x_wconf 88' lang='lat' dir='ltr'><strong><em>in</em></strong></span> <span class='ocrx_word' id='word_1_630' title='bbox 873 4937 1014 4996; x_wconf 88' lang='lat' dir='ltr'><strong><em>libro</em></strong></span> <span class='ocrx_word' id='word_1_631' title='bbox 1039 4928 1383 4996; x_wconf 73' lang='lat' dir='ltr'><strong><em>cructaverat</em></strong></span> <span class='ocrx_word' id='word_1_632' title='bbox 1398 4936 1618 5011; x_wconf 88' lang='lat' dir='ltr'><strong><em>depingi</em></strong></span> <span class='ocrx_word' id='word_1_633' title='bbox 1660 4935 1862 5006; x_wconf 86' lang='lat' dir='ltr'><strong><em>voluit;</em></strong></span> 
     </span>
    </p>
   </div>
   <div class='ocr_carea' id='block_1_96' title="bbox 263 5030 1866 5107">
    <p class='ocr_par' dir='ltr' id='par_1_96' title="bbox 263 5030 1866 5107">
     <span class='ocr_line' id='line_1_96' title="bbox 263 5030 1866 5107; baseline -0.002 -16"><span class='ocrx_word' id='word_1_634' title='bbox 263 5046 385 5106; x_wconf 59' lang='lat' dir='ltr'><strong><em>qua;</em></strong></span> <span class='ocrx_word' id='word_1_635' title='bbox 404 5033 637 5107; x_wconf 76' lang='lat' dir='ltr'><strong><em>picturae</em></strong></span> <span class='ocrx_word' id='word_1_636' title='bbox 655 5033 792 5091; x_wconf 88' lang='lat' dir='ltr'><strong><em>adeo</em></strong></span> <span class='ocrx_word' id='word_1_637' title='bbox 810 5039 939 5090; x_wconf 87' lang='lat' dir='ltr'><strong><em>sunt</em></strong></span> <span class='ocrx_word' id='word_1_638' title='bbox 955 5031 1144 5103; x_wconf 71' lang='lat' dir='ltr'><strong><em>fmdae,</em></strong></span> <span class='ocrx_word' id='word_1_639' title='bbox 1172 5047 1386 5106; x_wconf 89' lang='lat' dir='ltr'><strong><em>spurcae</em></strong></span> <span class='ocrx_word' id='word_1_640' title='bbox 1408 5039 1463 5088; x_wconf 89' lang='lat' dir='ltr'><strong><em>et</em></strong></span> <span class='ocrx_word' id='word_1_641' title='bbox 1477 5030 1866 5088; x_wconf 74' lang='lat' dir='ltr'><strong><em>abominandae</em></strong></span> 
     </span>
    </p>
   </div>
   <div class='ocr_carea' id='block_1_97' title="bbox 263 5127 1867 5202">
    <p class='ocr_par' dir='ltr' id='par_1_97' title="bbox 263 5127 1867 5202">
     <span class='ocr_line' id='line_1_97' title="bbox 263 5127 1867 5202; baseline -0.003 -17"><span class='ocrx_word' id='word_1_642' title='bbox 263 5135 345 5197; x_wconf 85' lang='lat' dir='ltr'><strong><em>ut,</em></strong></span> <span class='ocrx_word' id='word_1_643' title='bbox 376 5136 515 5185; x_wconf 84' lang='lat' dir='ltr'><strong><em>teste</em></strong></span> <span class='ocrx_word' id='word_1_644' title='bbox 548 5128 668 5202; x_wconf 89' lang='lat' dir='ltr'><strong><em>ipso</em></strong></span> <span class='ocrx_word' id='word_1_645' title='bbox 716 5127 957 5202; x_wconf 85' lang='lat' dir='ltr'><strong><em>Illyrico,</em></strong></span> <span class='ocrx_word' id='word_1_646' title='bbox 987 5127 1043 5184; x_wconf 89' lang='lat' dir='ltr'><strong><em>in</em></strong></span> <span class='ocrx_word' id='word_1_647' title='bbox 1070 5127 1254 5184; x_wconf 88' lang='lat' dir='ltr'><strong><em>libello</em></strong></span> <span class='ocrx_word' id='word_1_648' title='bbox 1279 5134 1474 5184; x_wconf 88' lang='lat' dir='ltr'><strong><em>contra</em></strong></span> <span class='ocrx_word' id='word_1_649' title='bbox 1503 5127 1867 5182; x_wconf 83' lang='lat' dir='ltr'><strong><em>Interimistas</em></strong></span> 
     </span>
    </p>
   </div>
   <div class='ocr_carea' id='block_1_98' title="bbox 265 5219 1865 5294">
    <p class='ocr_par' dir='ltr' id='par_1_98' title="bbox 265 5219 1865 5294">
     <span class='ocr_line' id='line_1_98' title="bbox 265 5219 1865 5294; baseline -0.002 -18"><span class='ocrx_word' id='word_1_650' title='bbox 265 5227 320 5276; x_wconf 86' lang='lat' dir='ltr'><strong><em>et</em></strong></span> <span class='ocrx_word' id='word_1_651' title='bbox 344 5223 790 5294; x_wconf 79' lang='lat' dir='ltr'><strong><em>Adiaphoristas,</em></strong></span> <span class='ocrx_word' id='word_1_652' title='bbox 825 5220 982 5276; x_wconf 90' lang='lat' dir='ltr'><strong><em>multi</em></strong></span> <span class='ocrx_word' id='word_1_653' title='bbox 1029 5237 1094 5277; x_wconf 85' lang='lat' dir='ltr'><strong><em>ex</em></strong></span> <span class='ocrx_word' id='word_1_654' title='bbox 1128 5219 1470 5277; x_wconf 86' lang='lat' dir='ltr'><strong><em>Lutheranis</em></strong></span> <span class='ocrx_word' id='word_1_655' title='bbox 1498 5232 1695 5275; x_wconf 89' lang='lat' dir='ltr'><strong><em>earum</em></strong></span> <span class='ocrx_word' id='word_1_656' title='bbox 1734 5234 1865 5274; x_wconf 89' lang='lat' dir='ltr'><strong><em>con-</em></strong></span> 
     </span>
    </p>
   </div>
   <div class='ocr_carea' id='block_1_99' title="bbox 268 5312 1870 5388">
    <p class='ocr_par' dir='ltr' id='par_1_99' title="bbox 268 5312 1870 5388">
     <span class='ocr_line' id='line_1_99' title="bbox 268 5312 1870 5388; baseline -0.002 -17"><span class='ocrx_word' id='word_1_657' title='bbox 268 5324 454 5388; x_wconf 80' lang='lat' dir='ltr'><strong><em>spectu</em></strong></span> <span class='ocrx_word' id='word_1_658' title='bbox 473 5314 798 5387; x_wconf 82' lang='lat' dir='ltr'><strong><em>gravissime</em></strong></span> <span class='ocrx_word' id='word_1_659' title='bbox 820 5313 1024 5370; x_wconf 82' lang='lat' dir='ltr'><strong><em>offensi</em></strong></span> <span class='ocrx_word' id='word_1_660' title='bbox 1042 5313 1268 5383; x_wconf 87' lang='lat' dir='ltr'><strong><em>fuerint,</em></strong></span> <span class='ocrx_word' id='word_1_661' title='bbox 1298 5322 1592 5385; x_wconf 90' lang='lat' dir='ltr'><strong><em>totumque</em></strong></span> <span class='ocrx_word' id='word_1_662' title='bbox 1613 5312 1719 5369; x_wconf 90' lang='lat' dir='ltr'><strong><em>hoc</em></strong></span> <span class='ocrx_word' id='word_1_663' title='bbox 1739 5328 1870 5369; x_wconf 90' lang='lat' dir='ltr'><strong><em>con-</em></strong></span> 
     </span>
    </p>
   </div>
   <div class='ocr_carea' id='block_1_100' title="bbox 268 5406 1867 5481">
    <p class='ocr_par' dir='ltr' id='par_1_100' title="bbox 268 5406 1867 5481">
     <span class='ocr_line' id='line_1_100' title="bbox 268 5406 1867 5481; baseline -0.001 -17"><span class='ocrx_word' id='word_1_664' title='bbox 268 5409 624 5464; x_wconf 86' lang='lat' dir='ltr'><strong><em>tumeliarum</em></strong></span> <span class='ocrx_word' id='word_1_665' title='bbox 646 5406 937 5463; x_wconf 75' lang='lat' dir='ltr'><strong><em>infandum</em></strong></span> <span class='ocrx_word' id='word_1_666' title='bbox 958 5422 1129 5480; x_wconf 85' lang='lat' dir='ltr'><strong><em>genus</em></strong></span> <span class='ocrx_word' id='word_1_667' title='bbox 1157 5424 1219 5464; x_wconf 83' lang='lat' dir='ltr'><strong><em>ex</em></strong></span> <span class='ocrx_word' id='word_1_668' title='bbox 1249 5417 1383 5481; x_wconf 90' lang='lat' dir='ltr'><strong><em>potu</em></strong></span> <span class='ocrx_word' id='word_1_669' title='bbox 1412 5407 1493 5463; x_wconf 89' lang='lat' dir='ltr'><strong><em>vel</em></strong></span> <span class='ocrx_word' id='word_1_670' title='bbox 1538 5406 1693 5463; x_wconf 85' lang='lat' dir='ltr'><strong><em>senio</em></strong></span> <span class='ocrx_word' id='word_1_671' title='bbox 1732 5406 1867 5463; x_wconf 83' lang='lat' dir='ltr'><strong><em>deli-</em></strong></span> 
     </span>
    </p>
   </div>
   <div class='ocr_carea' id='block_1_101' title="bbox 267 5499 1872 5575">
    <p class='ocr_par' dir='ltr' id='par_1_101' title="bbox 267 5499 1872 5575">
     <span class='ocr_line' id='line_1_101' title="bbox 267 5499 1872 5575; baseline 0 -18"><span class='ocrx_word' id='word_1_672' title='bbox 267 5502 399 5557; x_wconf 80' lang='lat' dir='ltr'><strong><em>nnti</em></strong></span> <span class='ocrx_word' id='word_1_673' title='bbox 412 5502 533 5575; x_wconf 88' lang='lat' dir='ltr'><strong><em>jam</em></strong></span> <span class='ocrx_word' id='word_1_674' title='bbox 544 5501 789 5559; x_wconf 88' lang='lat' dir='ltr'><strong><em>Luthero</em></strong></span> <span class='ocrx_word' id='word_1_675' title='bbox 800 5499 1197 5575; x_wconf 84' lang='lat' dir='ltr'><strong><em>assignandum</em></strong></span> <span class='ocrx_word' id='word_1_676' title='bbox 1213 5501 1665 5570; x_wconf 88' lang='lat' dir='ltr'><strong><em>existimaverint,</em></strong></span> <span class='ocrx_word' id='word_1_677' title='bbox 1682 5516 1872 5574; x_wconf 89' lang='lat' dir='ltr'><strong><em>quam-</em></strong></span> 
     </span>
    </p>
   </div>
   <div class='ocr_carea' id='block_1_102' title="bbox 269 5594 1873 5670">
    <p class='ocr_par' dir='ltr' id='par_1_102' title="bbox 269 5594 1873 5670">
     <span class='ocr_line' id='line_1_102' title="bbox 269 5594 1873 5670; baseline -0.001 -17"><span class='ocrx_word' id='word_1_678' title='bbox 269 5594 349 5653; x_wconf 78' lang='lat' dir='ltr'><strong><em>vis</em></strong></span> <span class='ocrx_word' id='word_1_679' title='bbox 375 5596 644 5670; x_wconf 73' lang='lat' dir='ltr'><strong><em>“lyricus,</em></strong></span> <span class='ocrx_word' id='word_1_680' title='bbox 690 5605 754 5654; x_wconf 87' lang='lat' dir='ltr'><strong><em>ut</em></strong></span> <span class='ocrx_word' id='word_1_681' title='bbox 806 5605 925 5654; x_wconf 87' lang='lat' dir='ltr'><strong><em>erat</em></strong></span> <span class='ocrx_word' id='word_1_682' title='bbox 974 5611 1175 5653; x_wconf 75' lang='lat' dir='ltr'><strong><em>crassae</em></strong></span> <span class='ocrx_word' id='word_1_683' title='bbox 1217 5597 1479 5652; x_wconf 67' lang='lat' dir='ltr'><strong><em>Minerva:</em></strong></span> <span class='ocrx_word' id='word_1_684' title='bbox 1503 5595 1666 5666; x_wconf 87' lang='lat' dir='ltr'><strong><em>ﬁlius,</em></strong></span> <span class='ocrx_word' id='word_1_685' title='bbox 1711 5597 1873 5669; x_wconf 89' lang='lat' dir='ltr'><strong><em>longe</em></strong></span> 
     </span>
    </p>
   </div>
   <div class='ocr_carea' id='block_1_103' title="bbox 268 5688 1875 5763">
    <p class='ocr_par' dir='ltr' id='par_1_103' title="bbox 268 5688 1875 5763">
     <span class='ocr_line' id='line_1_103' title="bbox 268 5688 1875 5763; baseline -0.001 -17"><span class='ocrx_word' id='word_1_686' title='bbox 268 5690 424 5747; x_wconf 85' lang='lat' dir='ltr'><strong><em>aliter</em></strong></span> <span class='ocrx_word' id='word_1_687' title='bbox 446 5699 678 5761; x_wconf 85' lang='lat' dir='ltr'><strong><em>statuat,</em></strong></span> <span class='ocrx_word' id='word_1_688' title='bbox 739 5699 795 5748; x_wconf 87' lang='lat' dir='ltr'><strong><em>et</em></strong></span> <span class='ocrx_word' id='word_1_689' title='bbox 822 5688 1212 5749; x_wconf 88' lang='lat' dir='ltr'><strong><em>istas&#39;Lutberi</em></strong></span> <span class='ocrx_word' id='word_1_690' title='bbox 1261 5688 1525 5763; x_wconf 87' lang='lat' dir='ltr'><strong><em>imagines</em></strong></span> <span class='ocrx_word' id='word_1_691' title='bbox 1564 5690 1622 5746; x_wconf 92' lang='lat' dir='ltr'><strong><em>in</em></strong></span> <span class='ocrx_word' id='word_1_692' title='bbox 1662 5689 1790 5747; x_wconf 87' lang='lat' dir='ltr'><strong><em>hara</em></strong></span> <span class='ocrx_word' id='word_1_693' title='bbox 1817 5697 1875 5745; x_wconf 90' lang='lat' dir='ltr'><strong><em>et</em></strong></span> 
     </span>
    </p>
   </div>
   <div class='ocr_carea' id='block_1_104' title="bbox 269 5782 1872 5860">
    <p class='ocr_par' dir='ltr' id='par_1_104' title="bbox 269 5782 1872 5860">
     <span class='ocr_line' id='line_1_104' title="bbox 269 5782 1872 5860; baseline -0.002 -19"><span class='ocrx_word' id='word_1_694' title='bbox 269 5784 451 5842; x_wconf 82' lang='lat' dir='ltr'><strong><em>cloaca</em></strong></span> <span class='ocrx_word' id='word_1_695' title='bbox 489 5783 683 5860; x_wconf 86' lang='lat' dir='ltr'><strong><em>pictas,</em></strong></span> <span class='ocrx_word' id='word_1_696' title='bbox 713 5786 1079 5844; x_wconf 72' lang='lat' dir='ltr'><strong><em>tantum&#39;non</em></strong></span> <span class='ocrx_word' id='word_1_697' title='bbox 1117 5782 1328 5851; x_wconf 88' lang='lat' dir='ltr'><strong><em>adoret,</em></strong></span> <span class='ocrx_word' id='word_1_698' title='bbox 1361 5791 1551 5841; x_wconf 88' lang='lat' dir='ltr'><strong><em>contra</em></strong></span> <span class='ocrx_word' id='word_1_699' title='bbox 1583 5782 1872 5858; x_wconf 82' lang='lat' dir='ltr'><strong><em>prOprium</em></strong></span> 
     </span>
    </p>
   </div>
   <div class='ocr_carea' id='block_1_105' title="bbox 267 5876 1659 5954">
    <p class='ocr_par' dir='ltr' id='par_1_105' title="bbox 267 5876 1659 5954">
     <span class='ocr_line' id='line_1_105' title="bbox 267 5876 1659 5954; baseline -0.003 -17"><span class='ocrx_word' id='word_1_700' title='bbox 267 5890 432 5938; x_wconf 68' lang='lat' dir='ltr'><strong><em>unum</em></strong></span> <span class='ocrx_word' id='word_1_701' title='bbox 452 5878 529 5937; x_wconf 90' lang='lat' dir='ltr'><strong><em>de</em></strong></span> <span class='ocrx_word' id='word_1_702' title='bbox 566 5876 893 5954; x_wconf 86' lang='lat' dir='ltr'><strong><em>imaginibus</em></strong></span> <span class='ocrx_word' id='word_1_703' title='bbox 914 5895 1027 5939; x_wconf 89' lang='lat' dir='ltr'><strong><em>non</em></strong></span> <span class='ocrx_word' id='word_1_704' title='bbox 1049 5876 1344 5940; x_wconf 82' lang='lat' dir='ltr'><strong><em>aderandis</em></strong></span> <span class='ocrx_word' id='word_1_705' title='bbox 1359 5877 1659 5937; x_wconf 83' lang='lat' dir='ltr'><strong><em>decretum.</em></strong></span> 
     </span>
    </p>
   </div>
   <div class='ocr_carea' id='block_1_106' title="bbox 1973 4648 3575 4724">
    <p class='ocr_par' dir='ltr' id='par_1_106' title="bbox 1973 4648 3575 4724">
     <span class='ocr_line' id='line_1_106' title="bbox 1973 4648 3575 4724; baseline -0.005 -13"><span class='ocrx_word' id='word_1_706' title='bbox 1973 4654 2357 4712; x_wconf 84' lang='lat' dir='ltr'><strong><em>excudendum</em></strong></span> <span class='ocrx_word' id='word_1_707' title='bbox 2407 4654 2650 4722; x_wconf 86' lang='lat' dir='ltr'><strong><em>curavit;</em></strong></span> <span class='ocrx_word' id='word_1_708' title='bbox 2684 4652 2830 4724; x_wconf 86' lang='lat' dir='ltr'><strong><em>quod</em></strong></span> <span class='ocrx_word' id='word_1_709' title='bbox 2869 4666 3072 4721; x_wconf 81' lang='lat' dir='ltr'><strong><em>pauca,</em></strong></span> <span class='ocrx_word' id='word_1_710' title='bbox 3100 4656 3162 4706; x_wconf 90' lang='lat' dir='ltr'><strong><em>ut</em></strong></span> <span class='ocrx_word' id='word_1_711' title='bbox 3189 4648 3284 4720; x_wconf 88' lang='lat' dir='ltr'><strong><em>ait,</em></strong></span> <span class='ocrx_word' id='word_1_712' title='bbox 3309 4649 3575 4707; x_wconf 86' lang='lat' dir='ltr'><strong><em>Bennonis</em></strong></span> 
     </span>
    </p>
   </div>
   <div class='ocr_carea' id='block_1_107' title="bbox 1970 4742 3574 4820">
    <p class='ocr_par' dir='ltr' id='par_1_107' title="bbox 1970 4742 3574 4820">
     <span class='ocr_line' id='line_1_107' title="bbox 1970 4742 3574 4820; baseline -0.004 -16"><span class='ocrx_word' id='word_1_713' title='bbox 1970 4754 2306 4820; x_wconf 80' lang='lat' dir='ltr'><strong><em>superessent</em></strong></span> <span class='ocrx_word' id='word_1_714' title='bbox 2340 4748 2699 4819; x_wconf 72' lang='lat' dir='ltr'><strong><em>ewemplaria,</em></strong></span> <span class='ocrx_word' id='word_1_715' title='bbox 2774 4744 2963 4818; x_wconf 88' lang='lat' dir='ltr'><strong><em>grandi</em></strong></span> <span class='ocrx_word' id='word_1_716' title='bbox 3013 4743 3214 4800; x_wconf 87' lang='lat' dir='ltr'><strong><em>scilicet</em></strong></span> <span class='ocrx_word' id='word_1_717' title='bbox 3260 4742 3574 4816; x_wconf 71' lang='lat' dir='ltr'><strong><em>reipublica:</em></strong></span> 
     </span>
    </p>
   </div>
   <div class='ocr_carea' id='block_1_108' title="bbox 1970 4834 3577 4914">
    <p class='ocr_par' dir='ltr' id='par_1_108' title="bbox 1970 4834 3577 4914">
     <span class='ocr_line' id='line_1_108' title="bbox 1970 4834 3577 4914; baseline -0.004 -16"><span class='ocrx_word' id='word_1_718' title='bbox 1970 4842 2292 4898; x_wconf 63' lang='lat' dir='ltr'><strong><em>Christianae</em></strong></span> <span class='ocrx_word' id='word_1_719' title='bbox 2315 4842 2528 4914; x_wconf 86' lang='lat' dir='ltr'><strong><em>jactura</em></strong></span> <span class='ocrx_word' id='word_1_720' title='bbox 2548 4860 2565 4908; x_wconf 86' lang='lat'><strong><em>;</em></strong></span> <span class='ocrx_word' id='word_1_721' title='bbox 2583 4839 2742 4914; x_wconf 89' lang='lat' dir='ltr'><strong><em>cujus</em></strong></span> <span class='ocrx_word' id='word_1_722' title='bbox 2767 4839 3008 4895; x_wconf 91' lang='lat' dir='ltr'><strong><em>multum</em></strong></span> <span class='ocrx_word' id='word_1_723' title='bbox 3039 4837 3284 4905; x_wconf 87' lang='lat' dir='ltr'><strong><em>interest,</em></strong></span> <span class='ocrx_word' id='word_1_724' title='bbox 3300 4843 3363 4892; x_wconf 91' lang='lat' dir='ltr'><strong><em>ut</em></strong></span> <span class='ocrx_word' id='word_1_725' title='bbox 3389 4834 3577 4910; x_wconf 87' lang='lat' dir='ltr'><strong><em>hujus-</em></strong></span> 
     </span>
    </p>
   </div>
   <div class='ocr_carea' id='block_1_109' title="bbox 1973 4930 3573 5003">
    <p class='ocr_par' dir='ltr' id='par_1_109' title="bbox 1973 4930 3573 5003">
     <span class='ocr_line' id='line_1_109' title="bbox 1973 4930 3573 5003; baseline -0.005 -10"><span class='ocrx_word' id='word_1_726' title='bbox 1973 4934 2126 4993; x_wconf 89' lang='lat' dir='ltr'><strong><em>modi</em></strong></span> <span class='ocrx_word' id='word_1_727' title='bbox 2153 4935 2559 4991; x_wconf 88' lang='lat' dir='ltr'><strong><em>calumniarum</em></strong></span> <span class='ocrx_word' id='word_1_728' title='bbox 2595 4942 2861 4990; x_wconf 87' lang='lat' dir='ltr'><strong><em>centones</em></strong></span> <span class='ocrx_word' id='word_1_729' title='bbox 2889 4930 3096 4989; x_wconf 88' lang='lat' dir='ltr'><strong><em>durent</em></strong></span> <span class='ocrx_word' id='word_1_730' title='bbox 3141 4946 3205 4987; x_wconf 88' lang='lat' dir='ltr'><strong><em>ac</em></strong></span> <span class='ocrx_word' id='word_1_731' title='bbox 3256 4936 3573 5003; x_wconf 88' lang='lat' dir='ltr'><strong><em>perennent,</em></strong></span> 
     </span>
    </p>
   </div>
   <div class='ocr_carea' id='block_1_110' title="bbox 1973 5022 3574 5103">
    <p class='ocr_par' dir='ltr' id='par_1_110' title="bbox 1973 5022 3574 5103">
     <span class='ocr_line' id='line_1_110' title="bbox 1973 5022 3574 5103; baseline -0.005 -16"><span class='ocrx_word' id='word_1_732' title='bbox 1973 5038 2035 5087; x_wconf 88' lang='lat' dir='ltr'><strong><em>ut</em></strong></span> <span class='ocrx_word' id='word_1_733' title='bbox 2059 5027 2153 5103; x_wconf 91' lang='lat' dir='ltr'><strong><em>qui</em></strong></span> <span class='ocrx_word' id='word_1_734' title='bbox 2175 5027 2545 5086; x_wconf 88' lang='lat' dir='ltr'><strong><em>calumniandi</em></strong></span> <span class='ocrx_word' id='word_1_735' title='bbox 2576 5037 2631 5087; x_wconf 89' lang='lat' dir='ltr'><strong><em>et</em></strong></span> <span class='ocrx_word' id='word_1_736' title='bbox 2651 5026 2948 5084; x_wconf 88' lang='lat' dir='ltr'><strong><em>mentiendi</em></strong></span> <span class='ocrx_word' id='word_1_737' title='bbox 2983 5034 3159 5082; x_wconf 88' lang='lat' dir='ltr'><strong><em>artem</em></strong></span> <span class='ocrx_word' id='word_1_738' title='bbox 3180 5023 3392 5081; x_wconf 88' lang='lat' dir='ltr'><strong><em>discere</em></strong></span> <span class='ocrx_word' id='word_1_739' title='bbox 3414 5031 3469 5080; x_wconf 89' lang='lat' dir='ltr'><strong><em>et</em></strong></span> <span class='ocrx_word' id='word_1_740' title='bbox 3489 5022 3574 5079; x_wconf 86' lang='lat' dir='ltr'><strong><em>fa—</em></strong></span> 
     </span>
    </p>
   </div>
   <div class='ocr_carea' id='block_1_111' title="bbox 1971 5116 3575 5196">
    <p class='ocr_par' dir='ltr' id='par_1_111' title="bbox 1971 5116 3575 5196">
     <span class='ocr_line' id='line_1_111' title="bbox 1971 5116 3575 5196; baseline -0.005 -16"><span class='ocrx_word' id='word_1_741' title='bbox 1971 5123 2166 5181; x_wconf 88' lang='lat' dir='ltr'><strong><em>ctitare</em></strong></span> <span class='ocrx_word' id='word_1_742' title='bbox 2187 5120 2452 5196; x_wconf 86' lang='lat' dir='ltr'><strong><em>cogitant,</em></strong></span> <span class='ocrx_word' id='word_1_743' title='bbox 2480 5121 2777 5195; x_wconf 87' lang='lat' dir='ltr'><strong><em>exemplar,</em></strong></span> <span class='ocrx_word' id='word_1_744' title='bbox 2804 5128 2861 5177; x_wconf 90' lang='lat' dir='ltr'><strong><em>et</em></strong></span> <span class='ocrx_word' id='word_1_745' title='bbox 2872 5118 3096 5192; x_wconf 89' lang='lat' dir='ltr'><strong><em>quidem</em></strong></span> <span class='ocrx_word' id='word_1_746' title='bbox 3112 5116 3575 5192; x_wconf 88' lang='lat' dir='ltr'><strong><em>perfectissimum</em></strong></span> 
     </span>
    </p>
   </div>
   <div class='ocr_carea' id='block_1_112' title="bbox 1976 5209 3574 5289">
    <p class='ocr_par' dir='ltr' id='par_1_112' title="bbox 1976 5209 3574 5289">
     <span class='ocr_line' id='line_1_112' title="bbox 1976 5209 3574 5289; baseline -0.004 -16"><span class='ocrx_word' id='word_1_747' title='bbox 1976 5215 2204 5289; x_wconf 75' lang='lat' dir='ltr'><strong><em>in&#39;quod</em></strong></span> <span class='ocrx_word' id='word_1_748' title='bbox 2230 5216 2549 5274; x_wconf 88' lang='lat' dir='ltr'><strong><em>intueantur</em></strong></span> <span class='ocrx_word' id='word_1_749' title='bbox 2588 5225 2643 5272; x_wconf 90' lang='lat' dir='ltr'><strong><em>et</em></strong></span> <span class='ocrx_word' id='word_1_750' title='bbox 2677 5231 2805 5272; x_wconf 92' lang='lat' dir='ltr'><strong><em>cum</em></strong></span> <span class='ocrx_word' id='word_1_751' title='bbox 2842 5230 2952 5287; x_wconf 91' lang='lat' dir='ltr'><strong><em>quo</em></strong></span> <span class='ocrx_word' id='word_1_752' title='bbox 2983 5229 3042 5270; x_wconf 89' lang='lat' dir='ltr'><strong><em>se</em></strong></span> <span class='ocrx_word' id='word_1_753' title='bbox 3074 5212 3445 5282; x_wconf 78' lang='lat' dir='ltr'><strong><em>conformant,</em></strong></span> <span class='ocrx_word' id='word_1_754' title='bbox 3472 5209 3574 5267; x_wconf 88' lang='lat' dir='ltr'><strong><em>ha-</em></strong></span> 
     </span>
    </p>
   </div>
   <div class='ocr_carea' id='block_1_113' title="bbox 1977 5310 2746 5381">
    <p class='ocr_par' dir='ltr' id='par_1_113' title="bbox 1977 5310 2746 5381">
     <span class='ocr_line' id='line_1_113' title="bbox 1977 5310 2746 5381; baseline -0.003 -13"><span class='ocrx_word' id='word_1_755' title='bbox 1977 5310 2158 5368; x_wconf 90' lang='lat' dir='ltr'><strong><em>beant.</em></strong></span> <span class='ocrx_word' id='word_1_756' title='bbox 2737 5374 2746 5381; x_wconf 54' lang='grc'><em>,</em></span> 
     </span>
    </p>
   </div>
   <div class='ocr_carea' id='block_1_114' title="bbox 2052 5396 3581 5472">
    <p class='ocr_par' dir='ltr' id='par_1_114' title="bbox 2052 5396 3581 5472">
     <span class='ocr_line' id='line_1_114' title="bbox 2052 5396 3581 5472; baseline -0.005 -11"><span class='ocrx_word' id='word_1_757' title='bbox 2052 5410 2191 5461; x_wconf 89' lang='lat' dir='ltr'><strong><em>Ante</em></strong></span> <span class='ocrx_word' id='word_1_758' title='bbox 2248 5404 2352 5461; x_wconf 85' lang='lat' dir='ltr'><strong><em>hos</em></strong></span> <span class='ocrx_word' id='word_1_759' title='bbox 2393 5418 2587 5460; x_wconf 89' lang='lat' dir='ltr'><strong><em>omnes</em></strong></span> <span class='ocrx_word' id='word_1_760' title='bbox 2635 5418 2780 5460; x_wconf 89' lang='lat' dir='ltr'><strong><em>anno</em></strong></span> <span class='ocrx_word' id='word_1_761' title='bbox 2826 5401 3053 5459; x_wconf 90' lang='lat' dir='ltr'><strong><em>Domini</em></strong></span> <span class='ocrx_word' id='word_1_762' title='bbox 3104 5405 3241 5458; x_wconf 80' lang='lat'><strong><em>1535</em></strong></span> <span class='ocrx_word' id='word_1_763' title='bbox 3287 5396 3581 5472; x_wconf 87' lang='lat' dir='ltr'><strong><em>publicavit</em></strong></span> 
     </span>
    </p>
   </div>
   <div class='ocr_carea' id='block_1_115' title="bbox 1978 5492 3580 5568">
    <p class='ocr_par' dir='ltr' id='par_1_115' title="bbox 1978 5492 3580 5568">
     <span class='ocr_line' id='line_1_115' title="bbox 1978 5492 3580 5568; baseline -0.005 -12"><span class='ocrx_word' id='word_1_764' title='bbox 1978 5502 2301 5556; x_wconf 88' lang='lat' dir='ltr'><strong><em>Bennonem</em></strong></span> <span class='ocrx_word' id='word_1_765' title='bbox 2339 5498 2641 5555; x_wconf 89' lang='lat' dir='ltr'><strong><em>Orthuinus</em></strong></span> <span class='ocrx_word' id='word_1_766' title='bbox 2675 5496 2897 5555; x_wconf 88' lang='lat' dir='ltr'><strong><em>Gratius</em></strong></span> <span class='ocrx_word' id='word_1_767' title='bbox 2937 5512 3066 5554; x_wconf 88' lang='lat' dir='ltr'><strong><em>cum</em></strong></span> <span class='ocrx_word' id='word_1_768' title='bbox 3109 5495 3227 5553; x_wconf 87' lang='lat' dir='ltr'><strong><em>aliis</em></strong></span> <span class='ocrx_word' id='word_1_769' title='bbox 3254 5492 3580 5568; x_wconf 89' lang='lat' dir='ltr'><strong><em>quibusdam</em></strong></span> 
     </span>
    </p>
   </div>
   <div class='ocr_carea' id='block_1_116' title="bbox 1979 5590 3585 5665">
    <p class='ocr_par' dir='ltr' id='par_1_116' title="bbox 1979 5590 3585 5665">
     <span class='ocr_line' id='line_1_116' title="bbox 1979 5590 3585 5665; baseline -0.005 -15"><span class='ocrx_word' id='word_1_770' title='bbox 1979 5594 2125 5649; x_wconf 88' lang='lat' dir='ltr'><strong><em>male</em></strong></span> <span class='ocrx_word' id='word_1_771' title='bbox 2149 5593 2298 5649; x_wconf 89' lang='lat' dir='ltr'><strong><em>sanis</em></strong></span> <span class='ocrx_word' id='word_1_772' title='bbox 2340 5592 2562 5662; x_wconf 88' lang='lat' dir='ltr'><strong><em>chartis,</em></strong></span> <span class='ocrx_word' id='word_1_773' title='bbox 2593 5606 2731 5665; x_wconf 89' lang='lat' dir='ltr'><strong><em>quas</em></strong></span> <span class='ocrx_word' id='word_1_774' title='bbox 2772 5608 2851 5662; x_wconf 91' lang='lat' dir='ltr'><strong><em>se,</em></strong></span> <span class='ocrx_word' id='word_1_775' title='bbox 2902 5590 3107 5660; x_wconf 87' lang='lat' dir='ltr'><strong><em>nescio,</em></strong></span> <span class='ocrx_word' id='word_1_776' title='bbox 3146 5590 3203 5646; x_wconf 90' lang='lat' dir='ltr'><strong><em>in</em></strong></span> <span class='ocrx_word' id='word_1_777' title='bbox 3237 5604 3348 5662; x_wconf 86' lang='lat' dir='ltr'><strong><em>quo</em></strong></span> <span class='ocrx_word' id='word_1_778' title='bbox 3385 5602 3585 5645; x_wconf 72' lang='lat' dir='ltr'><strong><em>manu-</em></strong></span> 
     </span>
    </p>
   </div>
   <div class='ocr_carea' id='block_1_117' title="bbox 1981 5680 3583 5760">
    <p class='ocr_par' dir='ltr' id='par_1_117' title="bbox 1981 5680 3583 5760">
     <span class='ocr_line' id='line_1_117' title="bbox 1981 5680 3583 5760; baseline -0.005 -16"><span class='ocrx_word' id='word_1_779' title='bbox 1981 5686 2186 5760; x_wconf 81' lang='lat' dir='ltr'><strong><em>scripto</em></strong></span> <span class='ocrx_word' id='word_1_780' title='bbox 2214 5687 2403 5745; x_wconf 89' lang='lat' dir='ltr'><strong><em>codice</em></strong></span> <span class='ocrx_word' id='word_1_781' title='bbox 2428 5685 2691 5759; x_wconf 88' lang='lat' dir='ltr'><strong><em>reperisse</em></strong></span> <span class='ocrx_word' id='word_1_782' title='bbox 2714 5684 2869 5743; x_wconf 85' lang='lat' dir='ltr'><strong><em>dicit.</em></strong></span> <span class='ocrx_word' id='word_1_783' title='bbox 2910 5683 3276 5742; x_wconf 88' lang='lat' dir='ltr'><strong><em>Bellarminus</em></strong></span> <span class='ocrx_word' id='word_1_784' title='bbox 3303 5680 3583 5756; x_wconf 88' lang='lat' dir='ltr'><strong><em>probabile</em></strong></span> 
     </span>
    </p>
   </div>
   <div class='ocr_carea' id='block_1_118' title="bbox 1983 5771 3582 5849">
    <p class='ocr_par' dir='ltr' id='par_1_118' title="bbox 1983 5771 3582 5849">
     <span class='ocr_line' id='line_1_118' title="bbox 1983 5771 3582 5849; baseline -0.008 -11"><span class='ocrx_word' id='word_1_785' title='bbox 1983 5779 2288 5839; x_wconf 88' lang='lat' dir='ltr'><strong><em>arbitratur</em></strong></span> <span class='ocrx_word' id='word_1_786' title='bbox 2333 5779 2484 5849; x_wconf 81' lang='lat' dir='ltr'><strong><em>hunc</em></strong></span> <span class='ocrx_word' id='word_1_787' title='bbox 2513 5777 2739 5849; x_wconf 83' lang='lat' dir='ltr'><strong><em>librum,</em></strong></span> <span class='ocrx_word' id='word_1_788' title='bbox 2766 5780 2928 5838; x_wconf 89' lang='lat' dir='ltr'><strong><em>titulo</em></strong></span> <span class='ocrx_word' id='word_1_789' title='bbox 2977 5776 3278 5844; x_wconf 88' lang='lat' dir='ltr'><strong><em>Bennonis,</em></strong></span> <span class='ocrx_word' id='word_1_790' title='bbox 3305 5775 3373 5831; x_wconf 88' lang='lat' dir='ltr'><strong><em>ab</em></strong></span> <span class='ocrx_word' id='word_1_791' title='bbox 3397 5771 3582 5842; x_wconf 90' lang='lat' dir='ltr'><strong><em>aliquo</em></strong></span> 
     </span>
    </p>
   </div>
   <div class='ocr_carea' id='block_1_119' title="bbox 1983 5866 3579 5941">
    <p class='ocr_par' dir='ltr' id='par_1_119' title="bbox 1983 5866 3579 5941">
     <span class='ocr_line' id='line_1_119' title="bbox 1983 5866 3579 5941; baseline -0.004 -10"><span class='ocrx_word' id='word_1_792' title='bbox 1983 5873 2246 5933; x_wconf 79' lang='lat' dir='ltr'><strong><em>haeretica</em></strong></span> <span class='ocrx_word' id='word_1_793' title='bbox 2279 5874 2596 5933; x_wconf 84' lang='lat' dir='ltr'><strong><em>Lutherano</em></strong></span> <span class='ocrx_word' id='word_1_794' title='bbox 2623 5871 2791 5931; x_wconf 86' lang='lat' dir='ltr'><strong><em>fuisse</em></strong></span> <span class='ocrx_word' id='word_1_795' title='bbox 2811 5870 3109 5931; x_wconf 74' lang='lat' dir='ltr'><strong><em>conﬁctam</em></strong></span> <span class='ocrx_word' id='word_1_796' title='bbox 3137 5880 3197 5928; x_wconf 87' lang='lat' dir='ltr'><strong><em>et</em></strong></span> <span class='ocrx_word' id='word_1_797' title='bbox 3215 5866 3579 5941; x_wconf 87' lang='lat' dir='ltr'><strong><em>publicatum.</em></strong></span> 
     </span>
    </p>
   </div>
  </div>
