4122 6184
512 284 609 338 199

1737 275 1794 329 S.
1835 269 2217 328 GREGORIUS
2258 270 2343 324 νη
2381 270 2574 323 ΡΑΡΑ.

3697 267 3808 319 200

504 401 851 459 Vociferatur
889 400 1146 458 Sutlivius
1186 417 1198 453 :
1244 399 1583 456 Mendacium
1625 403 1677 453 et
1706 398 2102 471 impudentiam
2130 398 2182 460 Α
2211 393 2375 466 vulgo
2398 397 2656 464 quartum
2677 389 3011 462 appellitant,
3038 387 3302 460 Gregorio
3327 387 3576 471 legitimo
3594 388 3801 459 pastori

505 498 824 552 Bellarmini
849 495 1132 564 redarguit
1150 494 1446 550 Orthuinus
1475 494 1695 551 Gratius
1733 494 1792 546 in
1834 492 2102 547 Fasciculo

504 606 687 646 rerum
722 589 1140 659 empetendarum
1185 591 1236 642 et
1283 586 1692 657 fugiendarum,
1750 587 1849 655 qui
1907 585 2103 638 librum

506 682 669 746 hunc,
688 684 809 737 licet
827 683 1034 751 alioqui
1052 682 1295 751 pontiﬁci
1311 682 1691 742 amicissimus,
1713 678 1899 734 edidit.
1925 678 2103 745 Quam

506 775 726 833 Gratius
770 777 1025 831 Romano
1050 771 1292 845 pontiﬁci
1314 773 1523 828 amicus
1550 771 1731 840 fuerit,
1759 768 1890 826 satis
1906 785 2102 841 super-

505 883 611 941 que
648 868 853 924 indicat
873 868 1205 934 Fasciculus,
1254 866 1337 921 vel
1365 865 1549 938 potius
1576 867 1744 934 fascis
1772 864 1860 920 ille
1891 862 2101 923 calum-

506 961 721 1018 niarum
771 969 827 1017 et
856 960 1325 1027 criminationum,
1360 974 1526 1031 quem
1566 958 1760 1031 exiguo
1788 972 1920 1013 sane
1955 956 2103 1013 bono

510 1055 784 1125 Ecclesiae,
828 1062 881 1111 et
911 1053 1060 1109 nullo
1107 1067 1235 1109 cum
1272 1051 1480 1108 honore
1516 1067 1619 1108 suo
1654 1052 1711 1106 in
1731 1052 1909 1107 lucem
1926 1049 2101 1115 dedit,

506 1148 686 1217 Quam
722 1147 933 1204 bonum
962 1145 1166 1203 factum
1211 1144 1453 1212 fecisset,
1502 1146 1546 1202 si
1573 1144 1819 1201 codicem
1846 1142 2000 1199 illum
2034 1143 2101 1198 ti-

507 1242 626 1298 neis
648 1250 705 1297 et
734 1240 915 1296 blattis
943 1237 1345 1310 depascendum
1362 1237 1685 1310 reliquisset.

580 1337 693 1390 Nec
713 1333 858 1389 bona
885 1341 969 1388 est
1003 1332 1121 1388 haec
1143 1331 1489 1399 consecutio;
1518 1346 1621 1387 nec
1645 1330 1957 1388 Bellarmini
2002 1346 2102 1387 su-

511 1425 816 1499 spicionem
836 1434 1091 1482 enervat:
1129 1427 1429 1482 Orthuinus
1449 1426 1621 1481 edidit
1658 1427 1952 1480 Hermonem
1979 1440 2093 1479 :er—

511 1537 577 1590 go
612 1536 717 1575 non
740 1524 819 1575 est
864 1521 933 1574 ab
984 1520 1166 1589 aliquo
1202 1521 1510 1576 Lutherano
1537 1522 1823 1589 conﬁctus;
1870 1533 2004 1573 nam
2034 1516 2103 1571 ab

512 1628 659 1668 anno
690 1611 915 1667 Domini
940 1618 1073 1667 1517
1103 1612 1370 1685 usque‘ad
1389 1628 1596 1668 annum
1620 1617 1756 1668 1535
1783 1611 1969 1666 variaa
1994 1613 2107 1665 Lu-

513 1704 1021 1775 theranisconlingi
1038 1712 1354 1781 potuerunt,
1373 1713 1428 1759 et
1451 1706 1624 1777 reipsa
1653 1703 1842 1760 itidem
1872 1702 2104 1759 conﬁcta

2211 493 2565 565 opposuerat.
2602 486 2663 539 In
2692 484 2869 557 primo
2899 483 3085 554 itaque
3117 480 3213 543 lib.
3238 480 3320 537 sic
3353 470 3655 550 compellat
3690 484 3809 537 An-

2210 587 2417 644 selmus
2468 580 2797 640 Guibertum
2841 573 3398 648 pseudopontiﬁcem:
3445 575 3569 631 Noli
3623 576 3813 643 itaque

2212 682 2402 747 dicere,
2432 678 2565 748 quia
2591 672 2920 729 universalis
2957 670 3204 726 Ecclesia:
3239 684 3427 723 curam
3449 669 3803 737 suscepimus.

2214 772 2478 843 Quomodo
2531 770 2674 823 enim
2732 766 2834 820 tibi
2865 765 3141 820 commissa
3177 767 3256 817 est
3296 762 3532 818 Ecclesia
3580 778 3593 815 :
3647 776 3812 831 quem

2211 869 2419 922 constat
2436 879 2542 919 non
2560 864 2792 916 intrasse
2803 874 2904 929 per
2927 859 3141 919 ostium,
3159 855 3304 926 quod
3315 854 3556 912 Christus
3590 859 3691 922 est,
3714 854 3811 909 sed

2212 959 2435 1016 aliunde
2463 955 2779 1019 ascendisse,
2806 957 2868 1007 ut
2897 952 3116 1018 furem?
3135 952 3307 1016 (Joan.
3339 963 3446 1004 xx.
3482 947 3551 1019 l.)
3578 948 3812 1018 Aposto-

2212 1054 2315 1108 lica
2340 1054 2504 1117 enim,
2524 1046 2904 1104 etuniversalis
2927 1044 3161 1099 Ecclesia
3188 1057 3345 1097 suum
3372 1041 3607 1096 habebat
3626 1046 3815 1110 pasto-

2212 1163 2343 1202 rem.
2385 1148 2453 1202 Ut
2498 1144 2641 1199 enim
2668 1141 2733 1195 de
2762 1143 2822 1196 B.
2884 1138 3162 1206 Gregorio,
3199 1141 3353 1206 patre
3374 1138 3571 1201 nostro,
3604 1134 3811 1202 dicam,

2212 1256 2333 1309 qua:
2351 1239 2417 1293 de
2442 1236 2681 1294 Cornelio
2699 1235 2919 1303 scripsit
2940 1231 3248 1300 Cyprianus
3273 1248 3290 1283 :
3307 1230 3485 1296 factus
3508 1232 3591 1283 est
3610 1229 3813 1297 episco-

2206 1349 2311 1405 pus
2334 1333 2400 1387 de
2424 1332 2527 1388 Dei
2546 1334 2595 1384 et
2641 1327 2847 1385 Christi
2862 1324 2977 1395 ejus
2991 1324 3227 1393 judicio,
3253 1323 3320 1378 de
3348 1323 3657 1377 clericorum
3674 1337 3815 1391 pene

2212 1429 2466 1489 omnium,
2491 1428 2562 1489 et,
2584 1428 2646 1477 ut
2684 1436 2869 1475 verum
2905 1418 3101 1481 dicam,
3141 1418 3351 1471 omnino
3386 1417 3625 1470 omnium
3651 1417 3814 1469 testi-

2212 1521 2409 1581 monio,
2439 1518 2505 1572 de
2531 1515 2701 1586 plebis
2722 1555 2737 1576 ,
2755 1526 2879 1583 quia
2922 1515 3045 1566 tunc
3066 1510 3278 1576 adfuit,
3321 1508 3609 1578 suffragio,
3645 1507 3711 1562 de
3729 1523 3818 1562 sa-

2213 1613 2482 1668 cerdotum
2528 1612 2882 1678 antiquorum
2928 1608 2978 1659 et
3019 1606 3263 1658 virorum
3284 1603 3544 1657 bonorum
3565 1602 3808 1670 collegio,

2214 1723 2333 1761 cum
2357 1720 2509 1760 nemo
2531 1707 2657 1757 ante
2676 1717 2730 1757 se
2758 1702 2937 1767 factus
2963 1701 3118 1765 esset,
3160 1713 3277 1751 cum
3296 1695 3610 1752 Alexandri
3645 1695 3810 1760 locus,

511 1806 655 1854 sunt.
698 1800 813 1853 Nec
856 1814 919 1854 ea
951 1797 1151 1863 solum,
1178 1813 1303 1871 qua:
1330 1798 1636 1854 Lutherum
1663 1804 2103 1858 antecesserunt.
2134 1793 2181 1855 Β
2216 1801 2381 1861 Petri,
2427 1797 2510 1851 vel
2537 1795 2741 1865 gradus
2766 1792 3035 1847 cathedra:
3062 1790 3411 1846 sacerdotalis
3431 1792 3664 1843 vacaret.
3699 1789 3814 1855 Quo

508 1890 741 1963 conjecit
762 1889 983 1947 Gratius
999 1891 1058 1946 in
1082 1906 1247 1947 suum
1273 1890 1637 1959 Fasciculum,
1669 1889 1766 1947 sed
1795 1899 1849 1945 et
1871 1890 1974 1945 alia
1999 1890 2107 1945 Lu-

511 1983 671 2040 thero
695 1983 1030 2056 synchrona;
1056 1992 1116 2039 ut
1141 1991 1412 2040 testantur
1436 1986 1764 2042 Gravamina
1801 1984 2107 2042 Germanice

512 2076 572 2133 in
597 2077 834 2133 comitiis
862 2077 1412 2149 Norimbergensibus
1431 2077 1646 2144 oblata;
1669 2075 1894 2148 epistola
1918 2074 2110 2132 Adria-

512 2170 566 2226 ni
607 2173 682 2227 Vl
718 2169 788 2226 ad
828 2170 1099 2242 principes
1138 2172 1466 2237 Germanos,
1513 2169 1839 2226 declamatio
1880 2152 2107 2226 Hutteni

516 2273 708 2319 contra
731 2263 1091 2320 donationem
1112 2262 1479 2321 Constantini.
1508 2265 1827 2322 Constitutio
1846 2263 1919 2318 ad
1950 2278 2111 2318 remo-

515 2358 710 2414 vendos
736 2358 955 2421 abusus,
995 2362 1047 2413 et
1074 2358 1349 2413 ordinatio
1364 2358 1439 2413 ad
1460 2359 1632 2412 vitam
1654 2358 1782 2412 cleri
1819 2358 2111 2424 reforman-

516 2450 665 2514 dam,
692 2449 973 2506 Laurentii
1002 2448 1313 2518 cardinalis,
1339 2458 1393 2506 et
1419 2450 1524 2505 alia
1540 2448 1702 2521 hujus
1721 2448 1953 2520 generis.
1972 2450 2112 2503 Nam

516 2542 665 2617 quod
693 2542 953 2600 Sutlivius
973 2542 1140 2611 dicit,
1171 2543 1367 2599 similia
1398 2542 1773 2598 Bennonianis
1799 2541 1867 2597 de
1900 2542 2108 2612 Grego-

514 2635 593 2693 rio
607 2635 767 2692 scribi
795 2637 862 2691 ab
896 2639 1269 2707 Urspergensi,
1289 2641 1344 2714 et
1364 2637 1651 2705 Sigeberto,
1684 2640 1735 2690 et
1761 2640 1983 2689 auctore
2013 2636 2111 2690 Vi-

517 2734 585 2783 ta:
627 2732 983 2795 Henricianaa,
1031 2728 1325 2802 impudens
1378 2736 1754 2784 commentum
1796 2737 1900 2784 est.
1963 2726 2115 2783 Licet

516 2822 664 2878 enim
701 2821 1090 2894 Urspergensis
1134 2821 1403 2894 Gregorio
1446 2837 1638 2893 parum
1665 2821 1961 2877 benevolus
2000 2819 2113 2877 fue-

514 2915 604 2983 rit,
640 2915 923 2987 multoque
968 2914 1152 2971 minus
1192 2915 1528 2989 Sigebertus,
1560 2923 1754 2971 neuter
1793 2923 1980 2971 tamen
2005 2915 2114 2971 ἱΙΙο·

514 3024 639 3064 rum
687 3007 1036 3065 horribilium
1073 3008 1373 3065 criminum
1412 3007 1480 3063 de
1534 3008 1735 3078 quibus
1772 3025 1805 3065 a
1851 3009 2113 3063 Bennone

515 3110 820 3169 accusatur,
854 3117 981 3157 eum
1026 3100 1402 3166 insimulavit;
1443 3100 1557 3156 imo
1604 3116 1705 3156 nec
1745 3109 1937 3155 auctor
1974 3101 2113 3156 Vitae

516 3194 866 3251 Henricianaa
884 3182 1062 3262 neque
1085 3194 1250 3249 etiam
1275 3193 1321 3248 is
1342 3191 1435 3264 qui
1459 3208 1559 3265 pro
1580 3192 1823 3249 Henrico
1842 3194 1914 3248 IV
1935 3193 2113 3264 apolo-
2149 3169 2192 3229 Ο

517 3287 662 3359 giam
703 3284 1052 3358 conscripsit,
1082 3293 1145 3341 ut
1168 3283 1309 3340 infra
1361 3284 1474 3341 suis
1512 3284 1643 3341 locis
1690 3285 1949 3342 monebo.
1997 3288 2112 3343 Nec

516 3379 620 3435 nisi
658 3376 911 3450 perfricta
971 3377 1151 3434 fronte
1207 3376 1464 3435 Sutlivius
1492 3377 2111 3452 'Schaffnaburgensem

514 3472 766 3544 opponit:
801 3471 931 3528 nihil
963 3473 1114 3528 enim
1140 3472 1193 3527 in
1229 3488 1296 3527 eo
1318 3472 1740 3529 Bennonianum
1766 3482 2014 3546 apparet,
2049 3481 2111 3529 ut

516 3581 620 3623 nec
652 3566 705 3621 in
729 3565 1046 3634 Helmoldo,
1076 3581 1312 3639 quorum
1344 3564 1412 3622 de
1433 3566 1703 3639 Gregorio
1724 3568 1826 3623 VlI
1856 3566 2109 3624 testimo-

518 3659 609 3715 nia
650 3659 810 3731 paulo
836 3667 960 3730 post
986 3658 1381 3738 producentur.

587 3751 742 3808 Licet
786 3760 974 3807 autem
1022 3751 1311 3808 cardinalis
1376 3752 1740 3811 Bellarminus
1795 3753 1888 3809 lib.
1941 3769 2003 3811 v1
2034 3757 2117 3812 De

519 3844 797 3915 pontiﬁce,
828 3859 949 3917 cap.
987 3850 1074 3911 13,
1096 3845 1426 3918 Gregorium
1456 3854 1708 3902 nostrum
1733 3848 2116 3918 copiosissime

518 3945 573 3993 et
600 3935 914 3994 doctissime
938 3937 1004 3994 ab
1033 3937 1419 3995 haereticorum
1456 3930 1929 3996 criminationibus
1970 3955 2116 3996 asse-

518 4030 706 4099 ruerit,
729 4030 906 4086 allatis
935 4029 1182 4102 plurimis
1232 4030 1407 4105 iisque
1455 4030 1784 4104 gravissimis
1832 4032 2112 4110 scriptori:

521 4123 644 4192 bus,
701 4139 939 4196 quorum
990 4125 1147 4180 multi
1190 4140 1256 4181 eo
1297 4124 1413 4196 ipso
1449 4126 1652 4181 saeculo
1703 4125 1971 4193 vixerunt,
2003 4142 2114 4199 quo

519 4217 820 4289 Gregorius
848 4217 1201 4289 apostolicam
1228 4217 1411 4275 sedem
1459 4218 1619 4287 rexit,
1663 4226 1716 4276 et
1744 4219 1945 4291 partim
1988 4235 2117 4292 quo-

518 4325 623 4382 que
651 4325 763 4365 non
784 4316 1003 4366 tantum
1023 4310 1354 4379 eruditione,
1382 4309 1479 4368 sed
1507 4319 1563 4368 et
1586 4311 1708 4368 vita:
1755 4310 2117 4369 sanctimonia

521 4418 586 4459 ac
606 4403 1227 4469 miraculisrclaruerunt
1248 4425 1264 4473 ;
1287 4406 1379 4477 qui
1401 4405 1561 4478 longe
1599 4405 1703 4461 alia
1734 4413 1791 4462 et
1814 4406 1976 4462 aliter
1992 4405 2117 4462 scri-

520 4496 656 4553 bunt
675 4507 729 4553 et
756 4505 1046 4567 testantur,
1075 4514 1237 4572 quam
1293 4498 1713 4554 mendaciorum
1742 4498 1832 4555 ille
1889 4498 2042 4555 faber
2060 4507 2117 4554 et

520 4589 853 4647 architectus
874 4593 1065 4647 Benno
1095 4611 1110 4659 ;
1156 4590 1281 4663 quia
1324 4598 1507 4647 tamen
1544 4591 1699 4663 pauci
1731 4598 1880 4659 sunt,
1922 4592 2117 4664 quibus

522 4683 675 4754 copia
696 4684 936 4756 suppetit
964 4683 1212 4741 omnium
1257 4700 1446 4740 eorum
1478 4693 1788 4752 auctorum,
1828 4700 1969 4757 quos
1991 4685 2113 4739 Bel-

522 4775 784 4833 larminus
824 4794 920 4849 pro
961 4777 1327 4851 GregoriiVlI
1351 4778 1660 4835 innocentia
1704 4778 1980 4835 haeretica:
2017 4779 2115 4834 im-

522 4868 804 4939 pudentia:
831 4870 1081 4942 apponit,
1110 4870 1290 4927 visum
1320 4880 1404 4928 est
1430 4888 1541 4928 non
1569 4871 1668 4928 abs
1697 4888 1757 4929 re
1785 4870 1927 4941 fore,
1966 4872 2010 4928 si
2038 4872 2116 4945 ip-

520 4978 709 5019 sorum
739 4963 1054 5020 testimonia
1079 4963 1347 5020 verbatim
1377 4966 1834 5033 exscriberentur,
1864 4971 1920 5022 et
1944 4965 2116 5022 lecto-

521 5072 643 5112 rum
674 5056 849 5113 oculis
875 5055 1291 5130 subjicerentur,
1328 5067 1380 5115 et
1406 5067 1593 5131 postea
1616 5058 1852 5115 breviter
1881 5058 2116 5115 menda-

520 5149 601 5206 cia
630 5157 682 5205 et
710 5149 909 5222 probra
927 5150 1239 5207 Bennonica
1257 5149 1662 5219 refellerentur,
1691 5151 1735 5208 si
1766 5160 1949 5208 tamen
1975 5167 2118 5224 opus

522 5241 786 5310 refellere,
811 5259 932 5316 qua:
974 5251 1058 5300 tot
1086 5246 1363 5317 tantisque
1396 5245 1629 5301 testibus
1655 5243 1906 5301 adductis
1931 5253 1986 5300 et
2015 5260 2113 5301 au-

524 5336 650 5393 ditis
674 5344 870 5410 spontc
903 5353 1003 5394 sua
1031 5347 1311 5394 corruunt.
1342 5342 1562 5411 Agmen
1592 5339 1759 5411 igitur
1780 5338 1965 5394 ducat.

594 5431 638 5484 I.
695 5430 1007 5499 Anselmus,
1063 5429 1348 5503 episcopus
1395 5430 1684 5497 Lucensis,
1714 5428 1873 5503 cujus
1900 5437 2121 5486 exstant

470 5574 473 5577 ,
526 5530 678 5578 tomo
715 5522 790 5578 VI
813 5522 1058 5595 antiqua:
1078 5522 1324 5579 lectionis
1351 5521 1420 5578 cl.
1453 5521 1549 5578 viri
1579 5525 1651 5578 D.
1680 5523 1898 5579 Henrici
1921 5523 2117 5580 Canisii

523 5614 644 5671 libri
661 5613 774 5673 duo
791 5616 1111 5690 apologetici
1135 5631 1232 5688 pro
1258 5615 1523 5688 Gregorio
1547 5619 1644 5672 VII
1666 5624 1855 5673 contra
1883 5616 2120 5673 Guiber—

522 5716 644 5766 tum
687 5707 1155 5783 archiepiscopum
1193 5711 1592 5777 Ravennatem,
1645 5708 1980 5783 antipapam,
2013 5710 2118 5768 sub

523 5801 821 5861 Clementis
850 5805 930 5861 III
956 5803 1200 5873 nomine,
1222 5818 1389 5878 quem
1412 5802 1706 5876 imperator
1720 5804 1994 5861 Henricus
2018 5805 2119 5873 III,

2147 4555 2196 4616 D

2213 1895 2487 1962 occupate,
2513 1894 2564 1944 et
2592 1888 2658 1943 de
2685 1887 3090 1947 Deivoluntate,
3118 1888 3282 1953 atque
3316 1884 3554 1937 omnium
3570 1886 3816 1936 nostrum

2215 2000 2469 2040 consensu
2490 1982 2759 2044 ordinato,
2791 1980 3040 2049 quisquis
3061 1977 3184 2047 jam
3201 1979 3476 2047 episcopus
3501 1976 3620 2044 ﬁeri
3634 1976 3815 2028 volue-

2215 2081 2291 2133 rit
2316 2097 2332 2129 :
2363 2079 2514 2145 [oras
2541 2078 2640 2146 ﬁat
2668 2088 2872 2128 necesse
2902 2075 3007 2135 est,
3052 2087 3146 2127 nec
3177 2070 3370 2125 habeat
3406 2069 3818 2125 ecclesiasticam

2216 2173 2627 2231 ordinationem,
2654 2170 2753 2239 qui
2783 2166 3029 2224 Ecclesia:
3056 2181 3164 2221 non
3186 2168 3326 2219 tenet
3350 2164 3632 2218 unitatem.
3657 2163 3819 2229 Quis-

2217 2267 2337 2335 quis
2360 2265 2454 2319 ille
2477 2264 2666 2332 fuerit,
2699 2262 2818 2316 licet
2842 2259 2978 2315 dese
3004 2260 3234 2314 multum
3245 2257 3485 2327 jactans,
3507 2260 3559 2311 et
3584 2255 3688 2311 sibi
3695 2255 3817 2325 plu-

2220 2360 2420 2413 rimum
2446 2356 2756 2417 vendicans,
2770 2354 3040 2424 profanus
3059 2356 3156 2419 est,
3186 2352 3396 2406 alienus
3422 2354 3521 2414 est,
3539 2351 3676 2418 foris
3698 2352 3815 2415 est;

2219 2456 2269 2507 et
2301 2468 2420 2506 cum
2459 2454 2578 2522 post
2592 2451 2835 2519 primum
2874 2446 3133 2502 secundus
3160 2460 3268 2502 esse
3314 2461 3420 2500 non
3437 2445 3633 2515 possit,
3660 2446 3819 2513 quis-

2220 2547 2343 2616 quis
2386 2548 2508 2615 post
2536 2559 2726 2606 unum,
2754 2543 2852 2611 qui
2873 2542 3014 2596 solus
3043 2554 3153 2596 esse
3174 2539 3348 2606 debet,
3369 2540 3553 2606 factus
3577 2540 3677 2599 est,
3710 2552 3821 2591 non

2220 2638 2482 2694 secundus
2509 2638 2623 2702 ille,
2646 2636 2739 2692 sed
2766 2636 2947 2690 nullus
2969 2640 3070 2690 est.

2291 2732 2434 2787 Citat
2461 2739 2519 2786 et
2555 2729 2753 2787 recitat
2795 2727 2913 2784 haec
2951 2727 3112 2782 verba
3142 2725 3313 2781 abbas
3341 2724 3734 2796 Urspergensis
3760 2723 3819 2779 in

2220 2823 2514 2892 Chronico,
2530 2839 2594 2879 ex
2623 2821 2875 2894 epistola,
2898 2828 2957 2874 ut
2972 2819 3070 2889 ait,
3095 2818 3339 2875 Anselmi
3355 2817 3423 2873 ad
3448 2816 3814 2875 Guibertum:

2221 2934 2343 2990 quae
2372 2916 2588 2973 videtur
2625 2915 2789 2972 fuisse
2815 2914 3026 2970 diversa
3071 2913 3141 2968 ab
3191 2912 3277 2968 his
3303 2910 3520 2968 duobus
3546 2910 3722 2980 libris,
3753 2919 3821 2968 ut

2221 3012 2387 3067 etiam
2409 3010 2706 3066 arbitratur
2742 3007 3016 3063 Baronius
3056 3006 3111 3061 in
3156 3004 3472 3078 Appendice
3498 3004 3568 3060 ad
3599 3013 3818 3061 tomum

2221 3107 2322 3161 VII
2373 3103 2688 3160 Annalium.
2719 3104 2836 3158 Nec
2865 3099 3221 3172 improbabile
3266 3108 3354 3155 est
3396 3097 3720 3154 Anselmum
3746 3097 3821 3155 ad

2221 3213 2342 3253 eam
2361 3196 2605 3253 alludere
2638 3194 2813 3251 verbis
2838 3194 2940 3249 illis
2963 3194 3017 3249 in
3055 3193 3174 3266 ipso
3203 3192 3366 3264 primi
3397 3190 3522 3248 libri
3545 3191 3819 3248 vestibulo

2219 3288 2630 3347 occurrentibus
2668 3308 2679 3343 :
2708 3290 2918 3359 Scripsi
2946 3288 3050 3343 tibi
3069 3302 3250 3360 pauca
3277 3302 3397 3342 cum
3440 3286 3604 3341 multo
3641 3285 3823 3341 dolore

2219 3389 2269 3440 et
2307 3387 2523 3440 sincera:
2543 3384 2831 3438 charitatis
2876 3382 3095 3450 affectu,
3126 3386 3187 3435 ut
3234 3395 3542 3449 cognoscens
3588 3394 3821 3434 errorem

2220 3482 2373 3533 tuum
2402 3477 2605 3532 redires
2629 3475 2708 3532 ad
2735 3491 2845 3542 cor,
2871 3483 2998 3541 etc.;
3029 3475 3123 3530 sed
3150 3475 3284 3544 quia
3307 3473 3472 3529 verba
3497 3477 3594 3527 tua
3620 3473 3820 3541 iniqui-

2222 3575 2303 3626 tas
2352 3574 2402 3626 et
2428 3571 2602 3633 dolus,
2651 3574 2705 3625 et
2744 3569 2971 3624 noluisti
3020 3568 3336 3636 intelligere,
3362 3570 3425 3621 ut
3473 3566 3599 3621 bene
3635 3580 3820 3635 ageres

2219 3664 2389 3730 (Psal.
2418 3678 2614 3729 xxxv,
2640 3662 2715 3733 4).
2738 3662 2876 3717 audi
2891 3663 3100 3717 interea
3125 3668 3234 3716 etc.
3253 3658 3361 3730 Qui
3386 3658 3461 3714 sic
3489 3657 3659 3715 etiam
3681 3657 3813 3715 Gui-

2217 3755 2438 3812 bertum
2476 3754 2818 3827 alloquitur:
2854 3757 2932 3810 Tu
2954 3770 3077 3809 vero
3129 3753 3352 3808 aliunde
3401 3752 3713 3814 ascendisti,
3766 3755 3822 3806 et

2217 3865 2324 3905 non
2358 3854 2574 3905 vocatus
2609 3865 2644 3903 a
2668 3852 2772 3904 Deo
2798 3848 3085 3914 accessisti,
3112 3847 3224 3902 noli
3257 3861 3524 3917 usurpare
3557 3845 3658 3900 tibi
3676 3846 3824 3899 tanti

2220 3958 2401 3997 curam
2454 3943 2751 4011 regiminis.
2803 3942 2954 3998 Sicut
3000 3942 3141 3995 enim
3175 3939 3299 4009 jam
3318 3939 3523 3993 dictum
3571 3942 3649 3994 est
3684 3956 3701 3992 :
3752 3939 3822 3994 Si

2225 4036 2515 4105 Gregorius
2541 4037 2601 4089 in
2622 4036 2857 4090 Ecclesia
2875 4035 3010 4102 fuit,
3043 4035 3141 4103 qui
3169 4033 3321 4101 apud
3363 4037 3411 4087 te
3439 4034 3601 4087 etiam
3625 4033 3823 4087 consti-

2221 4131 2309 4192 tit,
2341 4128 2508 4194 iudea:
2535 4145 2569 4182 a
2590 4129 2737 4183 nullo
2757 4128 3103 4183 condemnari
3114 4128 3316 4197 potuit,
3356 4126 3703 4193 manifestum
3718 4129 3820 4188 est,

2219 4226 2270 4277 te
2293 4222 2366 4277 ab
2392 4224 2640 4279 Ecclesia:
2668 4221 2850 4277 radice
2858 4221 3148 4291 praecisum
3172 4222 3410 4288 aruisse,
3437 4219 3683 4289 nihilque
3712 4217 3817 4272 ha-

2223 4316 2341 4370 bere
2359 4315 2647 4385 potestatis
2675 4330 2737 4370 ac
2742 4316 2910 4384 juris.

2295 4408 2427 4478 Quis
2473 4423 2603 4463 vero
2631 4407 2731 4463 iste
2765 4408 3064 4464 Anselmus
3116 4406 3414 4481 Lucensis?
3464 4421 3535 4461 an
3566 4419 3707 4461 unus
3751 4420 3823 4461 ex

2222 4501 2403 4570 trivio,
2448 4501 2606 4573 cujus
2650 4500 3028 4557 testimonium
3081 4500 3257 4572 primo
3291 4500 3475 4556 statim
3500 4497 3688 4555 auditu
3716 4496 3824 4553 dil-

2225 4593 2345 4651 tlari
2376 4603 2430 4650 et
2453 4593 2704 4667 dissipari
2751 4599 2962 4667 queat?
2991 4592 3217 4650 Minime
3229 4609 3379 4650 vero.
3413 4591 3558 4649 Audi
3587 4595 3826 4664 Ursper—

2222 4702 2449 4760 gensem
2471 4686 2528 4743 in
2552 4687 3053 4756 schismaticorum,
3086 4702 3258 4761 quam
3331 4686 3388 4743 in
3415 4686 3648 4759 Gregori
3722 4686 3820 4740 VII

2224 4790 2404 4852 partes
2422 4781 2721 4853 caateroqui
2746 4781 3092 4855 proniorem:
3114 4781 3398 4838 Anselmus
3417 4782 3712 4851 episcopus,
3734 4780 3824 4833 vir

2222 4876 2416 4930 litteris
2434 4876 2681 4945 apprime
2707 4876 2974 4938 eruditus,
2998 4876 3217 4945 ingenio
3234 4875 3607 4936 acutissimus,
3632 4873 3828 4940 facun-

2222 4968 2315 5023 dia
2339 4970 2665 5039 prcecipuus,
2693 4972 2746 5023 et
2762 4967 2906 5039 quod
2927 4968 3173 5023 omnibus
3201 4968 3383 5040 majus
3415 4971 3514 5031 est,
3536 4968 3594 5021 in
3623 4968 3723 5022 Dei
3747 4966 3825 5020 ti-

2222 5077 2367 5117 more
2384 5065 2434 5117 et
2452 5066 2643 5117 sancta
2665 5062 3059 5117 conversatione
3079 5063 3571 5129 nominatissimus,
3598 5060 3731 5114 adeo
3762 5063 3829 5114 ut

2224 5159 2335 5209 tam
2380 5157 2439 5209 in
2459 5158 2595 5225 vita,
2621 5171 2784 5226 quam
2822 5159 2947 5225 post
2968 5158 3188 5210 mortem
3230 5157 3507 5224 referatur
3548 5153 3829 5208 miraculis

2232 5249 2437 5304 clarus.

2300 5342 2386 5396 De
2404 5326 2603 5399 eodem
2626 5339 2893 5397 Anselmo
2914 5347 3128 5410 auctor,
3152 5341 3246 5414 qui
3264 5341 3449 5397 Vitam
3478 5340 3601 5414 ejus
3624 5337 3827 5395 litteris

2224 5433 2508 5489 mandavit
2550 5432 2692 5505 apud
2750 5434 3073 5503 Baronium,
3113 5442 3268 5490 tomo
3314 5437 3388 5505 II,
3443 5449 3593 5491 anno
3622 5431 3825 5491 Christi

2225 5532 2403 5583 1086:
2434 5528 2594 5582 Anno
2626 5530 3022 5584 Incarnationis
3067 5531 3281 5585 Domini
3304 5530 3483 5584 nostri
3506 5530 3632 5584 Jesu
3661 5527 3820 5584 Chri-

2225 5620 2299 5675 sti
2325 5620 2609 5676 millesimo
2638 5624 2956 5691 octogesimo
2984 5626 3155 5686 serto,
3203 5624 3541 5695 episcopatus
3572 5637 3693 5677 vero
3733 5623 3829 5676 sui

2226 5713 2427 5769 decimo
2477 5716 2655 5779 tertio,
3009 5732 3175 5779 nona,
3206 5718 3377 5788 ﬁnitis
3410 5717 3535 5788 jam
3560 5719 3719 5772 annis
3739 5729 3830 5770 se-

2224 5810 2372 5878 ptem
2395 5812 2959 5867 eacommunicationis
2983 5810 3201 5868 Henrici
3216 5811 3490 5882 quondam
3523 5812 3682 5880 regis.
3704 5814 3837 5882 post
