4122 6184
219 311 312 362 201

1015 282 1535 373 PROLEGOMENA.
1577 349 1648 359 —
1685 301 2024 381 APOLOGIA
2063 327 2198 382 reo
2236 328 2588 387 GREGORIO
2629 334 2736 388 vu.

3419 347 3523 404 202

218 433 508 486 transitum
532 438 714 488 autem
733 435 1040 500 felicissimi
1056 455 1216 509 papa:
1242 441 1491 511 Gregorii
1522 446 1622 500 VII
1648 461 1824 503 mense
1850 452 1903 516 Α
1933 452 2090 520 cepit,
2121 455 2182 506 ut
2206 454 2264 506 in
2293 454 2398 522 ﬁde
2424 460 2474 510 et
2497 457 2744 512 doctrina
2774 461 3068 518 beatissimi
3090 480 3252 535 papa:
3282 470 3529 538 Gregorii

217 540 381 590 nono,
409 526 497 581 die
518 542 642 582 vero
672 531 930 600 vigesimo
955 535 1140 596 tertio,
1171 535 1488 590 obdormivit
1508 540 1566 592 in
1591 541 1812 594 Domino

217 620 539 674 venerabilis
571 622 822 679 dominus
855 628 907 679 et
948 628 1112 680 Pater
1151 633 1329 683 noster
1380 631 1662 687 Anselmus
1709 635 1810 689 Lu-

215 715 384 766 censis
413 716 705 785 episcopus,
750 717 950 772 decimo
969 722 1166 788 quinto
1209 723 1332 777 Kal.
1367 724 1607 793 Aprilis,
1649 729 1708 779 in
1737 729 1810 781 ci-

213 808 377 860 vitate
401 809 736 873 Mantuana,
764 813 1087 880 prcesidente
1116 819 1539 871 reverentissimo
1573 821 1812 889 episcopo

221 899 448 964 Ubaldo,
475 907 639 972 atque
665 904 974 960 dominante
1006 906 1205 963 ibidem
1235 910 1568 966 nobilissima
1597 913 1734 968 duce
1762 917 1813 968 et

214 995 606 1051 marchionissa
630 996 850 1052 domina
875 1001 964 1055 Ma
973 1001 1165 1056 thilda.

285 1085 484 1141 Subdit
510 1087 654 1143 idem
685 1099 878 1147 auctor
904 1113 915 1147 :
953 1096 1130 1149 Tertia
1149 1100 1295 1150 nocte
1315 1101 1446 1168 post
1472 1101 1812 1154 sanctissima

211 1182 387 1234 Patris
417 1182 704 1247 (Anselmi)
736 1187 1096 1241 venerandam
1134 1189 1528 1253 domuitionem,
1561 1194 1811 1261 quadam

210 1277 480 1327 contracta
500 1291 746 1344 persona,
778 1294 898 1347 qua
920 1296 1033 1333 una
1055 1296 1266 1350 semper
1295 1300 1461 1337 manu
1485 1290 1535 1339 et
1553 1289 1813 1354 posterio-

209 1366 354 1421 ribus
378 1369 627 1437 serpebat
649 1373 851 1440 potius,
893 1389 1057 1442 quam
1087 1376 1477 1443 gradiebatur;
1503 1395 1622 1447 quae
1646 1382 1810 1434 etiam

207 1460 262 1513 in
290 1460 450 1515 domo
477 1465 683 1532 nepotis
706 1466 942 1536 episcopi
967 1484 1173 1522 annum
1204 1486 1390 1533 unum,
1421 1477 1476 1524 et
1505 1473 1636 1527 duos
1666 1489 1810 1528 men-

207 1568 305 1618 ses,
330 1570 396 1608 ac
418 1555 706 1612 dimidium
726 1565 996 1615 manserat
1029 1563 1179 1631 apud
1193 1565 1451 1633 prxdicti
1467 1568 1648 1621 Patris
1672 1571 1810 1621 tum-

1915 560 2370 613 permaneremus.
2408 549 2545 605 Haec
2560 560 2750 606 auctor
2777 553 2880 608 ille.

1990 617 2245 672 Testatur
2291 627 2347 674 et
2397 621 2756 678 Berchtoldus
2811 626 3276 699 Constantiensis,
3317 631 3372 686 in
3418 647 3518 690 suo

1923 706 2227 778 Chronico,
2276 713 2332 767 S.
2384 713 2704 771 Anselmum
2753 717 2934 774 vivum
2984 729 3039 776 et
3089 723 3192 778 vita
3241 720 3520 795 functum,

1918 801 2186 872 plurimos
2233 803 2489 861 incitasse
2531 817 2580 860 et
2611 809 2996 880 conﬁrmasse,
3047 830 3114 870 ne
3159 817 3225 870 ad
3270 817 3523 874 schisma-

1919 895 2158 952 ticorum
2199 907 2373 953 castra
2404 901 2786 958 transitionem
2817 903 3080 962 facerent.
3116 909 3292 965 Verba
3323 912 3526 968 Berch-

1919 989 2052 1044 toldi
2080 999 2208 1046 sunt
2240 991 2359 1048 haec
2394 1014 2406 1050 :
2436 996 2633 1050 Beatus
2663 997 2954 1052 Anselmus
2976 1003 3246 1069 quondam
3270 1007 3518 1061 Lucensis

1921 1086 2214 1154 episcOpus,
2256 1089 2370 1156 ipso
2415 1089 2595 1143 eodem
2620 1104 2733 1144 sua:
2772 1091 3117 1161 depositionis
3159 1113 3319 1160 anno,
3353 1101 3521 1154 innu—

1919 1177 2268 1234 merabilibus
2337 1183 2496 1250 ccepit
2548 1185 2828 1239 miraculis
2887 1200 3190 1254 coruscare;
3250 1194 3350 1259 qui
3399 1199 3523 1263 post

1919 1270 2123 1324 obitum
2147 1274 2469 1329 venerabilis
2504 1292 2665 1346 papa:
2695 1278 2944 1347 Gregorii
2974 1282 3091 1362 VII
3113 1283 3293 1350 ﬁdeles
3320 1286 3376 1340 S.
3423 1289 3523 1340 Pe-

1921 1367 1996 1417 tri
2031 1370 2216 1420 contra
2263 1370 2607 1436 tyrannidem
2635 1373 2876 1435 Henrici,
2927 1374 3105 1429 adhuc
3134 1379 3190 1430 in
3236 1393 3393 1432 carne
3437 1381 3520 1432 vi-

1918 1473 2059 1520 vens,
2100 1461 2332 1515 multum
2374 1465 2646 1530 incitavit;
2694 1467 2787 1520 sed
2824 1468 2990 1521 multo
3019 1471 3145 1537 plus
3164 1476 3285 1539 post
3319 1473 3523 1526 obitum

1917 1565 2076 1605 suum
2117 1556 2395 1610 miraculis
2446 1573 2748 1621 coruscans,
2799 1561 3008 1615 eosdem
3047 1569 3231 1617 contra
3276 1565 3521 1620 eumdem

216 1645 352 1707 bam,
387 1652 607 1705 meritis
634 1653 804 1721 ips-ius
839 1669 972 1707 sana
1000 1661 1168 1710 erecta
1205 1662 1282 1712 est
1325 1661 1381 1711 in
1421 1661 1601 1727 prima
1640 1663 1807 1714 noctis

1930 1646 2202 1711 persistere
2229 1650 2577 1716 confortavit,
2608 1653 2750 1706 unde
2773 1657 2824 1707 et
2849 1670 2982 1723 pars
3014 1657 3238 1710 Henrici
3255 1657 3321 1711 de
3349 1657 3437 1712 die
3465 1661 3522 1712 in

211 1740 405 1808 vigilia
435 1761 453 1792 :
479 1748 724 1813 sequenti
742 1762 864 1800 vero
889 1748 975 1803 die
998 1751 1142 1804 circa
1160 1753 1377 1804 tertiam
1408 1757 1488 1817 (ut
1511 1755 1685 1807 visum
1705 1757 1804 1821 est)

1917 1737 2060 1791 diem
2115 1743 2273 1810 cxpit
2336 1743 2574 1812 deﬁcere,
2635 1746 2882 1800 catholici
2927 1754 3106 1803 autem
3163 1752 3222 1804 in
3266 1751 3526 1820 ﬁdelitate

211 1832 416 1895 horam,
439 1838 644 1903 fertur,
667 1840 812 1908 quod
828 1841 1077 1910 qucedam
1092 1859 1126 1896 a
1146 1845 1432 1899 nativitate
1451 1860 1586 1900 caeca
1606 1847 1803 1900 ibidem
1833 1853 1880 1915 Β
1912 1831 1967 1885 S-
2008 1835 2050 1888 Ρ
2051 1835 2155 1887 θίνί
2177 1850 2283 1889 ηοη
2308 1843 2644 1892 cessaverunt
2668 1842 2940 1908 Proﬁce”-

211 1927 381 1990 fuerit
404 1929 736 1998 slluminata,
761 1950 929 2004 quam
947 1937 1247 1991 Brixiensis
1267 1940 1550 1994 comitatus
1577 1925 1808 1995 incolam

217 2024 333 2075 tunc
385 2025 715 2081 audivimus.

280 2116 580 2173 Brevitatis
627 2133 790 2176 causa
839 2121 1151 2178 describere
1181 2124 1676 2197 praetermittimus,
1725 2127 1807 2182 in-

215 2209 328 2279 quit
345 2211 639 2279 Baronius,
669 2214 946 2288 octoginta
982 2215 1215 2289 insignia
1249 2217 1526 2286 miracula,
1561 2235 1687 2291 qua;
1720 2219 1810 2275 ibi-

213 2301 336 2358 dem
383 2319 418 2360 a
457 2315 651 2362 sancto
680 2306 820 2363 edita
859 2308 1077 2364 fuerunt
1121 2326 1295 2383 usque
1324 2311 1394 2367 ad
1423 2313 1811 2385 quinquagesi-

214 2411 368 2451 mum
403 2397 554 2453 diem
589 2399 660 2454 ab
687 2398 804 2471 ejus
827 2401 1000 2468 obitu,
1029 2418 1139 2475 quo
1165 2403 1314 2460 idem
1344 2415 1537 2461 auctor
1567 2407 1656 2462 ille
1684 2407 1814 2463 scri-

216 2489 395 2545 bebat.
439 2491 548 2546 Hic
583 2491 746 2565 igitur
781 2501 966 2550 tantus
1009 2495 1108 2564 vir,
1152 2495 1402 2553 doctrina
1442 2507 1497 2554 et
1537 2500 1812 2556 miraculis

216 2583 708 2654 eelebratissimus,
743 2603 811 2643 an
839 2603 951 2645 non
974 2590 1057 2645 vel
1079 2591 1226 2646 solus
1269 2590 1540 2648 sufﬁceret
1568 2592 1816 2664 oppilan-

217 2677 297 2732 dis
326 2678 561 2752 impuris
596 2678 846 2738 faucibus
875 2683 1155 2739 Bennonis
1187 2692 1240 2739 et
1273 2684 1532 2741 similium
1564 2687 1840 2760 Gregorii.

215 2773 312 2826 VII
339 2771 823 2842 calumniatorum,
853 2775 980 2831 licet
1002 2777 1188 2833 nullus
1213 2778 1348 2833 alius
1384 2779 1701 2846 exstitisset,
1724 2779 1816 2852 qui

1990 1925 2140 1981 Idem
2166 1937 2357 1986 auctor
2387 1930 2522 1986 Vitae
2546 1932 2603 1986 S.
2635 1933 2872 1988 Anselmi
2898 1954 2910 1989 :
2940 1937 3082 1992 Ante
3104 1941 3284 1992 omnia
3324 1940 3384 1994 id
3405 1946 3520 1996 stu-

1919 2022 2004 2076 dii
2071 2039 2275 2093 semper
2318 2025 2528 2087 habuit,
2585 2031 2850 2095 quatenus
2904 2033 3299 2086 sanctissimum
3345 2036 3519 2102 magi-

1919 2122 2094 2171 strum
2118 2133 2276 2172 suum
2294 2134 2504 2191 papam
2545 2119 2859 2189 Gregorium
2902 2125 3212 2179 imitaretur
3255 2128 3314 2180 in
3344 2131 3526 2182 omni-
3599 2145 3606 2150 ·
3679 2169 3682 2176 .

1923 2211 2038 2277 bus,
2069 2211 2200 2266 adeo
2232 2216 2294 2266 ut
2333 2213 2638 2282 discrepare
2665 2216 2734 2269 ab
2772 2216 2865 2270 illo
2901 2233 3127 2286 prorsus
3151 2220 3332 2283 nollet,
3359 2223 3520 2276 etiam

1921 2305 1979 2357 in
2013 2305 2214 2374 aliquo.
2257 2307 2411 2361 Illius
2445 2323 2649 2373 semper
2682 2310 2893 2364 meritis
2935 2312 3131 2365 tribuit
3159 2313 3434 2383 quidquid
3464 2317 3522 2368 in

1922 2399 2035 2466 ipso
2072 2401 2208 2468 fuit,
2236 2398 2366 2454 dum
2389 2402 2562 2456 vitam
2579 2405 2950 2458 rememoravit
2967 2408 3341 2470 monasticam,
3376 2411 3428 2462 et
3446 2423 3525 2463 so-

1922 2491 2188 2556 litariam,
2229 2510 2392 2564 quam
2426 2512 2481 2550 se
2508 2495 2688 2551 crebro
2719 2498 2867 2565 ﬂevit
2909 2501 3183 2567 amisisse,
3217 2505 3316 2556 etc.

1998 2585 2147 2640 Idem
2190 2587 2422 2659 scriptor
2457 2588 2594 2645 Vitae
2623 2591 2680 2645 S.
2723 2591 2964 2646 Anselmi
3004 2615 3015 2646 ι
3073 2595 3340 2661 Defuncto
3372 2611 3521 2665 papa

1925 2680 2265 2743 Alexandro,
2289 2681 2419 2735 dum
2442 2685 2810 2738 sanctissimus
2834 2686 3120 2754 Gregorius
3148 2689 3205 2740 in
3226 2689 3526 2743 Romanum

1920 2774 2243 2844 pontiﬁcem,
2274 2776 2513 2845 Spiritus
2538 2778 2716 2831 sancti
2740 2779 3111 2845 instigatione,
3151 2795 3214 2834 ac
3237 2785 3357 2835 voto
3386 2798 3524 2837 com-

216 2873 404 2920 contra
435 2867 918 2940 mendaciloquum
950 2872 1264 2926 Bennonem
1293 2887 1391 2943 pro
1420 2871 1686 2943 Gregorio
1715 2874 1818 2929 VII
1927 2869 2085 2921 muni
2111 2868 2418 2922 clericorum
2436 2873 2487 2922 et
2511 2869 2770 2923 laicorum
2795 2869 2894 2924 diu
2917 2873 3154 2927 renitens
3182 2877 3312 2928 esset
3333 2875 3526 2930 electus
3615 2906 3620 2911 υ
3719 2878 3726 2884 ’

219 2964 423 3016 staret?
1928 2964 1990 3014 ut
2016 2966 2322 3030 sequeretur
2349 2977 2471 3017 eum
2507 2963 2623 3031 ipse
2657 2964 2715 3016 in
2743 2963 3006 3026 omnibus,
3038 2966 3100 3042 in
3123 2967 3395 3021 Lucanam
3424 2969 3526 3042 Ec-

289 3056 363 3109 II.
411 3057 645 3122 Auctor,
675 3055 766 3127 qui
796 3055 979 3112 Vitam
1009 3059 1064 3114 S.
1099 3058 1345 3116 Anselmi
1376 3059 1638 3115 Lucensis
1684 3059 1816 3116 scri-
1927 3054 2140 3108 clesiam
2180 3059 2256 3110 est
2293 3059 2344 3110 et
2396 3056 2511 3124 ipse
2553 3056 2744 3110 electus
2780 3058 3072 3127 episcopus,
3115 3061 3277 3129 atque
3325 3059 3393 3114 ab
3429 3059 3526 3115 illo

216 3147 343 3218 psit,
391 3147 664 3220 Gregorio
705 3157 760 3204 et
794 3150 1055 3206 Anselmo
1094 3153 1461 3224 synchronus,
1513 3153 1626 3209 imo
1657 3153 1819 3223 hujus
1925 3147 2265 3216 postmodum
2302 3153 2656 3204 consecratus.
2686 3151 2887 3218 Igitur,
2919 3151 3050 3205 dum
3076 3152 3362 3222 aliquanto
3389 3157 3527 3208 tem-

218 3241 379 3296 etiam
407 3239 704 3313 discipulus
737 3260 751 3298 :
779 3244 877 3298 Ille
902 3244 1242 3315 (Gregorius)
1262 3249 1483 3301 mitram
1508 3248 1705 3317 capitis
1730 3249 1822 3302 sui
1855 3231 1898 3292 C
1926 3257 2057 3311 pore
2092 3257 2196 3296 non
2223 3242 2399 3304 semel,
2428 3247 2526 3296 aut
2553 3243 2665 3311 bis,
2695 3243 2788 3297 sed
2811 3246 3010 3314 sxpius
3047 3261 3166 3299 cum
3201 3245 3379 3301 eodem
3404 3248 3528 3302 reli-

219 3337 524 3390 transmisit
540 3336 653 3399 isti,
671 3335 922 3392 Anselmo
939 3338 1209 3406 videlicet,
1231 3344 1489 3409 tanquam
1501 3344 1818 3410 potestatem

214 3444 365 3483 mm
391 3429 630 3497 ligandi,
653 3435 704 3484 et
725 3431 979 3495 solvendi,
1009 3432 1104 3487 sed
1127 3415 1180 3487 et
1207 3435 1492 3498 miracula,
1523 3433 1696 3502 credo,
1725 3436 1817 3502 fa-

453 3524 592 3579 Nam
637 3539 741 3578 non
777 3525 946 3579 multo
987 3531 1144 3594 post,
1191 3528 1622 3596 cognoscentibus
1669 3527 1817 3582 nobis

215 3616 486 3678 omnibus,
504 3631 601 3685 per
615 3618 786 3687 ipsius
804 3619 1106 3682 consilium,
1130 3622 1181 3674 et
1197 3620 1357 3689 ﬁdem
1375 3637 1629 3689 magnam
1643 3662 1662 3689 ,
1678 3637 1819 3691 prce-

217 3710 367 3763 clara
391 3710 641 3778 quwdam
663 3713 793 3778 fecit
825 3715 964 3768 Deus
990 3727 1092 3782 per
1123 3715 1358 3768 eamdem
1386 3716 1610 3769 mitram
1647 3716 1817 3768 mira-

220 3802 373 3856 bilia.
405 3805 548 3857 Inter
575 3804 688 3858 alia
713 3807 854 3859 enim
881 3808 1344 3862 reuerentissimus
1371 3808 1616 3862 dominus
1650 3807 1816 3864 Ubal-

219 3895 343 3959 dus,
373 3897 704 3953 Mantuanus
740 3899 938 3954 scilicet
955 3901 1270 3971 episcopus,
1298 3902 1486 3955 multis
1505 3900 1629 3970 jam
1659 3903 1818 3956 annis

220 3992 544 4057 gravissime
569 3991 915 4060 spleneticus,
960 3997 1066 4048 toto
1103 4008 1316 4064 corpore
1352 3995 1651 4057 ulceratus,
1673 4010 1818 4064 prx-

219 4085 408 4137 sertim
427 4085 489 4137 in
518 4085 789 4148 cruribus,
810 4088 910 4149 sic,
935 4090 997 4140 ut
1014 4089 1111 4141 vix
1128 4087 1520 4156 quomodolibet
1539 4092 1684 4142 stare
1702 4103 1817 4158 pos-

219 4181 316 4241 set,
351 4179 450 4230 vix
477 4179 640 4232 etiam
657 4179 841 4248 jacere
873 4180 956 4234 vel
981 4179 1188 4246 sedere,-
1220 4181 1320 4250 qui
1348 4184 1400 4235 et
1420 4180 1595 4235 multa
1633 4182 1695 4235 in
1715 4195 1821 4236 me-

223 4268 365 4323 dicos
385 4276 715 4338 erogaverat,
734 4271 985 4342 nihilque
1000 4273 1328 4344 profecerat,
1347 4275 1600 4344 apposita
1631 4273 1822 4329 eadem

224 4365 410 4426 mitra,
441 4363 541 4417 ubi
567 4364 746 4434 major
768 4367 1048 4436 ingrueret
1075 4367 1248 4435 dolor,
1281 4368 1535 4450 pristina:
1575 4367 1822 4423 redditus

225 4461 300 4510 est
347 4458 600 4511 sanitati.

292 4553 493 4606 Beatus
530 4553 712 4621 itaque
734 4553 882 4615 talis,
920 4557 972 4608 et
1000 4558 1184 4611 tantus
1219 4557 1479 4624 magister
1507 4556 1821 4624 Gregorius,

1926 3336 2221 3402 giosissimo
2253 3336 2562 3390 ordinatore
2590 3351 2684 3390 suo
2711 3343 3032 3405 moraretur,
3059 3340 3231 3393 vitam
3256 3340 3369 3408 ejus
3399 3355 3528 3395 con-

1926 3429 2187 3484 sideravit
2215 3428 2582 3495 ineffabiliter
2608 3430 2935 3493 mirabilem,
2963 3435 3013 3486 et
3035 3432 3359 3487 mirabiliter
3388 3434 3528 3499 inef-

1925 3522 2176 3589 fabilem;
2218 3522 2365 3591 quia,
2414 3537 2532 3575 cum
2578 3523 2646 3576 de
2677 3523 2923 3578 omnibus
2953 3528 3004 3578 et
3048 3525 3282 3593 singulis
3332 3526 3526 3594 ﬁnibus

1926 3615 2110 3670 surculi
2144 3618 2292 3684 ﬁeret
2328 3615 2403 3669 ad
2433 3631 2554 3670 eum
2599 3631 2904 3684 concursus,
2938 3617 3183 3672 omnibus
3238 3620 3524 3686 satisface-

1927 3713 2039 3777 ret;
2069 3711 2265 3764 veritas
2301 3725 2464 3773 vera,
2503 3725 2565 3764 ac
2595 3710 2820 3780 justitia
2855 3727 3137 3780 nunquam
3176 3713 3260 3766 ori
3289 3711 3403 3781 ejus
3435 3713 3526 3767 de-

1927 3803 2056 3868 fuit.
2081 3804 2258 3859 Primo
2288 3802 2465 3874 (quod
2492 3805 2670 3873 magis
2697 3809 2775 3860 est
2802 3805 3140 3874 mirandum)
3174 3807 3233 3858 in
3261 3806 3393 3876 ipsis
3421 3821 3530 3860 sx-

1930 3896 2204 3951 cularibus
2247 3899 2477 3969 negotiis
2509 3899 2708 3967 sapius
2737 3901 2960 3954 excessit
2999 3903 3192 3962 mente,
3224 3897 3530 3953 exhilarato

1928 3991 2130 4061 spiritu
2155 4005 2252 4046 suo
2288 3990 2488 4047 caelesti
2511 3992 2950 4062 contemplatione
2975 4010 2992 4046 :
3019 3995 3080 4046 at
3103 3994 3154 4047 si
3167 3993 3418 4062 privatus
3446 3994 3531 4047 in-

1928 4085 2142 4139 terdum
2181 4087 2478 4153 exstiterit,
2531 4086 2946 4141 revelationibus
2979 4087 3144 4140 etiam
3187 4085 3390 4140 divinis
3425 4085 3531 4154 ju-

1929 4179 2192 4233 cundatus
2240 4183 2290 4234 et
2333 4181 2690 4246 confortatus.
2742 4180 2950 4250 Hujus,
3003 4180 3230 4249 inquam
3245 4221 3261 4242 ,
3301 4181 3526 4248 vestigia

1931 4271 2061 4326 dum
2107 4274 2327 4342 exsequi
2378 4273 2654 4340 ferventer
2698 4273 3002 4338 desiderat,
3045 4275 3240 4343 incipit
3286 4273 3531 4328 oblivisci
3586 4342 3590 4346 ⁵

1929 4365 2212 4434 mundum,
2259 4372 2363 4421 etc.

2005 4460 2106 4514 III.
2137 4461 2272 4514 Acta
2308 4458 2570 4516 Vaticana
2612 4458 2688 4516 de
2707 4459 2871 4515 rebus
2918 4457 3083 4530 gestis
3129 4455 3380 4530 Gregorii
3423 4458 3527 4513 VII

1933 4538 2078 4624 apud
2121 4552 2441 4621 Baronium,
2479 4561 2650 4624 .tomo
2694 4554 2801 4618 XI,
2847 4566 2991 4607 anno
3044 4556 3228 4606 1075:
3267 4550 3531 4617 Defuncto

226 4645 489 4698 miracula
528 4606 659 4711 fecit
683 4606 1062 4715 multa'vivus,
1092 4652 1144 4703 et
1188 4606 1432 4704 moratus
1465 4666 1485 4703 :
1525 4606 1658 4716 fecit
1698 4606 1821 4720 qui:
1855 4606 1908 4668 Β
1935 4606 2253 4702 Ᾰιθωαηάνο
2275 4662 2447 4717 papa,
2485 4652 2537 4701 et
2559 4649 2618 4701 in
2649 4645 2996 4702 Lateranensi
3036 4644 3271 4700 Ecclesia
3313 4629 3529 4700 honori:

225 4738 343 4792 dem
376 4742 428 4791 et
449 4738 618 4792 bonus
637 4738 936 4810 discipulus
955 4741 1074 4810 ejus
1091 4741 1408 4807 Anselmus;
1435 4745 1691 4811 magister
1710 4745 1830 4812 qui-

226 4831 346 4885 dem
375 4833 435 4885 in
473 4833 596 4902 Deo,
627 4833 930 4902 discipulus
955 4837 1013 4888 in
1051 4839 1158 4890 Deo
1190 4840 1242 4890 et
1279 4837 1342 4890 in
1373 4835 1677 4890 beatissimo
1713 4853 1830 4890 ma-

230 4928 420 4990 gistro,
460 4929 556 4980 etc.
590 4927 654 4981 In
690 4931 944 4983 extremis
970 4931 1114 4992 suis,
1143 4931 1285 4984 sicut
1309 4930 1380 4983 ab
1406 4931 1578 4999 ipsius
1607 4930 1836 5001 capella-

230 5019 314 5071 nis
341 5020 454 5073 suis
484 5019 780 5075 didicimus
805 5021 1080 5100 religiosis
1102 5039 1122 5076 .·
1143 5024 1270 5078 Post
1293 5024 1493 5090 omnia,
1518 5025 1718 5093 inquit,
1749 5025 1831 5078 di-

231 5111 347 5164 texi
354 5110 662 5181 justitiam,
679 5117 730 5167 et
743 5113 867 5169 odio
882 5113 1052 5169 habui
1069 5117 1418 5186 iniquitatem
1435 5117 1608 5183 (Psal.
1630 5131 1801 5172 cxvm
1814 5157 1833 5184 ,

237 5207 406 5271 163);
445 5204 618 5260 idciro
665 5208 866 5262 morior
913 5209 972 5262 in
1017 5210 1228 5264 exsilio.
1267 5212 1340 5265 Et
1374 5211 1592 5280 quidem
1626 5212 1686 5264 in
1722 5212 1836 5264 vita

232 5312 355 5360 sua,
388 5299 535 5368 quod
576 5303 841 5369 magister
887 5317 951 5355 ac
988 5301 1286 5373 discipulus
1316 5303 1641 5367 docuerunt,
1669 5305 1763 5358 hoc
1789 5307 1840 5358 et

232 5392 297 5444 in
313 5397 480 5446 morte
494 5397 658 5464 quasi
679 5398 995 5450 testamento
1019 5398 1487 5465 conﬁrmaverunt.
1509 5399 1624 5461 Ille,
1643 5412 1839 5470 nempe

235 5483 569 5556 Gregorius,
603 5503 734 5556 quos
778 5487 1078 5545 obedientes
1117 5490 1220 5544 tibi
1257 5492 1437 5546 vivens
1472 5492 1646 5546 adhuc
1684 5491 1840 5546 bene-

233 5576 414 5641 dixit,
476 5583 716 5636 moriens
766 5597 974 5652 quoque
1030 5569 1433 5660 commenﬁvit.
1499 5587 1840 5640 Henricianos

235 5685 361 5724 vero
383 5675 608 5742 penitus
631 5677 953 5745 penitusque
972 5719 989 5739 ,
1031 5677 1143 5731 nisi
1176 5681 1298 5746 post
1327 5694 1584 5746 magnam
1631 5679 1841 5733 demum

239 5769 626 5822 conversionem
645 5773 697 5822 et
720 5771 1097 5838 pcenitentiam
1121 5771 1432 5840 reprobavit
1456 5790 1473 5823 :
1507 5773 1592 5826 hic
1607 5812 1624 5840 ,
1647 5786 1844 5842 nempe

230 5859 552 5928 Anselmus,
579 5863 933 5938 praesentibus
949 5863 1120 5928 nobis,
1141 5868 1192 5922 et
1207 5866 1270 5934 ὴ
1307 5866 1463 5922 verbo
1484 5868 1699 5922 Domini
1708 5881 1844 5936 prx-

534 5951 767 6006 PATROL.
807 5953 1061 6008 CXLVIII.

793 6053 832 6088 Ι

1938 4745 2032 4811 ﬁce
2073 4741 2360 4805 tumulato,
2398 4740 2530 4794 dum
2565 4738 2963 4794 Hildebrandus
3005 4737 3415 4793 archidiaconus
3449 4753 3530 4793 es-

1943 4839 2016 4890 set
2045 4837 2102 4888 in
2129 4833 2244 4904 ejus
2273 4834 2539 4902 exsequiis
2570 4837 2878 4903 occupatus,
2918 4836 3130 4902 repente
3157 4833 3338 4899 factus
3367 4836 3444 4888 est
3474 4833 3534 4885 in

1940 4930 2060 4998 ipsa
2101 4927 2333 4984 Ecclesia
2376 4928 2652 4981 maximus
2693 4927 2825 4981 cleri
2847 4931 2898 4982 et
2916 4926 3114 4996 populi
3150 4927 3380 4982 Romani
3408 4940 3534 4980 con-

1943 5037 2148 5085 cursus,
2197 5021 2549 5076 clamantium
2599 5025 2650 5075 et
2694 5020 2983 5076 dicentium
3034 5038 3047 5073 :
3101 5018 3534 5076 Hildebrandum

1944 5115 2384 5170 archidiaconum
2432 5117 2496 5170 B.
2537 5117 2726 5170 Petrus
2771 5115 2941 5184 elegit.
2995 5113 3104 5180 Quo
3151 5113 3364 5180 audito,
3392 5112 3534 5166 idem
3601 5149 3606 5156 -

1947 5209 2356 5264 archidiaconus
2398 5209 2563 5263 nimis
2591 5209 2837 5279 expavit,
2881 5211 2932 5262 et
2953 5209 3116 5277 quasi
3153 5210 3309 5261 extra
3344 5219 3401 5260 se
3441 5220 3533 5258 ra-

1941 5308 2090 5373 ptus,
2121 5303 2356 5357 cucurrit
2389 5303 2462 5357 ad
2481 5303 2776 5372 pulpitum,
2807 5302 3022 5371 cupiens
3057 5301 3316 5370 populum
3355 5301 3534 5368 ipsum

1946 5399 2280 5466 frequentem
2325 5395 2532 5458 sedare,
2574 5399 2625 5450 et
2660 5412 2695 5449 a
2744 5409 2848 5449 sua
2891 5397 3178 5449 intentione
3226 5393 3462 5447 recedere
3490 5396 3541 5448 et

1948 5491 2224 5544 retrahere
2251 5509 2268 5541 :
2313 5489 2406 5545 sed
2434 5490 2588 5557 Hugo
2631 5487 2905 5544 Candidus
2929 5487 3259 5554 .cardinalis,
3292 5487 3389 5542 ubi
3427 5501 3539 5539 om-

1950 5585 2100 5637 nium
2124 5589 2248 5637 vota
2289 5585 2347 5636 in
2387 5581 2824 5636 archidiaconum
2862 5582 3156 5636 convenisse
3174 5580 3546 5635 indubitanter

1950 5678 2221 5745 cog-novit,
2253 5677 2409 5730 citius
2443 5678 2832 5746 praecucurrit,
2869 5680 2922 5732 et
2946 5674 3205 5758 populum
3250 5677 3426 5744 ipsum
3483 5673 3544 5725 in

1951 5771 2090 5824 hunc
2130 5769 2350 5824 modum
2390 5771 2656 5824 allocutus
2686 5774 2764 5823 est
2811 5769 2992 5825 dicens
3023 5785 3040 5818 ,ο
3073 5769 3229 5829 Ecce,
3261 5764 3543 5821 charissim

1951 5863 2181 5932 fratres,
2197 5864 2344 5918 scitis
2363 5865 2416 5918 et
2431 5861 2808 5916 indubitanter
2827 5861 3129 5929 cognoscitis
3145 5857 3288 5996 (ξιιθά
3312 5872 3345 5909 a
3360 5843 3546 5910 diebus
