4122 6184
555 270 659 323 203

550 485 793 555 prudens
842 487 1004 552 atque
1042 480 1331 551 probatus,
1360 479 1495 531 hanc
1534 479 1927 555 sacrosanctam
1964 477 2153 530 Roma-

558 594 685 633 nam
735 577 1026 633 Ecclesium
1076 571 1376 644 plurimum
1438 570 1733 633 exultavit,
1792 571 1843 623 et
1880 568 2153 623 civitatem

559 674 732 753 ipsam
778 670 847 723 ab
897 668 1298 723 imminentibus
1353 664 1607 735 periculis
1662 663 1930 717 liberavit.
1982 660 2150 723 Unde,

558 767 689 835 quia
715 763 1007 818 idoniorem
1040 761 1114 815 ad
1148 760 1394 817 Ecclesia:
1420 760 1652 828 regimen
1688 756 1927 812 invenire
1956 756 2155 824 nequi-

558 874 706 920 mus,
764 872 885 919 nos,
943 871 1174 926 episcopi
1220 849 1544 918 cardinales,
1573 851 1923 914 [unanimiter
1975 850 2156 918 ipsum

560 951 730 1019 nobis,
759 954 809 1005 et
827 950 978 1004 vobis
1009 951 1068 1002 in
1102 952 1398 1018 pastorem,
1424 949 1476 1001 et
1514 946 1816 1015 episcopum
1842 943 2157 997 animarum

557 1049 867 1100 nostrarum
894 1044 1159 1112 eligimus.
1207 1043 1278 1096 Et
1310 1041 1558 1095 continuo
1592 1038 1947 1092 universitate
1980 1049 2155 1105 popu-

560 1139 605 1192 li
625 1142 675 1194 et
714 1135 845 1193 cleri
869 1137 1205 1191 acclamante
1232 1152 1249 1189 :
1284 1135 1568 1190 Dominum
1601 1132 1912 1200 Gregorium
1948 1143 2157 1199 papam

559 1232 618 1288 S.
648 1234 841 1287 Petrus
888 1229 1074 1298 elegit;
1112 1228 1339 1285 indutus
1368 1227 1533 1283 rubea
1572 1223 1852 1294 chlamyde
1892 1223 2053 1291 (sicut
2080 1225 2159 1276 est

561 1325 698 1392 mos)
731 1327 781 1377 et
792 1323 987 1394 papali
1014 1324 1182 1377 mitra
1209 1322 1530 1391 insignitus,
1553 1320 1758 1374 invitus
1779 1322 1830 1374 et
1851 1330 2075 1371 maerens
2098 1316 2157 1368 in

559 1420 625 1473 B.
657 1417 808 1472 Petri
838 1415 1103 1471 cathedra
1128 1417 1240 1485 fuit
1272 1414 1692 1473 inthronizatus.

634 1511 730 1566 IV.
785 1513 925 1567 Acta
981 1509 1195 1582 publica
1242 1507 1519 1564 electionis
1568 1502 1819 1578 Gregorii
1863 1504 1965 1559 V11
1996 1509 2160 1574 prout

564 1609 776 1659 exstant
826 1601 882 1658 in
937 1604 1175 1675 Regesto
1244 1600 1594 1675 epistolarum
1651 1598 1819 1671 ipsius
1885 1593 2157 1668 Gregorii,

564 1704 717 1754 tomo
732 1697 811 1752 III
832 1696 988 1769 epist.
1016 1694 1371 1753 decretalium
1390 1697 1559 1751 Rom.
1585 1689 1809 1765 pontif.,
1825 1698 1882 1747 et
1899 1698 2055 1745 tomo
2079 1690 2157 1744 III

1786 256 1843 312 s.
1884 236 2269 312 GREGORIUS
2308 224 2397 306 vni
2436 232 2638 306 PAPA.

559 391 706 447 beati
748 362 936 446 Leonis
977 402 1136 458 papa:
1167 386 1254 441 hic
1280 382 1717 445 archidiaconus,
1763 385 2025 452 tanquam
2067 379 2152 432 vir
2180 383 2230 446 Α
2260 381 2368 433 tere
2405 391 2498 431 suo
2541 372 2921 433 Eberhardum
2956 372 3197 446 comitem
3233 369 3406 432 misit,
3457 368 3556 438 qui
3601 368 3863 424 Romanos
3968 413 3975 419 ,

3626 210 3859 297 “2‹)4

2256 484 2500 542 proceres
2571 468 2901 531 conveniens,
2964 479 3185 521 causam
3224 465 3294 519 ab
3355 464 3429 518 eis
3475 462 3860 527 sciscitaretur,

2262 580 2428 634 quare
2448 570 2652 635 prater
2695 560 3134 617 consuetudinem
3170 556 3456 627 majorum,
3510 571 3636 624 rege
3674 556 3863 609 incon-

2262 659 2423 723 sulto,
2494 660 2747 714 Romana
2816 654 3063 712 Ecclesiae
3127 653 3430 723 pontiﬁcem
3500 648 3860 714 ordimssent,

2266 755 2547 823 ipsumque
2576 753 2628 806 si
2666 765 2771 805 non
2808 749 2994 804 idonee
3020 748 3388 815 satisfaceret,
3427 744 3613 799 illicite
3644 746 3864 813 accepta

2263 847 2551 915 dignitate,
2571 844 2824 899 abdicare
2846 857 2902 898 se
2920 842 3264 913 prceciperet.
3300 840 3354 895 Is
3376 839 3588 893 veniens
3612 838 3860 904 Romam,

2265 935 2486 1009 benigne
2525 954 2561 993 a
2582 938 2844 1009 priedicto
2887 937 3004 991 viro
3042 938 3311 1006 susceptus
3357 936 3455 989 est.
3509 931 3743 1000 Cumque
3777 928 3867 984 illi

2262 1032 2529 1087 mandata
2563 1033 2702 1100 regis
2744 1031 3096 1101 exposuisset,
3137 1025 3417 1098 respondit
3460 1039 3542 1087 se,
3574 1027 3706 1079 teste
3736 1026 3863 1086 Deo,

2264 1127 2477 1184 honoris
2503 1125 2665 1195 hujus
2702 1126 2907 1195 apicem
2931 1137 3208 1193 nunquam
3238 1135 3341 1192 per
3382 1118 3729 1174 ambitionem
3768 1118 3863 1184 af-

2263 1222 2512 1289 fectasse,
2537 1218 2630 1275 sed
2658 1219 2880 1273 electum
2919 1231 2974 1272 se
3008 1233 3043 1271 a
3083 1216 3356 1277 Romanis,
3398 1216 3450 1268 et
3476 1212 3730 1268 violenter
3758 1210 3867 1266 sibi

2266 1315 2576 1384 impositam
2598 1313 2769 1379 fuisse
2797 1309 3134 1366 ecclesiastici
3155 1307 3436 1377 regiminis
3464 1306 3863 1370 necessitatem;

2266 1408 2381 1476 cogi
2418 1411 2597 1462 tamen
2624 1406 2771 1460 nullo
2798 1405 2951 1459 modo
2970 1403 3232 1474 potuisse,
3268 1404 3331 1457 ut
3376 1399 3628 1458 ordinari
3667 1413 3722 1454 se
3741 1413 3867 1469 per-

2262 1503 2515 1564 mitteret,
2545 1498 2708 1555 donec
2734 1500 2795 1553 in
2816 1498 3118 1554 electionem
3154 1510 3309 1552 suam
3336 1499 3449 1551 tam
3476 1509 3655 1562 regem
3698 1508 3865 1562 quam

2260 1596 2530 1665 principes
2564 1593 2842 1649 Teutonici
2870 1592 3022 1661 regni
3051 1591 3391 1657 consensisse,
3432 1592 3579 1645 certa
3600 1587 3865 1655 legatione

2266 1692 2623 1757 cognosceret;
2654 1688 2753 1742 hac
2779 1687 2983 1741 ratione
3020 1685 3299 1740 distulisse
3342 1682 3522 1739 adhuc
3562 1680 3868 1737 ordinatio-

560 1787 917 1846 conciliorum
945 1805 1104 1846 nova:
1149 1788 1281 1845 edit.
1330 1788 1527 1845 Colon.
1561 1805 1576 1842 ;
1631 1789 1907 1855 Begnante
1933 1784 2158 1841 Domino
2185 1777 2387 1862 B’nem
2412 1797 2589 1845 suam,
2622 1784 2672 1837 et
2711 1783 2825 1836 sine
2852 1780 3019 1836 dubio
3059 1779 3382 1841 dilaturum,
3413 1776 3577 1832 donec
3621 1774 3730 1831 sibi
3769 1790 3868 1829 vo-

534 1887 737 1941 ,nostro
790 1886 914 1940 Jesu
963 1883 1174 1940 Christo
1223 1898 1370 1939 anno
1419 1880 1838 1959 clernentissimce
1910 1879 2159 1933 Incarna»

561 1979 721 2033 tionis
763 1976 878 2047 ejus
920 1977 1195 2032 millesimo
1236 1975 1628 2047 septuagesimo
1657 1974 1834 2034 tertio,
1875 1971 2162 2025 indictione

561 2075 613 2125 et
646 2071 777 2125 luna
802 2070 1121 2139 undecima”
1141 2070 1327 2125 decim.
1368 2068 1488 2125 Kal.
1530 2068 1691 2129 Maii,
1725 2066 1873 2133 feria
1907 2063 2159 2126 secunda,

561 2164 651 2219 die
671 2164 965 2235 sepultura
995 2163 1200 2218 domini
1220 2161 1556 2229 Alexandri,
1587 2160 1732 2215 bonie
1762 2158 2049 2224 memoriae,
2082 2171 2161 2211 se-

563 2257 728 2312 cundi
763 2271 925 2327 papae
966 2272 986 2310 :
1016 2271 1083 2310 ne
1106 2255 1254 2311 sedes
1297 2254 1589 2327 apostolica
1615 2254 1714 2308 diu
1743 2253 1922 2322 lugeat
1946 2251 2168 2321 proprio

2271 1877 2532 1932 Iuntatem
2556 1877 2699 1946 regis
2735 1878 2910 1931 certus
2932 1873 3060 1929 inde
3082 1874 3294 1928 veniens
3317 1872 3542 1926 nuntius
3568 1870 3865 1924 intimaret.

2268 1973 2378 2026 Hoc
2417 1971 2513 2025 ubi
2547 1972 2665 2039 regi
2702 1975 2779 2024 est
2805 1969 3208 2030 renuntiatum,
3251 1966 3475 2021 libenter
3501 1965 3735 2034 suscepit
3778 1977 3867 2019 sa-

2267 2065 2656 2131 tisfactionem,
2696 2067 2746 2118 et
2766 2063 3040 2118 latissimo
3072 2060 3349 2129 suffragio
3364 2098 3384 2129 ,
3406 2063 3469 2114 ut
3500 2058 3865 2119 ordinaretur,

2267 2157 2577 2222 mandavit;
2609 2156 2753 2228 quod
2793 2160 2845 2211 et
2883 2157 3093 2223 factum
3119 2158 3197 2209 est
3220 2168 3361 2209 anno
3402 2153 3645 2223 sequenti
3666 2152 3728 2206 in
3756 2152 3866 2207 Pu-

2267 2252 2566 2321 riﬁcatione
2615 2254 2820 2307 sancta
2878 2250 3093 2306 Maria.

563 2351 823 2406 destituta
843 2353 1090 2421 pastore,
1121 2349 1426 2420 congregati
1450 2349 1514 2403 in
1550 2347 1772 2402 basilica
1813 2348 1877 2402 B.
1913 2345 2062 2400 Petri
2091 2344 2164 2398 ad
2341 2345 2495 2403 Idem
2524 2343 2851 2405 Lambertus
2877 2358 2995 2401 non
3032 2342 3226 2419 procul
3266 2357 3296 2399 a
3326 2340 3435 2399 ﬁne
3474 2338 3564 2397 mi
3589 2335 3868 2404 Chronici,

568 2444 821 2507 Vincula,
852 2458 948 2498 nos
975 2447 1174 2499 sancta:
1200 2446 1452 2501 Romana
1480 2441 1750 2497 catholica:
1783 2444 1833 2494 et
1861 2438 2164 2507 apostolica:
2267 2439 2360 2496 ubi
2390 2440 2506 2513 agit
2545 2438 2617 2497 de
2651 2437 2993 2509 absolutione
3020 2434 3241 2493 Henrici
3262 2434 3401 2508 imp.
3444 2433 3515 2490 ab
3549 2447 3870 2491 excommu-

560 2537 806 2593 Ecclesue
851 2537 1186 2601 cardinales,
1234 2537 1443 2601 clerici,
1502 2534 1767 2604 acolythi,
1821 2532 2156 2600 subdiaconi,

2267 2532 2537 2590 nicatione
2591 2550 2608 2590 :
2660 2535 2749 2590 Ita
2784 2532 3034 2587 absoluto
3081 2546 3138 2587 eo
3191 2529 3259 2586 ab
3305 2528 3869 2595 eccormnunioatione,

560 2630 794 2701 diaconi,
838 2631 1165 2702 presbyteri,
1210 2629 1569 2700 praesentibus
1612 2626 2005 2683 venerabilibus
2050 2625 2164 2695 epi-
2264 2643 2418 2699 papa
2445 2628 2739 2683 missarum
2775 2626 3037 2682 solemnia
3078 2624 3382 2691 celebravit,
3417 2624 3759 2692 confectaque
3787 2636 3873 2677 sa-

559 2726 727 2795 scopis
750 2728 801 2780 et
828 2724 1131 2787 abbatibus,
1171 2723 1377 2778 clericis
1417 2726 1468 2778 et
1503 2720 1800 2789 monachis,
1830 2720 2160 2775 consentien-
2269 2738 2359 2777 cra
2417 2722 2703 2794 oblatione,
2766 2736 2944 2791 regem
2990 2735 3110 2775 cum
3174 2721 3388 2781 uetera,
3445 2732 3565 2787 qua
3621 2716 3873 2786 frequens

562 2817 710 2889 tibus
742 2818 998 2888 plurimis
1024 2817 1197 2873 turbis
1235 2818 1515 2887 utriusque
1540 2831 1723 2884 sexus,
1749 2814 2055 2884 diversique
2084 2828 2164 2867 or-
2270 2817 2487 2881 aderat,
2530 2814 2880 2871 multitudine
2924 2814 2999 2869 ad
3038 2812 3217 2869 altare
3257 2812 3510 2878 evocavit,
3547 2811 3876 2881 prafsrens-

559 2910 704 2966 dinis
741 2911 1163 2967 acclamantibus
1182 2952 1198 2973 ,
1236 2911 1481 2981 eligimus
1516 2910 1668 2966 nobis
1708 2910 1769 2964 in
1801 2912 2069 2980 pastorem
2114 2909 2162 2960 et
2268 2926 2368 2979 que
2386 2925 2552 2964 manu
2568 2924 2758 2979 corpus
2781 2909 3116 2964 Dominicum
3137 2926 3156 2963 .-
3184 2925 3213 2958 «
3237 2908 3373 2975 Ego,
3395 2902 3742 2975 inquit.jam
3754 2903 3874 2973 pri-

559 3020 828 3069 summum
896 3006 1221 3076 pontiﬁcem,
1292 3006 1469 3058 virum
1542 3003 1874 3072 religiosum,
1938 3002 2162 3069 gemina
2270 3003 2391 3058 dem
2419 3006 2555 3071 ate,
2585 3004 2799 3073 tuisque
2838 3000 3147 3070 fautoribus
3191 3000 3401 3057 litteras
3438 2998 3639 3068 accepi,
3672 2997 3870 3067 quibus

557 3099 798 3153 scientia:
845 3098 1144 3168 prudentia
1172 3098 1484 3167 pollentem,
1511 3097 1787 3165 cequitatis
1834 3099 1882 3150 et
1916 3093 2161 3162 justitice
2205 3162 2234 3168 _
2272 3112 2354 3152 me
2395 3096 2750 3151 insimulabas
2777 3095 2954 3151 sedem
2991 3094 3338 3165 apostolicam
3366 3108 3472 3163 per
3507 3092 3874 3150 summam.»

551 3162 1070 3261 prastanlissimum
1105 3162 1425 3252 amatorem,
1472 3189 1532 3242 in
1565 3162 1813 3242 adversis
1851 3188 2066 3253 fortem,
2098 3187 2158 3239 in
2193 3162 2238 3225 ί)
2266 3191 2505 3246 lueresim
2534 3204 2832 3261 occupasse,
2859 3194 2911 3245 et
3089 3186 3581 3259 quibusdam,,tam
3609 3189 3737 3241 ante
3762 3187 3877 3255 epi-

552 3284 823 3357 prosperis
858 3286 1232 3353 temperatum,
1262 3286 1312 3338 et
1326 3281 1498 3352 juxta
1533 3281 1784 3352 Apostoli
1805 3280 2038 3342 dictum,
2066 3279 2153 3334 bo-
2265 3288 2538 3355 scopatum
2571 3299 2739 3353 quam
2761 3287 2883 3354 post
2919 3286 3192 3352 acceptum
3214 3282 3579 3353 episcopatum
3619 3279 3872 3334 crimini-

558 3377 644 3431 nis
689 3375 927 3431 moribus
955 3381 1228 3440 ornatum,
1253 3375 1537 3447 pudicum,
1566 3375 1882 3439 modestum,
1921 3375 2157 3430 sobrium
2269 3377 2363 3433 bus
2389 3379 2561 3433 vitam
2596 3378 2909 3441 maculasse,
2940 3391 3061 3446 quoe
3083 3376 3221 3432 mihi
3247 3373 3538 3433 secundum
3563 3374 3701 3428 scita
3723 3388 3874 3428 cano-

558 3475 784 3539 castum,
824 3471 1160 3542 hospitalem,
1200 3470 1418 3527 domum
1453 3486 1611 3526 suam
1655 3471 1780 3527 bene
1807 3473 2075 3541 regentem
2106 3468 2160 3538 (Ι
2264 3489 2418 3541 num,
2464 3488 2669 3527 onmem
2712 3472 2787 3527 ad
2829 3485 3008 3539 sacros
3045 3469 3257 3527 ordiries
3290 3483 3559 3525 accessum
3594 3466 3875 3522 obstruxe-

564 3566 701 3619 Tim.
731 3579 824 3633 In,
849 3564 926 3635 2),
956 3566 1013 3618 in
1054 3566 1255 3633 gremio
1284 3563 1444 3633 hujus
1468 3566 1661 3620 matris
1688 3565 1936 3620 Ecclesia:
1964 3578 2155 3633 apus-

558 3659 691 3712 ritia
735 3659 868 3713 satis
896 3658 1146 3713 nobiliter
1182 3657 1469 3715 educatum
1491 3662 1545 3713 et
1580 3658 1820 3727 doctum,
1868 3662 2032 3729 atque
2044 3672 2155 3727 pro

556 3751 683 3805 vitae
712 3751 901 3806 merito
928 3753 987 3804 in
1027 3750 1495 3809 archidiaconatus
1531 3752 1781 3807 honorem
1808 3767 1975 3822 usque
2002 3750 2158 3806 hodie

558 3843 927 3905 sublimatum,
959 3845 1386 3901 Hildebrandum
1414 3846 1659 3903 videlicet
1685 3845 2153 3913 archidiaconum,

559 3952 719 4006 quem
761 3937 953 3992 amodo
992 3954 1160 4011 usque
1196 3941 1254 3994 in
1285 3941 1671 4018 sempiternum
1709 3943 1758 3994 et
1795 3953 1923 4002 esse,
1967 3943 2019 3994 et
2048 3938 2159 3993 dici

559 4032 872 4102 Gregorium
898 4048 1124 4105 papam,
1150 4037 1201 4088 et
1230 4034 1574 4103 apostolicum
1597 4033 1858 4100 volumus,
1882 4036 1934 4087 et
1953 4047 2157 4103 appro-

559 4124 768 4180 bamus.
826 4126 1004 4181 Placet
1052 4126 1234 4181 vobis?
1289 4127 1490 4182 Placet.
1545 4127 1725 4185 Vultis
1770 4129 1933 4181 eum?
1998 4126 2159 4182 Volu-

557 4234 696 4275 mus.
736 4220 1003 4275 Laudatis
1025 4224 1184 4275 eum?
1212 4221 1541 4277 Laudamus.
1586 4224 1727 4276 Acta
1755 4223 1932 4277 Romae
1962 4234 2004 4277 ι
2029 4220 2153 4275 Kal.

564 4314 724 4387 Maii,
768 4314 1061 4369 indictione
1103 4314 1410 4370 undecima.
1764 4382 1769 4387 ,

632 4408 700 4462 V.
733 4408 1065 4483 Lambertus
1088 4406 1639 4482 Schaffnaburgensis
1662 4407 1717 4463 in
1735 4406 2035 4476 Chronico,
2054 4423 2157 4463 an—

559 4515 633 4557 no
668 4506 803 4557 1073
836 4519 850 4557 :
882 4501 1202 4557 Alexander
1236 4518 1417 4591 papa1
1443 4504 1542 4572 qui
1565 4507 1617 4558 et
1640 4501 1953 4570 Anselmus,
1979 4501 2155 4558 deces-

2262 3569 2395 3622 rint.
2426 3568 2497 3622 Et
2525 3566 2644 3625 licet
2666 3565 2958 3621 multorum
2992 3564 3309 3620 idoneorum
3327 3566 3463 3619 certe
3493 3563 3712 3618 testium
3729 3562 3874 3617 asti—

2259 3661 2540 3730 pulatione
2573 3661 2775 3715 crimen
2798 3659 3041 3727 refellere
3067 3674 3280 3728 queam,
3307 3672 3489 3712 eorum
3511 3654 3734 3723 scilicet,
3773 3654 3877 3724 qui

2264 3770 2473 3811 omnem
2500 3755 2629 3810 vita
2654 3768 2783 3809 mece
2819 3752 2890 3808 ab
2929 3754 3143 3809 ineunte
3179 3756 3337 3808 atate
3376 3751 3767 3806 institutionem
3785 3750 3871 3804 in-

2264 3848 2543 3916 tegerrime
2569 3851 2851 3910 noverunt,
2894 3850 2945 3902 et
2970 3861 3172 3911 eorum,
3215 3846 3317 3916 qui
3352 3859 3482 3902 mea
3505 3843 3581 3899 ad
3604 3844 3875 3914 episcopa-

2266 3945 2383 3997 tum
2401 3942 2757 4012 promotionis
2781 3944 3016 3997 auctores
3040 3941 3296 4008 fuerunt;
3328 3954 3419 4008 ego
3443 3942 3640 4000 tamen,
3676 3952 3743 3992 ne
3770 3935 3875 3991 hu-

2263 4052 2423 4093 mano
2459 4037 2641 4106 potius
2666 4051 2831 4106 quam
2856 4035 3042 4091 divino
3080 4035 3191 4089 niti
3212 4032 3404 4089 videar
3439 4033 3768 4093 testimonio,
3808 4034 3875 4085 ut

2265 4131 2657 4199 satis/actionis
2710 4129 3018 4200 compendio
3068 4142 3274 4183 omnem
3332 4125 3578 4187 omnibus
3626 4123 3877 4180 soandali

2264 4224 2581 4294 scrupulum
2627 4223 2693 4279 de
2736 4223 2911 4279 medio
2947 4224 3222 4290 auferam,
3252 4236 3362 4277 ecce
3388 4233 3581 4290 corpus
3624 4219 3875 4276 Domini-

2265 4332 2402 4381 cum,
2424 4317 2569 4387 quod
2586 4322 2895 4387 sumpturus
2923 4332 3033 4384 ero,
3064 4316 3126 4371 in
3150 4316 3587 4385 experimentum
3610 4311 3748 4367 mihi
3774 4311 3873 4367 ho-

2266 4412 2354 4465 die
2395 4414 2492 4479 ﬁat
2546 4400 2856 4464 innocentiae
2892 4425 3051 4472 mete,
3107 4414 3170 4464 ut
3214 4410 3541 4479 omnipotens
3590 4407 3729 4462 Deus
3776 4421 3874 4460 suo

2266 4520 2347 4560 me
2374 4504 2531 4560 hodie
2562 4503 2774 4573 judicio
2795 4504 2879 4559 vel
2922 4502 3163 4559 absolvat
3197 4502 3391 4573 objecti
3429 4501 3671 4556 criminis
3693 4501 3872 4569 suspi-

561 4596 634 4649 εκ
655 4614 671 4646 :
703 4597 791 4650 cui
824 4598 1055 4652 Romani
1073 4598 1345 4667 protinus,
1378 4563 1671 4673 inconsulto
1710 4611 1849 4665 rege,
1892 4611 2154 4651 successo—
2186 4563 2237 4626 Β
2267 4600 2430 4662 cione,
2458 4599 2509 4653 si
2524 4599 2773 4653 innocens
2795 4613 2945 4664 sum;
2965 4597 3049 4652 vel
3066 4597 3349 4655 subitanea
3376 4597 3655 4650 interimat
3678 4597 3870 4656 morte,

555 4704 669 4743 rem
720 4689 993 4758 elegerunt
1050 4690 1495 4759 Hildebrandum,
1536 4692 1713 4746 virum
1752 4691 1920 4746 sacris
1960 4690 2155 4746 litteris

554 4782 1002 4846 eruditissimum,
1031 4787 1082 4838 et
1125 4785 1183 4838 in
1225 4788 1339 4839 tota
1380 4786 1638 4854 Ecclesia,
1675 4789 1909 4855 tempore
1947 4800 2154 4856 quoque

552 4877 800 4946 priorum
818 4878 1159 4948 ponti/lcum,
1182 4880 1329 4934 omni
1367 4881 1630 4935 virtutum
1666 4895 1854 4949 genere
1878 4879 2155 4935 celeberri-

555 4985 722 5025 mum.
762 4973 817 5026 Is
844 4971 1104 5041 quomodo
1144 4972 1256 5028 ielo
1290 4974 1388 5028 Dei
1412 4975 1842 5041 ferventissimus
1873 4976 2013 5036 erat,
2034 4974 2154 5044 epi-

520 5130 531 5141 ‘
555 5065 704 5135 scopi
731 5064 1033 5121 Galliarum
1061 5068 1313 5138 protinus
1342 5068 1549 5136 grandi
1575 5067 1824 5138 scrupulo
1848 5067 2159 5137 permoveri

556 5161 844 5227 cceperunt,
884 5152 949 5212 ne
998 5159 1085 5213 vir
1132 5160 1449 5215 vehementis
1496 5162 1719 5230 ingenii,
1766 5164 1816 5217 et
1860 5161 2002 5216 acris
2028 5175 2156 5228 erga

557 5253 729 5317 Deum
750 5248 898 5319 ﬁdei,
918 5251 1221 5308 districtius
1250 5268 1335 5321 (ps
1350 5270 1453 5325 pro
1479 5255 1823 5323 negligentiis
1841 5256 1951 5309 suis
1980 5270 2157 5324 quan-

556 5344 729 5413 doque
753 5344 1070 5413 discuteret;
1100 5351 1261 5416 atque
1284 5347 1406 5402 ideo
1428 5347 1791 5402 communibus
1820 5361 1996 5401 omnes
2032 5362 2154 5402 con-

552 5437 695 5492 siliis
730 5454 910 5507 regem
944 5439 1154 5503 adorti,
1186 5441 1416 5495 orabant
1438 5446 1501 5495 ut
1533 5442 1857 5507 electionem,
1895 5458 2017 5511 qua:
2038 5442 2158 5511 ejus

552 5532 769 5603 iniussu
807 5536 958 5601 facta
1002 5536 1211 5605 fuerat,
1254 5537 1471 5590 irritam
1506 5537 1629 5604 fore
1655 5537 1992 5605 decerneret;
2018 5551 2160 5595 asse-

555 5633 732 5691 rentes
761 5629 927 5699 quod,
970 5631 1081 5684 nisi
1102 5631 1363 5700 impetum
1390 5630 1617 5687 hominis
1640 5633 1940 5703 prcevenire
1976 5637 2157 5688 matu-

534 5725 727 5785 raret,
769 5723 974 5778 malum
1024 5724 1118 5779 hoc
1157 5739 1263 5781 non
1300 5726 1365 5787 in
1390 5726 1564 5782 alium
1609 5729 1856 5796 gravius,
1896 5742 2062 5797 quam
2102 5728 2161 5781 in

553 5816 736 5884 ipsum
773 5833 952 5888 regem
983 5819 1421 5878 redundaturum
1448 5825 1600 5879 esset.
1630 5822 1834 5880 Statim
1872 5837 1971 5877 rex
2005 5838 2041 5877 a
2078 5822 2159 5876 Ia-

2262 4694 2313 4748 si
2332 4708 2478 4748 reus.
2506 4712 2535 4745 ι)
2562 4694 2707 4760 Hcec,
2725 4697 2777 4747 et
2793 4692 3014 4759 alia(ut
3033 4692 3266 4747 solemne
3288 4689 3395 4760 est)
3413 4689 3685 4760 prtefatus
3703 4684 3872 4742 verba

2263 4787 2551 4856 terribilia,
2583 4787 2777 4857 quibus
2813 4790 2983 4845 Deum
3028 4800 3200 4841 causae
3226 4799 3339 4841 suae
3373 4783 3748 4854 aequissimum
3775 4780 3871 4851 ju-

2261 4878 2457 4945 dicem,
2499 4883 2550 4935 et
2600 4881 2915 4935 innocentia
2941 4883 3254 4937 assertorem
3280 4877 3470 4937 adesse
3506 4874 3861 4948 precabatur,

2260 4977 2481 5044 partem
2505 4973 2772 5030 Dominici
2794 4974 3033 5043 corporis
3055 4973 3259 5044 accepit
3285 4976 3338 5027 et
3373 4970 3622 5028 comedit.
3654 4971 3775 5038 Qua
3801 4969 3872 5023 li-

2267 5068 2493 5124 berrime
2533 5066 2840 5138 absumpta,
2868 5080 2989 5122 cum
3018 5067 3251 5137 populus
3278 5066 3339 5123 in
3384 5063 3571 5121 laudes
3597 5065 3697 5119 Dei
3725 5064 3874 5118 inno-

2263 5164 2451 5218 centiae
2495 5160 2612 5231 ejus
2658 5161 3086 5230 congratulatus,
3130 5159 3462 5230 aliquandiu
3500 5157 3870 5220 declamasset,

2263 5256 2479 5311 tandem
2499 5258 2786 5325 impetrato
2810 5254 3023 5310 silentio
3051 5269 3331 5310 conversus
3356 5253 3435 5308 ad
3458 5267 3640 5323 regem
3665 5270 3684 5303 :
3710 5272 3737 5300 α
3768 5252 3875 5307 Fac

2266 5366 2406 5419 ergo,
2458 5351 2661 5420 inquit,
2704 5349 2806 5419 ﬁli,
2846 5350 2900 5403 si
2939 5349 3139 5419 placet,
3185 5348 3332 5418 quod
3377 5363 3459 5404 me
3495 5348 3673 5415 facere
3722 5344 3873 5400 vidi-

2264 5447 2356 5511 sti,
2403 5451 2508 5499 etc.
2546 5445 2611 5500 Si
2650 5447 2699 5498 te
2742 5445 3068 5498 innocentem
3109 5444 3271 5505 nosti,
3317 5446 3370 5497 et

2268 5543 2418 5593 tuam
2449 5537 2520 5592 ab
2548 5537 2759 5592 wmulis
2796 5536 2905 5597 litis
2939 5553 3040 5608 per
3075 5537 3400 5592 calumniam
3426 5535 3588 5603 falsis
3614 5534 3874 5589 crimina-

2268 5632 2502 5687 tionibus
2528 5633 2744 5701 impeti,
2770 5632 2946 5687 libera
2975 5629 3342 5701 compendiose
3369 5634 3421 5685 et
3445 5630 3739 5687 Ecclesium
3771 5628 3875 5683 Dei

2266 5725 2539 5793 seandalo,
2566 5730 2619 5781 et
2653 5727 2884 5797 teipsum
2928 5726 3099 5794 longa
3139 5724 3544 5780 concertationis
3592 5722 3868 5792 ambiguo;

2267 5824 2318 5876 et
2339 5834 2489 5877 sume
2526 5820 2659 5877 hanc
2681 5818 2955 5899 residing:
2982 5822 3200 5891 partem
3224 5818 3443 5875 Domini
3464 5818 3735 5891 coax-ris,
3782 5819 3867 5874 ut.
