4106 6182
234 296 340 349 205
452 264 467 271 ’

1032 291 1553 349 PROLEGOMENA.
1592 322 1663 331 -—
1700 288 2039 350 APOLOGIA
2080 296 2213 352 PRO
2252 296 2596 354 GREGORIO
2634 300 2744 353 VII.

3438 308 3542 359 206

234 418 600 486 cotitprobata,
653 421 759 473 Deo
812 420 961 480 teste,
1015 419 1314 473 innocentia
1361 422 1476 481 tua,
1524 418 1834 474 obstruetur
1862 427 1914 490 Α
1944 422 2314 491 Burqhardus,
2344 425 2627 480 Misnensis
2645 420 2960 499 prce/Tactus,
2980 439 3049 481 ea:
3069 440 3202 495 equo
3226 426 3417 482 cadens
3442 444 3543 483 ea:-

233 526 388 564 omne
425 528 482 566 os
502 512 788 566 adversum
808 516 858 566 te
875 512 1072 581 iniqua
1100 513 1479 580 garrientium,
1505 516 1556 566 et
1583 528 1666 566 me
1694 513 1836 567 dein-

232 621 365 678 ceps
382 621 563 661 causa
592 611 698 660 tua
717 606 995 673 advocato,
1016 610 1068 661 et
1090 607 1409 661 innocentia
1427 610 1538 661 tua:
1556 607 1838 661 vehemen-

234 704 444 757 tissimo
487 703 771 762 assertore,
810 700 1082 772 principes
1126 701 1230 755 tibi
1274 700 1703 767 reconcilientur,
1744 716 1836 755 re-

232 811 399 865 gnum
418 795 766 857 restituatur,
800 815 826 842 »
858 802 965 849 etc.
988 794 1082 849 Ad
1119 794 1227 849 haec
1244 794 1336 848 ille
1358 795 1637 864 inopinata
1662 808 1720 848 re
1748 798 1835 851 at-

233 891 436 944 tonitus
475 891 738 951 cestuare,
776 889 1161 956 tergiversari,
1192 888 1414 943 consilia
1451 902 1571 943 cum
1596 888 1711 942 suis
1746 889 1838 954 fa-

232 982 538 1037 militn'ibus
593 985 894 1050 segregatus
957 998 993 1036 a
1044 981 1390 1037 multitudine
1439 984 1703 1049 conferre,
1760 986 1832 1049 et,

234 1076 375 1146 quid
395 1077 542 1143 facto
568 1090 700 1145 opus
723 1080 877 1138 esset,
894 1076 1129 1144 qualiter
1153 1080 1264 1130 tam
1284 1075 1545 1130 horrendi
1561 1077 1833 1130 examinis

231 1171 601 1226 necessitatem
628 1168 898 1233 evaderet,
926 1170 1169 1239 trepidus
1192 1169 1481 1233 consulere,
1503 1176 1610 1225 etc.

302 1261 506 1319 Refert
540 1261 689 1319 idem
734 1261 1066 1319 Lambertus
1104 1261 1420 1319 horribilem
1457 1262 1665 1318 exitum
1695 1261 1834 1318 Wil-

229 1356 393 1412 belmi
464 1355 706 1427 episcopi
764 1355 1149 1428 Trajectensis,
1207 1354 1300 1428 qui
1356 1355 1538 1412 hostili
1604 1370 1831 1427 prorsus

228 1450 353 1507 odio
375 1449 707 1521 Gregorium
740 1450 837 1505 V11
856 1449 1281 1521 persequebatur
1307 1468 1321 1504 :
1354 1450 1673 1506 Wilhelmus
1701 1452 1830 1504 Tra-

218 1545 473 1614 jectensis
513 1545 789 1614 episcopus
836 1559 1051 1599 causam
1108 1545 1251 1613 regis
1300 1548 1488 1599 contra
1530 1544 1721 1598 bonum
1776 1546 1825 1597 et

228 1654 445 1708 uaquum
480 1638 749 1694 obstinate
777 1639 1047 1701 tuebatur,
1084 1643 1135 1692 et
1160 1638 1342 1693 studio
1384 1640 1631 1707 partium
1661 1639 1825 1706 regis,

228 1733 398 1785 multa
428 1733 491 1784 in
520 1731 784 1801 injunam
826 1734 1060 1788 Romani
1092 1734 1379 1801 pontificis,
1420 1732 1663 1786 omnibus
1696 1747 1831 1801 pene

1939 518 2187 586 spiravit.
2210 517 2300 573 Sic
2328 522 2379 572 et
2405 518 2730 584 Godefridus
2755 518 2897 586 dum,
2927 519 3094 575 hostis
3123 522 3397 588 Βωοπίω,
3416 537 3543 590 per-

1943 624 2145 672 cussus,
2175 611 2291 664 sine
2313 610 2636 677 confessione
2658 613 2838 680 periit.
2867 614 2954 667 Ita
2991 616 3041 667 et
3076 616 3228 684 Eppo
3270 616 3545 685 episcopus

1941 706 2140 770 noster,
2171 718 2399 772 magnus
2438 705 2662 759 Henr-iet
2694 706 2886 771 fautor
2927 708 2976 760 et
3017 710 3339 775 assentator,
3373 712 3542 763 morte

1942 797 2090 852 mala
2125 797 2400 865 conclusit,
2442 797 2509 852 de
2540 814 2650 866 qua
2698 799 2755 851 in
2790 798 3065 867 pradictis
3104 801 3376 857 Chr-(micis
3394 804 3543 870 Mag-

1942 890 2292 959 deburgensis
2315 890 2561 946 Ecclesia:
2606 892 2680 944 ita
2702 890 2775 945 ad
2798 892 3014 946 verbum
3037 894 3289 949 scribitur
3304 912 3335 947 .:
3364 897 3536 965 Eppo,

1942 984 2220 1042 Cit-izensis
2274 986 2569 1055 episcopus,
2621 984 2753 1039 dum
2798 987 2855 1038 in
2901 987 3160 1056 episcopio
3196 976 3255 1044 S.
3304 989 3545 1045 Chiliani

1941 1078 2230 1147 quemdam
2254 1080 2433 1134 rivum
2460 1079 2597 1145 forti
2632 1077 2816 1134 sedens
2842 1078 2899 1132 in
2918 1094 3049 1148 equo
3082 1082 3358 1149 transiret,
3385 1089 3542 1151 quem

1942 1172 2168 1240 quilibet
2181 1171 2346 1241 pedes
2388 1174 2502 1227 sine
2522 1171 2760 1241 periculo
2804 1172 3040 1227 transire
3080 1178 3285 1242 posset,
3316 1174 3412 1229 ubi
3448 1191 3543 1231 nec

1940 1268 2102 1319 timor
2132 1266 2273 1320 ullus
2313 1266 2454 1332 fuit;
2506 1265 2869 1334 equocadente
2906 1266 3154 1321 moriens
3207 1282 3283 1321 sic
3326 1268 3541 1323 interiit

1936 1361 2116 1413 sancto
2146 1358 2392 1415 Chiliano
2414 1360 2489 1413 sic
2515 1358 2847 1428 disponente,
2875 1362 2953 1421 ut,
2980 1359 3079 1428 qui
3111 1357 3226 1427 ejus
3252 1359 3405 1414 rebus
3428 1362 3541 1414 vio-

1937 1453 2110 1507 lentus
2138 1453 2468 1514 incubuerat,
2498 1454 2785 1521 vinumque
2807 1452 2956 1507 illius
2982 1466 3122 1521 saepe
3158 1450 3361 1522 itquste
3406 1454 3543 1509 bibe-

1934 1550 2043 1614 rat,
2087 1562 2283 1615 aquam
2320 1562 2530 1616 quoque
2553 1561 2710 1601 suam
2743 1546 2893 1615 justo
2914 1545 3137 1601 bibendo
3164 1540 3312 1601 ultra
3340 1563 3543 1602 merum

1935 1656 2045 1695 non
2070 1646 2299 1710 quierat.
2334 1642 2407 1695 Et
2439 1642 2571 1710 quia
2590 1639 2741 1695 nobis
2770 1639 3183 1695 inconciliabilis
3202 1644 3507 1709 permansit

1940 1737 2043 1788 Deo
2071 1735 2492 1789 irrecunciliatus
2509 1773 2528 1803 ,
2551 1734 2618 1788 ab
2638 1734 2738 1788 hac
2758 1735 2873 1788 vita
2889 1734 3166 1802 migravit.
3192 1736 3319 1789 Hac
3336 1734 3410 1789 ad
3427 1750 3541 1790 ver-

225 1825 410 1881 diebus
440 1827 790 1894 solemnibus,
826 1828 971 1881 inter
1012 1828 1302 1881 missarum
1331 1827 1591 1881 solemnia
1633 1825 1826 1881 rabido
1860 1832 1909 1896 Β
1937 1827 2061 1882 bum
2103 1829 2162 1884 in
2202 1828 2559 1897 pramarratis
2606 1826 3079 1895 Magdeburgensis
3123 1828 3372 1883 Ecclesia:
3414 1828 3538 1884 An-

224 1935 309 1974 ore
327 1920 679 1975 declamabat
705 1938 724 1975 :
754 1920 1043 1990 periurum
1074 1935 1215 1983 eum,
1246 1920 1552 1975 adulterum
1579 1925 1631 1975 et
1668 1935 1835 1989 pseu-

227 2013 599 2083 doapostolum
626 2015 931 2085 appellans,
965 2019 1016 2070 et
1045 2019 1157 2069 tam
1183 2031 1219 2069 a
1254 2030 1328 2077 se,
1370 2030 1534 2084 quam
1570 2031 1605 2069 a
1629 2016 1834 2069 caeteris

225 2108 490 2178 ερέεσορίε
516 2123 878 2178 εωροηιιτηετο
904 2110 1420 2164 excommunicatum
1446 2110 1829 2179 pronuntians.

225 2203 271 2256 Is
310 2202 468 2256 brevi
496 2206 850 2273 posteaquam
883 2219 1003 2266 rem,
1040 2204 1243 2259 exactis
1267 2203 1611 2273 paschalibus
1648 2204 1830 2270 feriis,

229 2294 473 2364 Trajecto
501 2296 844 2360 discesserat,
893 2299 1106 2367 repente
1142 2297 1467 2367 gravissima
1513 2296 1834 2365 (egritudine

222 2393 503 2458 correptus
540 2393 638 2443 est.
670 2390 906 2459 Cumque
944 2405 1046 2459 per
1069 2392 1354 2445 acerrimos
1399 2392 1670 2445 cruciatus
1715 2391 1835 2444 ani-

224 2497 320 2536 σιω
347 2498 413 2536 ac
454 2484 691 2552 corporis
730 2488 1038 2552 urgeretur,
1082 2484 1383 2539 miserabili
1419 2482 1629 2552 ejulatu
1653 2498 1833 2538 coram

225 2577 497 2643 mribus,
536 2578 637 2645 qui
658 2577 912 2641 aderant,
941 2577 1360 2644 vociferabatur,
1383 2578 1534 2647 justo
1559 2579 1658 2632 Dei
1669 2577 1834 2647 judi-

225 2671 296 2723 cio
316 2685 374 2723 se
390 2673 447 2723 et
474 2674 795 2739 pra-sentem
814 2673 983 2726 vitam
1007 2673 1254 2727 amisisse
1285 2676 1337 2726 et
1364 2676 1622 2726 aeternam
1642 2688 1662 2722 :
1694 2670 1834 2740 quod

226 2765 338 2831 regi
374 2763 457 2817 ad
500 2765 706 2827 omnia,
750 2780 873 2834 qum
911 2781 1195 2836 perperam
1238 2765 1579 2832 intendisset,
1617 2780 1833 2835 operam

222 2872 398 2920 mm,
427 2873 640 2912 διηπωο
664 2858 1216 2928 adnisuprcebuisset,
1248 2865 1412 2929 atque
1436 2861 1494 2913 in
1521 2874 1670 2928 spem
1709 2874 1835 2928 gra-

222 2953 306 3005 tia
350 2951 470 3021 ejus
529 2954 767 3007 Romwio
810 2954 1057 3022 pontiﬁci
1095 2954 1463 3020 sanctissimo,
1522 2956 1575 3006 et
1624 2956 1832 3021 aposto-

220 3044 455 3100 licamm
498 3047 767 3100 virtutum
799 3049 918 3101 viro
955 3061 1140 3115 graves
1168 3047 1515 3101 contumelias
1550 3047 1721 3101 sciens
1734 3088 1751 3108 ,
1783 3050 1834 3101 et

217 3138 460 3207 prudens
495 3139 773 3193 innocenti
791 3141 1099 3209 irrogasset.
1128 3142 1190 3195 In
1213 3140 1351 3194 hanc
1386 3154 1580 3207 vocem,
1604 3144 1665 3194 ut
1701 3154 1834 3195 asse-

1939 1922 2156 1977 nalibus
2190 1922 2458 1991 leguntur.

2011 2017 2163 2072 V111.
2198 2014 2473 2073 Chronica
2507 2012 2899 2086 Thuringensia
2926 2011 3072 2086 apud
3102 2012 3364 2071 eumdem
3393 2016 3537 2071 Lan-

1939 2110 2112 2183 gium.
2152 2111 2309 2166 Anno
2340 2111 2553 2166 Domini
2594 2113 2754 2178 1073,
2787 2106 3185 2165 Hildebrandus
3210 2111 3537 2178 professione

1938 2206 2226 2260 monachus
2277 2208 2328 2260 et
2368 2207 2619 2260 Romana:
2666 2203 2913 2259 Ecclesia:
2958 2203 3395 2266 archidiaconus,
3444 2219 3539 2259 na-

1940 2302 2081 2353 tione
2125 2301 2344 2361 Tuscus,
2389 2299 2627 2352 omnium
2653 2296 3017 2351 cardinalium
3054 2311 3308 2352 consensu
3346 2297 3534 2353 solem-

1939 2394 2079 2448 niter
2114 2397 2277 2462 atque
2303 2393 2548 2447 canonice
2574 2391 2762 2447 electus
2789 2393 2853 2459 ﬁt
2876 2405 3027 2460 papa
3043 2429 3057 2458 ,
3097 2392 3156 2444 in
3182 2404 3402 2446 numero
3435 2391 3533 2445 147

1939 2492 1991 2542 et
2012 2492 2227 2542 vocatus
2272 2491 2349 2541 est
2391 2487 2683 2556 Gregorius
2726 2485 3007 2554 septimus.
3061 2483 3209 2540 Sedit
3250 2486 3406 2539 annis
3449 2486 3533 2547 t2,

1939 2596 2114 2635 mense
2155 2595 2277 2643 uno,
2311 2580 2500 2635 diebus
2535 2584 2589 2634 4.
2622 2580 2784 2633 Istius
2808 2577 3103 2647 prudentia
3127 2593 3234 2633 non
3278 2577 3434 2633 modo
3478 2580 3538 2632 in

1937 2676 2059 2743 ipsa
2089 2674 2270 2736 Italia,
2303 2674 2396 2728 sed
2414 2674 2581 2728 etiam
2614 2674 2673 2726 in
2701 2672 2999 2727 Teutonicis
3013 2672 3330 2740 provinciis,
3364 2685 3536 2727 sacer-

1938 2768 2124 2822 dotum
2158 2768 2439 2834 refrenata
2473 2770 2554 2821 est
2586 2764 2985 2820 imontinattia.
3031 2766 3150 2827 llic,
3176 2769 3239 2819 ut
3262 2767 3535 2820 Martinus

1937 2864 2039 2925 ait,
2067 2861 2285 2917 concilio
2338 2864 2438 2917 110
2481 2860 2847 2928 episcoporum
2874 2857 3082 2919 habito,
3123 2859 3409 2914 Henricum
3439 2860 3533 2913 im-

1932 2960 2241 3027 peratorem
2268 2939 2776 3014 eacommunicavit,
2814 2952 2975 3020 quasi
3008 2950 3257 3006 Ecclesia
3282 2954 3535 3007 Romana:

1936 3051 2243 3115 scissorem;
2294 3048 2387 3103 sed
2426 3046 2643 3102 tandem
2676 3044 2927 3107 absolvit,
2968 3046 3182 3113 etpost,
3207 3044 3407 3099 iterum
3446 3059 3535 3100 ea:-

1938 3143 2373 3211 communicavit;
2418 3143 2554 3210 quia
2596 3138 2884 3195 dissidium
2920 3138 2983 3192 in
3020 3138 3255 3194 Ecclesia
3287 3152 3537 3207 procura-

223 3237 371 3295 runt,
401 3234 526 3287 siste
563 3235 951 3298 communione,
976 3236 1094 3288 sine
1116 3233 1233 3288 ulla
1258 3235 1628 3301 satisfactione
1647 3233 1825 3301 exspi-
1855 3219 1899 3283 C
1936 3238 2038 3305 vit,
2080 3238 2326 3307 pueritia
2352 3240 2405 3290 et
2437 3234 2835 3305 inemperientia
2857 3248 2959 3288 sua
2990 3232 3252 3287 eaistente
3271 3233 3332 3286 in
3354 3247 3541 3288 causa.

220 3328 383 3380 favit.

287 3421 386 3474 Vl.
417 3418 579 3475 Idem
613 3418 686 3478 de
711 3419 817 3476 hoc
839 3419 1142 3495 Wilbelmq
1166 3420 1389 3477 tradunt
1411 3419 1650 3475 Annales
1673 3421 1822 3490 Mag-

220 3511 614 3584 deburgenses,
662 3512 810 3586 apud
856 3514 1093 3571 Paulum
1135 3515 1398 3586 Langium
1444 3514 1501 3568 in
1547 3512 1821 3569 Chronico

222 3606 481 3663 Citizensi
510 3626 529 3662 :
556 3609 621 3662 In
654 3609 771 3677 ipso
805 3608 932 3671 loco,
959 3608 1160 3679 inquit,
1188 3613 1246 3663 in
1285 3624 1390 3679 quo
1432 3612 1670 3664 Romano
1687 3622 1823 3676 pon-

225 3702 354 3767 tiﬁci
380 3700 693 3770 derogabat,
726 3703 839 3772 ipse
872 3704 1023 3757 mula
1067 3703 1374 3758 valetudine
1413 3702 1731 3771 corripitur,
1761 3702 1822 3754 in

225 3811 331 3863 (μω
368 3809 539 3865 usque
574 3796 648 3849 ad
670 3797 1036 3853 miserandum
1066 3799 1191 3852 vita:
1215 3798 1503 3851 terminum
1524 3796 1818 3851 detinetur.

227 3889 410 3958 Itaque
442 3889 631 3945 morbo
658 3892 830 3959 magis
853 3906 916 3945 ac
946 3892 1125 3961 magis
1158 3892 1575 3961 ingravescente,
1601 3905 1721 3945 cum
1741 3904 1819 3950 eo.

227 3981 355 4037 dum
392 3983 621 4052 quidam
652 3985 807 4039 homo
828 3988 968 4055 regis
1004 4001 1125 4041 eum
1147 3990 1381 4054 rogaret,
1406 3989 1467 4039 ut
1489 4000 1543 4040 se
1576 4000 1697 4039 cum
1727 3998 1824 4039 suo

230 4076 485 4131 mandato
504 4080 793 4133 remitteret
818 4079 893 4133 ad
920 4095 1131 4149 regem:
1166 4095 1204 4131 cc
1222 4082 1348 4145 IIoc,
1370 4080 1568 4147 inquit,
1597 4079 1751 4133 mitto
1774 4077 1825 4131 ci

231 4170 570 4233 mandatum,
610 4173 755 4240 quod
798 4176 927 4242 ipse,
967 4178 1017 4227 et
1046 4189 1169 4243 ego,
1221 4178 1279 4244 et,
1319 4186 1497 4228 omnes
1545 4171 1827 4240 iniquitati

227 4263 339 4332 eius
356 4265 626 4331 favorites,
644 4281 829 4321 sumus
856 4267 1109 4322 damnati
1136 4269 1195 4322 in
1216 4271 1554 4338 perpetuum.
1591 4266 1825 4334 Cumque

227 4372 257 4410 a
291 4361 407 4413 suis
434 4360 535 4429 qui
559 4359 791 4416 aderant
818 4361 1042 4424 clericis,
1072 4377 1140 4416 ne
1175 4362 1313 4416 talia
1340 4362 1662 4431 loqueretur,
1693 4362 1827 4414 esset

2004 3333 2109 3386 1X.
2136 3329 2416 3387 Marianus
2439 3330 2632 3385 Scotus
2658 3326 2754 3383 lib.
2776 3342 2848 3382 In
2871 3324 3127 3382 Chronici
3157 3345 3169 3381 :
3202 3328 3412 3381 Interea
3431 3326 3533 3381 do-

1926 3426 2074 3479 mino
2093 3424 2413 3480 Alexandro
2433 3421 2718 3491 apostolico
2750 3421 2817 3475 de
2848 3420 3018 3475 medio
3043 3419 3270 3482 sublato,
3299 3420 3532 3489 suscepit

1929 3519 2105 3572 sedem
2132 3517 2486 3587 apostolicam
2513 3514 2797 3582 Gregorius
2825 3513 3107 3581 septimus,
3138 3513 3237 3580 qui
3260 3515 3313 3566 et
3333 3512 3531 3567 Hilde-

1933 3612 2193 3675 brandus,
2231 3609 2566 3681 professione
2603 3607 2911 3661 monachus.
2943 3608 3068 3669 Iste,
3108 3606 3455 3675 querimoniis
3482 3610 3535 3660 et

1930 3706 2246 3761 clamoribus
2290 3703 2668 3759 catholicorum
2703 3700 2871 3770 justis
2905 3698 3194 3755 adversum
3240 3700 3530 3755 Henrieum

1930 3804 1983 3855 et
2029 3801 2281 3855 scelerum
2319 3797 2433 3867 ejus
2460 3796 2857 3851 immanitatem
2881 3792 3108 3857 auditis,
3152 3792 3262 3847 zelo
3303 3794 3405 3847 Dei
3443 3808 3534 3847 ao-

1931 3910 2134 3957 census,
2153 3893 2276 3963 jam
2307 3891 2511 3947 dictum
2542 3904 2719 3959 regem
2745 3889 3259 3943 excommunicatum
3278 3900 3531 3956 pronun-

1932 3990 2110 4055 tiavit,
2138 3988 2376 4042 mazeime
2398 3988 2617 4055 propter
2652 3983 2966 4039 Simoniam.
3009 3980 3162 4048 Quod
3206 3982 3417 4047 factum
3444 3996 3532 4035 ca-

1933 4083 2139 4138 tholicis
2184 4080 2404 4150 quidem
2430 4080 2565 4133 viris
2606 4078 2731 4133 bene
2764 4077 3007 4145 placuit,-
3050 4075 3365 4131 Simoniacis
3408 4090 3530 4129 vero

1932 4193 1995 4231 ac
2017 4174 2330 4244 fautoribus
2362 4174 2503 4242 regis
2530 4173 2760 4226 nimium
2787 4170 3104 4240 displicuit:
3135 4169 3235 4238 qui
3258 4168 3528 4231 dicebant,

1930 4286 2206 4340 nunquam
2230 4270 2403 4336 fuisse
2424 4266 2692 4328 aud-itum,
2716 4279 2892 4333 regem
2919 4262 3213 4331 aliquando
3235 4275 3531 4318 excommu-

1930 4365 2195 4419 nicationi
2219 4362 2514 4416 subditum.
2549 4362 2714 4416 Facta
2739 4362 2817 4412 est
2858 4358 3030 4425 igitur
3058 4357 3303 4413 maxima
3334 4355 3531 4433 divisio

228 4451 542 4508 admonitus
580 4472 597 4507 :
642 4454 784 4520 Quid
811 4456 988 4519 aliud,
1031 4456 1241 4526 inquit,
1287 4456 1494 4525 loquor,
1531 4455 1643 4509 nisi
1682 4452 1823 4523 quod
1930 4459 1991 4511 in
2038 4457 2280 4511 Ecclesia
2324 4456 2454 4520 Dei;
2498 4452 2771 4507 catholicis
2812 4450 3023 4504 domino
3068 4449 3351 4518 apostolico
3408 4452 3530 4502 stu-

224 4560 407 4600 verum
450 4560 562 4602 esse
603 4547 887 4602 visibiliter
926 4551 1180 4604 intueor?
1219 4551 1352 4605 Ecce
1382 4551 1524 4603 enim
1561 4548 1823 4602 deemones
1933 4550 2078 4606 diose
2101 4549 2412 4617 faventibus
2442 4565 2503 4602 ac
2522 4545 2809 4617 praeceptis
2839 4544 2975 4613 ejus,
3001 4541 3351 4598 schismaticis
3377 4542 3526 4596 Hen-

227 4638 417 4693 lectum
475 4655 653 4695 meum
702 4643 1071 4705 circumstant,
1126 4647 1384 4712 quatenus
1429 4659 1511 4696 me
1558 4658 1705 4710 mox,
1760 4645 1819 4694 ut
1852 4622 1901 4686 Ῐ)
1930 4646 2035 4697 rico
2090 4647 2142 4697 et
2200 4640 2623 4711 cooperatoribus
2678 4636 2790 4705 ejus
2842 4652 2909 4689 ea:
2971 4635 3122 4689 corde
3177 4633 3527 4690 obedientiam

224 4736 587 4802 exspiravero,
640 4738 876 4805 rapiant.
932 4739 1122 4807 Itaque
1167 4752 1284 4791 cum
1328 4739 1484 4804 fuero
1532 4753 1559 4790 e
1612 4750 1822 4805 corpore

226 4825 463 4893 eductus,
500 4842 627 4896 rogo
660 4843 750 4882 vos
784 4833 834 4883 et
852 4845 1026 4885 omnes
1066 4831 1246 4900 ﬁdeles
1276 4848 1344 4885 ne
1390 4846 1444 4885 se
1470 4832 1701 4899 fatigent
1716 4844 1819 4899 pro

224 4934 299 4972 me
329 4919 588 4985 faciendo
617 4922 1055 4991 sumiticationes.
1089 4943 1117 4977 γ»
1146 4926 1250 4978 Hic
1280 4926 1455 4994 igitur
1482 4926 1545 4978 in
1566 4924 1819 4993 despera-

223 5014 357 5068 tione
380 5013 695 5082 defunctus,
718 5015 815 5070 diu
820 5017 1040 5086 jacebat
1068 5019 1383 5087 insepultus,
1415 5018 1575 5073 donec
1594 5019 1816 5074 Romam

222 5108 480 5162 mittitur.
510 5111 581 5165 Et
603 5109 733 5165 inde
759 5113 981 5180 (μιωεὶεο
1006 5112 1243 5173 consilio,
1278 5128 1344 5165 ne
1372 5112 1607 5181 populus
1630 5112 1817 5178 faetore

218 5208 668 5271 corrumperetur,
700 5206 987 5275 apostolico
1004 5206 1193 5276 jussu,
1214 5206 1328 5261 sine
1351 5205 1817 5261 commendationi-

224 5292 316 5348 bus
341 5295 624 5364 sepelitur.

291 5386 411 5441 VII.
438 5388 639 5444 Subdit
660 5390 928 5463 Langius,
955 5399 1008 5448 et
1027 5392 1131 5450 iste
1156 5394 1421 5467 septimus
1441 5392 1514 5451 sit
1538 5392 1689 5449 testis
1714 5408 1813 5465 pro

218 5477 530 5538 innocentia
562 5484 817 5556 Gregorii
860 5488 983 5543 VII.
1014 5488 1189 5558 Quem
1220 5489 1428 5546 sectarii
1457 5503 1522 5544 eo
1560 5486 1816 5543 libentius

213 5572 527 5647 admittam,
556 5592 670 5649 quo
690 5581 937 5638 nascenti
964 5582 1294 5641 Lutberanae
1318 5592 1484 5641 sectae
1518 5581 1624 5639 sub
1649 5582 1815 5637 linem

215 5667 294 5724 sui
322 5668 586 5727 Chronici
624 5686 685 5729 se
708 5672 1095 5749 benigniorem
1116 5685 1172 5733 et
1199 5677 1496 5749 tequiorem
1525 5675 1770 5733 exhibuit
1799 5693 1813 5730 :

218 5762 279 5817 Et
308 5765 393 5819 ita
422 5765 529 5819 alii
548 5768 843 5839 «nuptura
871 5773 1098 5828 Henrici
1116 5772 1357 5838 fautores
1383 5773 1521 5827 male
1542 5773 1812 5826 interiere.

220 5857 349 5927 Udo,
388 5860 716 5918 Trevirensis
743 5863 1115 5934 archiprtesul,
1156 5867 1429 5937 repentina
1463 5870 1631 5921 morte
1659 5864 1811 5920 obiit.

1929 4736 2320 4791 emhibentibus.
2346 4737 2499 4789 Inter
2536 4745 2664 4799 quos
2696 4733 2812 4783 erat
2837 4729 3089 4797 princeps
3117 4732 3168 4783 et
3186 4727 3422 4796 signifer
3442 4726 3528 4795 iu-

1928 4830 2112 4889 stitia,
2158 4827 2380 4881 dilectus
2410 4828 2515 4880 Deo
2545 4826 2593 4875 et
2636 4820 2963 4882 hominibus,
3012 4819 3195 4874 beatus
3236 4821 3394 4875 Anno
3428 4820 3524 4877 Co-

1930 4920 2183 4975 loniensis
2232 4917 2656 4986 (trahiqrisccptts
2700 4912 2872 4982 (cujus
2914 4914 3175 4969 memoria
3202 4913 3265 4966 in
3308 4911 3523 4967 benedi-

1925 5016 2095 5069 ctione
2129 5009 2237 5083 est)
2281 5027 2399 5066 cum
2429 5007 2882 5064 revermtdissimis
2916 5007 3273 5062 Ecclesiarum
3299 5008 3523 5061 rectori-

1927 5109 2042 5176 bus,
2072 5104 2347 5177 Sigefrido
2378 5103 2715 5174 Moguntina,
2758 5101 3005 5158 Vezelino
3042 5100 3517 5170 Magdeburgensi,

1925 5203 2186 5259 Rucherio
2210 5197 2653 5256 Halverstadensi
2679 5196 2910 5265 aliisque
2934 5194 3190 5266 episcopis
3231 5198 3280 5249 et
3309 5192 3525 5248 abbati-

1928 5296 2045 5359 bus,
2073 5295 2349 5350 monachis
2372 5297 2422 5348 et
2444 5291 2668 5353 clericis,
2700 5288 3112 5344 assentientibus
3134 5301 3342 5358 quoque
3356 5288 3525 5356 prin-

1924 5392 2134 5463 cipibus
2175 5393 2339 5447 totius
2384 5388 2659 5448 Samoniw,
2706 5386 2894 5441 Ottone
2941 5382 3089 5446 duce,
3134 5384 3327 5451 Magno
3368 5381 3520 5446 duce,

1932 5488 2113 5544 Udone
2138 5485 2463 5545 marchione,
2508 5480 2772 5536 Ludovico
2808 5478 3010 5539 comite,
3040 5490 3159 5530 cum
3184 5475 3317 5530 aliis
3358 5478 3522 5531 innu-

1922 5580 2271 5636 merabilibus
2311 5582 2426 5632 tam
2443 5573 2703 5631 nobilium
2723 5586 2887 5641 quam
2913 5571 3219 5639 inﬁmorum
3258 5570 3523 5625 militari-

1926 5675 2020 5730 bus
2069 5673 2239 5739 viris.f
2280 5672 2526 5739 Quorum
2569 5666 2698 5739 ﬁdei
2742 5665 3068 5721 devotionem
3126 5678 3188 5717 ac
3219 5666 3522 5730 ~fervorem

1914 5768 2153 5839 justitice
2167 5764 2492 5821 venerabilis
2507 5776 2657 5833 papa
2677 5758 2965 5829 Gregorius
2989 5756 3237 5819 audiens,
3264 5760 3316 5811 et
3333 5759 3518 5809 contra

1925 5876 2009 5916 eos
2038 5861 2302 5916 stevitiam
2337 5858 2572 5923 Henrici,
2600 5856 2985 5922 fautorumth
3013 5849 3148 5917 ejus,
3176 5846 3521 5915 quemadmo-
