4122 6184
512 242 519 247 1
551 284 654 337 207

1656 310 1667 317 ς
1777 275 1835 330 s.
1876 271 2258 331 cessamus
2298 274 2387 328 vn
2426 240 2648 329 ΡΜ)Αῇ

3745 275 3852 328 208

550 407 682 461 dum
717 410 771 461 et
797 408 982 461 contra
1021 403 1360 471 semetipsum
1399 402 1679 467 insurgere
1708 399 1898 455 videns
1930 415 1998 455 ne
2024 400 2151 471 deﬁ-
2179 405 2232 466 Α
2258 399 2464 466 (norint,
2509 399 2683 453 beatos
2724 391 2979 452 astimds.
3013 399 3132 464 Qua
3160 399 3405 467 opinione
3427 396 3567 466 quid
3610 399 3856 452 insanius

550 503 725 555 cerent
748 502 807 553 in
818 495 1286 561 tribulationibus,
1305 507 1438 563 quas
1456 494 1793 549 sustinebant
1824 494 1894 548 ab
1914 495 2143 563 iniquis,

550 593 646 648 sed
672 593 947 659 fortiores,
989 591 1097 643 imo
1133 590 1445 643 constantia:
1478 590 1682 642 virtute
1715 588 1995 643 solidiores
2032 589 2149 657 efﬁ-

551 689 823 749 cerentur;
850 683 1031 736 missis
1060 680 1136 735 ad
1168 696 1251 737 eos
1297 682 1516 748 litteris,
1547 683 1751 749 paucis,
1782 682 2149 735 hareticomm

552 776 862 842 audaciam,
909 774 1290 844 gamlitatem
1319 777 1371 828 et
1405 774 1747 845 superbiam,
1776 779 1989 829 auctare
2013 777 2151 829 Hen-

550 870 660 924 rico
683 883 746 923 ac
767 868 1064 935 defensore,
1096 868 1170 922 ad
1190 867 1450 937 injuriam
1477 872 1529 922 et
1556 869 1929 922 contumeliam
1951 872 2151 922 sancta:

549 962 691 1017 sedis
711 962 1010 1031 apostolicae
1032 962 1360 1030 perstrith
1388 960 1605 1014 elatam.
1630 961 1981 1028 Quamobrem
2008 961 2151 1030 quod

551 1069 731 1124 regem
745 1055 1109 1109 anathematis
1123 1054 1334 1108 vinculo
1354 1053 1684 1121 alligaverit,
1705 1054 1902 1109 litteris
1912 1056 2153 1108 insinua

551 1149 650 1210 vit,
679 1147 878 1217 quibus
900 1147 1152 1202 catholici
1173 1146 1247 1200 ad
1274 1145 1629 1202 resistendum
1661 1147 1868 1216 iniquis
1891 1148 2153 1203 haereticis

550 1242 929 1296 constantiores
963 1238 1138 1308 effecti
1169 1245 1315 1295 sunt.

628 1332 791 1409 Idem
823 1331 1103 1388 Marianus
1145 1331 1375 1389 ibidem:
1423 1334 1706 1402 Gregorius
1739 1334 1915 1402 igitur
1951 1336 2156 1405 praesul

554 1425 894 1488 venerabilis,
923 1426 1293 1482 haereticorum
1316 1428 1604 1489 insaniam,
1627 1428 2009 1483 catholicorum
2028 1444 2158 1498 quo.

557 1535 678 1589 que,
736 1520 1062 1589 astipulante
1112 1523 1357 1583 veritate,
1414 1536 1719 1590 cognoscens
1783 1525 2152 1586 constantiam,

558 1613 833 1682 Rodolpho
876 1616 999 1681 regi
1039 1616 1221 1668 missis
1247 1614 1466 1678 litteris,
1502 1615 1851 1685 apostolicam
1876 1617 2158 1671 mandavit

560 1705 969 1761 benedictionem
999 1726 1016 1761 :
1041 1708 1101 1761 in
1123 1708 1319 1776 quibus
1344 1710 1507 1762 etiam
1531 1708 1773 1763 omnibus
1801 1710 2002 1765 Christi
2024 1710 2156 1778 ﬁde-

2253 497 2351 548 aut
2398 493 2669 560 infelicius
2696 491 2808 546 dici
2848 493 3062 561 potest?

2321 587 2451 643 XII.
2483 586 2540 640 S.
2576 584 2872 641 Anselmus
2906 582 3328 652 Cantuariensis,
3364 583 3419 639 in
3442 581 3757 656 praefatione
3781 582 3857 639 ad

2255 679 2449 736 librum
2470 682 2544 734 De
2562 681 2885 746 fermentata
2903 682 2955 732 et
2979 693 3190 747 azyma,
3207 676 3415 733 nullam
3430 677 3662 733 salutem
3676 676 3859 735 dicere

2259 773 2376 828 vult
2420 772 2738 828 Waleramo
2780 772 2860 827 vel
2909 769 3195 828 Walramo
3246 769 3697 842 Nuvenburgensi
3743 769 3859 841 epi-

2257 880 2443 937 scopo,
2493 864 2636 937 quod
2688 872 2866 935 partes
2916 862 3131 920 Henrici
3160 870 3493 936 sequeretur,
3533 871 3591 919 et
3630 878 3859 919 excom-

2257 959 2568 1015 municatus
2596 966 2757 1015 esset.
2792 961 2855 1015 Si
2880 963 3053 1013 certus
3076 972 3258 1021 essem,
3281 956 3477 1029 inquit,
3505 957 3862 1027 prudentiam

2256 1058 2488 1107 vestram
2531 1069 2639 1106 non
2674 1054 2862 1119 favere
2898 1053 3183 1106 successori
3212 1052 3350 1105 Julii
3391 1051 3639 1116 Casaris,
3673 1055 3725 1105 et
3752 1052 3860 1107 Ne-

2257 1147 2427 1208 ronis,
2476 1153 2528 1202 et
2571 1147 2797 1212 Iuliani,
2825 1149 2875 1200 et
2918 1145 3177 1215 potestati
3203 1149 3388 1199 contra
3404 1180 3408 1184 -
3423 1159 3769 1200 successorem
3807 1148 3862 1198 et
3898 1207 3905 1211 ,

2260 1241 2521 1293 vicarium
2548 1241 2701 1293 Petri
2720 1239 2967 1308 apostoli,
2995 1238 3340 1292 libentissime
3366 1252 3476 1305 vos,
3506 1241 3558 1292 et
3584 1238 3861 1292 amicissi-

2261 1348 2408 1387 mum
2439 1336 2491 1386 et
2515 1331 2861 1386 reverendam
2896 1333 3195 1401 episcopum
3233 1330 3562 1396 salutarem;
3598 1332 3861 1400 quoniam

2260 1428 2441 1481 autem
2462 1426 2536 1479 ad
2558 1425 2918 1491 defensionem
2940 1425 3186 1479 veritatis
3211 1427 3395 1479 contra
3411 1424 3639 1491 Grmcos,
3659 1426 3758 1494 qui
3785 1423 3863 1479 ad

2263 1534 2353 1573 vos
2381 1524 2655 1581 venerunt,
2687 1520 2963 1587 quaeritis;
3006 1517 3297 1573 secundum
3324 1531 3480 1587 posse
3513 1515 3656 1572 nulli
3680 1517 3864 1572 deesse

2266 1613 2515 1667 debemus
2543 1629 2562 1665 .·
2589 1613 2899 1681 opusculum
2924 1612 3071 1666 vobis
3099 1613 3243 1673 misi,
3269 1611 3413 1682 quod
3432 1610 3500 1666 de
3526 1612 3862 1682 processione

2266 1708 2501 1776 Spiritus
2534 1708 2709 1760 sancti
2733 1705 2885 1760 edidi
2908 1709 3094 1760 contra
3114 1706 3253 1760 illos.

554 1798 725 1861 libus,
759 1800 907 1854 beato
934 1802 1119 1861 Petro,
1157 1817 1219 1854 ac
1260 1801 1365 1855 sibi
1389 1803 1588 1855 vicario
1617 1801 1758 1870 ejus,
1793 1803 2154 1857 obedientiam
2186 1840 2233 1902 Β
2298 1891 2314 1902 ¹
2334 1800 2403 1853 Et
2424 1798 2659 1902 epistola
2698 1807 2888 1854 octava
2909 1797 3371 1902 adWilhelmum
3400 1797 3677 1902 abbatem.
3697 1797 3865 1855 docet

551 1894 946 1963 proﬁtentibus,
987 1895 1362 1949 universaliter
1394 1896 1714 1959 insinuavit,
1762 1898 1990 1951 Henrico
2022 1911 2153 1966 pro-

548 1989 672 2055 pter
702 1987 1028 2056 superbiam,
1068 1987 1511 2042 inabedientiam.
1527 2005 1588 2043 ac
1629 1989 1953 2055 falsitatem,
1997 1991 2155 2058 regni

556 2078 877 2147 dignitatem
904 2080 1167 2141 ablatam,
1210 2081 1481 2150 Rodalpho
1507 2096 1629 2136 vero
1666 2085 1782 2150 regi
1804 2098 1906 2152 pro
1933 2098 2033 2137 sua
2057 2083 2155 2136 hu-

556 2172 809 2237 militate,
850 2173 1155 2227 obedientia
1195 2178 1246 2227 et
1277 2176 1522 2234 veritate,
1565 2177 1883 2230 auctoritate
1925 2177 1982 2231 S.
2012 2178 2161 2231 Petri

557 2264 829 2319 collatam.

627 2358 704 2413 X.
746 2355 1105 2413 Dodechinus
1132 2358 1481 2415 continuator
1516 2361 1742 2416 Mariani
1778 2378 1792 2417 :
1830 2366 1946 2433 Ipse
1978 2364 2159 2419 Urba-

558 2467 659 2506 nus
694 2451 1012 2506 venerabilis
1045 2460 1208 2522 papa:
1235 2454 1481 2522 Gregorii
1505 2457 1703 2524 scripta
1724 2460 1776 2511 et
1802 2456 1949 2511 dicta
1973 2461 2159 2512 contra

556 2545 923 2600 schismaticos
951 2545 1141 2601 habita
1164 2549 1517 2615 conﬁrmavit.
1555 2549 1625 2603 Et
1642 2564 1786 2605 anno
1823 2555 1960 2605 1090
1983 2550 2158 2607 beata:

558 2638 841 2695 memoriae
869 2654 1065 2710 papam
1093 2639 1430 2711 Gregorium
1457 2634 1730 2698 nomin'at.

627 2733 728 2788 X1.
771 2731 1083 2803 Stephanus
1119 2732 1406 2805 episcopus
1449 2734 1908 2792 Halberstatensis
1935 2751 2156 2793 causam

557 2823 805 2898 Gregorii
828 2826 933 2881 VII
954 2824 1248 2882 fortissime
1283 2835 1475 2884 contra
1498 2828 1803 2885 Henricum
1831 2844 2017 2903 regem
2045 2830 2156 2903 egit

558 2917 616 2973 in
646 2932 711 2973 ea
737 2917 961 2989 epistola
987 2933 1157 2991 quam
1196 2919 1413 2992 scripsit
1452 2920 1525 2977 ad
1562 2923 1937 2980 Waltramum
1964 2923 2151 2979 Eccle-

554 3010 652 3067 siae
706 3009 1193 3084 Magdeburgensis
1247 3012 1345 3083 (sic
1410 3012 1576 3069 habet
1628 3015 1934 3071 Pistoriana
1988 3015 2154 3072 editio

2262 1891 2411 1948 idem
2437 1891 2731 1948 Anselmus
2765 1892 3090 1949 sententiam
3125 1891 3710 1949 excommunicationis
3733 1907 3865 1948 con-

2264 1994 2346 2041 tra
2378 1984 2767 2053 Henricianos,
2810 1985 3151 2042 Simoniacos
3182 1993 3237 2041 et
3255 1984 3480 2042 clericos
3514 1985 3863 2042 incontinen-

2265 2086 2350 2134 tes
2380 2079 2544 2134 Iatam
2572 2094 2695 2134 esse
2716 2078 2946 2150 justam,
2971 2095 3035 2135 ac
3077 2078 3305 2151 proinde
3336 2078 3492 2145 tales,
3521 2087 3585 2135 ut
3609 2078 3863 2135 ecclesia-

2264 2172 2396 2228 stica
2416 2171 2806 2228 communione
2839 2173 3097 2244 privatos,
3120 2171 3378 2229 declinari
3398 2171 3614 2229 debere.
3636 2172 3864 2230 Utrius-

2268 2280 2377 2337 que
2404 2265 2672 2337 epistolae,
2706 2264 2957 2323 videlicet
2984 2266 3102 2338 ejus
3128 2281 3253 2338 quae
3284 2275 3371 2323 est
3396 2266 3465 2322 ad
3490 2268 3859 2335 Walramum,

2265 2358 2581 2429 episcopum
2630 2358 3176 2431 Naumburgensem,
3224 2368 3282 2416 et
3322 2359 3441 2432 ejus
3488 2374 3616 2431 quae
3663 2367 3748 2417 est
3790 2359 3864 2415 ad

2266 2451 2631 2508 Wilhelmum
2661 2452 2954 2522 abbatem,
2984 2468 3182 2526 magna
3219 2468 3347 2509 cum
3379 2452 3866 2510 commendatione

2268 2545 2606 2601 mentionem
2648 2544 2781 2601 facit
2809 2544 3165 2603 Dodechinus
3208 2546 3263 2602 in
3291 2545 3611 2619 Appendice
3639 2547 3709 2602 ad
3737 2548 3866 2602 Ma-

2266 2638 2483 2694 rianum
2512 2654 2660 2695 anno
2686 2639 2917 2695 Domini
2952 2646 3112 2697 1094.

2333 2734 2491 2789 XIII.
2548 2732 2876 2806 Compilatio
2923 2732 3311 2805 chronologica
3366 2734 3557 2791 incerti
3601 2734 3863 2804 auctoris,

2263 2832 2416 2881 tomo
2450 2826 2690 2898 Iscript.
2731 2826 3044 2883 Germaniae
3085 2830 3228 2899 quos
3254 2826 3432 2884 claris.
3473 2827 3555 2883 vir
3578 2830 3650 2883 D.
3689 2830 3864 2884 Joan-

2262 2933 2360 2975 nes
2388 2918 2657 2976 Pistorius
2682 2919 2814 2976 olim
2847 2919 3025 2976 edidit
3056 2922 3254 2977 :Anno
3516 2924 3655 2978 1076
3683 2921 3864 2992 (error

2263 3020 2344 3067 est
2373 3012 2426 3067 in
2455 3012 2743 3084 tempore),
2773 3013 3061 3082 Gregorius
3085 3029 3237 3084 papa
3280 3015 3442 3084 hujus
3483 3016 3722 3070 nominis
3756 3016 3868 3071 VH

488 3123 509 3131 ·
555 3102 897 3175 Dodechini)
938 3103 1286 3176 episcopum,
1335 3105 1442 3162 sub
1483 3106 1704 3162 nomine
1754 3107 2012 3164 Ludovici
2060 3123 2153 3165 co—
2188 3148 2230 3176 ρ
2265 3121 2301 3158 a
2328 3108 2390 3161 B.
2429 3108 2581 3161 Petro
2611 3111 2711 3162 167
2739 3106 3043 3175 ordinatur,
3079 3114 3190 3162 etc.
3217 3111 3321 3164 Iste
3354 3109 3649 3163 vocabatur
3674 3109 3869 3164 Hilde-

556 3196 737 3265 mitis,
768 3211 933 3268 quem
963 3197 1306 3254 Waltramus
1337 3196 1408 3253 ad
1437 3205 1616 3268 partes
1643 3199 1868 3256 Henrici
1906 3201 2153 3272 pellicere

552 3286 859 3344 studuerat.
921 3290 1114 3345 Exstat
1137 3288 1281 3362 apud
1326 3289 1715 3348 Dodechinum
1761 3309 1908 3349 anno
1952 3293 2151 3351 Christi

560 3385 720 3438 1090.
750 3383 899 3438 Inter
925 3390 1122 3439 caetera
1150 3382 1232 3439 sic
1259 3383 1506 3455 loquitur
1532 3403 1545 3440 :
1578 3386 1734 3442 Audi
1767 3403 1913 3452 vera,
1933 3404 2040 3443 non
2063 3391 2154 3457 fu-

556 3480 679 3531 cata
701 3490 721 3525 :
749 3476 901 3533 Audi
925 3478 1119 3544 fortia,
1146 3492 1253 3531 non
1285 3479 1484 3545 faceta.
1528 3480 1712 3536 Omnis
1740 3484 1839 3551 qui
1859 3482 2151 3551 dignitates

552 3570 870 3638 spirituales
916 3570 1121 3638 vendit,
1182 3571 1464 3645 haereticus
1509 3578 1606 3628 est.
1672 3577 1923 3631 Dominus
1969 3582 2151 3632 autem

554 3665 836 3725 Henricus,
860 3678 1015 3731 quem
1033 3678 1209 3731 regem
1234 3663 1444 3733 dicunt,
1470 3668 1802 3736 episcopatus
1830 3673 1882 3723 et
1900 3670 2150 3727 abbatias

549 3754 752 3809 vendit.
775 3755 986 3809 Etenim
1015 3755 1486 3822 Constantiensem,
1517 3759 2017 3830 Babenbergensem,
2040 3766 2152 3819 Mo-

551 3853 923 3921 guntinensem
941 3856 991 3906 et
1015 3854 1197 3922 plures
1218 3855 1374 3924 alios,
1399 3871 1502 3926 pro
1518 3860 1781 3926 pecunia;
1802 3862 2153 3930 Ratisponen-

553 3964 685 4016 sem,
712 3950 1128 4019 Augustensem,
1159 3954 1650 4024 Strasburgensem,
1675 3972 1779 4027 pro
1802 3958 2018 4027 gladio;
2048 3962 2146 4015 ab-

2267 3198 2529 3267 brandus,
2564 3204 2616 3254 et
2642 3201 2760 3266 fuit
2798 3202 2857 3255 in
2902 3201 3197 3271 Scripturis
3234 3202 3393 3257 valde
3439 3202 3702 3265 eruditus,
3750 3207 3860 3258 etc.

2259 3294 2364 3347 Iste
2386 3306 2535 3362 papa
2561 3294 2726 3347 etiam
2753 3295 2935 3348 stricte
2960 3294 3058 3348 sub
3080 3310 3241 3364 paena
3259 3296 3503 3364 auguria
3527 3295 3786 3363 inhibuit,
3810 3301 3864 3351 et

2259 3385 2557 3453 sortilegia,
2590 3389 2641 3439 et
2676 3388 3081 3455 incantationes,
3104 3392 3157 3442 et
3177 3390 3418 3461 magicas
3440 3392 3606 3444 artes.

2330 3476 2481 3533 XIV.
2513 3476 2848 3535 Godefridus
2860 3479 3213 3535 Viterbiensis
3236 3499 3248 3535 :
3272 3483 3388 3551 Ipse
3411 3481 3699 3550 Gregorius
3712 3494 3867 3549 papa

2260 3572 2334 3625 ad
2379 3572 2679 3628 Simoniam
2719 3572 3135 3643 exstirpanda":
3182 3577 3233 3641 et
3285 3575 3595 3629 clericorum
3638 3575 3868 3629 uacanti-

2257 3668 2493 3720 nentiam
2518 3666 2917 3736 reprimendam
2945 3667 3247 3735 intendens,
3272 3670 3651 3738 imperatorem
3679 3669 3866 3737 ipsum

2257 3758 2331 3813 ad
2353 3759 2639 3827 synodalia
2661 3775 2765 3829 pro
2795 3759 3111 3828 hujusmodi
3128 3763 3438 3831 frequenter
3463 3762 3692 3816 vocavit.
3721 3760 3863 3817 Can-

2256 3856 2423 3909 nubia
2441 3856 2775 3923 clericorum,
2804 3872 2842 3910 a
2863 3857 3255 3914 subdiaconatu
3272 3862 3324 3912 et
3350 3873 3541 3928 supra,
3562 3874 3661 3928 per
3684 3861 3863 3913 totum

2257 3953 2434 4007 orbem
2464 3956 2787 4019 Romanum,
2825 3954 2994 4011 edicto
3025 3956 3302 4023 decretali,
3327 3958 3388 4011 in
3414 3960 3675 4011 aeternum
3718 3970 3862 4024 pro-

553 4048 757 4102 batiam
794 4040 1133 4113 Fuldensem,
1182 4067 1284 4121 pro
1334 4054 1636 4121 adulterio;
1688 4057 2149 4113 Momm-{ensem
2256 4050 2452 4119 hibuit,
2500 4067 2563 4106 ac
2605 4040 2849 4123 seipme
2872 4054 3135 4109 athletam
3171 4055 3272 4110 Dei
3306 4068 3407 4124 pro
3447 4055 3605 4110 domo’
3644 4056 3869 4110 Domini

548 4145 913 4214 episcopatum
938 4145 1101 4217 (quod
1123 4147 1296 4202 dicere
1317 4153 1371 4203 et
1399 4150 1594 4205 audire
1608 4153 1765 4218 nefas
1784 4155 1918 4221 est!)
1932 4169 2038 4223 pro
2055 4157 2150 4212 So-
2254 4167 2473 4206 murum
2498 4155 2791 4209 constituit.

546 4240 801 4296 dbmitica
837 4243 1194 4298 immunditia
1234 4246 1497 4302 vendidit.
1547 4249 1695 4315 Qua,
1726 4251 1778 4305 si
1813 4251 2149 4320 impudenter
2324 4253 2432 4307 XV
2466 4251 2814 4309 .Fasciculus
2839 4261 3179 4326 temporum,
3230 4269 3327 4311 seu
3355 4257 3657 4313 Wernerus
3684 4252 3858 4309 Bole-

546 4353 746 4409 negare
773 4341 1023 4406 volueris,
1056 4346 1184 4399 teste
1224 4345 1370 4412 caelo,
1408 4350 1536 4401 teste
1575 4352 1745 4411 terra,
1775 4365 1952 4406 omnes
1985 4354 2145 4408 etiam
2257 4348 2446 4406 winck
2474 4370 2487 4405 :
2511 4352 2618 4405 Iste
2641 4351 2929 4420 Gregorius
2953 4353 3070 4419 fuit
3085 4355 3171 4407 vir
3187 4357 3420 4417 sanctus,
3445 4353 3711 4408 etmultas
3725 4367 3859 4422 per-

546 4452 583 4490 a
617 4438 781 4505 furno
821 4440 1100 4496 redeuntes
1139 4443 1293 4497 scioli
1327 4444 1636 4500 cancludent
1652 4464 1669 4497 :
1707 4449 1867 4516 Ergo,
1899 4449 2146 4506 dominus
2254 4450 2543 4503 secutiones
2566 4464 2669 4518 pro
2683 4449 2908 4519 justitia
2934 4466 3219 4522 perpessus
3248 4457 3346 4508 est.
3387 4454 3489 4508 Hic
3524 4456 3686 4507 antea
3714 4450 3861 4506 dice-

544 4535 809 4592 Henricus
850 4538 1134 4594 haereticus
1175 4544 1270 4595 est.
1320 4544 1424 4597 Pro
1462 4544 1653 4612 quibus
1694 4546 1949 4612 nefandis
1995 4549 2151 4603 malis
2178 4548 2228 4610 D
2262 4545 2423 4600 batur
2469 4547 2891 4612 Hildebrandus,
2918 4552 3074 4619 prior
3115 4552 3507 4619 Cluniacensis;
3535 4554 3587 4607 et
3621 4551 3739 4619 fuit
3781 4550 3856 4606 le-

543 4634 613 4688 ab
643 4636 931 4704 apostolica
960 4638 1083 4693 sede
1129 4643 1635 4707 eacommunicatus,
1682 4660 1776 4699 nec
1800 4661 2021 4715 regnum
2050 4665 2143 4702 nec
2250 4649 2409 4714 gatus
2442 4647 2499 4698 in
2528 4646 2728 4717 Gallia,
2767 4651 2819 4701 et
2845 4648 2979 4705 dure
3002 4652 3259 4720 processit
3288 4655 3475 4706 contra
3504 4650 3853 4706 Simoniacos.

536 4735 853 4802 potestatem
876 4736 1116 4806 aliquam
1140 4754 1304 4808 super
1348 4756 1459 4809 nos,
1489 4744 1621 4810 quia
1663 4743 1912 4798 catholici
1938 4760 2139 4809 sumus,

534 4831 740 4899 poterit
773 4831 1029 4889 obtinere.

614 4925 766 4983 Infra
793 4927 945 4985 idem
978 4929 1286 5002 Stephanus
1320 4956 1331 4991 :
1370 4936 1523 5003 Quod
1548 4954 1670 4994 vero
1708 4956 1910 5011 papam
1939 4944 2143 5012 Grego-

540 5023 716 5087 rium,
761 5040 939 5094 regem
984 5028 1341 5100 Radolphum,
1386 5036 1742 5091 marchianem
1790 5040 2142 5109 Eggebertum

533 5124 760 5199 pessimi
804 5125 1055 5182 interitus
1099 5128 1350 5198 damnas,
1381 5135 1434 5185 et
1469 5131 1747 5189 dominum
1788 5140 1957 5202 tuum,
2009 5142 2138 5209 quia

542 5220 655 5276 illis
682 5228 949 5292 superstes
982 5230 1083 5290 est,
1116 5226 1397 5297 boni/laus;
1445 5229 1615 5299 liquet
1636 5234 1879 5301 profecto
1900 5234 1970 5289 ab
1998 5240 2144 5291 omni

537 5319 820 5387 spirituali
847 5325 898 5375 te
924 5324 1227 5392 cognitione
1257 5340 1473 5381 manere
1514 5341 1763 5384 vacuum.
1802 5332 1985 5388 Nonne
2023 5333 2139 5390 bea-

540 5415 649 5470 tius
704 5420 784 5471 est
833 5417 958 5473 bene
1006 5422 1162 5484 mori,
1216 5437 1383 5491 quum
1436 5425 1579 5480 male
1622 5428 1839 5482 vivere?
1895 5451 1920 5477 α
1984 5433 2142 5488 Beati

534 5511 697 5577 enim,
739 5512 837 5581 qui
857 5518 1276 5583 persecutionem
1296 5522 1590 5589 patiuntur
1627 5530 1846 5596 propter
1866 5528 2137 5597 justitiam

539 5603 757 5676 (Matth.
785 5608 868 5679 ν).
902 5632 930 5660 ιι
957 5614 1077 5669 Jam
1094 5619 1147 5671 et
1180 5617 1455 5687 Neronem,
1511 5622 1644 5689 quia
1681 5626 1934 5694 apostolis
1982 5631 2139 5685 Pet-ro

536 5709 589 5759 et
629 5709 826 5776 Paulo;
870 5709 993 5780 jam
1038 5716 1089 5768 et
1133 5716 1413 5781 Herodem,
1460 5722 1592 5788 quia
1636 5723 1824 5779 Iacobo
1863 5727 2134 5794 apostolo;

523 5802 645 5871 jam
683 5810 735 5861 et
781 5809 1043 5875 Pilatum,
1075 5815 1205 5883 quia
1233 5817 1457 5873 Domino
1503 5821 1627 5875 Iesu
1655 5821 1863 5877 Christo
1892 5798 2134 5891 supervi-

2252 4744 2545 4811 Quemdam
2575 4748 2736 4801 etiam
2786 4750 3093 4819 episcopum
3133 4750 3458 4805 miraculose
3503 4751 3628 4804 vicit
3671 4749 3738 4804 de
3766 4750 3858 4806 Si-

2248 4844 2457 4910 monia;
2496 4846 2626 4914 quia
2652 4861 2758 4901 non
2778 4850 2959 4917 potuit
2984 4850 3346 4906 contradicere
3371 4850 3612 4920 Spiritui
3641 4853 3854 4904 sancta.

2249 4944 2441 4999 Factus
2466 4951 2648 5001 autem
2670 4963 2842 5019 papa,
2868 4949 3134 5019 synodum
3162 4950 3472 5018 celebravit,
3509 4950 3571 5003 in
3593 4964 3703 5019 qua
3727 4963 3855 5003 con-

2251 5044 2340 5095 tra
2362 5057 2443 5097 eos
2461 5045 2630 5099 simili
2653 5046 2765 5100 zelo
2773 5047 3049 5115 processit,
3074 5051 3124 5101 et
3143 5051 3331 5102 contra
3352 5046 3691 5117 presbyteros
3709 5062 3857 5101 uaro-

2248 5144 2393 5195 ratos
2408 5182 2425 5203 ,
2466 5143 2753 5198 amovenda
2786 5159 2867 5198 eos
2896 5159 2931 5197 a
2969 5144 3155 5199 divino
3188 5146 3385 5214 ofﬁcio.
3430 5147 3670 5201 Fuerunt
3708 5146 3857 5200 enim

2250 5240 2490 5307 tempora
2523 5239 2659 5292 satis
2687 5237 2870 5292 arida.
2891 5241 2961 5293 Et
2995 5242 3125 5308 quia
3156 5240 3393 5309 justitia:
3432 5242 3665 5310 rigorem
3701 5241 3854 5295 visus

2249 5338 2327 5389 est
2356 5338 2531 5389 tenere
2571 5335 2727 5389 solito
2756 5350 2919 5398 more,
2951 5341 3135 5392 contra
3174 5352 3292 5393 eum
3325 5338 3490 5392 multi
3530 5339 3853 5393 insurrexe-

2245 5440 2395 5490 runt.
2426 5437 2497 5490 Et
2527 5437 2707 5505 primo
2744 5436 3013 5503 Cinthius,
3037 5441 3296 5510 prafecti
3315 5442 3483 5510 ﬁlius,
3508 5455 3630 5496 eum
3667 5441 3851 5510 accpit.

2247 5550 2365 5588 cum
2402 5535 2641 5602 primam
2667 5536 2889 5592 missam
2918 5540 2977 5593 in
3014 5544 3161 5594 nocte
3196 5541 3515 5598 Nativitatis
3541 5538 3850 5603 celebraret,

2246 5635 2296 5685 et
2321 5632 2381 5683 in
2408 5633 2559 5685 tur-ri
2577 5647 2681 5687 sua
2699 5636 2922 5705 posuit;
2945 5637 3040 5692 sed
3057 5639 3286 5694 Romani
3311 5640 3511 5693 tunim
3530 5638 3848 5704 destruunt,

2246 5734 2299 5784 et
2322 5743 2524 5798 papam
2547 5730 2797 5800 liberant,
2831 5739 2883 5789 et
2911 5735 3183 5792 Cinthium
3207 5742 3365 5792 ewtra
3390 5737 3578 5791 urbem
3598 5736 3843 5805 ejiciunt.

2244 5828 2446 5883 Deinde
2492 5830 2869 5900 imperatorem
2904 5838 3381 5893 eacommunicavit
3411 5841 3642 5908 propter
3675 5837 3847 5894 dissi—
