4106 6182
233 312 334 366 209

990 299 1550 371 ‘PROLEGOMENA.
1589 344 1662 355 —
1699 256 2038 372 APOLOGIA
2079 317 2212 380 PRO
2252 317 2598 373 GREGORIO
2636 318 2745 372 vn.

3428 322 3534 375 210

232 435 405 490 dium.
431 434 545 502 Qui
553 436 680 505 post
701 433 916 490 veniens
959 434 1032 490 ad
1065 426 1262 505 ipsum,
1294 442 1345 491 et
1369 438 1622 506 pluribus
1642 439 1829 501 diebus
1859 449 1910 508 Α
2010 443 2084 497 De
2115 439 2311 497 eodem
2343 439 2599 512 pontiﬁce
2639 438 2786 495 idem
2830 394 3122 498 Bertoldus
3150 456 3296 497 anno
3332 440 3535 498 Christi
3644 496 3657 504 ,

233 521 400 582 nudk
424 527 683 598 pedibus}
705 543 867 599 super
887 530 1112 598 glaciem
1139 534 1311 597 stans,
1335 532 1430 585 vir
1448 531 1833 588 absolutionem

232 624 563 692 impetravit.
596 621 701 679 Sed
726 627 1019 692 imperator
1035 638 1145 677 non
1163 627 1534 693 perseveravit
1560 627 1619 679 in
1639 628 1833 681 humili

232 715 554 778 obedientia,
588 731 756 785 quam
789 718 968 786 capit.

300 808 457 864 XVI.
482 807 702 877 Paulus,
734 807 1161 865 Bernriedensis.

299 902 479 957 XVII.
536 900 826 959 Gerochus
868 902 1442 974 ReicherSpergensis,
1486 904 1556 961 de
1592 912 1831 976 utroque

233 995 342 1052 ista
388 995 713 1052 Aventinus
756 995 900 1052 libro
938 1011 975 1049 ν
1031 995 1331 1054 Annalium
1364 996 1627 1071 Bojorum
1663 1001 1837 1069 :Legi

230 1089 453 1155 multos,
474 1091 779 1160 prasertim
803 1090 1032 1145 Paulum
1052 1091 1510 1159 Bernriedensem,
1536 1092 1829 1149 Gerochum

230 1183 786 1253 Reicherspergensem
802 1185 1118 1247 antistitem,
1151 1186 1589 1254 Augustinianos
1602 1190 1827 1255 mystas,

228 1280 285 1330 in
313 1278 537 1346 Bojaria
574 1280 736 1331 ortos.
784 1279 1015 1346 Uterque
1051 1279 1117 1333 de
1151 1278 1520 1347 hujuscemodi
1560 1279 1830 1334 discordia

224 1372 528 1440 perniciosa
546 1369 718 1425 libros
734 1369 938 1437 edidit;
964 1375 1189 1440 uterque
1208 1386 1345 1441 pars
1374 1372 1536 1441 hujus
1568 1374 1831 1427 tumultus

226 1466 365 1532 fuit:
384 1464 498 1527 ille,
527 1463 957 1534 Beginoburgii;
979 1464 1086 1532 hic,
1112 1465 1375 1534 Augustae
1385 1467 1678 1535 primariae
1696 1467 1829 1521 (edis

228 1557 492 1619 sacerdos.
543 1558 720 1613 Ambo
772 1558 929 1612 rebus
979 1558 1344 1613 Hildebrandi
1406 1558 1678 1626 studuere,
1725 1566 1829 1614 etc.

230 1652 539 1706 Heinricum
558 1653 785 1721 stupris,
815 1652 1111 1714 amoribus,
1152 1651 1510 1721 impudicitia:
1531 1658 1582 1706 et
1607 1652 1823 1708 adulte-

228 1746 299 1798 rii
320 1747 586 1813 ﬂagrasse
612 1746 873 1812 infamia,
919 1761 986 1799 ne
1012 1747 1177 1799 amici
1201 1746 1418 1815 quidem
1454 1750 1674 1815 negant,
1718 1754 1825 1801 etc.

1944 539 2084 599 1075
2125 553 2138 588 :
2187 535 2397 590 Cincius
2439 534 2667 603 quidam
2713 537 2985 590 Romanus
3031 536 3160 591 civis
3215 537 3536 606 Gregorium
3572 540 3575 543 “

1934 642 2158 697 papam,
2197 628 2287 681 die
2328 629 2642 683 Nativitatis
2670 629 2901 689 Domi-ni,
2944 630 3235 684 missarum
3274 630 3535 684 solemnia

1939 718 2285 775 celebrantem
2311 720 2738 790 comprehendit,-
2794 736 2950 789 quem
2987 723 3071 776 ita
3107 722 3535 792 comprehensum

1937 813 2162 882 quidam
2181 828 2249 868 ea:
2277 813 2540 867 militibus
2566 814 2801 889 ejusdem
2828 815 2997 870 Cincii
3016 815 3245 871 occidere
3294 816 3532 871 destina-

1937 908 2034 961 vit.
2064 907 2169 963 Sed
2191 922 2310 961 cum
2349 906 2595 975 gladium
2620 921 2789 976 supra
2826 912 2986 977 caput
3015 907 3128 977 ejus
3153 908 3410 971 vibraret,
3443 911 3532 963 ni-

1938 1002 2046 1055 mio
2069 1003 2266 1056 terrore
2302 1004 2593 1069 correptus,
2632 1001 2859 1062 corruit,
2894 1014 2987 1054 nec
3030 987 3314 1071 inemptum
3366 1004 3532 1057 ictum

1941 1094 2155 1163 explere
2169 1095 2367 1163 potuit.

2010 1188 2283 1242 Recenset
2330 1184 2478 1242 idem
2522 1183 2815 1245 Bertoldus
2849 1185 3114 1242 nonnulla
3162 1184 3365 1243 divina
3415 1187 3533 1245 vin-

1937 1278 2097 1336 dicta:
2127 1279 2372 1352 exempla
2414 1278 2470 1334 in
2507 1277 2847 1335 adversarios
2896 1277 3143 1351 Gregorii
3175 1281 3274 1336 VII
3302 1288 3357 1335 et
3380 1282 3536 1336 Hen-

1937 1372 2038 1428 rici
2093 1372 2237 1446 regis
2271 1372 2519 1429 asseclas.
2579 1374 2716 1443 Qum
2765 1371 3044 1428 ascribere
3088 1372 3241 1428 lubet
3277 1391 3292 1428 :
3340 1374 3537 1428 Vercel-

1940 1467 2097 1522 lensis
2125 1469 2417 1537 episcopus,
2441 1465 2675 1535 depositi
2692 1468 2835 1535 regis
2868 1466 3242 1529 cancellarius,
3273 1482 3393 1521 cum
3422 1482 3535 1521 om-

1937 1561 2094 1615 nibus
2119 1562 2236 1615 suis
2271 1560 2585 1630 sequacibus
2622 1560 2941 1629 colloquium
2985 1560 3227 1628 generale
3259 1561 3405 1615 circa
3430 1563 3540 1615 Ka—
3578 1608 3589 1613 _

1939 1653 2123 1709 lendas
2149 1655 2288 1709 Maii
2312 1655 2373 1706 in
2387 1653 2705 1710 Rumalibus
2725 1654 2995 1719 condixit,
3016 1657 3098 1719 ut,
3116 1653 3165 1707 si
3184 1653 3365 1723 aliquo
3383 1653 3539 1708 modo

1932 1752 2129 1816 posset,
2169 1748 2487 1815 Gregorium
2525 1762 2735 1816 papam
2780 1747 3100 1817 deponeret;
3157 1746 3251 1801 sed
3287 1747 3419 1816 ipse,
3464 1746 3539 1801 ad

229 1840 551 1906 Gregorium
580 1841 760 1893 virum
798 1841 1197 1894 sanctissimum
1222 1841 1633 1908 pervicaciorem
1657 1842 1830 1894 emsti—
1861 1819 1906 1881 Β
1941 1840 2181 1894 eumdem
2213 1842 2506 1895 terminum
2530 1840 2731 1909 absque
2764 1840 3115 1894 ecclesiastica
3151 1841 3535 1903 communione,

228 1934 349 1987 tisse
403 1933 611 1986 Paulus
646 1931 1087 2001 LBernriedensis,
1135 1934 1235 2001 qui
1284 1932 1399 2001 ejus
1456 1934 1638 1987 Vitam
1680 1933 1834 1989 libris

228 2026 431 2080 duobus
476 2026 781 2095 complexus
808 2030 908 2088 est,
936 2030 986 2081 et
1024 2026 1229 2095 reliqui
1268 2026 1381 2096 ejus
1403 2029 1649 2096 partium
1680 2043 1832 2082 acer-

230 2122 360 2174 rimi
379 2123 821 2189 propugnatores
840 2120 1107 2190 produnt.

294 2211 536 2286 Quaesivi
559 2211 699 2268 duos
731 2211 897 2268 hosce
939 2220 1193 2268 auctores
1220 2212 1278 2267 in
1323 2212 1552 2268 Bavaria
1593 2221 1648 2269 et
1679 2221 1830 2270 extra

228 2304 534 2378 diligenter,
567 2304 764 2377 partim
793 2319 940 2372 mea,
962 2305 1164 2376 partim
1189 2304 1500 2362 amicorum
1518 2321 1705 2378 opera,
1728 2322 1831 2363 nec

227 2398 398 2471 reperi
420 2418 440 2465 ;
471 2412 608 2455 cum
625 2406 811 2455 tamen
833 2406 1051 2455 eertum
1069 2397 1139 2467 sit
1158 2398 1440 2471 utriusque
1470 2409 1829 2457 monumenta

226 2493 333 2548 visa
355 2500 413 2547 et
437 2491 602 2559 lecta,
631 2489 816 2549 forsan
842 2498 897 2548 et
927 2491 1160 2563 expilata
1183 2507 1299 2548 esse
1318 2492 1387 2548 ab
1417 2492 1714 2559 Aventino,
1736 2494 1827 2565 qui

227 2584 417 2642 eodem
441 2584 592 2641 libro
633 2584 824 2657 quinto
859 2583 999 2651 haec,
1043 2600 1165 2657 quae
1206 2583 1274 2641 de
1320 2584 1831 2658 WilhelmoTraie-

226 2678 393 2734 densi
439 2677 758 2751 accipienda
801 2676 1063 2734 videntur
1118 2697 1130 2732 :
1174 2680 1378 2735 Paulus
1425 2680 1827 2736 Berniiedensis

226 2776 418 2826 narrat
442 2773 749 2842 episcopum
780 2772 1086 2842 quemdam,
1126 2772 1254 2827 dum
1277 2788 1378 2842 pro
1415 2775 1656 2828 concione
1701 2775 1827 2829 Hil-

225 2864 572 2920 debrandum
594 2867 949 2935 vituperaret,
973 2867 1207 2933 fulmine
1225 2870 1427 2921 tactum
1444 2882 1571 2929 esse,
1599 2867 1831 2936 dumque

222 2963 411 3027 ageret
439 2961 718 3022 animam,
740 2960 944 3013 dia-isse
983 2976 1001 3012 :
1054 2978 1081 3010 «
1111 2962 1271 3029 Ignea
1297 2964 1485 3015 catena
1519 2962 1831 3016 constrictus

223 3053 407 3107 trahar
436 3052 516 3106 ad
538 3053 778 3119 inferos;
804 3054 896 3119 ite,
917 3054 1173 3107 nuntiate
1198 3054 1416 3115 Casari,
1448 3057 1510 3107 ut
1528 3055 1829 3123 resipiscat,

221 3151 270 3200 et
304 3148 587 3215 ﬂagitium
628 3148 686 3199 in
716 3150 904 3214 Deum,
926 3146 1111 3201 divum
1150 3149 1386 3214 Petrum,
1429 3147 1544 3218 ejus
1566 3148 1833 3201 vicarium

224 3242 584 3301 commissum,
633 3239 831 3308 ofﬁciis
861 3244 1175 3309 compenset,
1200 3240 1307 3294 nisi
1334 3254 1417 3294 me
1441 3240 1831 3295 antecedentem

222 3333 292 3387 ad
326 3339 539 3387 (eterna
567 3332 836 3402 supplicia
855 3333 1112 3402 subsequi
1144 3333 1321 3388 malit.
1346 3352 1372 3383 »
1403 3333 1602 3389 Eodem
1625 3349 1833 3403 quoque

221 3427 329 3489 die,
368 3440 566 3496 nempe
584 3426 935 3496 paschalibus
973 3430 1167 3496 quarto
1196 3427 1318 3480 Kal.
1357 3428 1566 3489 Martii,
1601 3430 1664 3480 ut
1689 3427 1832 3482 idem

224 3520 429 3576 Paulus
469 3521 686 3582 recitat,
710 3521 980 3590 episcopus
998 3520 1295 3589 Spirensis,
1330 3521 1583 3589 Gregorio
1610 3522 1833 3589 septimo

224 3616 474 3685 iniquus,
501 3613 571 3666 ab
600 3611 779 3668 eodem
802 3612 1056 3668 Kalendis
1078 3613 1295 3667 Martiis
1320 3614 1558 3681 devotus,
1588 3614 1833 3668 animam

225 3708 459 3775 efflavit.
490 3706 747 3774 Gregorio
804 3706 1086 3762 Salernum
1133 3708 1368 3776 profugo
1408 3706 1666 3770 intrante,
1703 3709 1832 3762 civis

225 3799 455 3870 quidam
480 3798 705 3853 diaerat
747 3817 760 3854 :
793 3799 997 3855 Auctor
1023 3799 1397 3865 dissensionis,
1437 3804 1533 3870 qui
1550 3804 1716 3855 totum
1739 3817 1831 3856 or-

228 3893 342 3948 bem
370 3896 653 3948 terrarum
689 3894 859 3947 armis
884 3897 935 3947 et
983 3893 1132 3948 bellis
1183 3895 1428 3956 involvit,
1483 3894 1649 3963 hujus
1678 3896 1833 3950 urbis

222 4003 442 4058 quoque
469 3989 705 4058 quietem
734 3986 1158 4042 conturbaturus
1182 3987 1425 4042 advenit.
1452 3989 1580 4042 Mox
1604 3989 1713 4056 ille,
1747 3990 1833 4044 his

225 4082 413 4144 dictis,
436 4081 786 4147 obmutescit;
821 4079 1078 4135 deductus
1117 4080 1192 4135 ad
1228 4081 1563 4148 Gregorium,
1602 4096 1833 4136 errorem

228 4190 392 4229 mm
422 4178 728 4244 conﬁtetur,
762 4175 833 4228 ab
862 4173 1040 4230 eodem
1062 4175 1294 4230 sanitati
1328 4160 1656 4228 restituitur.

298 4269 517 4324 XVIII.
593 4265 883 4323 Bertoldus
938 4267 1386 4332 Constantiensis.
1429 4266 1487 4323 in
1539 4265 1833 4335 Chronico,

225 4362 269 4417 si
326 4371 527 4417 tamen
575 4357 822 4416 diversus
871 4367 957 4416 est
999 4376 1031 4415 a
1094 4360 1365 4418 Bernaldo
1412 4352 1832 4429 Constantiensi,

225 4455 387 4527 cujus
404 4468 560 4525 ,nova
586 4468 683 4524 pro
703 4453 970 4525 Gregorio
995 4454 1093 4507 VII
1121 4453 1429 4509 testimonia
1443 4453 1560 4526 jam
1590 4454 1834 4525 primum

1942 1935 2114 1987 vitam
2145 1933 2311 1987 simul
2352 1939 2402 1989 et
2445 1933 2966 2002 episcopatum,,heu
3017 1932 3401 1987 miserabiliter
3419 1936 3438 1987 .'
3457 1933 3539 1986 de-

1936 2028 2142 2096 posuit,
2167 2042 2271 2096 quo
2296 2027 2390 2081 ille
2409 2042 2619 2097 papam
2648 2028 2881 2093 nafaria
2905 2028 3329 2097 praesumptione
3350 2028 3541 2081 statuit

1941 2120 2221 2191 deponere.
2253 2122 2369 2177 Non
2394 2120 2562 2174 multo
2580 2123 2704 2189 post
2727 2119 2842 2188 ejus
2900 2121 3201 2181 interitum,
3244 2120 3539 2188 praefectus

1940 2217 2195 2270 Romana:
2214 2213 2385 2276 urbis,
2415 2213 2717 2280 indefessus
2732 2213 2885 2267 miles
2922 2213 2978 2269 S.
3019 2213 3168 2268 Petri
3182 2216 3367 2266 contra
3394 2212 3534 2267 schi-

1938 2308 2210 2374 smaticos,
2255 2322 2290 2360 a
2324 2305 2559 2376 quodam
2609 2306 2827 2373 fautore
2865 2305 3388 2360 Henricicrudelitcr
3415 2306 3542 2359 occi-

1938 2400 2124 2465 ditur;
2153 2400 2229 2454 ad
2256 2399 2407 2469 cujus
2437 2414 2625 2468 corpus
2653 2401 2713 2453 in
2730 2414 2910 2470 parvo
2939 2402 3194 2468 tempore,
3219 2399 3347 2468 plus
3371 2413 3538 2466 quam

1936 2496 2141 2562 viginti
2166 2494 2432 2547 miracula
2464 2494 2818 2561 contigerunt,
2841 2496 2904 2547 ut
2937 2492 3180 2561 ﬁdelium
3202 2493 3444 2546 virorum
3461 2506 3541 2547 re-

1940 2586 2136 2641 latione
2154 2586 2465 2641 didicimus.
2491 2586 2722 2642 Imbrico
2750 2586 3106 2654 Augustensis
3127 2587 3419 2656 episcopus,
3444 2587 3545 2655 qui

1936 2681 1994 2733 in
2014 2680 2292 2749 praeterito
2328 2680 2535 2735 Pascha
2582 2679 2862 2748 Rudolpho
2906 2681 3028 2747 regi
3052 2678 3370 2748 ﬁdelitatem
3394 2681 3542 2749 jura-

1935 2774 2031 2840 vit,
2056 2773 2134 2826 nil
2162 2771 2227 2826 de
2262 2770 2505 2842 perjurio
2542 2786 2761 2834 curans,
2794 2773 3018 2827 Henrico
3044 2771 3352 2827 advenienti
3371 2772 3545 2827 adlue-

1936 2868 2028 2928 sit,
2045 2869 2096 2919 et
2124 2866 2280 2934 apud
2306 2866 2466 2930 illum
2484 2865 2720 2934 quadam
2748 2864 2834 2918 die
2864 2866 3086 2919 missam
3131 2866 3359 2930 faciens,
3402 2866 3541 2919 hanc

1938 2959 2043 3013 sibi
2080 2958 2433 3013 conditionem
2477 2960 2638 3011 miser
2691 2959 2944 3026 imposuit
2977 2962 3040 3010 ut
3065 2972 3218 3012 sacra
3256 2957 3540 3011 oblationis

1933 3054 2206 3122 perceptio
2229 3054 2289 3105 in
2306 3050 2578 3120 judicium
2612 3052 2662 3106 ei
2697 3051 3022 3120 proveniret,
3052 3052 3105 3104 si
3143 3051 3401 3106 Dominus
3426 3049 3540 3118 ejus

1942 3147 2208 3201 Henricus
2233 3160 2461 3213 regnum
2485 3145 2594 3201 sibi
2634 3144 2831 3214 injuste
2879 3148 3189 3214 usurparet.
3230 3145 3356 3198 Post
3406 3144 3542 3198 hanc

1941 3239 2285 3293 temerariam
2301 3239 2724 3307 perceptionem,
2736 3228 2904 3307 parvo
2926 3237 3067 3308 quod
3084 3238 3392 3307 supervixit
3421 3240 3543 3291 tem-

1932 3348 2064 3403 pore
2099 3347 2267 3402 usque
2304 3331 2379 3385 ad
2421 3335 2644 3386 mortem
2687 3346 2970 3400 nunquam
3007 3346 3061 3386 se
3091 3345 3288 3385 sanum
3320 3330 3386 3385 de
3412 3331 3540 3385 lecto

1940 3426 2155 3480 levavit.
2216 3426 2358 3481 Nam
2399 3426 2539 3479 circa
2574 3425 2696 3486 Kal.
2752 3425 2888 3479 Julii
2940 3424 3140 3494 absque
3188 3424 3541 3478 ecclesiastica

1939 3520 2297 3574 communione
2362 3517 2653 3584 defunctus
2708 3521 2800 3572 est.
2830 3519 2958 3572 Item
3004 3516 3332 3585 Sigehardus
3375 3516 3542 3586 Aqui-

1940 3613 2150 3667 leiensis
2180 3611 2503 3681 patriarcha
2537 3614 2594 3665 in
2627 3593 2903 3665 auailium
2949 3612 3175 3665 Henrico
3204 3613 3388 3664 contra
3416 3609 3543 3663 ban-

1938 3722 2068 3761 num
2096 3703 2401 3775 apostolici,
2432 3708 2649 3759 armata
2693 3719 2861 3758 manu
2881 3705 3115 3771 veniens,
3162 3704 3220 3757 in
3247 3704 3542 3757 amentiam

1938 3801 2172 3865 vertitur
2197 3799 2347 3869 apud
2372 3800 2745 3868 Ratisponam,
2796 3801 2848 3852 et
2874 3813 2942 3852 ea:
2966 3798 3082 3867 ipso
3112 3799 3321 3875 itinere
3359 3812 3543 3866 repen-

1941 3895 2059 3948 tina
2077 3896 2247 3947 morte
2265 3894 2628 3962 intercipitur,
2659 3893 2838 3960 sicque
2880 3891 3116 3959 domum,
3160 3905 3268 3945 non
3293 3892 3405 3945 sine
3432 3890 3543 3944 ali-

1938 3987 2130 4057 quibus
2158 4001 2379 4042 suorum
2399 3984 2706 4053 funeribus,
2736 3987 2796 4039 in
2838 3999 3055 4054 corpore
3082 3988 3133 4039 et
3172 3986 3360 4038 anima
3393 3999 3541 4039 mor-

1947 4084 2096 4150 tuus,
2126 4080 2526 4151 reportabatur.
3390 4078 3395 4087 ί

2013 4173 2168 4229 ldem
2197 4172 2505 4243 Bertoldus,
2536 4188 2679 4230 anno
2732 4176 2870 4229 1085
2900 4172 3043 4229 :Sed
3083 4171 3209 4241 ja’m
3239 4170 3397 4227 'Deus
3433 4186 3543 4226 om-

1943 4269 2189 4337 nipotens
2230 4268 2505 4334 famulum
2544 4282 2702 4322 suum
2750 4267 3072 4335 Gregorium
3106 4280 3313 4336 papam
3360 4264 3544 4320 nolens

1942 4362 2153 4416 diutius
2173 4361 2444 4424 laborare,
2466 4363 2574 4415 imo
2593 4376 2694 4430 pro
2720 4360 2996 4415 laboribus
3022 4360 3136 4414 suis
3164 4359 3327 4427 digne
3368 4365 3565 4413 remu-‘

1941 4470 2127 4509 nerare
2144 4450 2341 4522 volens,
2369 4454 2434 4509 de
2463 4454 2623 4524 hujus
2659 4454 2788 4507 vitae
2837 4452 3102 4521 ergastulo
3155 4467 3275 4506 eum
3311 4454 3539 4507 vocavit.

225 4550 277 4604 in
299 4549 490 4604 lucem
518 4546 833 4619 promimus
863 4566 876 4601 :
927 4550 1109 4603 Romae
1138 4547 1453 4603 Alemander
1483 4563 1634 4618 papa
1659 4549 1830 4603 deces-
1862 4580 1912 4643 Β
1937 4550 2076 4604 Nam
2095 4548 2377 4617 aliquanto
2404 4552 2635 4618 tempore
2671 4547 2916 4615 graviter
2958 4560 3173 4615 corpore
3201 4546 3540 4613 inﬁrmatus,

223 4645 321 4707 sit;
350 4656 461 4713 pro
492 4656 599 4711 quo
639 4640 959 4695 venerabilis
986 4640 1407 4701 Hildebrandus,
1439 4643 1698 4697 Romana:
1726 4645 1827 4697 Ec-

225 4737 406 4791 clesiae
456 4733 864 4788 archidiaconus
886 4773 904 4801 ,
1005 4736 1275 4789 communi
1322 4736 1562 4789 omn-ium
1619 4736 1837 4791 consilio

228 4829 517 4901 expetitur
534 4842 687 4897 papa
731 4827 1148 4883 emistituendus.
1200 4828 1321 4898 Quo_
1353 4829 1562 4891 audito,
1599 4830 1713 4900 ipse
1748 4846 1840 4884 ar-

227 4923 586 4978 chidiaconus
612 4935 666 4976 se
700 4921 910 4975 viribus
961 4936 1069 4976 esse
1118 4923 1380 4992 imparem
1431 4926 1581 4977 tanto
1627 4922 1833 4986 honori,

226 5020 331 5072 imo
361 5017 546 5079 oneri,
583 5018 861 5086 reputans,
906 5014 1149 5070 inducias
1194 5014 1557 5084 respondendi
1584 5018 1764 5085 petiit,
1785 5020 1837 5071 et

225 5114 300 5166 sic
326 5113 480 5182 fuga
528 5108 764 5179 elapsus,
817 5108 1029 5178 aliquot
1063 5108 1174 5164 dies
1219 5106 1293 5162 ad
1331 5109 1555 5163 Vincula
1604 5110 1661 5164 S.
1692 5110 1841 5164 Petri

228 5206 535 5260 ocadtatus
557 5203 737 5257 latuit.
760 5198 868 5258 Sed
892 5201 1112 5256 tandem
1136 5203 1234 5256 via:
1253 5203 1514 5269 incentus,
1546 5206 1597 5257 et
1618 5202 1692 5256 ad
1718 5218 1837 5272 apo-

225 5300 477 5353 stolicam
521 5295 701 5350 sedem
752 5296 813 5350 vi
849 5294 1139 5368 perductus
1162 5337 1176 5357 ,
1221 5310 1369 5365 papa
1410 5296 1565 5353 CLIX
1616 5298 1837 5366 septimo

231 5391 463 5446 Kalend.
508 5390 652 5445 Maii
676 5387 984 5448 ordinatur,
1031 5390 1080 5441 et
1132 5387 1417 5456 Gregorius
1462 5390 1563 5444 VII
1604 5390 1838 5459 appella-

229 5490 341 5539 tur.
370 5482 543 5552 Cujus
560 5480 885 5551 prudentia,
909 5492 1015 5533 non
1052 5480 1223 5534 solum
1250 5482 1308 5534 in
1344 5482 1532 5549 Italia,
1558 5482 1653 5537 sed
1682 5485 1841 5537 etiam

228 5580 287 5632 in
314 5576 621 5633 Teutonicis
656 5572 935 5645 partibus,
964 5573 1255 5639 refrenata
1284 5578 1359 5628 est
1396 5576 1734 5631 sacerdotum
1763 5576 1847 5629 in-

235 5670 606 5725 minent-ia.-
638 5667 873 5733 scilicet,
900 5664 1407 5735 quodprwdecessor
1437 5668 1550 5737 ejus
1581 5670 1641 5722 in
1669 5669 1847 5736 Italia,

229 5764 327 5818 hoc
369 5765 490 5831 ipse
540 5763 599 5813 in
638 5763 749 5816 tota
800 5761 875 5815 Ec
904 5757 1035 5813 lesia
1085 5758 1348 5813 catholica
1394 5761 1676 5830 prohibere
1725 5765 1837 5816 stu-

231 5855 384 5913 duit.

1942 4640 2035 4696 sed
2054 4643 2110 4695 in
2140 4641 2451 4708 defensione
2468 4641 2704 4711 justitice
2729 4654 2899 4710 usque
2939 4639 3014 4693 ad
3041 4643 3265 4694 mortem
3293 4640 3544 4709 ﬁrmissi-

1944 4750 2083 4797 mus,
2105 4735 2324 4791 Salerni
2346 4735 2490 4789 diem
2514 4734 2714 4788 clausit
2740 4737 3057 4788 eictremum.
3091 4736 3166 4789 De
3196 4732 3348 4802 cujus
3394 4733 3545 4787 obitu

1942 4844 2119 4884 omnes
2146 4828 2386 4896 religiosi
2424 4829 2708 4896 utriusque
2734 4841 2920 4895 sexus,
2949 4831 3001 4881 et
3022 4828 3257 4881 maxime
3278 4841 3544 4897 pauperes
3618 4876 3621 4879 η

1943 4922 2249 4977 doluerunt.
2272 4924 2410 4977 Erat
2448 4918 2591 4976 enim
2618 4921 2893 4976 catholica
2910 4920 3184 4990 religionis
3208 4920 3543 4987 ferventissi-

1942 5031 2059 5071 mus
2098 5017 2398 5078 institutor,
2439 5018 2489 5070 et
2539 5002 2903 5070 ecclesiastica:
2927 5013 3195 5070 libertatis
3241 5014 3545 5069 strenuissi-

1942 5124 2060 5163 mus
2090 5108 2358 5176 defensor.
2390 5109 2575 5166 Noluit
2600 5124 2732 5164 sane
2754 5112 2816 5163 ut
2854 5108 3237 5185 ecclesiasticus
3259 5107 3389 5163 ordo
3419 5122 3541 5161 ma-

1943 5203 2102 5257 nibus
2129 5203 2387 5257 laiccrum
2415 5202 2730 5273 subjaceret,
2751 5202 2844 5257 sed
2878 5202 3097 5265 eisdem,
3118 5206 3170 5257 et
3191 5216 3398 5256 morum
3424 5214 3542 5255 san-

1942 5298 2148 5359 ctitate,
2182 5301 2233 5350 et
2272 5296 2483 5352 ordinis
2507 5296 2768 5365 dignitate
2789 5296 3165 5365 praemineret
3179 5293 3369 5369 ;quod
3392 5294 3543 5347 illum

1945 5389 2115 5444 latere
2154 5405 2260 5443 non
2297 5391 2519 5461 poterit,
2549 5391 2857 5459 quicunque
2882 5389 3120 5458 ejusdem
3148 5388 3429 5459 apostolici
3455 5401 3546 5440 re—

1951 5487 2160 5553 gestum
2184 5483 2472 5551 diligenter
2482 5483 2792 5553 perlegerit.
2824 5484 3110 5552 Postquam
3157 5487 3335 5536 autem
3364 5482 3423 5549 in
3447 5496 3545 5549 gu-

1955 5575 2265 5631 bernatione
2283 5576 2424 5632 sedis
2449 5576 2775 5647 apostolicae,
2800 5576 2905 5629 imo
2934 5577 3098 5630 totius
3137 5574 3384 5630 Ecclesia:
3416 5573 3550 5626 duo-

1957 5668 2122 5723 decim
2163 5684 2326 5724 annos
2365 5673 2416 5724 et
2468 5684 2639 5723 unum
2679 5682 2912 5723 mensem
2961 5668 3196 5735 legitime
3234 5667 3546 5730 decertavit,

1954 5761 2171 5817 tandem
2220 5777 2287 5815 ea:
2312 5762 2414 5816 hac
2448 5762 2581 5829 luce,
2647 5776 2788 5816 anno
2837 5760 3233 5815 Incarnationis
3260 5758 3553 5814 Dominicce

1949 5859 2111 5915 1085,
2150 5855 2443 5910 indictione
2490 5859 2702 5921 octava,
2738 5867 2849 5907 vm
2886 5852 3007 5906 Kal.
3049 5852 3198 5905 Junii
3221 5848 3544 5907 subtractus,
