4106 6182
565 326 657 383 211

1800 319 1856 373 S.
1899 315 2282 372 GREGORIUS
2321 318 2409 371 VII
2453 318 2648 371 PAPA.

3761 320 3863 370 212

567 464 770 520 superm
806 448 1096 502 vocationis
1142 442 1372 515 βραϐεῖον
1401 443 1666 514 accepisse
1709 457 1815 497 non
1861 442 2164 504 dubitatur,
2197 445 2248 508 Α
2277 444 2510 512 cpiscopi
2520 442 2750 511 singuli,
2773 442 3158 512 missisapapa
3180 423 3432 510 Gregorio
3450 441 3863 518 epistoltsgprm-

567 544 807 613 scpultus
852 541 1062 596 Salerni
1103 541 1160 591 in
1207 535 1425 591 ecclesia
1462 537 1652 590 Sancti
1686 537 1954 603 Matthcei,
1999 553 2163 606 quam

573 641 684 708 ipse
713 635 891 690 eodem
914 648 1052 686 anno
1100 632 1389 687 dedicavit.
1421 631 1525 687 Sed
1567 632 1852 686 Guibertus
1891 632 2165 684 ΙιιΡ-νθςὶίιν-

571 729 950 792 cha‘,multum
1001 725 1066 778 de
1103 726 1251 779 obitu
1289 726 1404 794 ejus
1453 726 1763 787 laetabatur,
1807 726 1926 778 licet
1965 740 2161 794 parum

567 823 944 892 prosperitatis
959 834 1071 873 suce
1086 821 1240 888 parti
1264 821 1320 872 in
1357 835 1413 872 eo
1453 819 1770 872 lucraretur.
1814 821 1953 874 Nam
1982 833 2162 872 omnes

571 914 815 969 catholici
836 919 958 984 post
999 918 1218 968 mortem
1256 913 1464 966 domini
1507 913 1792 982 apostolici
1840 927 1944 966 non
1986 916 2162 967 minus

568 1023 730 1080 quam
760 1012 904 1070 ante,
928 1008 1096 1062 eidem
1124 1007 1493 1061 hceresiarcha:
1525 1009 1861 1068 restiterunt,
1885 1008 2164 1076 ipsumque

566 1102 633 1156 de
657 1105 825 1158 Roma
844 1105 1156 1157 Ravennam
1176 1100 1435 1170 repedare
1472 1101 1857 1170 compulerunt.

636 1196 803 1250 XIX.
827 1192 1160 1258 Bernardus,
1190 1193 1434 1264 primum
1459 1192 1966 1257 Constantiensium
2004 1191 2166 1247 scho-

566 1289 745 1344 larum
794 1287 1068 1357 magister,
1118 1294 1304 1357 postea
1361 1285 1665 1342 monachus
1709 1284 2049 1342 Corbeiensis
2105 1285 2163 1340 in

567 1382 822 1448 Saxonia,
848 1396 948 1452 pro
977 1380 1243 1451 Gregorio
1295 1382 1398 1437 VII
1441 1378 1749 1452 apologiam
1806 1378 2060 1451 scripsit,
2092 1379 2159 1434 de

566 1490 677 1547 quo
713 1473 1006 1530 Bertoldus
1047 1474 1485 1530 Constantiensis
1515 1473 1572 1528 in
1637 1473 1906 1529 Chronico
1954 1472 2021 1529 ad
2066 1489 2161 1528 an—

564 1583 698 1622 num
740 1572 876 1622 1088
923 1587 935 1622 :
987 1569 1295 1623 Bemiardus
1361 1569 1848 1623 Constantiensium
1914 1570 2166 1636 magister

563 1663 865 1716 scholarum
888 1704 902 1724 ,
932 1664 1018 1715 vir
1046 1662 1467 1725 eruditissimus,
1502 1664 1560 1715 in
1599 1678 1762 1715 causa
1807 1664 1865 1718 8.
1898 1660 2169 1732 Petrifer-

561 1756 921 1826 ventissimus,
960 1758 1014 1808 in
1066 1755 1305 1811 Samonia
1346 1756 1443 1810 sub
1484 1757 1784 1811 monastica
1837 1757 2170 1826 professione

562 1851 819 1917 migravit
847 1849 919 1903 ad
940 1851 1245 1904 Dominum.

633 1945 717 1998 De
748 1942 968 2009 eodem,
989 1941 1057 1998 ad
1087 1958 1295 1998 annum
1327 1947 1486 2010 1091,
1507 1942 1652 1999 idem
1676 1942 1965 1998 Bertoldus
1993 1961 2006 1998 :
2035 1947 2162 1998 Ber-

562 2038 769 2091 nardus
797 2053 1003 2107 quoque
1041 2039 1532 2093 Constantiensium
1556 2039 1859 2092 scholarum
1883 2040 2160 2107 magister,

562 2132 732 2185 multa
762 2131 913 2185 nobis
947 2133 1039 2184 sui
1068 2133 1276 2199 ingenii
1303 2136 1643 2186 monumenta
1679 2132 1923 2201 reliquit,
1968 2133 2166 2184 multa-

562 2241 663 2295 que
684 2240 786 2296 pro
812 2225 1089 2280 catholicis
1141 2229 1326 2279 contra
1373 2227 1731 2280 schismaticos
1784 2228 1874 2279 sui
1911 2228 2164 2295 temporis

561 2319 949 2387 elegantissime
973 2320 1209 2389 scripsit,
1232 2323 1283 2374 et
1303 2321 1546 2389 primum
1568 2321 1784 2388 quidem
1813 2321 1888 2373 ad
1907 2321 2163 2388 quosdam

559 2428 678 2466 suos
729 2414 944 2476 amicos,
995 2412 1060 2466 de
1095 2413 1307 2482 judicio
1339 2415 1590 2482 Gregorii
1631 2430 1791 2484 papa?
1845 2415 1947 2468 VII
2003 2428 2164 2482 super

561 2506 940 2567 schismaticis,
972 2509 1025 2560 et
1044 2506 1109 2560 de
1128 2509 1481 2561 sacramentis
1512 2511 1668 2560 erctra
1697 2507 2161 2562 Ecclesiamusur-

559 2603 728 2669 palis.
749 2603 935 2655 Postea
964 2602 1135 2654 etiam
1159 2601 1232 2654 ad
1257 2601 1607 2654 venerabilem
1637 2604 1983 2668 Hartungum
2010 2603 2164 2667 Mag-

560 2694 935 2761 deburgensem
1000 2697 1306 2763 episcopum
1356 2695 1420 2747 de
1459 2694 1642 2747 eadem
1689 2709 1859 2747 causa
1901 2709 2156 2761 magnum

559 2787 758 2839 librum
797 2785 1284 2842 luculentissimum
1314 2791 1621 2857 composuit,
1677 2803 1743 2841 er
1769 2802 1994 2856 persona
2027 2802 2157 2841 san-

557 2885 653 2935 ctae
683 2881 963 2947 Ecclesiae;
991 2883 1051 2936 in
1082 2899 1186 2951 quo
1225 2884 1542 2935 testimoniis
1578 2886 1885 2935 sanctorum.
1937 2884 2160 2935 Patrum

559 2990 736 3029 omnes
780 2976 1069 3029 insidiosas
1106 2977 1474 3030 cavillationes
1505 2976 1805 3029 earumdem
1863 2975 2161 3028 schismati-

559 3084 738 3122 corum
767 3070 1063 3138 prudenter
1106 3066 1399 3122 annulasse
1447 3068 1679 3121 videtur.
1704 3068 1827 3122 'Sed
1877 3069 1938 3120 in
1966 3068 2162 3121 eisdem

561 3165 777 3232 scriptis
802 3164 970 3214 nimio
1014 3164 1120 3214 zelo
1150 3163 1362 3228 ductus,
1407 3161 1609 3214 alicubi
1633 3162 1850 3214 modum
1876 3163 2162 3215 excessisse

2271 539 2470 590 moniti
2485 541 2633 603 sunt,
2653 539 2811 590 etiam
2829 537 3089 590 obsecrati
3097 552 3197 605 pro
3216 535 3548 588 observanda.
3567 538 3623 590 S.
3647 538 3797 590 Petro
3819 541 3867 588 et

2270 632 2382 701 ejus
2397 633 2594 685 vicario
2610 631 2927 692 obedientia,
2944 632 3217 684 inbanniti
3236 645 3452 698 quoque
3467 634 3517 684 et
3537 630 3632 682 sub
3651 630 3867 683 obtentu

2270 729 2358 780 sui
2377 726 2546 795 ofﬁcii
2567 730 2692 780 sunt
2721 727 2933 778 astricti
2960 741 3024 777 ne
3053 727 3168 791 regi
3193 725 3649 778 anathematizato
3675 729 3723 777 et
3752 723 3867 791 ejus

2271 821 2594 874 consilia-riis
2605 820 2899 872 nominatis
2911 819 3386 872 communicarent.
3403 821 3514 871 Iloc
3532 833 3744 884 novum,
3763 820 3870 870 sire

2273 929 2458 968 rarum
2472 915 2529 966 in
2548 928 2725 980 regem
2740 911 3049 975 anathema,
3065 916 3251 966 utrum
3272 927 3339 965 ea:
3355 912 3657 966 venditione
3673 913 3870 981 episco-

2267 1009 2484 1077 piorum
2501 1010 2550 1060 et
2571 1007 2940 1067 abbatiarum,
2961 1021 3032 1059 an
3050 1021 3116 1059 ea:
3136 1007 3248 1058 alia
3267 1007 3501 1072 infamia
3517 1020 3710 1058 causas
3729 1020 3869 1058 sum-

2266 1101 2610 1172 pseritpenes
2625 1115 2806 1153 earum
2823 1102 3048 1154 conscios
3064 1101 3152 1152 sui
3169 1104 3217 1152 et
3228 1099 3459 1168 judices.
3482 1099 3645 1155 Nobis
3661 1102 3870 1152 senten-

2273 1198 2354 1249 tia
2363 1196 2600 1265 pastoris
2618 1193 2853 1248 timenda
2869 1199 2965 1259 est,
2979 1195 3089 1248 sive
3101 1194 3276 1263 justo,
3291 1195 3400 1246 sive
3414 1192 3640 1261 injuste.
3662 1193 3873 1246 Praedi-

2273 1294 2387 1342 ctus
2415 1290 2556 1342 enim
2579 1291 2688 1358 pile
2723 1289 2996 1342 menzorim
3023 1302 3170 1356 papa
3205 1287 3522 1355 Gregorius,
3558 1286 3702 1341 velut
3728 1287 3870 1338 alter

2273 1386 2444 1450 Elias,
2484 1385 2681 1453 spiritu
2711 1383 3041 1451 Deiplenns,
3073 1384 3124 1435 et
3150 1382 3258 1434 zelo
3275 1381 3510 1449 justitim
3539 1385 3586 1433 et
3616 1381 3870 1433 veritatis

2270 1493 2541 1542 accensus,
2570 1475 2862 1530 sacerdotes
2911 1473 3080 1537 Baal,
3128 1490 3237 1528 non
3274 1475 3731 1544 quadringentos,
3775 1473 3871 1527 scd

2273 1573 2485 1641 inﬁnita
2515 1570 2691 1624 millia.
2713 1569 3097 1634 trucidaverat,
3127 1569 3282 1637 quia,
3315 1568 3396 1620 vel
3423 1582 3510 1621 eos
3533 1569 3632 1636 qui
3649 1582 3747 1636 per
3774 1568 3868 1621 Si-

2272 1667 2504 1720 monia-m
2552 1665 2903 1733 episcopatus,
2952 1663 3217 1723 abbatias,
3262 1663 3674 1731 prteposituras,
3722 1677 3870 1730 pra)-

2279 1759 2475 1813 bendas
2522 1759 2604 1811 rel
2651 1758 2894 1811 ecclesias
2931 1757 3302 1817 obtinuerant,
3349 1755 3449 1820 vel,
3482 1757 3582 1824 qui
3621 1757 3677 1808 in
3704 1769 3878 1808 sacera

2189 1861 2233 1921 Β
2267 1854 2410 1907 dotio
2437 1856 2533 1906 aut
2576 1853 2863 1905 diaconatu
2892 1867 3082 1904 umores
3123 1851 3446 1918 habuerant,
3475 1849 3582 1916 vel,
3608 1851 3706 1918 qui
3728 1865 3760 1902 a
3789 1849 3873 1903 Si-

2270 1948 2524 2000 moniacis
2561 1947 2643 1998 vel
2687 1945 3040 1998 schismaticis
3092 1944 3338 1996 ordinati
3387 1944 3634 2010 fuerant,
3687 1941 3870 2010 gladio

2268 2043 2420 2096 Petri
2446 2055 2621 2093 omnes
2651 2040 2815 2092 simul
2845 2043 3209 2093 truncaverat.
3251 2037 3479 2091 Proinde
3510 2038 3744 2092 istorum
3781 2038 3873 2089 in-

2268 2135 2492 2200 stinctu,
2529 2135 2790 2187 Ilciiricus
2827 2134 3120 2200 imperator
3149 2131 3469 2187 Guibertum
3513 2131 3873 2184 Ravennatem

2271 2227 2705 2288 hteresiarcham,
2736 2227 2960 2294 erpulso
2979 2226 3210 2291 pra’fato
3227 2239 3373 2293 papa
3395 2225 3664 2291 Gregorio,
3693 2227 3871 2279 Romae

2272 2321 2679 2374 inthronizavit.
2739 2319 2957 2373 Vide-res
2995 2331 3134 2371 nunc
3172 2318 3484 2370 naviculam
3517 2316 3659 2370 beati
3700 2317 3868 2382 Petri,

2270 2417 2435 2482 quasi
2473 2414 2765 2467 dormiente
2795 2413 3017 2466 interim.
3058 2413 3181 2464 Jesu.
3217 2409 3597 2480 propemodum
3628 2411 3799 2477 mergi
3821 2415 3873 2462 et

2271 2511 2637 2576 tempestatum
2659 2506 2894 2576 procella
2924 2508 3134 2566 remari,
3170 2505 3298 2558 dum
3325 2519 3504 2557 omnes
3522 2506 3796 2557 veritatem
3819 2509 3871 2557 et

2267 2602 2425 2671 ﬁdem.
2469 2602 2614 2654 beato
2667 2604 2825 2654 Petro
2868 2603 2921 2652 et
2961 2599 3075 2668 ejus
3113 2599 3311 2651 vicario
3351 2602 3642 2663 servantes,
3684 2598 3870 2650 autin

2266 2696 2442 2749 undas
2471 2697 2652 2748 mortis
2685 2695 2868 2746 diram
2897 2695 3128 2759 fremens
3162 2708 3221 2744 ac
3249 2694 3460 2758 fervens
3488 2692 3658 2744 salum
3699 2691 3874 2744 trahe-

2270 2790 2376 2851 bat,
2403 2792 2577 2842 autin
2599 2789 2815 2855 longum
2837 2787 3108 2852 exsilium,
3131 2787 3343 2854 patria,
3369 2786 3683 2851 honoribus,
3709 2784 3870 2838 rebus

2267 2888 2505 2936 extorres
2520 2883 2789 2951 jactabat.
2825 2883 3077 2950 Tempora
3103 2883 3356 2932 ni'inirum
3387 2883 3515 2932 tunc
3544 2878 3698 2931 valde
3722 2881 3873 2947 peri-

2267 2977 2452 3030 culosa
2488 2977 2787 3037 instabant,
2831 2991 2968 3040 cum,
3017 2979 3218 3043 prceter
3245 2972 3456 3027 Christi
3494 2973 3753 3026 athletam
3783 2988 3871 3026 no—

2270 3076 2439 3123 strum
2476 3069 2754 3122 dominum
2799 3068 3165 3121 Gebehardum
3201 3067 3667 3135 archiepiscopum
3708 3067 3866 3121 Sal:-

2272 3164 2601 3230 burge-nse-m,
2643 3163 2992 3215 Altmannum
3033 3162 3413 3226 Pataviensem,
3457 3159 3868 3213 Adalberonem

560 3261 814 3322 notatur,
838 3255 1079 3308 videlicet
1120 3256 1218 3307 ubi
1241 3258 1362 3322 agit
1399 3256 1465 3309 de
1493 3258 1843 3309 sacramentis
1873 3256 2164 3309 schismati-
2196 3229 2240 3291 δ
2281 3257 2763 3325 Wirzburgensem,
2810 3258 3167 3310 llcmnannum
3198 3257 3496 3320 Metensem,
3545 3253 3872 3320 Meginwa-r-

567 3363 766 3402 eorum.
803 3350 974 3416 Negat
1005 3351 1146 3401 enim
1179 3351 1392 3403 omnino
1420 3349 1486 3400 ab
1520 3351 1594 3401 eis
1618 3354 1666 3401 et
1693 3350 1761 3400 ab
1809 3363 1991 3402 comm
2027 3364 2160 3402 com-

558 3443 980 3498 municatoribus
1000 3446 1340 3497 sacramenta.
1356 3458 1510 3513 posse
1534 3444 1737 3512 conﬁci,
1766 3445 1844 3496 ita
1864 3448 1925 3496 ut
1949 3443 2017 3496 ab
2048 3443 2159 3496 illis

559 3537 881 3600 ordinatos,
912 3538 961 3591 si
981 3539 1332 3607 resipiscam,
1357 3539 1549 3591 iterum
1578 3537 1907 3590 ordinandos
1929 3540 2154 3590 censeat.

560 3631 818 3685 Caeterum
854 3632 903 3683 si
947 3633 1075 3698 quis
1121 3630 1228 3683 haec
1264 3631 1478 3698 plenius
1508 3645 1659 3683 nosse
1689 3631 1982 3697 desiderat,
2030 3632 2158 3684 scri-

553 3727 710 3792 ptum
751 3723 1034 3791 cujusdam
1076 3723 1149 3775 ad
1190 3724 1430 3777 eumdem
1469 3723 1828 3785 Berna-rdum,
1871 3724 1936 3778 de
1969 3724 2155 3778 eadem

557 3818 846 3885 quastione
881 3816 1166 3881 directum,
1214 3816 1630 3883 diligentissime
1652 3818 1928 3885 perlegat;
1956 3818 2016 3870 in.
2054 3833 2156 3886 quo

558 3910 871 3963 testimoniis
908 3914 1211 3963 sanctorum
1255 3911 1481 3963 Patrum
1513 3910 1910 3964 euidentissime
1945 3912 2156 3964 docebi-

558 4007 646 4056 tur
673 4002 809 4071 quid
835 4003 932 4057 SS.
962 4004 1155 4056 Patres
1180 4003 1245 4056 de
1268 4003 1364 4056 illa
1384 4005 1676 4071 qucestionc
1703 3995 2004 4057 censuerint
2029 4020 2157 4056 sen-

557 4096 823 4152 tiendum.
852 4097 1067 4157 Verum,
1092 4096 1233 4148 idem
1267 4096 1583 4149 venerabilis
1609 4097 1919 4151 Bernardus
1946 4099 2004 4150 in
2025 4099 2152 4160 ista,

556 4193 690 4244 sicut
719 4193 769 4243 et
817 4189 878 4243 B.
925 4191 1238 4258 Cyprianus
1267 4189 1329 4243 in
1369 4189 1825 4258 rebaptizationis
1874 4194 2152 4253 sententia,

558 4298 666 4336 non
705 4283 1060 4353 pertinaciter
1099 4266 1606 4338 contra'Ecclesiam
1641 4287 1887 4353 egerunt,
1925 4284 2017 4338 sed
2063 4289 2156 4338 ut-

559 4393 784 4447 cunque,
837 4377 1066 4430 nimium
1113 4381 1296 4430 contra
1340 4378 1711 4432 schismaticos
1749 4379 2004 4446 zelantes,
2055 4376 2158 4431 ali-

556 4471 876 4540 quantulum
904 4472 1143 4538 regulam
1186 4472 1590 4525 ecclesiasticam
1619 4477 1973 4526 eat-cesserunt.

625 4564 968 4620 Bernardum
1001 4563 1148 4619 hunc
1176 4564 1252 4619 ita
1293 4564 1526 4620 sensisse
1570 4565 1698 4619 satis
1739 4565 1911 4636 liquet
1942 4580 2007 4620 ex
2038 4565 2154 4637 epi-

557 4657 694 4712 stola
726 4658 841 4728 ejus
871 4657 942 4712 ad
977 4658 1312 4713 Bernaldum
1338 4659 1834 4727 Constantiensem,
1876 4675 2040 4730 quam
2075 4658 2156 4713 in-

555 4749 638 4806 fra
667 4750 809 4805 inter
849 4751 1104 4822 opuscula
1149 4751 1401 4807 Bernaldi
1462 4752 1719 4825 reperies,
1765 4760 1820 4808 et
1859 4768 1923 4807 ex
1977 4751 2152 4824 primo

558 4850 788 4900 tractatu
829 4843 1081 4899 Bernaldi
1124 4847 1208 4900 De
1249 4846 1605 4900 sacramentis
1651 4847 2154 4902 excommunicato—

557 4941 709 5003 rum‘,
742 4952 911 5009 quem
936 4944 1128 5008 rogatu
1148 4936 1432 5005 Bernardi,
1455 4939 1794 4994 Corbeiensis
1824 4948 2010 5011 postea
2027 4955 2155 4995 mo-

557 5030 747 5098 nachi,
781 5031 1159 5101 composuisse
1200 5031 1435 5098 videtur,
1465 5030 1538 5086 de
1580 5047 1686 5102 quo
1725 5033 1877 5102 plura
1909 5032 2152 5090 inferius.

625 5125 762 5180 XX.
817 5123 1179 5180 Gebehardus
1218 5123 1663 5195 archiepiscOpus
1711 5124 2154 5196 Salisburgensis,

556 5218 625 5274 de
646 5233 755 5289 quo
775 5216 1088 5283 Bertoldus,
1106 5232 1248 5271 anno
1271 5222 1406 5271 1088
1437 5233 1448 5268 :
1475 5217 1819 5274 Gebehardus
1843 5221 2156 5275 veneranda:

553 5313 826 5366 memoria:
855 5311 1191 5365 Juvaviensis
1221 5311 1669 5381 archiepiscopus,
1702 5314 1758 5366 in
1785 5329 1947 5368 causa
1984 5316 2040 5370 S.
2074 5319 2158 5370 Pe-

557 5408 632 5459 tri
651 5406 987 5474 praecipuus,
1017 5405 1115 5473 qui
1139 5404 1497 5458 schismaticos
1513 5406 1726 5476 publice
1755 5408 1915 5462 dictis
1951 5414 2001 5462 et
2036 5412 2156 5462 scri-

549 5500 662 5570 ptis
694 5499 974 5565 confutare
1001 5501 1288 5560 consuevit,
1315 5499 1380 5552 de
1410 5498 1512 5553 hac
1535 5500 1650 5554 luce
1669 5502 1981 5556 subtractus
2003 5517 2151 5558 xvm

558 5592 780 5647 Kalend.
790 5631 807 5658 ,
834 5621 904 5632 —-
932 5607 1183 5660 magnum
1221 5609 1494 5648 maerorem
1533 5595 1800 5649 catholicis
1847 5597 2150 5665 dereliquit.

631 5686 790 5740 XXI.
842 5687 1072 5753 Auctor,
1113 5685 1202 5756 qui
1240 5685 1423 5740 Vitam
1467 5687 1523 5741 S.
1567 5686 1875 5742 Gebehardi
1915 5689 2151 5759 scripsit,

554 5787 709 5834 tomo
756 5779 829 5832 VI
879 5777 1131 5851 Antiquae
1171 5779 1448 5834 Lectionis
1504 5798 1515 5833 :
1557 5782 1679 5834 Post
1722 5781 1935 5848 aliquot
1989 5797 2153 5836 annos

561 5875 1053 5929 cmeommunicatur
1069 5888 1169 5927 rem
1194 5874 1456 5928 Henricus
1480 5874 1540 5925 in
1581 5874 1780 5939 synodo
1810 5875 2072 5936 Romana,
2104 5881 2152 5929 ct

2268 3352 2396 3403 dum
2426 3352 2839 3417 Frisingensem,
2861 3352 3056 3418 printer
3105 3349 3196 3402 hoc
3221 3348 3356 3400 solos
3383 3348 3639 3416 quinque,
3673 3349 3727 3399 in
3758 3351 3873 3400 toto

2267 3460 2434 3512 regno
2460 3445 2738 3497 Teutonico
2765 3444 3034 3512 episcopus
3066 3441 3360 3495 catholicus
3390 3441 3623 3494 inveniri
3645 3455 3748 3493 non
3778 3455 3873 3508 po-

2267 3541 2426 3592 terat.
2460 3541 2539 3592 Ea
2566 3538 2740 3604 igitur
2778 3540 3088 3606 tempestate
3114 3537 3216 3588 iste
3257 3539 3436 3588 noster
3464 3533 3734 3594 dominus,
3766 3549 3868 3586 saa-

2261 3633 2484 3702 pefatus
2518 3631 2947 3701 archiepiscopus
2987 3629 3162 3697 ﬁdelis
3209 3631 3467 3683 Romana:
3511 3628 3776 3691 Ecclesiae,
3817 3632 3874 3682 et

2263 3727 2506 3779 veritatis
2535 3724 2806 3776 catholicae
2846 3727 3222 3792 propugnator
3249 3721 3529 3786 eminebat,
3564 3723 3677 3790 qui,
3722 3721 3870 3774 velut

2265 3818 2406 3872 alter
2434 3818 2772 3873 Machabaaus
2803 3818 2963 3869 lorica
2983 3813 3118 3886 fidei
3140 3830 3193 3868 se
3218 3815 3573 3878 succinacerat,
3605 3818 3654 3866 et
3683 3813 3868 3880 gladio

2265 3912 2416 3965 verbi
2468 3913 2559 3964 sui
2605 3910 3084 3964 castra'Ecclesice
3130 3911 3189 3962 in
3231 3912 3338 3962 toto
3381 3922 3541 3975 regno
3590 3909 3867 3960 Teutonico

2261 4006 2589 4076 protegebat.

2336 4099 2528 4154 XXII.
2566 4098 2921 4169 Micrologus,
2963 4111 3059 4152 seu
3090 4094 3292 4159 Guido,
3331 4095 3591 4151 Aretinus
3622 4111 3742 4167 cap.
3783 4102 3870 4164 I4,

2265 4192 2363 4248 lib.
2395 4195 2479 4247 De
2518 4191 2714 4247 officiis
2744 4189 3122 4245 ecclesiasticis
3154 4208 3166 4244 :
3213 4189 3341 4244 Sedi
3370 4193 3653 4258 Romanis,
3684 4194 3869 4244 nostra

2267 4291 2494 4355 tempore
2515 4286 2676 4340 talem
2702 4289 2844 4340 Deus
2875 4284 3308 4350 gubernatorem,
3335 4283 3638 4337 reverendre
3666 4299 3868 4337 memo-

2265 4383 2363 4433 riae
2394 4382 2703 4447 Gregorium
2746 4393 2955 4450 papam
2980 4379 3258 4446 imposuit;
3288 4380 3386 4447 qui
3421 4377 3519 4430 sub
3549 4377 3720 4431 decem
3751 4379 3870 4431 suis

2263 4474 2682 4527 antecessoribus
2731 4489 2763 4523 a
2804 4487 2977 4540 puero
3016 4475 3195 4526 Roma:
3239 4472 3478 4524 nutritus
3519 4475 3568 4524 et
3597 4470 3866 4533 eruditus,

2262 4578 2438 4621 omnes
2471 4566 2784 4636 apostolicos
2819 4563 3136 4618 traditiones
3192 4565 3609 4636 diligentissime
3647 4565 3868 4618 investi-

2260 4663 2431 4729 gavit,
2461 4664 2510 4715 et
2540 4661 2896 4728 investigata-3
2926 4659 3322 4713 studiosissime
3351 4661 3409 4712 in
3451 4663 3628 4712 actum
3661 4660 3869 4725 referre

2255 4757 2482 4809 curavit.
2517 4757 2670 4809 Hunc
2699 4769 2818 4822 ergo
2856 4752 3140 4814 doctorem,
3172 4753 3428 4819 religione
3460 4756 3510 4805 et
3550 4754 3869 4805 auctoritate

2251 4851 2585 4918 praecipuum
2604 4889 2618 4910 ,
2657 4849 2761 4900 imo
2792 4847 3144 4915 apostolicam
3170 4846 3516 4899 traditionem
3541 4861 3646 4915 per
3683 4847 3869 4914 ipsum

2257 4945 2314 4995 in
2357 4941 2725 4995 consecrandis
2761 4940 3032 5007 mysteriis
3066 4940 3403 5008 potissimum
3434 4941 3650 4993 imitari
3676 4939 3868 4993 decre-

2258 5037 2476 5098 vimus,‘
2507 5042 2617 5092 etc.
2673 5032 2988 5090 Reverendce
3050 5035 3318 5087 memoria
3374 5034 3660 5102 Gregorius
3711 5049 3868 5103 papa

2260 5130 2423 5196 fecit,
2476 5136 2581 5183 etc.

2331 5223 2544 5276 XXIII.
2593 5221 2868 5275 Domnizo
2912 5218 3194 5292 presbyter
3237 5220 3328 5292 qui
3373 5219 3557 5275 Vitam
3585 5217 3868 5274 Mathildis

2260 5315 2502 5370 versibus
2559 5312 2859 5384 descripsit.
2923 5316 2984 5368 In
3037 5329 3143 5386 qua
3203 5311 3578 5368 lucubratione
3648 5320 3869 5368 exstant

2259 5407 2403 5463 varia
2429 5407 2677 5478 Gregorii
2703 5408 2798 5460 VII
2822 5413 2875 5462 et
2899 5408 3148 5464 Anselmi
3174 5406 3435 5462 Lucensis
3466 5405 3658 5478 elogia.
3683 5404 3860 5460 Multa
3937 5425 3948 5432 ·

2261 5517 2325 5557 ex
2357 5501 2475 5572 ejus
2518 5501 2654 5556 libro
2697 5499 2950 5556 describit
2990 5501 3280 5568 Baronius,
3324 5507 3477 5555 tomo
3521 5501 3626 5568 XI,
3659 5499 3868 5570 passim

2264 5596 2318 5651 in
2353 5597 2508 5650 annis
2553 5593 2894 5666 pontiﬁcatus
2921 5593 3168 5666 Gregorii
3197 5595 3316 5648 VII.

2333 5690 2545 5744 XXIV.
2614 5689 2728 5743 Leo
2784 5688 3052 5768 Ostiensis
3103 5687 3158 5741 in
3211 5686 3482 5742 Chronico
3549 5685 3868 5742 Cassinensi

2263 5782 2354 5838 lib.
2386 5798 2478 5849 ιιι,
2507 5795 2628 5852 cap.
2649 5787 2714 5836 64
2747 5784 2935 5838 :Anno
2968 5783 3262 5835 Dominicce
3283 5781 3673 5837 Incarnationis
3698 5782 3864 5847 1085,

2266 5875 2551 5929 indictione
2593 5880 2802 5941 octava,
2844 5891 2962 5929 cum
3009 5875 3325 5929 venerabilis
3366 5889 3674 5944 semperque
3712 5887 3860 5927 reco-
