4106 6182
245 312 345 365 213

1039 314 1562 372 PROLEGOMENA.
1603 346 1674 358 —
1713 287 2229 374 APOLOGIA'PRO
2271 318 2614 376 annoanno
2653 321 2763 376 vn.

3446 329 3552 383 2H-

244 435 419 491 lenda
456 437 726 492 Μενηοτιίίε
755 438 1046 509 Gregorius
1071 457 1218 511 papa
1262 443 1366 498 V11
1400 444 1612 498 Salerni
1640 458 1840 511 magna
1870 449 1916 511 Α
1952 443 2236 514 dignitatis
2263 447 2443 500 virum
2470 462 2575 501 non
2601 446 2815 502 decebat
2852 450 2930 502 ire
2952 448 3121 502 solum
3147 449 3220 502 ad
3243 452 3548 524 infernum,

242 533 302 583 vi
329 531 511 584 morbi
535 537 882 601 premeretur,
928 539 1052 588 ante
1095 537 1315 589 tertium
1356 537 1445 589 sui
1465 536 1636 590 obitus
1682 537 1842 600 diem,

243 630 466 692 rogatus
505 626 576 678 ab
617 629 871 696 episcopis
907 633 956 682 et
992 629 1381 691 cardinalibus,
1421 631 1520 699 qui
1541 632 1682 696 forte
1722 635 1846 684 tunc

245 718 478 772 aderant
505 735 615 772 una
657 736 777 774 cum
812 722 1108 785 Desiderio,
1139 723 1272 792 quid
1309 723 1375 776 de
1416 725 1665 778 Romanae
1703 725 1844 778 sedis

237 816 363 882 post
403 813 613 867 obitum
648 828 806 867 suum
843 814 1185 870 ordinatione
1205 817 1440 885 juberet,
1485 818 1726 871 hortatus
1769 823 1846 872 est

247 912 327 968 ut,
375 909 431 961 si
453 924 558 976 quo
580 914 741 978 pacto
770 914 1008 980 possent,
1039 912 1215 982 ipsum
1258 913 1592 968 Desiderium
1625 915 1845 983 pontiﬁ-

242 1016 351 1054 cem
397 1002 639 1067 facerent
651 1042 668 1068 ,
727 1010 836 1058 etc.

312 1096 515 1149 Narrat
535 1093 682 1150 idem
710 1097 827 1151 Leo
869 1095 1060 1152 eodem
1106 1097 1194 1153 lib.
1231 1113 1326 1164 ιιι,
1353 1115 1471 1169 cap.
1523 1105 1612 1168 55,
1661 1097 1843 1155 visum

245 1187 522 1258 quoddam
565 1189 788 1245 caeleste
811 1190 1081 1246 columbaa
1132 1183 1347 1259 niveae,
1369 1207 1532 1263 super
1577 1193 1842 1263 Gregorio

243 1281 552 1350 residentis,
603 1298 731 1338 cum
771 1298 922 1339 sacra
960 1284 1252 1340 missarum
1291 1284 1562 1350 solemnia
1606 1285 1842 1342 celebra-

243 1383 349 1441 ret;
381 1375 534 1447 quod
567 1375 765 1444 visum,
805 1391 956 1446 cum,
1000 1377 1095 1449 qui
1131 1377 1278 1444 vidit,
1325 1379 1576 1450 evulgare
1613 1389 1842 1436 cuncta-

243 1477 409 1536 retur,
467 1469 552 1525 his
603 1469 777 1526 verbis
828 1469 1082 1526 divinitus
1130 1470 1431 1543 patefacere
1470 1473 1659 1544 jussus
1696 1483 1773 1528 est
1824 1494 1834 1529 :

248 1563 394 1616 Vade
414 1564 679 1630 celeriter,
701 1568 751 1618 et
783 1565 876 1618 hoc
915 1567 1096 1635 ipsum
1124 1567 1349 1620 auribus
1366 1582 1528 1636 papar
1556 1568 1837 1629 intimate,
1871 1638 1883 1648 .

244 1663 298 1709 ut
327 1662 632 1712 constanter
655 1660 840 1726 vigore
867 1661 1042 1714 sancti
1068 1661 1301 1729 Spiritus
1327 1659 1468 1730 quod
1506 1664 1662 1731 coep-it
1695 1678 1841 1715 casse-

242 1755 464 1818 (βιαίαν.

1955 539 2348 608 quinquaginta
2377 541 2531 607 (sicut
2568 541 2892 606 audivimus)
2922 542 2986 595 de
3014 545 3123 598 suis
3149 544 3339 612 habuit
3365 549 3548 608 socios,

1955 631 2136 686 eadem
2163 637 2326 686 morte
2358 638 2637 704 repentina
2663 640 2947 704 correptos,
2979 652 3044 689 ne
3072 653 3203 705 quos
3235 638 3463 694 habebat
3495 642 3550 692 in

1955 727 2240 794 iniquitate
2267 732 2555 791 consortes,
2582 730 2641 782 in
2668 731 3012 784 retributio-ne
3039 747 3142 784 non
3168 731 3382 786 haberet
3408 749 3549 802 par-

1955 821 2137 889 ticipes
2146 861 2157 872 .

2031 914 2143 968 Udo
2185 915 2511 970 Trevirensis
2549 915 2993 985 archiepiscopus,
3026 921 3173 971 omni
3193 921 3393 988 pietate
3429 922 3545 990 plc-

1952 1022 2080 1076 nus,
2111 1007 2240 1060 dum
2279 1009 2440 1062 nimis
2482 1001 2788 1064 mdnsuetus
2831 1011 3116 1077 tyrannidi
3141 1029 3244 1065 non
3276 1016 3543 1077 resistens,

1952 1104 2179 1156 Henrico
2211 1103 2337 1170 plus
2365 1117 2526 1170 quam
2561 1102 2772 1155 decebat
2801 1103 3133 1171 obsequitur,
3166 1105 3278 1176 ejus
3304 1109 3547 1174 ﬂammeo

1951 1196 2136 1263 furori
2169 1209 2279 1248 sure
2306 1197 2656 1249 consensionis
2685 1196 2858 1249 oleum
2886 1198 3188 1259 ministrat,
3221 1202 3271 1252 et
3295 1175 3358 1253 ut
3390 1201 3546 1254 eccle-

1951 1290 2045 1342 sia;
2093 1289 2465 1359 deprtedentur
2509 1290 2780 1344 licentiam
2822 1289 3002 1351 donat,
3048 1305 3172 1343 mem
3216 1293 3273 1344 in
3313 1295 3545 1347 crastino

1949 1398 2108 1436 mane
2139 1386 2381 1437 mortuus
2405 1384 2694 1451 invenitur,
2729 1388 2790 1436 ut
2816 1384 3058 1436 omnibus
3081 1387 3259 1453 aperte
3287 1390 3549 1440 constaret

1952 1475 2068 1530 ideo
2103 1477 2204 1529 tali
2229 1492 2346 1529 eum
2381 1481 2547 1530 morte
2587 1476 2778 1530 abiisse
2803 1477 2943 1546 quod
2966 1479 3022 1529 in
3050 1479 3386 1532 ecclesiarum
3404 1494 3549 1548 prce-

1950 1569 2167 1623 datione
2213 1586 2316 1623 non
2348 1571 2525 1624 timuit
2574 1585 2849 1624 assensum
2889 1571 3150 1640 prmbcre.

2019 1665 2100 1716 De
2139 1664 2363 1734 Eppone
2393 1662 2652 1719 Citizensi
2681 1663 2958 1734 episcopo,
2993 1662 3061 1718 de
3099 1679 3207 1734 quo
3247 1664 3338 1719 hic
3379 1664 3540 1720 etiam

1949 1758 2153 1823 Bruno,
2170 1773 2330 1828 supra
2353 1756 2466 1826 jam
2490 1756 2730 1811 diximus
2759 1776 2770 1811 :
2793 1757 3121 1823 Godefridus
3145 1759 3278 1821 dum,
3310 1761 3409 1828 qui
3430 1761 3545 1828 fuit

307 1845 495 1899 XXV.
530 1845 678 1900 Otho
702 1846 1100 1922 Frisingensis,
1130 1847 1222 1903 lib.
1265 1864 1324 1904 γι
1356 1868 1367 1903 ;
1400 1849 1556 1904 Anno
1596 1852 1839 1918 sequenti
1867 1839 1912 1900 Β
1945 1853 2215 1904 mamimus
2244 1851 2408 1904 hostis
2434 1848 2704 1912 Samon-ite,
2727 1853 2896 1920 periit
2924 1853 2980 1903 in
3007 1853 3281 1904 secretiori
3312 1858 3543 1922 corporis

239 1939 555 1993 AIerander
582 1943 696 1994 vita
730 1946 780 1995 et
813 1942 1105 1997 sacerdotio
1129 1945 1447 2014 perfunctus
1481 1943 1720 2009 decessit,
1755 1960 1837 1996 se-

239 2032 467 2102 demque
498 2035 825 2104 Hiltprando
864 2036 1239 2091 archidiacono
1275 2052 1388 2099 suo,
1414 2039 1509 2106 qui
1547 2038 1837 2104 Gregorius

248 2127 348 2181 VII
357 2126 542 2182 dictus
564 2134 658 2190 est,
681 2130 915 2198 reliquit.
944 2133 1030 2186 Em
1043 2130 1165 2184 hinc
1183 2131 1408 2184 schisma
1430 2132 1834 2198 gravissimum,

240 2235 291 2273 eo
333 2221 487 2290 quod
526 2222 728 2291 absque
771 2238 1022 2278 consensu
1059 2227 1201 2293 regis
1239 2240 1340 2296 per
1377 2225 1673 2278 electionem
1714 2240 1835 2277 con-

234 2317 426 2367 titutus
483 2316 696 2381 fuerat,
754 2319 952 2372 oritur.
1008 2320 1125 2387 Ipse
1169 2323 1379 2380 autem,
1432 2319 1526 2387 qui
1556 2334 1658 2386 per
1703 2317 1838 2370 mul-

239 2413 348 2461 tum
390 2412 646 2479 temporis
698 2411 772 2463 ad
838 2411 1138 2465 libertatem
1187 2413 1432 2467 Ecclesia:
1489 2411 1836 2465 obtinendam

233 2505 488 2572 privatus
519 2502 878 2571 laboraverat,
908 2504 1028 2574 jam
1070 2505 1144 2560 ad
1170 2505 1550 2559 sacerdotalem
1592 2503 1835 2572 dignita-

242 2600 338 2649 tem
378 2602 688 2666 provectus,
740 2614 774 2650 a
813 2602 976 2670 capto
1020 2599 1271 2653 desistere
1305 2599 1587 2668 indignum
1621 2599 1832 2661 ducens,

237 2695 338 2744 tam
367 2689 434 2744 ob
465 2690 563 2744 hoc
607 2707 771 2761 quam
789 2707 889 2762 pro
917 2694 1158 2747 Simonia
1182 2693 1532 2762 exstirpanda
1553 2709 1615 2746 ac
1649 2695 1835 2748 incon-

238 2785 464 2837 tinent-ia
510 2785 818 2839 clericorum
855 2787 1220 2856 reprimenda,
1258 2787 1560 2856 plurimum
1597 2786 1835 2840 desuda-

239 2877 341 2930 bat.
381 2881 631 2947 Denique
671 2895 775 2933 non
803 2880 972 2933 solum
1003 2896 1175 2948 regem
1200 2896 1300 2950 pro
1341 2879 1606 2949 ejusmodi
1631 2879 1702 2933 ad
1747 2895 1836 2947 sy-

232 2971 458 3024 nodalia
499 2987 752 3042 responsa
785 2974 964 3028 crebro
997 2975 1233 3036 vocavit,
1268 2973 1360 3027 sed
1390 2977 1440 3026 et
1481 2973 1626 3026 datis
1667 2973 1833 3027 decre-

234 3067 329 3127 tis,
357 3067 692 3130 clericorum,
719 3083 753 3120 a
776 3067 1169 3122 subdiaconatu
1193 3072 1242 3122 et
1270 3082 1454 3136 supra,
1485 3067 1745 3121 connubia
1776 3069 1831 3120 in

235 3163 337 3213 toto
373 3160 501 3214 orbe
527 3163 764 3215 Romano
818 3161 1070 3225 cohibuit,
1099 3163 1389 3231 formaque
1429 3162 1604 3230 gregis
1627 3162 1828 3228 factus,

1943 1948 2098 2014 parte
2132 1945 2403 2012 perfossus
2447 1959 2584 1996 saevo
2620 1959 2891 2006 mucrone,
2925 1960 3013 1997 nec
3045 1950 3319 2013 purgatus
3349 1947 3542 1998 ultima

1945 2039 2290 2105 confessione,
2343 2053 2432 2091 nec
2483 2040 2721 2091 munitus
2750 2031 2901 2106 sacra
2949 2040 3324 2092 communione.
3393 2027 3408 2040 “

2017 2131 2376 2197 Godebaldus,
2421 2131 2549 2184 dum
2576 2146 2713 2200 equo
2739 2146 2834 2184 suo
2876 2134 3080 2185 nouiter
3110 2133 3542 2204 ferratpolpedem

1941 2227 2282 2294 posteriorem
2304 2224 2515 2287 laniaret,
2539 2229 2600 2278 ut
2614 2240 2685 2277 an
2705 2228 2830 2294 apte
2844 2225 3056 2291 ferrum
3085 2229 3215 2278 esset
3237 2213 3542 2296 impasitum

1938 2320 2284 2388 perspiceret,
2323 2318 2392 2371 ab
2421 2320 2538 2388 ipso
2572 2317 2706 2387 pede
2734 2319 2793 2384 in
2834 2318 3013 2385 fronte
3045 2321 3348 2388 percutitur
3387 2324 3437 2372 et
3466 2322 3542 2373 sic

1943 2413 2011 2465 ab
2037 2413 2134 2466 hac
2170 2414 2286 2466 vita
2322 2411 2681 2466 abstrahitur.

2018 2506 2355 2560 Burchardus
2399 2507 2677 2561 Misnensis
2707 2508 3014 2576 praefectus,
3055 2506 3183 2560 dum
3209 2508 3261 2558 in
3304 2507 3540 2576 quadam

1942 2615 2061 2661 sua,
2090 2602 2178 2652 cui
2193 2603 2450 2668 praeerat,
2473 2599 2598 2653 urbe
2619 2600 2686 2652 ab
2716 2600 2938 2653 urbanis
2972 2600 3273 2665 invaditur,
3298 2616 3430 2670 equo
3449 2603 3541 2654 cui

1941 2692 2211 2745 insidebat
2251 2694 2466 2759 frustra
2509 2693 2806 2746 calcaribus
2836 2694 3141 2761 vulnerato,
3175 2696 3368 2762 fugere
3391 2696 3541 2748 moli-

1945 2790 2063 2850 tur;
2082 2788 2178 2854 qui
2194 2801 2359 2854 equus
2377 2800 2516 2855 sape
2529 2788 2688 2854 prius
2705 2786 2769 2838 de
2788 2786 3063 2840 velocitate
3085 2787 3361 2849 laudatus,
3386 2787 3538 2841 modo

1942 2894 2061 2932 cum
2097 2883 2335 2951 marcime
2376 2873 2612 2932 maxime
2646 2894 2806 2936 cursu
2831 2883 2969 2948 fopus
3011 2883 3148 2948 erat,
3177 2883 3238 2948 ﬁt
3277 2883 3539 2934 stationa-

1940 2974 2082 3039 rius,
2113 2975 2276 3041 quasi
2297 2973 2496 3025 diceret
2527 2991 2543 3022 :
2573 2971 2709 3027 Mihi
2729 2987 2836 3025 non
2856 2972 2978 3025 licet
3007 2987 3128 3025 eum
3158 2987 3301 3026 nunc
3326 2989 3357 3025 a
3390 2975 3538 3027 vobis

1943 3069 2143 3135 eripere
2166 3068 2275 3135 qui,
2305 3065 2432 3120 dum
2458 3066 2567 3118 sibi
2589 3066 2762 3134 licuit,
2797 3064 3002 3120 nolebat
3024 3081 3078 3120 se
3107 3067 3389 3135 corrigere.
3429 3070 3538 3122 Mo-

1895 3177 1900 3186 '
1940 3161 2086 3214 ritur
2133 3177 2260 3231 ergo
2304 3175 2421 3214 cum
2471 3175 2666 3227 magno
2701 3162 2896 3214 anima:
2945 3175 3055 3213 sua:
3090 3161 3348 3229 periculo,
3397 3161 3538 3230 quod

232 3253 375 3322 quod
419 3254 579 3308 verbo
627 3254 807 3308 docuit
849 3256 1084 3326 exemplo
1115 3255 1521 3322 demonstravit,
1567 3270 1628 3308 ac
1669 3256 1833 3322 fortis
1869 3242 1913 3304 C
1941 3271 2079 3324 scepe
2128 3269 2430 3310 consensum
2467 3254 2708 3322 praebuit
2737 3253 3033 3322 periculoso
3077 3255 3357 3306 saevissimi
3397 3270 3538 3322 regis

225 3363 320 3417 per
343 3350 530 3401 omnia
548 3347 776 3410 athleta,
797 3364 1012 3403 murum
1028 3364 1082 3404 se
1102 3363 1206 3419 pro
1228 3348 1380 3402 domo
1411 3350 1628 3404 Domini
1642 3363 1833 3419 ponere

228 3456 331 3495 non
373 3443 590 3508 timuit,
621 3433 738 3496 etc.

295 3533 458 3590 Idem
497 3533 643 3590 Otho
675 3553 690 3590 :
722 3536 1021 3592 Prcedictus
1043 3536 1299 3608 pontifea'
1325 3535 1617 3604 Gregorius
1645 3552 1678 3589 a
1706 3551 1832 3605 rege

229 3629 361 3682 urbe
396 3629 648 3700 pellitur,
694 3630 1082 3701 Guibertusque
1107 3632 1527 3686 Ravennatensis
1557 3631 1828 3699 episcopus

230 3724 283 3774 in
314 3723 490 3776 locum
531 3723 646 3792 eius
682 3721 1044 3778 subtruditur.
1074 3727 1242 3779 Porro
1272 3725 1585 3793 Gregorius,
1616 3724 1832 3778 Salerni

228 3831 480 3879 araneus,
542 3820 1018 3887 appropinquante
1063 3819 1353 3872 vocationis
1412 3832 1523 3871 sua:
1574 3821 1826 3886 tempore,

451 3911 634 3977 fertur
659 3929 676 3965 :
700 3910 883 3966 nam
897 3911 1199 3979 justitiam,
1222 3915 1272 3965 et
1294 3911 1438 3965 odivi
1460 3911 1823 3980 iniquitatem,

220 4007 509 4074 propterea
535 4006 735 4059 morior
764 4006 821 4058 in
845 4006 1054 4059 exsilio.
1084 4006 1223 4073 Quia
1250 4019 1373 4074 ergo
1395 4006 1450 4058 in
1468 4006 1710 4074 principe
1731 4018 1826 4057 suo

228 4111 453 4166 regnum
496 4099 566 4151 ab
607 4098 845 4155 Ecclesia
876 4100 1192 4168 praecisum,
1231 4099 1476 4166 graviter
1516 4112 1821 4166 percussum

227 4191 377 4256 fuit,
402 4193 642 4246 Ecclesia
673 4207 882 4262 quoque
910 4196 1058 4247 tanto
1085 4195 1326 4263 pastore,
1358 4192 1455 4259 qui
1478 4192 1615 4244 inter
1649 4205 1824 4244 omnes

225 4283 526 4360 sacerdotes
556 4290 605 4339 et
634 4288 901 4352 Romanos
921 4287 1193 4356 pontiﬁces
1214 4285 1480 4356 prcecipui
1501 4284 1604 4337 zeli
1630 4299 1692 4337 ac
1727 4299 1825 4336 au-

228 4380 492 4432 ctoritatis
518 4383 656 4442 erat,
677 4380 894 4443 orbata,
919 4379 1155 4434 dolorem
1178 4395 1285 4434 non
1321 4379 1587 4433 modicum
1610 4377 1820 4432 habuit.

293 4470 455 4528 Idem
485 4469 577 4526 lib.
604 4487 715 4541 vn,
745 4488 866 4544 cap.
902 4477 926 4527 1
965 4493 977 4528 :
1001 4474 1262 4540 Defuncto
1284 4472 1500 4528 Salerni
1523 4471 1688 4525 beata:
1712 4485 1824 4525 me-

228 4568 414 4619 moria
437 4581 644 4621 summo
665 4569 912 4637 pontiﬁce
955 4567 1229 4635 Gregorio,
1256 4574 1360 4621 etc.

1943 3351 2181 3403 consilio.

2013 3441 2308 3511 Luipoldus
2333 3441 2514 3508 frater
2555 3439 2862 3501 Berthaldi,
2902 3441 3042 3507 regis
3086 3441 3398 3502 consiliarii,
3444 3443 3542 3510 qui

1942 3540 1992 3591 et
2019 3537 2132 3606 ipse
2156 3536 2270 3604 ejus
2300 3534 2635 3602 consiliarius
2661 3537 2798 3596 erat,
2825 3532 2954 3586 dum
2982 3532 3217 3601 quade
3255 3533 3342 3587 die
3368 3531 3538 3602 jumta

1940 3628 2398 3698 regemequitans
2429 3641 2547 3680 cum
2587 3641 2645 3680 eo
2680 3626 2938 3699 quoslibet
2966 3640 3223 3685 sermones
3251 3627 3534 3693 conferret,

1942 3725 2218 3793 accipiter,
2281 3736 2434 3792 quem
2485 3721 2709 3775 sinistra
2753 3719 3037 3789 portabat,
3083 3720 3305 3774 volitare
3361 3722 3533 3790 ctepit,

1942 3818 2103 3886 quasi
2126 3820 2409 3886 capturum
2429 3818 2664 3884 peteret;
2694 3814 2785 3867 ille
2827 3829 2946 3867 vero
2980 3817 3100 3882 post
3127 3828 3276 3867 avem
3312 3829 3536 3883 parum-

1938 3926 2035 3979 per
2061 3925 2116 3962 se
2154 3909 2443 3970 inclinans,
2487 3907 2557 3961 ab
2587 3923 2718 3976 equo
2759 3908 2939 3975 gravis
2982 3906 3205 3972 cecidit;
3231 3911 3302 3984 get
3339 3922 3533 3970 ensem,

1944 4020 2047 4072 quo
2071 4004 2273 4057 cinctus
2295 4005 2430 4065 erat,
2450 4018 2476 4056 e
2493 4002 2692 4069 vagina
2718 4001 2928 4070 lapsum
2948 4001 3138 4070 capulo
3160 4005 3319 4054 terrce
3337 4000 3533 4069 deﬁaco,

1943 4099 2002 4151 in
2035 4101 2245 4167 pectore
2280 4097 2452 4150 medio
2495 4096 2724 4166 recepit,
2757 4099 2806 4148 et
2837 4095 2936 4162 qui
2973 4109 3111 4163 scepe
3135 4096 3302 4164 pravi
3331 4096 3540 4148 consilii

1941 4205 2148 4244 consors
2184 4190 2266 4243 vel
2299 4192 2485 4243 auctor
2512 4189 2645 4256 fuit,
2677 4189 2789 4241 sine
2812 4188 3029 4242 consilio
3053 4191 3323 4257 perpetua:
3346 4181 3538 4242 salutis

1938 4285 2005 4338 ab
2047 4285 2144 4338 hac
2181 4285 2292 4336 vita
2318 4284 2554 4339 recessit.
2973 4277 2975 4279 ’

2011 4378 2247 4431 XXVII.
2304 4375 2649 4441 Helmoldus,
2689 4373 2786 4429 lib.
2842 4389 2864 4429 1
2917 4372 3174 4429 Chronic.
3225 4373 3534 4442 Slavorum,

1936 4485 2052 4542 cap.
2084 4475 2152 4525 28
2175 4488 2190 4523 :
2216 4473 2345 4524 Post
2361 4483 2564 4539 paucos
2583 4472 2764 4522 autem
2790 4467 2923 4530 dies,
2945 4469 3215 4536 principes
3233 4469 3532 4530 Saxonum,

1936 4570 2133 4634 praeter
2170 4563 2494 4618 voluntatem
2529 4563 2670 4631 regis
2698 4563 3009 4630 captivitate
3038 4557 3299 4625 absoluti,
3329 4562 3389 4615 in
3407 4577 3538 4631 pro-

296 4660 516 4715 XXVI.
565 4662 749 4714 Bruno
793 4659 852 4715 in
890 4659 1132 4715 Historia
1163 4658 1287 4715 belli
1330 4656 1609 4714 Saxonici.
1642 4660 1831 4713 Exstat
1857 4642 1908 4703 D
1934 4661 2061 4728 pria
2092 4659 2292 4712 reversi
2318 4661 2464 4719 sunt,
2494 4672 2586 4710 nec
2609 4670 2850 4724 unquam
2869 4654 2936 4708 de
2954 4657 3140 4708 caetero
3159 4656 3537 4724 promissioni-

227 4762 384 4810 tomo
413 4755 436 4807 ι
465 4751 804 4823 Scriptorum
837 4751 1127 4809 illustrium
1157 4752 1487 4821 Germaniae,
1531 4767 1671 4822 quos
1710 4751 1830 4807 Gal-

229 4848 480 4903 vinianus
525 4845 792 4902 Freherus
821 4845 1110 4918 evulgavit.
1142 4848 1281 4902 Tota
1322 4845 1440 4902 haec
1470 4844 1710 4900 Historia
1749 4852 1832 4900 est

229 4949 415 4996 contra
465 4939 764 4995 Henricum
788 4947 841 4995 et
884 4940 1239 4995 Henricianos
1283 4955 1381 5011 pro
1417 4938 1686 5011 Gregorio
1727 4939 1827 4995 VII

232 5043 282 5089 et
333 5034 439 5090 illis
491 5033 583 5104 qui
623 5047 846 5088 causam
886 5034 940 5092 S.
985 5033 1126 5090 Petri
1167 5033 1484 5090 tuebantur.
1529 5035 1830 5088 Enumerat

232 5127 344 5197 ipse
377 5143 599 5200 quoque
627 5128 860 5199 tragicos
899 5127 1148 5184 interitus
1174 5126 1543 5200 quorumdam
1569 5124 1831 5181 schisma-

236 5221 497 5288 tieorum;
537 5220 604 5276 de
656 5219 855 5292 quibus
907 5235 1070 5292 supra
1116 5237 1182 5277 ex
1225 5217 1717 5292 Scbafnaburgensi
1779 5226 1830 5273 et

239 5312 507 5370 Chronico
540 5313 794 5372 Citizensi
841 5313 1043 5384 aliquid
1073 5314 1282 5369 dictum
1322 5333 1333 5368 :
1367 5314 1708 5379 Patriarcha,
1743 5311 1828 5367 in-

237 5408 350 5478 quit
386 5408 594 5474 Bruno,
641 5409 738 5478 qui
772 5409 982 5477 legatus
1010 5409 1304 5477 apostolici,
1341 5410 1615 5461 maximus
1644 5411 1829 5461 auctor

236 5501 599 5570 abjurationis
637 5505 914 5556 east-iterat
957 5503 1196 5564 Henrici,
1245 5508 1293 5556 et
1341 5505 1466 5556 novi
1491 5503 1634 5570 regis
1675 5503 1832 5554 insti-

238 5596 445 5662 tuendi,
472 5602 784 5664 postquam,
814 5597 1004 5663 emregi
1041 5597 1198 5664 quasi
1225 5598 1338 5665 regi
1372 5598 1624 5662 sociatus,
1662 5600 1827 5648 retro-

238 5687 443 5755 gradus
487 5690 739 5758 efﬁcitur,
783 5679 1067 5758 repentina
1114 5692 1279 5743 morte
1315 5693 1642 5758 praeventus,
1690 5687 1831 5756 quod

237 5781 659 5842 communicabat
707 5784 1206 5849 emcommunicatis,
1260 5783 1732 5837 incommunicatus
1781 5786 1830 5834 et

233 5869 564 5943 imornfessus
586 5861 709 5929 huic
723 5878 848 5930 vitae
867 5876 1230 5931 subtrahitur.
1263 5877 1478 5938 Verum,
1500 5875 1641 5944 quod
1664 5878 1830 5930 tanta:

1943 4753 2036 4806 bus
2089 4754 2230 4820 regis
2273 4751 2431 4821 ﬁdem
2472 4749 2840 4818 prcebuerunt.
2896 4749 3064 4803 Missa
3112 4763 3233 4816 ergo
3279 4751 3537 4803 relatione

1939 4848 2214 4902 Samonum
2260 4845 2532 4912 principes
2563 4841 2636 4895 ad
2677 4842 3021 4911 apostolicam
3047 4842 3222 4897 sedem
3266 4845 3538 4913 conquesti

1938 4944 2062 4994 sunt
2090 4937 2521 4992 reverendissimo
2540 4951 2697 5004 papce
2729 4936 2980 5005 Gregorio
3014 4937 3117 4991 VII
3151 4937 3382 5006 qualiter
3415 4953 3533 5001 rem,

1938 5034 2138 5088 divina:
2177 5033 2306 5100 legis
2344 5033 2689 5100 contemptor,
2730 5030 2980 5084 Ecclesiis
3017 5031 3116 5086 Dei
3140 5032 3198 5083 in
3235 5031 3536 5084 statuendis

1938 5127 2195 5197 episcopis
2228 5140 2434 5180 omnem
2469 5125 2737 5178 canonica:
2776 5124 3042 5178 electionis
3087 5125 3388 5178 libertatem
3417 5125 3536 5176 adi-

1938 5224 2120 5286 γηθεῖ,
2141 5234 2343 5291 ponens
2365 5233 2467 5289 per
2489 5218 2801 5272 violentiam
2825 5219 3092 5286 episcopos
3112 5232 3240 5285 quos
3261 5217 3530 5271 voluisset.

1936 5316 2165 5384 Insuper
2189 5313 2350 5383 quod,
2373 5327 2516 5366 more
2544 5311 2969 5377 Nicolaitarum,
3001 5311 3066 5363 de
3094 5325 3262 5363 umore
3289 5327 3390 5364 sua
3424 5327 3535 5379 pu-

1936 5406 2131 5462 blicum
2145 5409 2366 5476 fecisset
2389 5406 2772 5475 prostibulum,
2812 5404 3095 5471 subjiciens
3137 5419 3250 5458 eam
3290 5420 3386 5473 per
3426 5407 3535 5458 vim

1939 5502 2174 5555 aliorum
2204 5500 2453 5567 libidini;
2494 5499 2713 5568 aliaque
2747 5499 3106 5566 perplurima,
3138 5513 3260 5566 qua:
3295 5499 3536 5552 inconve-

1938 5597 2138 5649 nientia
2167 5596 2440 5668 visa‘sunt
2463 5596 2522 5646 et
2554 5592 2748 5645 auditu
2773 5591 3032 5658 difﬁcilia.
3069 5591 3417 5657 Quamobrem
3447 5592 3538 5646 do-

1937 5691 2113 5742 minus
2138 5687 2478 5756 apostolicus,
2510 5686 2625 5738 zelo
2648 5685 2879 5754 justitite
2916 5688 3214 5754 permotus,
3247 5686 3426 5737 missis
3457 5686 3532 5737 le-

1940 5782 2107 5850 gatis,
2135 5782 2343 5834 vocavit
2367 5794 2543 5848 regem
2587 5777 2660 5831 ad
2689 5778 2987 5848 apostolica
3010 5778 3152 5832 sedis
3177 5775 3530 5830 audientiam.

1946 5875 2052 5941 Qui
2076 5860 2365 5929 secundam
2387 5878 2437 5927 et
2461 5873 2680 5928 tertiam
2707 5871 3024 5922 vocationem
3049 5851 3421 5930 dissimulans,
3462 5869 3536 5922 ad
