4122 6184
564 204 668 257 215

1793 201 1848 256 S.
1891 199 2272 255 GREGORIUS
2308 201 2396 254 VII
2438 199 2633 253 PAPA.

3759 201 3863 252 216

566 328 821 382 ultimum
861 328 1224 396 familiarium
1251 325 1482 380 consiliis
1527 325 1814 394 astrictus,
1862 327 2169 380 timentium
2196 331 2246 393 Α
2281 339 2310 379 a
2340 322 2612 395 Gregorio
2642 328 2820 393 gestas
2849 319 3069 391 copiose
3092 334 3221 375 cum
3253 317 3502 392 ejusdem
3531 319 3690 377 laude
3718 337 3866 378 exseo

345 487 349 496 η
459 489 462 492 _
566 436 631 475 ne
670 437 833 491 regno
865 421 1016 492 juste
1055 421 1427 490 deponeretur,
1472 421 1573 473 ivit
1611 422 1866 483 Romam,
1910 427 2020 474 etc.

639 515 906 571 XXVIII»
947 513 1202 569 Albertus
1243 511 1416 566 abbas
1455 511 1740 568 Stadensis
1785 513 1844 566 in
1889 511 2163 568 Chronico

569 605 761 663 eadem
792 606 901 660 fere
929 605 1119 660 scribit
1155 619 1280 677 quae
1310 605 1655 662 Helmoldus.
1684 608 1820 661 Haec
1843 605 1978 662 item
2016 621 2166 661 anno

577 705 714 754 1085
748 719 759 754 :
797 698 1190 755 Hildebrandus
1226 715 1405 769 papa,
1446 701 1544 770 qui
1579 704 1628 755 et
1666 700 1979 769 Gregorius,
2017 699 2168 770 apud

573 793 855 848 Salernum
886 794 1146 860 moritur;
1180 794 1271 847 cui
1306 792 1612 848 Desiderius
1640 793 1932 848 cardinalis
1969 796 2165 850 Roma-

574 900 705 953 nus,
737 889 788 939 et
815 885 980 940 abbas
1006 886 1353 948 Cassinensis,
1383 901 1541 940 verus
1571 887 1773 943 Christi
1804 887 2075 954 famulus,
2107 887 2170 939 li-

574 983 652 1034 cet
691 976 920 1034 multum
947 981 1204 1043 renitens,
1242 979 1588 1034 substituitur
1622 995 1840 1034 assensu
1866 980 2171 1037 Nordman-

573 1089 788 1140 norum,
807 1077 860 1128 et
879 1072 1159 1129 Mathildis
1174 1075 1553 1142 potentissimae
1572 1088 1672 1144 per
1691 1075 1912 1128 Italiam
1928 1075 2167 1141 feminae,

574 1171 984 1236 cunctarumque
1025 1166 1293 1237 ejusmodi
1328 1171 1525 1221 sectam
1560 1168 1949 1221 aemulantium.
1996 1170 2067 1223 Et
2113 1166 2173 1220 hi

577 1261 814 1331 quidem,
828 1259 1255 1329 quividcbantur
1261 1262 1607 1330 perfectiores
1620 1265 1670 1314 et
1678 1261 1932 1315 columna:
1941 1262 2003 1314 in
2016 1261 2170 1314 domo

579 1356 695 1417 Dei,
723 1354 1064 1409 adhaeserunt
1088 1355 1227 1409 sicut
1253 1353 1526 1422 Gregorio,
1559 1356 1638 1407 ita
1664 1358 1713 1409 et
1748 1353 2050 1418 Desiderio;
2075 1370 2170 1408 ca:-

579 1450 688 1502 teri
711 1463 851 1509 vero,
882 1461 1013 1517 quos
1036 1453 1134 1501 aut
1155 1449 1312 1502 timor
1331 1452 1429 1502 aut
1445 1448 1606 1514 fauor
1658 1449 1929 1504 Caesareus
1953 1448 2169 1516 agebat,

577 1543 748 1596 secuti
779 1545 903 1596 sunt
945 1541 1278 1603 Guibertum,
1322 1543 1420 1611 qui
1455 1545 1503 1596 et
1544 1542 1798 1604 Clemens,
1848 1548 1953 1595 etc.

2272 417 2477 490 quitur.

2343 510 2614 566 XXXVI.
2667 507 3014 580 Epitomator
3059 505 3503 573 BlondiEneas
3549 506 3758 580 Sylvius
3814 507 3871 564 in

2274 601 2600 675 compendio
2649 600 2865 658 Blondi.

2345 697 2638 753 XXXVII.
2669 697 2912 752 Joannes
2953 695 3199 751 Villanus
3228 694 3322 751 lib.
3355 709 3421 750 IV
3461 694 3605 750 Hist.
3650 695 3873 752 Floren-

2273 791 2422 847 tinae.

2344 886 2667 940 XXXVIII.
2719 883 2987 941 Martinus
3017 883 3258 939 Polonus
3307 881 3361 936 in
3413 882 3682 939 Chronico
3731 886 3874 939 :Hic

2273 983 2496 1049 propter
2542 978 2870 1033 laudabilem
2912 979 3080 1032 vitam
3130 981 3209 1031 est
3253 978 3311 1030 in
3348 992 3558 1047 papam
3604 978 3797 1032 electra
3837 994 3873 1032 a

2277 1071 2672 1136 cardinalibus,
2707 1079 2813 1127 etc.
2849 1071 3066 1127 Salerni
3093 1073 3334 1124 mortuus
3364 1074 3441 1124 est
3477 1071 3759 1126 miraculis
3784 1086 3875 1126 co-

2279 1165 2559 1220 ruscando.

2353 1259 2636 1314 XXXIX.
2669 1257 2968 1314 Sabellicus
2996 1256 3242 1314 Ennead.
3274 1264 3330 1327 9,
3361 1257 3456 1314 lib.
3493 1273 3587 1314 In.

2350 1352 2475 1406 XL.
2510 1352 2900 1408 Volaterranus
2940 1351 3030 1406 lib.
3075 1368 3211 1408 χχιι
3243 1350 3696 1424 Anthropologize
3727 1369 3740 1406 :
3772 1353 3875 1406 Hic

2279 1444 2617 1518 (Gregorius
2635 1447 2736 1502 VII
2753 1447 2771 1510 )
2787 1451 2985 1517 prater
3009 1462 3206 1514 omnes,
3231 1446 3373 1516 quod
3394 1448 3482 1499 vir
3495 1448 3624 1516 pius
3651 1450 3700 1500 et
3719 1445 3874 1502 Chri-

2278 1547 2473 1600 stiana:
2511 1542 2779 1610 religionis
2818 1541 3116 1594 acerrimus
3165 1539 3415 1607 defensor
3450 1540 3645 1608 fuerit,
3677 1538 3876 1593 labores

648 1635 806 1690 Certe
835 1650 964 1690 cum
989 1649 1367 1690 successorem
1396 1633 1670 1706 Gregorii,
1700 1650 1867 1706 quem
1904 1633 2170 1706 Gregorio
2207 1701 2251 1711 ﬁ
2276 1637 2505 1711 pertulit
2560 1648 2803 1704 magnos.

575 1725 1016 1784 addictissimum
1063 1727 1226 1783 fuisse
1268 1727 1443 1798 probe
1488 1701 1670 1795 norat,
1713 1701 1885 1783 tantis
1924 1701 2171 1783 laudibus
2207 1701 2296 1762 Β-
2353 1731 2501 1785 XLI.
2533 1701 2867 1784 Trithemius
2894 1725 2950 1781 in
2975 1725 3247 1782 Chronico
3283 1723 3688 1797 Hirsaugiensi,
3730 1740 3877 1780 anno

577 1820 808 1891 afﬁciet,
839 1837 949 1877 non
979 1821 1157 1893 potuit
1195 1820 1261 1877 de
1291 1821 1559 1893 Gregorio
1588 1820 1802 1876 sinistre
1828 1821 2056 1887 sentire,
2088 1821 2171 1875 vel

578 1931 644 1971 ex
675 1932 774 1972 suo
814 1931 976 1971 sensu
1021 1915 1290 1979 scribere,
1335 1929 1462 1970 cum
1507 1913 1698 1970 eadem
1740 1929 1965 1986 prorsus
2011 1911 2176 1970 fuerit

578 2024 742 2065 causa
770 2006 1112 2080 successoris,
1144 2022 1266 2080 qua
1294 2007 1545 2078 Gregorii
1585 2007 1959 2063 antecessoris.

649 2101 872 2158 XXIX.
917 2100 1200 2172 Alphanus
1237 2099 1678 2172 archiepiscOpus
1706 2100 2081 2158 Salemitanus
2117 2101 2172 2158 in

579 2194 838 2253 Oratione
859 2194 1088 2250 metrica
1115 2193 1260 2265 apud
1285 2195 1586 2249 Baronium
1601 2235 1616 2261 ,
1655 2204 1810 2249 tomo
1834 2195 1915 2248 XI
1942 2213 1959 2248 :

649 2289 1100 2358 Archiapostolici
1117 2288 1212 2357 qui
1233 2289 1462 2342 culmine
1468 2285 1654 2356 fulget
1678 2287 1893 2341 honoris

719 2384 940 2452 Protege
976 2383 1311 2450 Gregorium,
1343 2382 1449 2434 scis
1479 2396 1634 2450 quem
1673 2395 1860 2434 amare
1887 2382 2106 2436 Petrum

650 2476 918 2546 Septimus
949 2476 1006 2528 in
1028 2489 1245 2528 numero
1271 2474 1593 2542 vigilantum
1613 2488 1839 2527 munera
1867 2477 2068 2542 septem

722 2568 1000 2624 Possideat
1029 2582 1231 2637 semper
1255 2568 1494 2636 [laminis
1524 2567 1615 2621 ille
1642 2568 1743 2622 tui.

651 2663 846 2718 XXX.
899 2659 1197 2717 Deusdedit
1249 2660 1533 2732 presbyter
1578 2659 1867 2716 cardinalis
1920 2659 1973 2716 in
2025 2676 2175 2716 com-

580 2755 849 2812 mentario
878 2758 962 2811 De
993 2753 1277 2826 privilegiis
1308 2755 1578 2810 Romanae
1610 2753 1866 2810 Ecclesiae
1900 2754 2042 2826 apud
2070 2756 2173 2810 Ba-

576 2849 816 2917 ronium,
837 2857 990 2904 tomo
1014 2850 1117 2914 XI,
1148 2864 1293 2904 anno
1323 2853 1460 2903 1080
1490 2865 1504 2903 :
1534 2850 1660 2904 Post
1681 2850 1938 2919 prastita
1967 2849 2175 2904 domino

576 2959 673 2999 suo
695 2944 863 2999 beata:
891 2943 1156 2999 memoria:
1192 2943 1416 3012 septimo
1445 2944 1694 3011 Gregorio
1711 2958 1868 3012 papa:
1901 2942 2179 3012 ﬁdelitatis

2285 1823 2506 1881 Domini
2538 1827 2674 1877 1073
2701 1839 2715 1877 :
2743 1823 2950 1877 Mortuo
2973 1835 3123 1891 papa
3146 1818 3458 1875 Alexandro
3487 1821 3738 1874 successit
3764 1820 3881 1875 Hil-

2283 1917 2591 1974 debrandus
2619 1916 2782 1970 abbas
2818 1915 3008 1971 Sancti
3041 1914 3203 1969 Pauli
3231 1913 3436 1968 ordinis
3461 1915 3652 1975 nostri,
3694 1918 3746 1968 et
3772 1916 3878 1968 Ro.

2283 2028 2457 2067 mante
2489 2011 2732 2067 Ecclesiae
2761 2008 3188 2069 archidiaconus,
3224 2010 3276 2061 et
3298 2009 3530 2076 prtefuit
3562 2009 3720 2061 annis
3756 2007 3880 2062 duo-

2285 2107 2476 2172 decim,
2520 2104 2800 2173 dictusque
2841 2106 2920 2156 est
2946 2102 3237 2170 Gregorius
3279 2101 3441 2170 hujus
3466 2102 3696 2155 nominis
3723 2103 3881 2170 septi-

2282 2215 2435 2263 mus,
2465 2199 2552 2252 vir
2580 2200 2716 2251 certe
2741 2195 2928 2250 multa:
2965 2194 3245 2257 doctrinm,
3284 2209 3597 2264 magnaeque
3634 2195 3877 2263 pietatis,

2279 2292 2622 2364 prudentiae,
2662 2289 2928 2358 justitice,
2977 2290 3290 2343 constantia:
3334 2291 3390 2342 et
3426 2287 3735 2356 religionis,
3783 2290 3883 2357 qui

2284 2385 2457 2440 multa
2486 2399 2588 2455 pro
2618 2384 2925 2451 defensione
2960 2381 3230 2436 libertatis
3258 2382 3624 2437 ecclesiastica:
3663 2385 3714 2434 et
3749 2382 3882 2448 fecit

2286 2479 2442 2546 bona,
2482 2483 2533 2531 et
2559 2478 2820 2531 sustinuit
2859 2475 3108 2530 adversa.
3140 2477 3239 2531 Hic
3273 2477 3517 2545 primum
3543 2475 3657 2542 fuit
3693 2490 3881 2528 mona-

2284 2573 2412 2627 chus
2443 2572 2823 2631 Cluniacensis,
2865 2573 2916 2622 et
2950 2585 2985 2622 α
3013 2571 3178 2624 Leone
3212 2584 3362 2638 papa
3387 2570 3459 2623 IX
3486 2568 3543 2624 S.
3573 2570 3640 2624 R.
3682 2571 3744 2624 Ε.
3783 2585 3880 2622 ar-

2285 2665 2629 2720 chidiaconus
2658 2664 2730 2719 ad
2766 2663 3149 2717 monasterium
3177 2662 3233 2717 S.
3265 2662 3428 2716 Pauli
3459 2661 3764 2724 ordinatus,
3789 2663 3882 2716 hoc

2283 2775 2425 2814 anno
2464 2762 2591 2830 post
2635 2756 3009 2814 Alemandrum
3061 2757 3296 2810 omnium
3353 2770 3605 2824 consensu
3644 2771 3880 2811 summus

2282 2855 2535 2924 pontifex
2576 2856 2783 2907 creatus
2821 2854 2916 2905 est.

2355 2947 2536 3001 XLII.
2572 2944 2871 3001 Nauclerus
2909 2943 2962 2998 in
3000 2941 3268 2998 Chronico
3303 2943 3562 2999 Generat.
3608 2946 3676 2997 36
3709 2949 3762 2998 et
3791 2949 3878 2998 37.

579 3041 937 3100 sacramenta,
955 3041 1007 3090 et
1024 3036 1387 3090 obedientiam
1407 3037 1690 3090 vumnm's
1706 3034 2030 3097 eae/libitum.
2048 3051 2176 3105 apo-
2210 3073 2257 3134 α
2357 3040 2565 3094 XLIII.
2582 3035 3126 3093 AlbertusCrantzius
3141 3035 3235 3091 lib.
3256 3051 3314 3090 ν.
3335 3034 3810 3107 Metropolis,cap.
3829 3051 3880 3104 ις

578 3131 825 3185 stolicum
861 3130 1113 3184 thronum
1135 3129 1357 3184 inuasit.
1389 3126 1661 3198 Loquitur
1680 3125 1748 3182 de
1782 3126 2045 3182 Guiberto
2078 3144 2174 3182 an-

575 3224 778 3295 tipapa.

649 3317 866 3373 XXXI.
894 3315 1149 3389 Magnum
1171 3314 1485 3372 Chronicon
1509 3313 1808 3388 Belgicum,
1838 3301 2043 3371 editum
2075 3331 2176 3371 nu-

580 3426 678 3484 per
698 3426 728 3466 a
749 3411 1065 3468 clarissime
1084 3419 1139 3466 et
1158 3409 1550 3467 laudatissima;
1571 3409 1856 3464 memoriae
1875 3411 1944 3465 D.
1971 3409 2179 3465 Joanne

577 3503 812 3562 Pistorio
855 3526 868 3561 :
907 3506 1194 3576 Gregorius
1244 3505 1346 3562 VII
1373 3505 1590 3559 natione
1629 3506 1857 3567 Tuscus,
1898 3511 2025 3572 etc.,
2063 3504 2180 3559 Hil-

579 3597 886 3654 debrandus
919 3602 1078 3670 prius
1101 3602 1337 3660 vocatus,
1379 3603 1508 3658 etc.,
1534 3597 1880 3667 postmodum
1916 3613 2034 3652 vero
2057 3613 2176 3652 car-

580 3691 806 3753 dinalis,
833 3696 1056 3761 propter
1099 3691 1425 3744 laudabilem
1457 3691 1572 3760 ejus
1607 3692 1777 3744 vitam
1814 3693 1874 3744 in
1897 3705 2103 3760 papam
2146 3707 2180 3743 a

582 3783 949 3838 cardinalibus
977 3789 1054 3838 est
1072 3784 1281 3847 electus,
1318 3790 1426 3839 etc.
1456 3782 1606 3838 Infra
1641 3801 1654 3837 :
1683 3785 1950 3851 Defuncto
1970 3785 2186 3839 Salerni

584 3878 750 3932 beata:
777 3880 1044 3931 memoria
1075 3893 1280 3933 summo
1302 3879 1554 3947 pontifice
1582 3877 1858 3944 Gregorio,
1899 3884 2004 3937 etc,

650 3971 894 4025 XXXII.
950 3969 1277 4026 Wilhelmus
1333 3970 1549 4040 Tyrius,
1605 3970 1696 4024 lib.
1749 3984 1770 4024 ι
1827 3969 1959 4023 Belli
2017 3969 2172 4036 sacri,

579 4080 697 4134 cap.
753 4071 837 4130 Ia,
891 4063 979 4118 ubi
1011 4067 1236 4134 loquens
1277 4062 1343 4118 de
1383 4064 1720 4118 Investituris
1763 4063 2173 4134 episcopatuum

580 4157 649 4214 ab
681 4158 913 4212 Henrico
951 4155 1182 4211 conferri
1211 4157 1410 4220 solitis,
1453 4157 1530 4210 sic
1557 4156 1746 4211 scribit
1776 4175 1788 4210 :
1826 4156 1978 4222 Quod
2000 4157 2178 4212 domi-

582 4267 687 4307 nus
711 4267 865 4324 papa
889 4255 1072 4305 contra
1095 4266 1297 4305 omnem
1316 4252 1440 4319 fieri
1468 4249 1795 4304 honestatem
1815 4252 2176 4318 considerans,

581 4350 631 4400 et
645 4346 780 4415 jura
798 4347 854 4399 in
884 4361 941 4400 eo
965 4345 1110 4412 facto
1129 4345 1428 4400 conculcari
1447 4344 1794 4398 ecclesiastica
1825 4345 2177 4414 perpendens,

2287 3133 2572 3201 Gregorius
2616 3133 2735 3198 VII,
2775 3129 3174 3186 Hildebrandus
3211 3134 3334 3183 ante
3379 3133 3622 3196 vocatus,
3665 3133 3884 3184 natione

2285 3229 2563 3288 Etruscus,
2595 3240 2712 3278 cum
2750 3223 2924 3278 multa
2949 3239 3048 3294 pro
3078 3226 3333 3280 Romanis
3367 3224 3712 3293 pontiﬁcibus
3743 3225 3882 3292 egis-

2283 3325 2382 3388 set,
2441 3320 2772 3374 acclamante
2822 3318 2958 3372 clero
3003 3322 3053 3372 et
3088 3318 3308 3387 populo,
3368 3317 3801 3372 Hildebrandum
3850 3333 3886 3370 a

2286 3416 2345 3470 B.
2371 3416 2528 3468 Petro
2565 3412 2785 3467 electum
2825 3425 3202 3481 successorem,
3250 3412 3461 3478 magnis
3503 3413 3639 3464 votis
3680 3416 3730 3464 et
3757 3426 3886 3488 con-

2287 3507 2538 3562 cordibus
2587 3521 2705 3560 eum
2743 3505 3085 3573 designaverc
3129 3505 3332 3559 Patres.
3372 3503 3575 3558 Multus
3617 3504 3704 3556 illi
3732 3503 3887 3557 labor

2287 3605 2400 3656 erat
2429 3616 2549 3654 cum
2569 3601 2794 3655 Henrico
2828 3601 2926 3664 IV,
2951 3597 3242 3667 multiplex
3269 3597 3592 3658 colluctatio,
3625 3596 3717 3650 sed
3736 3612 3888 3666 supe-

2287 3696 2428 3748 ravit
2457 3695 2678 3755 veritas,
2727 3697 2778 3746 et
2795 3685 3038 3761 justitia,
3078 3691 3415 3759 obtinuitque
3437 3691 3692 3760 ponti/eo:
3720 3695 3783 3744 ut
3812 3691 3888 3744 ad

2288 3803 2491 3841 annum
2531 3787 2792 3841 decimum
2831 3787 3049 3838 tertium
3095 3785 3410 3854 perueniret.
3448 3859 3450 3861 _

2362 3882 2563 3935 XLIV.
2633 3878 2912 3949 Philippus
2959 3877 3344 3950 Bergomensis
3400 3875 3460 3934 in'
3509 3875 3886 3949 supplemento

2294 3973 2691 4028 Chronicorum
2735 3990 2748 4023 :
2797 3973 3083 4040 Gregorius
3126 3973 3230 4026 VII
3264 3987 3434 4041 papa,
3465 3973 3677 4025 natione
3723 3974 3888 4026 Etru-

2295 4083 2432 4135 scus,
2477 4076 2579 4122 etc.
2639 4068 2739 4123 Vir
2767 4070 2903 4120 certe
2954 4069 3058 4120 Deo
3087 4069 3135 4119 et
3177 4066 3479 4120 hominibus
3521 4066 3884 4133 gratissimus,

2280 4163 2544 4235 prudens,
2581 4161 2785 4230 justus,
2835 4160 3078 4224 clemens,
3117 4173 3423 4228 pauperum
3455 4158 3890 4229 pupillorumque

2287 4275 2348 4312 ac
2377 4257 2667 4310 viduarum
2708 4258 2972 4323 patronus
3002 4256 3052 4304 et
3075 4257 3253 4320 pater,
3297 4266 3388 4305 nec
3430 4267 3534 4306 non
3560 4257 3613 4305 et
3639 4251 3890 4306 Ecclesia:

2292 4353 2542 4406 Romana:
2587 4350 2771 4401 contra
2799 4346 3167 4398 hcereticorum
3204 4345 3602 4414 improbitatem
3632 4349 3683 4397 ct
3715 4345 3886 4397 malo-

579 4440 758 4502 semel,
789 4439 1038 4506 secundo,
1083 4454 1145 4492 ac
1175 4441 1329 4492 tertio
1363 4437 1605 4493 eumdem
1650 4439 2018 4507 imperatorem
2050 4453 2179 4492 com-
2212 4458 2260 4520 υ
2286 4459 2409 4497 rum
2437 4442 2750 4511 principum
2769 4440 3089 4508 potentiam,
3121 4453 3204 4492 res
3235 4439 3615 4492 ecclesiasticas
3641 4452 3740 4507 per
3775 4440 3883 4490 vim

580 4535 808 4598 monuit,
833 4540 895 4588 ut
918 4550 952 4587 α
975 4539 1084 4588 tam
1109 4533 1410 4587 detestabili
1433 4532 1707 4586 desisteret
1728 4533 2170 4604 praesumptione.

586 4628 750 4692 Quem
791 4630 1074 4697 praceptis
1116 4627 1448 4680 salutaribus
1491 4627 1885 4687 commonilum,
1930 4640 2049 4678 cum
2090 4641 2178 4678 re-

581 4734 767 4774 uocare
788 4735 892 4774 non
908 4725 1104 4790 posset,
1127 4720 1337 4774 vinculo
1355 4719 1718 4774 anathematis
1742 4718 2044 4786 innodauit,
2070 4707 2178 4773 etc;

651 4814 921 4868 XXXIII.
955 4812 1272 4868 Vincentius
1293 4812 1349 4866 in
1376 4813 1599 4882 speculo
1625 4811 1721 4867 lib.
1767 4827 1917 4879 xxv,
1939 4827 2058 4883 cap.
2086 4815 2175 4878 44,

584 4903 911 4977 Gregorium
941 4903 1218 4960 miraculis
1244 4913 1298 4959 et
1325 4902 1651 4960 charismate
1674 4918 1870 4959 arcana
1894 4913 2180 4976 pectorum

584 4997 951 5071 cognoscendi
987 4997 1246 5054 claruisse
1292 4997 1502 5054 scribit.

657 5093 924 5147 XXXIV.
983 5093 1039 5145 S.
1100 5091 1433 5158 Antoninus,
1484 5099 1635 5162 parte
1691 5089 1924 5146 secunda
1963 5092 2177 5146 Summ.

591 5188 760 5251 Hist.,
794 5188 878 5239 tit.
931 5194 1014 5248 l6,
1057 5201 1174 5246 νει).
1215 5188 1409 5253 1,521
1452 5203 1463 5216 ’
1503 5187 1638 5240 Erat
1679 5187 1766 5238 vir
1808 5187 1906 5239 iste
1936 5185 2180 5254 (Grego-

589 5285 697 5332 rius
723 5281 836 5345 VII)
867 5281 1148 5346 religiosus
1170 5295 1230 5332 ac
1255 5283 1443 5334 ti-mms
1474 5284 1655 5340 Deum,
1678 5280 1916 5348 justitia:
1935 5284 1984 5334 et
2011 5283 2182 5349 (equi-

589 5377 719 5425 tatis
752 5379 983 5434 amator,
1023 5377 1077 5426 iu
1101 5375 1338 5428 adversis
1377 5381 1644 5437 constans,
1678 5377 1733 5428 in
1759 5377 2028 5445 prosperis
2066 5390 2181 5429 mo-

591 5465 833 5533 deratus,
868 5468 985 5532 fuit
1015 5472 1066 5522 et
1094 5467 1251 5522 valde
1278 5467 1555 5531 cordatus,
1585 5470 1829 5524 Ecclesia
1845 5469 2059 5538 jurium
2086 5468 2184 5523 de-

587 5562 771 5629 fensor
802 5563 1110 5629 acerrimus,
1139 5565 1190 5615 et
1215 5564 1314 5631 qui
1333 5567 1533 5632 praeter
1556 5565 1742 5625 Deum,
1773 5564 1828 5617 in
1859 5563 1942 5617 his
1967 5578 2084 5633 quae
2109 5563 2183 5616 ad

575 5655 860 5724 justitiam
897 5655 1256 5724 pertinebant,
1299 5655 1380 5710 nil
1421 5658 1684 5712 timuisset
1721 5659 1926 5727 efﬁcere

660 5749 899 5805 XXXV.
934 5748 1179 5806 Blondus
1204 5749 1436 5805 Decadis
1464 5751 1714 5808 secundae
1745 5751 1836 5806 lib.
1868 5765 1944 5807 III
1976 5750 2068 5804 ubi
2099 5765 2184 5805 res

2284 4549 2538 4606 occupare
2564 4534 2871 4587 conantium
2894 4534 3078 4586 unicus
3108 4536 3156 4586 et
3182 4533 3476 4586 acerrimus
3509 4531 3776 4596 defensor.

2361 4631 2524 4684 Paulo
2562 4625 2696 4682 infra
2728 4625 2794 4680 de
2836 4634 2995 4696 capto
3027 4623 3280 4697 pontiﬁce
3309 4621 3523 4678 eodem.

2357 4722 2460 4779 Sed
2484 4722 2571 4775 die
2597 4722 2852 4790 sequenti,
2899 4721 3127 4774 Romani
3165 4719 3372 4786 cognito
3415 4719 3675 4784 facinore,
3708 4719 3888 4787 ipsum

2288 4818 2525 4873 Cincium
2549 4818 2950 4885 prosequuntur
2974 4817 3024 4865 et
3038 4814 3341 4882 pontiﬁcem
3361 4817 3607 4865 sanctum
3628 4811 3890 4880 liberant,

2290 4912 2585 4978 turrimque
2608 4912 2891 4968 evertunt,
2923 4914 3028 4960 etc.

2339 5005 2490 5058 'Post
2521 5017 2686 5074 pauca
2713 5000 2781 5054 de
2819 4997 3080 5054 Mathilde
3117 5016 3129 5052 :
3164 4998 3452 5054 Mathildis
3480 5001 3755 5052 comitissa
3788 5013 3893 5052 no-

2292 5096 2551 5150 bilissima
2597 5101 2646 5150 et
2671 5097 2870 5164 optima
2896 5097 3057 5161 atque
3094 5093 3322 5146 illustris
3359 5095 3587 5160 femina,
3615 5093 3814 5146 uirtute
3843 5098 3896 5147 et

2289 5191 2445 5244 rebus
2483 5191 2679 5250 Optime
2719 5188 2880 5255 gestis
2905 5185 3055 5239 cla-ra.
3093 5191 3142 5240 et
3177 5185 3379 5254 inclyta
3410 5186 3605 5255 ubique
3637 5185 3899 5255 pradica-

2292 5289 2398 5338 tur.
2448 5283 2767 5337 Guibertum
2827 5287 3006 5333 autem
3053 5280 3202 5334 illum
3249 5279 3612 5344 (Clementem
3664 5278 3894 5348 dictum)

2291 5379 2610 5446 antipapam
2641 5382 2813 5427 vocat.
2857 5375 2972 5435 Hic,
3009 5374 3189 5428 subdit
3221 5381 3342 5444 post
3389 5372 3689 5444 paululum,
3721 5373 3893 5427 malo-

2289 5486 2410 5525 rum
2433 5471 2667 5523 omnium
2705 5474 2887 5537 caput,
2918 5472 3087 5522 morte
3123 5451 3406 5522 subitanea
3435 5471 3708 5537 correptus
3731 5466 3890 5521 scele-

2289 5578 2410 5618 rum
2438 5577 2654 5616 suorum
2696 5576 2880 5632 plenas
2925 5561 3097 5615 dedit.

2361 5657 2533 5711 XLV.
2576 5652 2824 5710 Andreas
2851 5652 3259 5710 Ratisbonensis
3283 5652 3338 5709 in
3382 5654 3657 5710 Chronico
3687 5669 3889 5710 manu-

2290 5749 2494 5821 scripto
2523 5746 2869 5804 Bibliotheca:
2896 5748 2964 5804 ad
2989 5749 3046 5803 S.
3076 5748 3492 5805 Emmeramum
3523 5747 3840 5805 Ratisbouaa
3871 5765 3886 5804 :
