4106 6182
286 271 391 324 2n
1082 264 1608 321 PROLEGOMENA.
1648 292 1718 304 —
1755 263 2096 320 APOLOGIA
2136 263 2271 320 eno
2308 264 2658 322 GREGORIO
2696 269 2808 325 vn.
3228 322 3231 325 λ
3488 282 3591 334 218

284 392 582 461 Gregorius
607 393 733 452 VII,
750 382 969 445 natione
990 392 1204 453 Tuscus,
1228 389 1499 460 quondam
1520 389 1883 460 Hiltprandus
1913 358 2187 456 Aoerrore
2217 389 2333 462 jam
2365 390 2497 447 olim
2524 390 2585 447 in
2620 392 2819 464 priscis
2857 392 3149 464 haereticis,
3177 399 3506 457 nominatim
3536 403 3592 458 in

277 482 1885 558 priorCluniacensis,propterlaudabilemvitamacardina-
1995 482 2317 552 Donatistis,
2350 483 2637 540 damnato.
2660 487 2919 545 Nonnulli
2938 488 3122 557 etiam,
3156 493 3415 564 quamvis
3450 495 3589 551 Gre-

285 580 426 635 libus
448 582 507 633 in
520 595 738 651 papam
756 580 966 640 electus,
1000 577 1363 648 Wichpertum
1384 578 1782 633 Ravennensem
1802 592 1885 630 ur-

283 673 801 744 clu'episcopum,qui
804 672 980 727 dictus
991 675 1067 726 est
1080 672 1331 733 Clemens,
1348 670 1537 724 habuit
1548 673 1886 742 antipapam.

352 767 425 822 Et
460 765 625 838 paulo
663 761 802 820 infra
832 785 844 819 :
890 765 996 833 Qui
1027 769 1151 836 post
1183 766 1242 819 in
1275 765 1539 835 Apuliam
1567 764 1884 820 descendens

283 860 499 918 Salerni
524 863 767 915 mortuus
798 861 875 914 est
896 859 1177 912 miraculis
1206 872 1506 914 coruscans.
1535 854 1683 913 Infra
1717 856 1887 914 refert

285 952 612 1009 miraculum
653 949 802 1024 quod
846 951 1053 1024 legatus
1094 949 1426 1022 Lugdunum
1458 947 1593 1007 fecit
1624 950 1775 1006 circa
1800 967 1885 1007 ar-

282 1045 693 1118 chiepiscopum
720 1043 1207 1101 Eberudunensem
1224 1042 1622 1108 Simoniacum,
1645 1042 1738 1118 qui
1772 1060 1883 1101 non

281 1138 464 1212 potuit
512 1146 644 1195 ante
694 1136 1096 1208 depositionem
1138 1134 1322 1192 dicere
1355 1156 1366 1192 :
1421 1137 1608 1193 Gloria
1640 1139 1797 1193 Patri
1835 1143 1885 1192 et

280 1234 419 1291 Bibe
442 1238 495 1288 et
520 1234 758 1303 Spiritui
781 1236 993 1297 sancto;
1029 1237 1154 1303 post
1179 1229 1433 1302 expedite
1461 1229 1597 1287 dixit
1624 1251 1636 1287 :
1674 1236 1725 1287 et
1754 1232 1884 1302 Spi-

280 1328 419 1382 ritui
440 1330 642 1382 sancto.
673 1323 944 1382 Eamdem
972 1323 1261 1381 historiam
1290 1322 1459 1380 refert
1487 1323 1795 1381 Gobelinus
1829 1323 1884 1381 in

281 1435 381 1477 suo
411 1418 858 1485 Cosmodromio,
887 1424 1047 1474 aetate
1070 1432 1160 1486 vr,
1196 1432 1315 1490 cap.
1351 1421 1442 1473 57.

349 1514 558 1571 XLVI.
582 1512 790 1567 Platina
815 1511 871 1567 in
896 1511 1022 1569 Vita
1048 1510 1294 1592 Gregorii
1315 1512 1432 1567 VII.

347 1607 578 1663 XLVII.
615 1604 956 1677 Onuphrius,
989 1605 1048 1660 in
1092 1604 1183 1661 lib.
1220 1607 1306 1661 De
1340 1604 1576 1662 summis
1616 1606 1883 1679 pontiﬁci-

278 1700 403 1767 bus,
431 1708 489 1757 et
524 1700 582 1755 in
611 1697 1077 1755 Annotationibus
1112 1697 1180 1753 ad
1208 1698 1498 1766 Platinam,
1530 1698 1619 1755 ubi
1661 1699 1797 1757 dicit
1822 1716 1881 1758 se

1994 575 2150 648 gorio
2192 575 2575 648 addictissimi,
2622 593 2736 635 non
2778 580 2927 637 malo
2964 583 3173 653 animo,
3202 584 3298 642 sed
3326 587 3589 644 nimirum

1991 668 2165 725 nimio
2217 668 2479 727 adversus
2536 670 2935 742 schismaticos,
2976 675 3320 736 Simoniacos
3362 688 3417 736 et
3453 697 3591 737 con-

1995 763 2307 820 cubinarios
2341 764 2461 819 zelo
2498 765 2758 837 provecti,
2799 765 3093 826 defendere
3135 769 3241 827 hoc
3283 772 3467 845 ipsum
3506 776 3588 832 in-

1993 857 2275 923 stiterunt,
2341 857 2496 928 quasi
2552 866 2716 915 rectae
2770 867 2826 915 et
2868 876 3015 918 sanae
3076 861 3373 934 doctrinae,
3427 874 3590 940 atque

1993 948 2129 1006 adeo
2160 948 2260 1021 ipsi
2307 949 2474 1006 etiam
2510 948 2627 1006 sedi
2670 952 2981 1023 apostolicae
3012 966 3468 1027 consentaneum;
3518 976 3588 1018 ex

1992 1057 2232 1116 quorum
2268 1058 2501 1099 numero
2540 1059 2680 1101 unus
2707 1043 2809 1101 fuit
2836 1048 3144 1105 Bernardus
3184 1050 3271 1106 ille
3298 1051 3593 1110 Corbeien-

1992 1137 2089 1205 sis,
2117 1145 2179 1193 ut
2205 1144 2428 1209 apparet
2456 1152 2521 1194 ex
2549 1138 2772 1210 epistola
2809 1139 2929 1211 ejus
2959 1156 3124 1214 quam
3155 1142 3292 1199 infra
3318 1144 3508 1214 habes,
3536 1154 3590 1203 et

1992 1245 2153 1303 upra
2180 1229 2237 1287 id
2259 1230 2419 1286 etiam
2457 1245 2524 1287 ex
2565 1230 2805 1315 Bertoldi
2842 1234 3277 1293 Constantiensis
3311 1237 3587 1297 Chronico

1993 1324 2400 1381 adnotavimus.

2055 1419 2227 1473 Erant
2272 1424 2535 1490 praeterea
2586 1434 2698 1475 non
2735 1419 2896 1492 pauci
2940 1420 3035 1493 qui
3084 1422 3336 1495 Gregorii
3373 1422 3589 1482 decreta

1992 1511 2324 1579 vellicarent,
2371 1513 2720 1570 traducerent
2760 1521 2814 1569 et
2840 1514 3208 1586 repudiarent,
3249 1516 3397 1588 quod
3434 1519 3587 1574 carni

1993 1612 2047 1660 et
2080 1604 2354 1677 sanguini,
2398 1613 2453 1661 et
2482 1606 2911 1677 corruptissimis
2949 1607 3078 1664 cleri
3108 1609 3357 1666 moribus
3396 1626 3588 1682 parum

1991 1704 2143 1770 grata
2204 1707 2260 1753 et
2313 1699 2493 1755 amica
2548 1700 2878 1756 acciderent.
2938 1701 3209 1773 Quocirca
3269 1703 3593 1775 ubicunque

278 1795 462 1850 Vitam
491 1792 660 1865 hujus
704 1791 976 1865 pontiﬁcis
1012 1791 1251 1864 quinque
1288 1792 1441 1849 libris
1467 1793 1875 1866 conscripsisse.
1912 1773 1959 1835 Β
1990 1791 2496 1863 promulgahantur,
2557 1792 2737 1848 clerici
2796 1794 3206 1865 propemodum
3264 1795 3318 1851 in
3372 1773 3581 1854 rabiem

345 1888 614 1945 XLVIII.
660 1885 938 1958 Sigonius,
989 1884 1127 1941 libro
1160 1900 1217 1941 ιχ
1252 1887 1334 1941 De
1356 1901 1527 1958 regno
1562 1887 1752 1955 Italiae,
1787 1888 1877 1944 ubi

277 1982 331 2037 in
369 1981 536 2053 hujus
570 1978 846 2053 pontiﬁcis
888 1977 1105 2036 laudem
1139 1978 1295 2051 plura
1338 1974 1619 2051 eleganter
1645 1996 1711 2036 ex
1739 1982 1879 2037 anti-

273 2074 560 2147 quioribus
585 2072 963 2130 monumentis
992 2071 1283 2144 depromit.

342 2169 553 2224 XLIX.
581 2168 823 2223 Joannes
847 2164 1289 2237 archiepiscopus
1308 2165 1694 2239 Lugdunensis
1717 2168 1871 2239 epist.

272 2261 339 2318 ad
378 2263 606 2317 Ivonem
638 2262 1032 2319 Carnotensem
1068 2258 1184 2331 (est
1220 2259 1381 2331 epist.
1429 2265 1533 2315 239
1576 2260 1717 2316 inter
1749 2263 1872 2316 lvo-

274 2354 493 2418 nianas)
520 2370 536 2410 :
567 2353 831 2425 Nunquid
858 2356 1070 2409 incusas
1100 2355 1417 2423 Gregorium
1454 2356 1559 2411 VII
1578 2357 1679 2425 qui
1698 2371 1876 2425 regem

275 2450 568 2505 Hernicum
598 2448 662 2503 ob
689 2463 793 2502 sua
819 2448 1015 2504 scelera
1035 2446 1354 2503 damnauit?

339 2541 849 2614 Quinquagesimus
884 2555 1013 2613 ergo
1050 2540 1202 2597 testis
1238 2556 1338 2613 pro
1383 2541 1688 2598 innocentia
1729 2543 1872 2600 Gre-

272 2636 403 2709 gorii
434 2636 541 2692 VII
570 2634 682 2691 sint
708 2634 830 2691 haec
855 2633 1115 2704 opuscula
1138 2634 1389 2691 Bernaldi
1414 2634 1869 2705 Constantiensis,

271 2744 415 2785 nunc
441 2731 689 2801 primum
713 2727 770 2784 in
800 2728 978 2784 lucem
1010 2726 1374 2800 deprompta;
1414 2743 1542 2784 cum
1582 2728 1726 2784 enim
1760 2726 1872 2785 hae-

270 2822 421 2879 retici
446 2830 564 2878 tam
588 2819 883 2894 diligentes
903 2820 1014 2876 sint
1041 2821 1095 2876 in
1114 2820 1424 2892 evulgando
1451 2821 1872 2877 mendacissimo

268 2930 365 2972 suo
392 2918 691 2985 Bennone,
715 2928 937 2979 summo
953 2914 1201 2987 Gregorii
1231 2913 1393 2970 hoste
1429 2922 1485 2970 et
1502 2914 1869 2983 criminatore,

269 3008 412 3066 haud
459 3006 623 3065 decet
662 3016 726 3063 ut
771 3006 1068 3064 orthodoxi
1115 3023 1146 3061 a
1184 3006 1575 3080 conquirendis
1614 3007 1864 3081 Gregorii

266 3100 660 3158 defensoribus
682 3107 738 3157 et
759 3100 1030 3157 advocatis
1060 3109 1295 3157 cessent.

1988 1884 2129 1940 versi
2172 1883 2381 1956 quidvis
2424 1885 2606 1957 potius
2641 1884 2783 1941 ferre
2822 1887 3098 1967 volebant,
3140 1904 3309 1959 quam
3350 1890 3586 1949 licentiae

1984 1993 2101 2034 suae
2156 1978 2361 2051 imponi
2415 1979 2660 2035 ﬁbulam.
2716 1980 2866 2036 Audi
2907 1980 3269 2038 Lambertum
3328 2003 3343 2041 :
3398 1986 3588 2041 Hilde-

1989 2072 2228 2127 brandus
2260 2089 2412 2144 papa
2458 2090 2578 2128 cum
2615 2076 2871 2145 episcopis
2909 2076 3085 2130 Italiae
3120 2079 3431 2132 conveniens
3461 2079 3584 2148 jam

1984 2167 2362 2236 frequentibus
2414 2168 2634 2236 synodis
2687 2167 2991 2223 decreverat
3040 2174 3101 2223 ut
3152 2171 3442 2226 secundum
3494 2174 3584 2225 in-

1983 2261 2178 2315 stituta
2195 2262 2556 2337 antiquorum
2584 2276 2866 2324 canonum,
2908 2262 3212 2332 presbyteri
3244 2279 3436 2318 uxores
3478 2280 3585 2320 non

1984 2353 2245 2420 habeant;
2292 2354 2559 2417 habentes,
2608 2358 2706 2408 aut
2735 2354 3038 2418 dimittant,
3088 2359 3187 2410 aut
3219 2356 3581 2427 deponantur;

1982 2463 2077 2502 nec
2100 2449 2389 2517 quisquam
2412 2449 2628 2501 omnino
2659 2447 2733 2501 ad
2756 2448 3117 2502 sacerdotium
3139 2444 3462 2504 admittatur
3489 2454 3587 2520 qui

1981 2556 2089 2595 non
2127 2542 2187 2595 in
2233 2546 2550 2611 perpetuum
2594 2544 2980 2597 continentiam
3024 2545 3300 2613 vitamque
3347 2544 3581 2599 ccelibem

1977 2637 2319 2703 proﬁteatur.
2367 2636 2475 2690 Hoc
2502 2634 2708 2689 decreto
2744 2651 2842 2705 per
2876 2640 3041 2690 totam
3082 2637 3303 2691 Italiam
3335 2637 3580 2708 promul-

1983 2731 2128 2795 gato,
2170 2727 2383 2781 crebras
2419 2728 2624 2781 litteras
2654 2727 2727 2782 ad
2763 2729 3029 2798 episcopos
3064 2729 3370 2785 Galliarum
3398 2735 3582 2785 trans-
3638 2798 3641 2811 ί

1980 2819 2246 2882 mittebat,
2270 2822 2590 2891 pracipiens
2624 2825 2687 2874 ut
2722 2822 2833 2891 ipsi
2853 2837 3063 2892 quoque
3100 2824 3159 2875 in
3194 2825 3306 2877 suis
3334 2824 3581 2879 Ecclesiis

1981 2912 2231 2968 similiter
2269 2913 2535 2979 facerent,
2582 2917 2743 2983 atque
2790 2930 2824 2967 a
2865 2913 3205 2968 contubernio
3248 2916 3581 2971 sacerdotum

1979 3021 2155 3061 omnes
2189 3008 2403 3060 omnino
2434 3007 2675 3073 feminas
2698 3011 2958 3076 perpetuo
3003 3007 3346 3062 anathemate
3368 3024 3576 3063 reseca-

1975 3106 2111 3154 rent.
2144 3100 2421 3155 Adversus
2451 3100 2543 3155 hoc
2568 3100 2833 3155 decretum
2848 3103 3102 3171 protinus
3128 3100 3457 3156 vehementer
3494 3104 3578 3156 in—

336 3200 439 3253 Est
460 3203 653 3252 autem
680 3193 1083 3251 observandum
1110 3193 1227 3251 hac
1249 3194 1507 3265 opuscula
1534 3193 1701 3251 fuisse
1723 3209 1869 3250 com-
1901 3177 1947 3241 (ἶ
1975 3195 2202 3261 fremuit
2235 3198 2345 3248 tota
2376 3195 2541 3261 factio
2565 3186 2906 3258 clericorum;
2935 3194 3199 3249 hominem
3224 3196 3386 3264 plane
3414 3196 3580 3250 luere-

266 3290 439 3362 posita
470 3303 505 3344 a
534 3285 833 3356 Bernaldo,
867 3287 1152 3344 occasione
1173 3286 1543 3355 decretorum,
1570 3303 1696 3360 quae
1727 3288 1864 3345 Gre-

268 3384 455 3456 gorius
494 3380 744 3455 pontifex
781 3388 975 3437 contra
1019 3380 1384 3447 Simoniacos,
1427 3379 1862 3451 concubinarios,

266 3484 319 3532 et
335 3476 571 3533 clericos
598 3474 921 3548 conjugatos
948 3472 1178 3531 diversis
1209 3473 1548 3546 temporibus
1575 3474 1677 3531 sub
1709 3490 1868 3548 poena

269 3568 852 3625 cxcommunicationis
919 3567 1395 3641 promulgaverat,
1457 3566 1645 3623 addito
1710 3567 1897 3624 inter-'

271 3662 419 3720 dicto
453 3676 525 3717 ne
563 3660 689 3734 quis
729 3659 1049 3734 hujusmodi
1086 3659 1438 3719 sacerdotum
1478 3660 1661 3718 mimis
1699 3660 1866 3717 inter-

270 3764 429 3812 θυαε.
497 3754 676 3827 Hujus
729 3753 1024 3810 sanctionis
1076 3752 1319 3825 plerique
1373 3768 1442 3808 ex
1491 3768 1656 3826 supra
1709 3751 1871 3811 dictis

270 3846 582 3904 auctoribus
649 3847 994 3903 mentionem
1047 3845 1278 3914 faciunt,
1337 3862 1464 3919 quae
1514 3853 1571 3902 et
1626 3862 1658 3901 a
1726 3847 1868 3903 Gra-

274 3942 420 3998 tiano
444 3942 502 3997 in
523 3940 783 3997 volumen
809 3942 1169 3995 Decretorum
1188 3941 1355 3995 relata
1383 3947 1464 3995 est
1486 3937 1729 3997 distinct.
1752 3947 1814 3997 8|
1846 3960 1858 3995 :

269 4036 329 4091 Si
344 4038 442 4105 qui
459 4039 594 4089 sum
620 4034 947 4106 presbyteri,
989 4032 1208 4088 diaconi
1228 4034 1313 4087 vel
1346 4033 1662 4089 subdiaconi
1684 4035 1785 4106 qui
1807 4038 1863 4091 in

271 4132 489 4185 crimine
526 4129 903 4196 fomicationis
940 4127 1183 4197 jaceant,
1234 4127 1602 4181 interdicimus
1637 4130 1744 4191 eis,
1793 4145 1861 4184 em

267 4229 423 4293 parte
454 4224 555 4278 Dei
581 4222 956 4292 omnipotentis
982 4225 1035 4275 et
1071 4222 1128 4277 S.
1166 4221 1315 4276 Petri
1341 4222 1684 4289 auctoritate,
1713 4222 1868 4277 eccle-

268 4320 360 4372 sia:
390 4317 692 4383 introitum,
732 4329 900 4384 usque
922 4314 1052 4368 dum
1088 4315 1385 4383 pamiteant
1412 4319 1463 4368 et
1491 4315 1783 4370 emendent.
1815 4316 1877 4371 Si

264 4412 361 4480 qui
382 4424 511 4464 vero
536 4410 599 4463 in
622 4423 717 4464 suo
740 4412 954 4479 peccato
977 4422 1317 4477 perseverare
1342 4407 1655 4474 maluerint,
1682 4408 1869 4462 nullus

1976 3290 2162 3355 ticum,
2199 3292 2250 3341 et
2271 3290 2456 3342 vesani
2478 3286 2749 3355 dogmatis
2773 3303 2882 3341 esse
2909 3285 3225 3355 clamitans;
3257 3291 3357 3358 qui
3384 3289 3578 3343 oblitus

1978 3382 2233 3435 sermonis
2275 3381 2512 3443 Domini,
2556 3396 2660 3450 quo
2694 3382 2823 3434 ait:
2878 3402 2903 3428 ιι
2961 3383 3075 3437 Non
3129 3397 3308 3435 omnes
3354 3384 3578 3451 capiunt

1982 3474 2206 3528 verbum
2224 3474 2319 3527 hoc
2336 3492 2353 3539 ;
2371 3475 2472 3542 qui
2487 3476 2663 3542 potest
2680 3488 2889 3544 capere,
2917 3475 3101 3543 capiat
3120 3475 3338 3541 (Matth.
3362 3480 3479 3540 xxx)
3510 3498 3533 3522 ι·
3562 3493 3576 3530 :

1983 3571 2034 3622 et
2074 3566 2395 3635 Apostolus;
2426 3586 2451 3612 α
2501 3566 2609 3633 Qui
2644 3580 2698 3620 se
2738 3581 2843 3619 non
2884 3568 3135 3629 continet,
3166 3566 3368 3635 nubat;
3392 3568 3581 3622 melius

1983 3664 2061 3716 est
2101 3660 2243 3715 enim
2277 3659 2477 3714 nubere
2512 3675 2677 3730 quam
2716 3661 2809 3714 uri
2846 3662 2905 3726 (Ι
2934 3659 3050 3715 Cor.
3096 3668 3237 3726 vn);
3271 3682 3297 3708 ιο
3342 3661 3579 3715 violenta

1982 3755 2254 3808 eeactione
2288 3753 2527 3807 homines
2553 3754 2729 3806 vivere
2768 3757 2968 3821 cogeret
3002 3756 3121 3807 ritu
3148 3754 3495 3823 angelorum;
3529 3759 3580 3808 et

1983 3848 2115 3900 dum
2137 3850 2439 3901 consuetum
2466 3860 2680 3900 cursum
2710 3850 2920 3899 natura:
2957 3850 3190 3915 negaret,
3222 3848 3583 3913 fornicationi

1984 3945 2036 3994 et
2061 3940 2427 3994 immunditiei
2463 3940 2625 4006 frena
2655 3936 2885 3994 laa‘aret.
2923 3938 3077 4005 Quod
3103 3942 3154 3994 si
3177 3945 3418 4011 pergeret
3456 3956 3581 3996 sen-

1984 4036 2206 4088 tentiam
2247 4036 2583 4102 confirmare,
2609 4033 2770 4087 malle
2793 4048 2846 4087 se
2882 4033 3238 4088 sacerdotium
3257 4051 3422 4104 quam
3448 4053 3577 4090 con-

1975 4127 2197 4196 jugium
2242 4127 2498 4189 deserere,
2527 4130 2576 4181 et
2601 4128 2729 4181 tunc
2767 4128 3009 4181 visurum
3061 4143 3200 4190 eum,
3240 4130 3328 4181 cui
3344 4130 3581 4184 homines

1981 4221 2275 4288 sorderent,
2300 4220 2443 4275 unde
2478 4219 2847 4290 gubernandis
2878 4235 2980 4289 per
3007 4221 3297 4276 Ecclesium
3326 4224 3425 4277 Dei
3462 4223 3576 4292 ple-

1986 4314 2140 4367 bibus
2167 4310 2383 4381 angelOs
2401 4317 2819 4383 comparaturus
2849 4318 3000 4368 esset.

2050 4406 2407 4466 Nihilominus
2443 4407 2534 4460 ille
2559 4406 2820 4469 instabat,
2858 4409 2908 4460 et
2955 4405 3188 4460 assiduis
3221 4407 3575 4474 legationibus

267 4508 506 4558 vestrum
533 4502 775 4571 ofﬁcium
796 4516 975 4557 eorum
998 4500 1196 4555 audire
1214 4504 1527 4571 prcesumat,
1554 4503 1683 4570 quia
1713 4501 1867 4555 bene-
1897 4544 1946 4605 Β
1978 4501 2245 4570 episcopos
2285 4514 2460 4554 omnes
2499 4500 2755 4553 socordia
2803 4514 2865 4553 ac
2921 4498 3145 4553 desidia:
3183 4500 3471 4567 arguebat;
3528 4507 3579 4557 et

264 4598 430 4652 dictio
462 4611 649 4651 eorum
682 4598 913 4649 vertitur
950 4596 1009 4648 in
1042 4593 1487 4657 maledictionem,
1519 4598 1570 4647 et
1605 4595 1780 4649 oratio
1812 4596 1867 4648 in
1892 4592 1943 4659 ,⁸³
1975 4595 2089 4648 nisi
2130 4595 2273 4649 ocius
2327 4592 2625 4662 iniunctum
2670 4592 2777 4646 sibi
2823 4595 3094 4662 negotium
3139 4599 3573 4662 emsequerentur.

260 4694 567 4761 peccatum,
606 4692 832 4743 testante
857 4689 1079 4742 Domino
1109 4702 1210 4757 per
1236 4688 1550 4756 prophetam
1578 4702 1598 4740 :
1634 4708 1658 4733 σι
1700 4687 1865 4742 Male-

264 4784 469 4851 dicam,
495 4783 697 4852 uiguit,
726 4779 1172 4835 benedictionibus
1202 4781 1390 4833 vestris
1424 4779 1570 4847 (Mal.
1593 4778 1687 4849 Il).
1712 4800 1736 4826 -
1767 4781 1874 4847 Qui

268 4893 389 4931 vero
423 4877 549 4931 huic
577 4875 929 4930 saluberrimo
943 4876 1208 4944 prcecepto
1232 4872 1447 4927 obedire
1481 4872 1732 4935 noluerit,
1757 4873 1873 4926 ido-

267 4971 501 5025 lolatriae
522 4972 803 5040 peccatum
832 4969 1087 5034 incurrit,
1119 4966 1363 5022 Samuele
1392 4969 1618 5020 testante
1650 4984 1666 5020 :
1702 4988 1725 5012 σι
1758 4969 1872 5021 Pec-

270 5067 449 5119 catum
476 5060 761 5117 ariolandi
785 5065 883 5123 est,
916 5076 1021 5115 non
1059 5059 1291 5126 obedire,
1319 5065 1370 5114 et
1390 5061 1548 5129 quasi
1568 5060 1732 5114 scelus
1755 5060 1873 5113 ido-

270 5158 523 5220 lolatriae,
554 5172 660 5210 non
679 5156 1006 5225 acquiescere
1035 5155 1089 5223 (I
1104 5157 1235 5223 Reg.
1264 5159 1402 5222 xv);
1435 5174 1457 5203 ι
1494 5156 1543 5207 et
1567 5153 1716 5207 beato
1736 5154 1873 5210 Gre-

270 5252 415 5319 gorio
435 5254 749 5305 astruente:
776 5251 1055 5304 Peccatum
1076 5248 1242 5316 igitur
1258 5248 1612 5317 paganitatis
1637 5247 1871 5300 incurrit

272 5344 540 5415 quisquis,
570 5341 703 5397 dum
729 5341 1091 5399 Christianum
1113 5355 1167 5395 se
1192 5342 1400 5402 asserit,
1430 5339 1549 5395 sedi
1567 5340 1871 5409 apostolica:

271 5438 487 5494 obedire
508 5440 816 5493 contemnit.

342 5531 484 5588 Hinc
510 5530 781 5599 nonnulli,
809 5543 1042 5602 quorum
1063 5526 1210 5584 haud
1236 5536 1542 5599 postremus
1561 5526 1872 5600 Sigebertus

271 5623 327 5680 in
361 5624 660 5692 Chronico,
686 5638 879 5680 ansam
902 5620 1246 5694 arripuerunt
1271 5621 1604 5676 calumniam
1627 5619 1869 5677 struendi

272 5718 560 5792 Gregorio,
595 5716 749 5791 quasi
783 5715 1028 5774 crederet
1064 5722 1405 5771 sacramenta
1430 5714 1498 5770 ab
1523 5714 1792 5787 improbis
1820 5721 1874 5770 et

273 5811 759 5869 excommunicatis
829 5808 1006 5866 valide
1066 5806 1431 5865 administrari
1496 5823 1607 5863 non
1680 5822 1870 5880 posse,

1975 4689 2265 4757 apostolica
2300 4702 2355 4742 se
2390 4702 2615 4741 censura
2656 4689 2715 4739 in
2761 4701 2844 4741 eos
2881 4686 3389 4741 animadversurum
3432 4704 3575 4743 com-

1976 4781 2309 4834 minabatur.
2363 4780 2811 4849 Archiepiscopus
2862 4782 3207 4848 Moguntinus
3259 4784 3427 4836 sciens
3475 4798 3579 4837 non

1971 4888 2146 4943 parvo
2177 4875 2418 4927 constare
2458 4888 2670 4943 operam
2695 4874 2849 4936 hanc,
2880 4876 2943 4927 ut
2972 4877 3119 4927 tanto
3163 4878 3394 4944 tempore
3421 4877 3578 4929 ineli-

1980 4971 2093 5021 tam
2142 4966 2573 5021 consuetudinem
2613 4964 2888 5021 recelleret
2936 4972 3100 5037 atque
3151 4968 3226 5021 ad
3264 4969 3578 5023 rudimenta

1976 5062 2246 5116 nascentis
2291 5061 2542 5115 Ecclesiae
2580 5065 2930 5116 senescentem
2948 5060 3067 5130 jam
3105 5061 3363 5115 mundum
3402 5064 3575 5129 refor-
3638 5124 3655 5135 ί
3702 5082 3715 5089 ι

1978 5159 2183 5218 maret,
2228 5152 2557 5209 moderatius
2586 5155 2783 5223 agebat
2806 5170 2923 5209 cum
2963 5157 3071 5221 eis;
3117 5160 3168 5209 et
3186 5157 3360 5225 primo
3410 5157 3486 5209 eis
3517 5157 3577 5210 in

1978 5248 2267 5303 dimidium
2284 5263 2484 5302 annum
2506 5248 2750 5303 inducias
2766 5253 2815 5303 et
2830 5247 3171 5307 deliberandi
3182 5250 3386 5319 copiam
3405 5248 3575 5314 dedit,

1979 5342 2201 5396 hortans
2230 5357 2333 5409 eos,
2360 5347 2421 5396 ut
2441 5342 2584 5412 quod
2607 5343 2901 5396 necessario
2926 5342 3237 5410 faciendum
3262 5344 3353 5405 sit,
3393 5348 3579 5413 sponte

1978 5437 2218 5503 fumant;
2253 5439 2303 5489 et
2332 5441 2442 5489 tam
2479 5436 2590 5490 sibi
2620 5452 2781 5505 quam
2811 5438 3044 5491 Romano
3076 5438 3323 5506 pontiﬁci
3346 5439 3573 5492 necessi-

1983 5532 2147 5583 tatem
2179 5527 2428 5583 adimant
2470 5529 2686 5598 aliquid
2724 5531 2785 5582 in
2828 5543 2911 5583 eos
2948 5528 3091 5598 quod
3122 5543 3269 5583 secus
3306 5532 3377 5583 sit
3402 5530 3576 5583 decer—

1978 5622 2158 5676 nendi.
2192 5621 2285 5678 Ad
2317 5622 2590 5689 ultimum,
2617 5628 2941 5693 congregata
2983 5621 3186 5690 synodo
3225 5623 3282 5675 in
3310 5620 3571 5689 Erfordia

1978 5730 2153 5770 mense
2175 5716 2402 5778 Octobri,
2426 5717 2669 5786 pressius
2703 5717 2821 5785 jam
2850 5715 3181 5777 imminebat,
3213 5719 3294 5775 ut,
3334 5714 3573 5781 relegata

1979 5811 2125 5863 omni
2148 5812 2577 5878 tergiversatione
2606 5812 2662 5864 in
2688 5810 3118 5878 prasentiamm,
3141 5810 3239 5859 aut
3266 5804 3571 5872 conjugium
