4106 6182
507 280 612 335 219

1692 284 1699 289 ‘
1734 272 1787 329 S.
1831 269 2215 328 GREGORIUS
2255 271 2341 325 VII
2381 271 2578 328 ΡΑΡΑ.

3701 274 3804 328 220

506 404 843 475 abjurarent,
876 405 973 456 aut
1013 400 1156 455 sacri
1195 397 1392 454 altaris
1437 399 1746 454 ministerio
1783 413 1842 453 se
1885 397 2108 452 abdica-
2139 402 2189 463 Α
2219 403 2457 451 tractatu
2500 404 2556 452 et
2604 395 2659 452 in
2706 395 2911 469 aliquot
2966 396 3208 470 epistolis
3256 394 3663 453 demonstravit.
3720 398 3807 453 De

508 502 646 553 rent.
678 497 877 552 Multas
907 498 1119 550 econtra
1164 493 1249 547 illi
1275 494 1507 548 rationes
1549 491 1868 562 efferebant,
1904 491 2100 561 quibus

510 592 762 647 instantis
798 589 1243 660 perurgentisque
1284 588 1687 658 improbitatem
1721 586 1934 641 eludere
1977 600 2098 639 sen-

510 687 837 753 tentiamque
855 696 1066 736 cassare
1087 683 1408 735 niterentur.
1443 680 1677 750 Cumque
1701 678 1950 734 adversus
1980 693 2101 748 apo-

508 780 704 835 stolica:
725 776 867 832 sedis
896 775 1291 835 auctoritatem,
1324 789 1435 842 qua
1460 789 1515 828 se
1556 774 1648 828 ille
1687 773 1761 827 ad
1790 772 1926 826 hanc
1968 787 2100 826 eaa-

394 916 415 933 ,
509 874 752 937 stionem,
792 872 992 941 prater
1041 858 1372 922 voluntatem
1413 868 1718 937 propriam,
1770 866 2100 935 compulsum

509 965 840 1027 obtendebat,
864 961 1007 1016 nihil
1027 964 1363 1031 argumenta,
1385 960 1524 1015 nihil
1543 961 1956 1030 supplicationes
1969 974 2101 1030 pre-

510 1075 696 1129 cesque
705 1058 1043 1129 proﬁcerent,
1065 1056 1279 1123 egressi,
1296 1057 1562 1124 tanquam
1580 1053 1655 1108 ad
1672 1044 2099 1116 consultandum,

508 1154 785 1209 consilium
830 1152 1039 1215 ineunt,
1084 1152 1147 1202 ut
1184 1149 1245 1202 in
1289 1148 1553 1217 synodum
1599 1161 1706 1202 non
1734 1146 1974 1209 redeant,
2010 1147 2104 1201 sed

509 1247 709 1317 injussi
749 1259 922 1300 omnes
973 1244 1032 1297 in
1078 1242 1258 1297 domos
1306 1257 1435 1296 suas
1491 1240 1788 1297 discedant.
1844 1241 2108 1298 Nonnulli

510 1342 675 1395 etiam
701 1339 944 1405 confusis
965 1337 1176 1391 uocibus
1204 1334 1560 1390 clamitabant
1585 1335 1775 1389 melius
1806 1333 1915 1388 sibi
1929 1333 2109 1387 videri

506 1437 589 1501 ut,
619 1434 677 1486 in
695 1431 959 1500 synodum
971 1431 1220 1499 regressi,
1243 1430 1426 1499 ipsum
1447 1430 1762 1498 episcopum,
1783 1427 2105 1498 priusquam

2208 490 2547 546 continentia
2608 489 2800 547 itidem
2851 490 3202 564 epistolarem
3250 489 3619 547 velitationem
3680 504 3807 547 cum

2208 583 2442 640 Alboino
2482 584 2632 653 iniit;
2676 583 2787 658 qui.
2818 584 2971 640 initio
3019 600 3117 656 pro
3163 583 3430 657 conjugiis
3479 582 3806 640 clericorum

2209 677 2495 748 dimicans,
2526 679 2592 735 iis
2625 677 3026 751 propemodum
3052 677 3219 735 hastis
3249 694 3365 734 rem
3392 678 3561 752 gessit
3605 676 3808 750 quibus

2211 772 2372 829 hodie
2416 770 2658 829 haeretici
2696 772 3087 829 continentiam
3120 771 3413 828 universim
3456 778 3807 844 Oppugnant.

2211 868 2484 939 Integram
2521 880 2738 938 quoque
2775 882 2871 938 pro
2902 865 3252 939 synodalibus
3283 864 3535 938 Gregorii
3572 862 3811 920 decretis

2211 958 2515 1031 apologiam
2567 960 2871 1024 contexuit,
2937 958 3186 1016 oculatus
3233 958 3384 1015 testis
3440 972 3636 1014 eorum
3685 972 3810 1028 quae

2212 1061 2345 1109 tunc
2388 1069 2419 1109 a
2455 1051 2809 1110 schismaticis
2851 1054 2910 1108 in
2951 1051 3179 1125 imperio
3235 1051 3579 1109 turbulenter
3618 1058 3674 1106 et
3716 1050 3813 1105 lla-

2215 1147 2411 1219 gitiose
2445 1145 2798 1220 gerebantur.
2834 1148 2946 1203 Nec
2982 1146 3283 1219 Gregorius
3314 1146 3416 1200 VII
3456 1152 3706 1217 unquam
3743 1157 3810 1199 ea

2214 1255 2376 1297 causa
2396 1239 2649 1297 ﬁdelibus
2666 1238 2969 1308 interdixit,
2988 1253 3059 1295 ne
3074 1237 3591 1296 concubinariorum
3610 1236 3811 1293 missas

2216 1334 2452 1404 adirent,
2497 1333 2651 1406 quasi
2693 1333 3068 1401 arbitraretur,
3118 1339 3522 1389 sacramentum
3566 1331 3812 1404 corporis

2215 1438 2272 1484 et
2310 1428 2594 1499 sanguinis
2628 1424 2828 1484 Christi
2880 1425 3054 1483 valide
3100 1424 3171 1482 ab
3212 1422 3316 1481 illis
3356 1441 3471 1481 non
3507 1424 3701 1481 conﬁci
3754 1433 3812 1480 et

510 1526 886 1581 emsecrabilem
923 1524 1208 1579 aduersum
1247 1536 1331 1577 eos
1371 1523 1688 1578 sententiam
1723 1521 2106 1591 promulgaret,
2152 1562 2167 1567 -
2216 1521 2517 1590 immolari;
2556 1520 2651 1576 sed
2692 1521 2823 1593 quia
2865 1520 3197 1577 inveteratus
3234 1529 3290 1575 et
3327 1519 3482 1576 nulla
3518 1517 3661 1576 facili
3696 1534 3811 1574 me-

470 1654 478 1671 .
508 1619 762 1675 cathedra
782 1618 1072 1689 episcopali
1088 1616 1461 1679 deturbarent,
1493 1620 1542 1671 et
1570 1618 1765 1670 merita
1783 1619 1950 1669 morte
1971 1613 2110 1667 mul-
2218 1615 2398 1671 dicina
2427 1614 2806 1687 expugnabilis
2833 1613 3089 1681 morbus,
3112 1614 3220 1670 hoc
3247 1623 3361 1671 tam
3398 1613 3599 1670 durum
3624 1626 3811 1669 reme—

509 1718 682 1776 ctato,
722 1715 929 1781 insigne
960 1714 1357 1766 monumentum
1393 1709 1468 1763 ad
1503 1713 1739 1810 posteros
1775 1709 2106 1810 transmitte-
2138 1748 2187 1810 Β
2214 1708 2367 1795 dium
2394 1724 2459 1764 eo
2484 1717 2731 1779 tempore
2750 1709 3101 1780 exposcebat,
3135 1724 3321 1779 nempe
3357 1707 3671 1810 nullatenus
3698 1722 3813 1762 con-

507 1811 643 1870 rent,
672 1823 738 1861 ne
764 1808 885 1876 quis
909 1805 1154 1875 deinceps
1182 1817 1532 1859 successorum
1569 1802 1705 1872 ejus,
1739 1802 1896 1856 talem
1932 1815 2108 1855 sacer-
2142 1799 2186 1810 “’
2213 1803 2378 1867 venit,
2411 1802 2488 1857 ait
2535 1804 2591 1857 S.
2625 1802 2920 1859 Anselmus
2953 1803 3007 1856 in
3049 1801 3294 1874 Epistola
3340 1801 3409 1856 ad
3445 1799 3811 1857 Wilhelmum

508 1903 683 1957 dotali
706 1901 915 1955 nomini
955 1899 1279 1955 calumniam
1325 1901 1530 1952 struere
1563 1900 1809 1958 tentaret,
1842 1902 1939 1950 etc.
1975 1896 2107 1949 Haec
2215 1897 2467 1954 abbatem
2495 1896 2937 1967 Hirsaugensem,
2969 1905 3030 1951 ut
3048 1896 3128 1951 ibi
3150 1901 3439 1951 reverenter
3457 1899 3682 1957 astetur,
3713 1895 3813 1948 ubi

506 1994 836 2051 Lambertus
871 1990 942 2049 de
971 1991 1207 2059 clericis,
1238 1990 1435 2047 eodem
1459 1985 1882 2061 argumentandi
1908 2001 2107 2060 genere
2210 1994 2584 2063 pertinaciter,
2623 1996 2815 2061 aperta
2858 1994 2908 2045 et
2949 1990 3252 2061 impudenti
3291 1988 3516 2044 libidine
3554 1990 3813 2057 fetentes;

509 2089 646 2155 usis,
675 2103 786 2160 quo
821 2084 983 2142 hodie
1006 2084 1307 2141 Lutherani
1334 2088 1389 2139 et
1415 2081 1710 2140 Calviniani
1750 2081 2108 2155 praedicantes

509 2189 700 2239 contra
721 2179 1043 2236 cmlibatum
1071 2185 1321 2233 utuntur.

579 2277 703 2332 Rex
749 2287 969 2347 quoque
1021 2278 1077 2328 et
1117 2270 1274 2327 aulici
1318 2267 1625 2327 invitissimi
1669 2276 1788 2324 tam
1834 2268 2014 2323 lautos
2056 2274 2111 2322 et

510 2368 727 2441 opimos
759 2366 919 2422 bolos
954 2363 1447 2422 ecclesiasticorum
1487 2363 1783 2430 bonorum,
1823 2376 1962 2434 quos
1993 2361 2107 2433 jam

510 2461 683 2519 avidis
723 2458 977 2517 faucibus
1017 2456 1505 2531 apprehenderant,
1533 2455 1665 2528 eripi
1696 2454 1798 2511 sibi
1834 2453 2110 2527 patieban-

509 2562 623 2624 tur,
654 2570 758 2611 nec
787 2551 1091 2609 libertatem
1127 2550 1543 2607 eccleiasticam
1572 2548 1721 2621 regio
1751 2556 1805 2605 et
1833 2548 2108 2621 regiorum

510 2648 798 2707 dominatu
823 2645 1210 2704 miserabiliter
1232 2659 1552 2717 oppressam
1579 2644 1637 2700 in
1669 2642 1975 2699 libertatem
1997 2642 2110 2714 pri-

508 2743 709 2800 stinam
737 2740 986 2797 revocari
1023 2737 1301 2797 volebant.
1329 2737 1473 2793 Hinc
1496 2736 1552 2793 in
1595 2736 1924 2809 Gregorium
1954 2751 2109 2792 com-

511 2852 679 2893 mune
707 2835 960 2892 omnium
993 2831 1247 2890 ordinum
1278 2832 1499 2901 odium,
1527 2840 1582 2887 et
1621 2846 1689 2887 ex
1719 2828 1878 2899 odio,
1919 2838 1982 2886 ut
2013 2828 2107 2899 ﬁt,

513 2929 818 2997 maledicta,
848 2927 1130 3001 ﬁgmenta,
1151 2925 1432 2984 mendacia
1460 2933 1514 2982 et
1533 2922 1801 2999 quidquid
1828 2921 2109 2996 splendida

344 3086 347 3103 _
412 3104 415 3109 ἱ
511 3022 633 3079 bilis
667 3021 928 3095 suggerit.

2215 2088 2317 2144 Dei
2349 2089 2399 2139 et
2418 2088 2728 2140 sanctorum
2745 2085 3169 2156 prohibitionem
3209 2081 3603 2151 contemnendo,
3639 2082 3810 2137 scieris

2215 2178 2487 2234 altaribus
2525 2177 2863 2244 deserviunt;
2903 2179 3010 2232 imo
3041 2193 3146 2232 non
3175 2176 3505 2245 deserviunt,
3528 2174 3622 2231 sed
3644 2190 3818 2244 quan-

2216 2275 2332 2327 tum
2359 2272 2433 2326 ad
2462 2273 2627 2343 ipsos,
2658 2270 3060 2325 commaculant.
3105 2272 3245 2335 Non,
3288 2284 3392 2340 quo
3420 2270 3544 2340 quis
3587 2284 3649 2323 ea
3692 2284 3815 2339 qua:

2217 2369 2456 2421 tractant
2492 2364 2894 2429 contemnenda,
2943 2364 3055 2431 sed,
3104 2367 3417 2427 tractantes,
3466 2363 3817 2419 emsecrandos

2217 2461 2506 2527 existimet,
2549 2462 2631 2522 ut,
2662 2460 2763 2530 qui
2784 2459 2885 2514 Dei
2921 2463 2971 2513 et
2999 2458 3309 2528 angelorum
3332 2457 3677 2529 praesentiam
3707 2471 3815 2512 non

2216 2556 2549 2621 reverentur,
2592 2548 2678 2606 vel
2718 2551 2992 2607 hominum
3030 2552 3373 2607 detestatione
3403 2550 3625 2621 repulsi,
3656 2564 3815 2604 sacra

2216 2648 2575 2703 contaminare
2599 2645 2880 2701 desistant.
2911 2648 3015 2702 Nec
3044 2643 3318 2700 ullatenus
3354 2648 3559 2715 oportet
3582 2649 3645 2699 ut
3690 2643 3794 2698 illi

2216 2743 2329 2796 sint
2366 2744 2628 2796 consortes
2662 2740 2729 2795 de
2760 2740 2926 2794 altari
2944 2740 3424 2811 participantium,
3455 2740 3554 2810 qui
3571 2751 3674 2809 per
3708 2738 3816 2791 im-

2217 2836 2545 2890 munditiam
2573 2850 2627 2889 se
2665 2835 2880 2902 faciunt
2908 2838 3141 2889 exsortes
3172 2834 3342 2888 altari
3381 2833 3809 2888 deservientium.

2216 2930 2421 2984 Verum
2463 2928 2742 2983 enimvero
2782 2935 3078 2999 antequam
3123 2926 3306 2998 ipsum
3342 2924 3676 2982 Bernaldum
3713 2939 3811 2980 au-

2217 3019 2428 3087 dimus,
2462 3036 2576 3076 non
2614 3019 2711 3076 abs
2745 3035 2805 3075 re
2840 3020 2942 3076 erit
2975 3019 3277 3092 disquirere
3304 3018 3427 3093 quis
3463 3019 3565 3075 iste
3591 3014 3813 3074 Bernal-

582 3118 665 3174 Ut
711 3116 878 3188 igitur
920 3114 1006 3170 his
1033 3122 1088 3170 et
1115 3113 1171 3171 id
1214 3128 1384 3185 genus
1420 3111 1541 3168 aliis
1574 3109 1881 3167 Bernaldus
1921 3118 2112 3167 noster
2145 3129 2189 3195 ο
2217 3115 2324 3170 dus
2354 3113 2535 3170 fuerit.
2564 3112 2654 3169 Sic
2682 3113 2852 3187 igitur
2876 3112 3099 3170 habeto.

510 3209 731 3267 obviam
754 3209 877 3276 iret,
904 3206 1006 3263 has
1031 3206 1439 3265 lucubrationes
1462 3203 1660 3272 edidit,
1688 3213 1741 3260 et
1768 3214 2106 3261 sacramenta

511 3303 582 3361 ab
639 3301 1130 3359 excommunicatis
1183 3299 1355 3358 valide
1406 3298 1776 3356 administrari
1825 3298 1886 3355 in
1927 3298 2108 3372 primo

2383 3300 2550 3368 (Vide
2588 3301 2742 3369 infra
2776 3301 2838 3355 in
2875 3274 3222 3361 Monumentis
3261 3301 3646 3370 Gregorianis.)

510 3479 3814 3512 ω

1213 3645 1399 3762 AD
1501 3644 1907 3764 PAULI
2009 3644 3100 3762 BERNRIEDENSIS

1961 3878 2350 3960 LIBRUM

966 4061 1080 4121 DE
1125 4061 1412 4124 REBUS
1459 4060 1776 4122 GESTIS
1819 4061 2257 4125 GREGORII
2299 4062 2425 4125 VII
2464 4061 2974 4126 PONTIFICIS
3017 4064 3353 4128 MAXIMI

1302 4237 1945 4333 PRO(EMIUM
2000 4224 2395 4332 JACOBI
2468 4240 3027 4334 GBETSERI

1712 4427 2031 4491 Societatis
2060 4431 2206 4492 Jesu
2246 4428 2606 4511 presbyteri.

1436 4589 1647 4657 (Jacobi
1683 4591 1927 4648 Gretseri
1962 4590 2199 4661 Operam
2236 4594 2373 4645 tome
2415 4591 2520 4660 VI,
2556 4606 2689 4662 pag.
2734 4592 2890 4659 120.)

1958 4760 2369 4782 ψ

584 4899 1070 4959 Reverendissimo
1118 4908 1175 4957 et
1223 4901 1592 4960 illustrissimo
1628 4903 1860 4977 principi
1906 4919 1969 4961 ac
2008 4903 2109 4962 do-
2140 4909 2189 4972 Ι)
2220 4906 2352 4962 teris
2397 4921 2464 4961 ex
2500 4914 2617 4962 toto
2663 4904 2986 4978 pontiﬁcum
3031 4920 3268 4962 numero
3310 4904 3550 4965 haeretici
3606 4913 3814 4964 nostra:

514 4994 689 5063 mino,
700 4992 926 5051 domino
936 4996 1006 5051 Jo
1014 5009 1162 5051 sum
1179 4996 1563 5065 Gonnrnrno,
1578 4996 1832 5055 Ecclesia
1843 4998 2114 5055 Bamber-

513 5087 694 5161 gensis
721 5087 998 5160 episcopo,
1024 5096 1149 5157 etc.,
1178 5091 1452 5146 Jaconus
1481 5090 1862 5148 Gnn'rsnnus.

522 5168 525 5171 ’
584 5181 721 5236 Cum
761 5181 1039 5253 superiore
1075 5197 1239 5251 anno,
1283 5182 1738 5241 reverendissime
1779 5191 1836 5241 et
1864 5184 2111 5241 illustris-

511 5273 653 5331 sime
692 5273 975 5347 princeps,
1014 5284 1231 5332 tomum
1268 5275 1572 5333 secundum
1600 5275 1950 5334 Defensionis
1985 5279 2110 5334 Bel-

516 5366 882 5436 larminianas,
912 5366 971 5423 in
1005 5383 1109 5439 qua
1133 5366 1204 5424 de
1232 5367 1449 5426 Christo
1478 5369 1705 5442 ejusque
1740 5371 1796 5427 in
1832 5371 1992 5428 terris
2019 5387 2109 5428 su-

482 5460 489 5463 “
512 5474 711 5534 premo
731 5459 934 5516 vicario
955 5458 1284 5533 disputatur,
1313 5462 1645 5533 evulgarem,
1675 5462 1862 5521 addidi
1885 5465 1952 5521 ad
1973 5480 2107 5536 ope-

515 5554 590 5613 ris
619 5554 823 5610 calcem
851 5554 1156 5628 apologiam
1188 5554 1358 5627 (285‘)
1393 5556 1726 5627 peculiarem
1765 5574 1861 5630 pro
1891 5559 2108 5632 Grego—

511 5649 592 5707 rio
630 5649 731 5706 VII
768 5647 961 5721 pontif.
1004 5664 1174 5719 max.,
1206 5664 1271 5707 eo
1296 5649 1448 5722 quod
1476 5649 1621 5708 hunc
1651 5667 1825 5709 unum
1866 5668 1979 5726 prae
2005 5668 2110 5710 ca-

582 5833 757 5898 (285')
783 5833 941 5888 Hanc
967 5830 1136 5889 babes
1160 5847 1346 5905 supra.

2220 4999 2429 5066 aetatis,
2452 5009 2508 5056 et
2533 4999 2862 5057 schismatici
2890 5000 3190 5073 superioris
3215 5000 3500 5058 memoriae
3515 5042 3531 5070 ,
3561 4999 3818 5075 pessimis

2218 5093 2397 5151 modis
2437 5091 2672 5159 oderint,
2725 5102 2782 5149 et
2824 5092 3043 5148 inﬁnitis
3095 5094 3405 5151 maledictis
3447 5101 3504 5151 et
3546 5093 3814 5150 conviciis

2218 5185 2480 5255 lacerent,
2506 5187 2798 5260 omniaque
2834 5194 3115 5244 venenatae
3143 5203 3258 5245 suae
3296 5186 3495 5262 linguae
3514 5186 3724 5259 spicula
3755 5187 3811 5241 in

2218 5279 2384 5351 hunc,
2414 5280 2566 5337 velut
2590 5279 2644 5336 in
2668 5280 2995 5353 primarium
3026 5295 3276 5354 scopum,
3306 5296 3469 5337 suum
3509 5279 3811 5348 destinem,

2219 5381 2275 5430 et
2300 5373 2571 5430 destinata
2601 5374 2888 5441 emittant,
2919 5372 3083 5446 idque
3110 5390 3222 5431 non
3249 5373 3412 5430 aliam
3442 5372 3514 5430 ob
3549 5388 3773 5430 causam
3791 5414 3811 5443 ,

2219 5467 2264 5523 si
2306 5482 2427 5523 rem
2470 5467 2541 5524 ad
2587 5469 2765 5524 vivum
2806 5483 3052 5525 resecare
3083 5475 3139 5524 et
3183 5466 3411 5539 penitius
3451 5465 3812 5540 introspicere

2215 5561 2468 5628 velimus,
2506 5560 2606 5618 nisi
2632 5562 2759 5635 quia
2794 5562 3093 5634 Gregorius
3136 5559 3516 5618 ecclesiastica
3541 5560 3811 5617 libertatis

2217 5661 2274 5711 et
2297 5653 2591 5729 disciplina
2628 5656 3097 5721 constantissimus
3126 5662 3181 5712 et
3205 5654 3608 5729 imperterritus
3629 5668 3804 5713 asser-

3736 5855 3769 5867 ἱ
