4122 6184
311 273 421 326 221

986 269 1507 335 PROLEGOMENA.
1554 303 1613 312 —
1658 273 1943 331 PROOEM.
1987 276 2224 334 nanrs.
2266 264 2331 336 Ν
2372 278 2564 334 PAUL.
2606 279 2965 336 BERNRIED.

3518 290 3623 344 222

306 404 411 449 tor
439 408 505 450 ac
535 392 737 451 vindex
768 394 905 461 fuit;
932 395 1100 452 nullis
1128 396 1298 453 minis
1345 395 1619 470 nullisque
1656 398 1917 470 periculis
1945 404 1998 469 Λ
2028 401 2429 473 approbatione
2457 411 2511 458 et
2541 403 2729 460 laetitia
2760 414 2983 461 evectus
3012 414 3177 475 esset,
3206 406 3361 465 misit
3393 409 3463 466 ad
3491 426 3619 467 eum

306 494 474 561 (quae
506 488 743 559 plurima
779 488 979 557 subiit)
1010 489 1078 547 de
1114 498 1266 546 recto
1304 493 1529 549 tramite
1558 507 1693 565 sese,
1721 492 1918 551 abduci

305 598 548 654 passus;
568 582 725 656 cujus
742 583 1064 656 integritati,
1090 585 1422 643 innocentia:
1434 595 1491 641 et
1511 587 1916 657 sanctimoniae,

305 692 451 733 cum
494 677 644 732 varia
685 677 793 734 alia
831 678 1169 735 luculentum
1208 680 1594 737 testimonium
1637 681 1916 752 praebent,

302 779 444 827 tum
472 768 581 826 hoc
598 772 885 843 praecipue
905 770 1057 844 quod
1078 773 1177 828 viri
1204 773 1274 828 iis
1298 775 1641 846 temporibus
1669 784 1724 832 et
1753 777 1917 847 paulo

302 871 449 937 post
465 864 776 920 subsecutis
797 866 1128 932 doctissimi,
1151 875 1208 923 et
1236 867 1463 925 virtutis
1482 868 1645 925 laude
1669 870 1918 928 celebra-

302 958 545 1025 tissimi,
578 959 636 1014 in
659 958 963 1016 schismate
984 961 1224 1017 excitato
1253 961 1324 1018 ad
1349 963 1604 1036 Gregorii
1635 972 1818 1035 partes
1838 964 1919 1019 in-

299 1051 533 1123 trepide
555 1068 613 1108 se
634 1051 1038 1125 adjunxerunt;
1065 1069 1307 1128 quorum
1333 1056 1587 1112 nonnulli
1601 1057 1919 1113 maluerunt

297 1146 576 1203 omnium
607 1161 796 1203 rerum
822 1162 1047 1205 suarum
1072 1148 1353 1221 jacturam
1392 1148 1574 1206 facere
1603 1159 1659 1205 et
1686 1149 1741 1205 in
1772 1152 1917 1206 exsi-

296 1239 454 1296 lium
478 1239 650 1308 abire,
673 1255 841 1312 quam
864 1239 1054 1310 ﬁdem,
1079 1251 1334 1298 reverent
1355 1242 1524 1299 iamet
1539 1242 1914 1301 obedientiam

177 1344 197 1367 '
296 1350 448 1405 erga
482 1334 671 1390 sedem
704 1335 1068 1405 apostolicam
1098 1336 1347 1408 perdere.

389 1429 547 1500 Quos
572 1428 714 1485 inter
733 1427 1008 1486 familiam
1035 1427 1278 1486 ducunt:
1308 1430 1606 1487 Anselmus
1629 1433 1915 1503 Lucensis,

294 1523 620 1579 Anselmus
642 1522 1081 1591 Cantuariensis,
1098 1527 1455 1581 Hermannus
1476 1526 1764 1596 Metensis,
1796 1528 1917 1585 Alt-

294 1632 565 1673 mannus
592 1625 645 1672 et
661 1614 958 1675 Udalricus
983 1618 1393 1684 Passavienses,
1420 1619 1750 1676 Gebhardus
1774 1621 1920 1677 Con-

290 1710 669 1777 stantiensis,
716 1709 1051 1769 Gebhardus
1074 1721 1131 1769 et
1170 1713 1406 1769 Thiemo
1446 1713 1918 1788 Salisburgenses,

294 1808 490 1862 Anno
544 1804 918 1873 Coloniensis,
965 1805 1354 1887 Burckhardus
1407 1807 1911 1879 Halberstatensis,

289 1914 519 1955 omnes
533 1898 930 1972 archiepiscopi
949 1907 1005 1956 et
1023 1900 1295 1972 episcopi;
1320 1900 1564 1972 itemque
1583 1901 1915 1960 Wilhelmus

289 1992 497 2049 abbas
534 1993 970 2068 Hirsaugiensis,
1017 1994 1101 2049 vir
1141 1995 1423 2068 religionis
1462 1994 1726 2067 opinione
1768 1997 1912 2070 apud

288 2102 519 2144 omnes
545 2086 892 2156 decantatus,
914 2096 977 2142 ut
1005 2088 1143 2145 alios
1171 2088 1383 2147 sileam.

376 2181 508 2236 Nec
522 2178 817 2237 defuerunt
838 2195 906 2236 ex
932 2181 1275 2238 eruditorum
1292 2192 1461 2253 cmtu,
1480 2185 1573 2258 qui
1603 2185 1911 2242 litterarum

287 2275 700 2332 monumentis
754 2275 1065 2346 posteritati
1100 2284 1365 2333 testatum
1415 2275 1698 2350 facerent,
1744 2296 1909 2353 quam

289 2368 539 2426 sedulus
565 2376 619 2423 et
646 2366 955 2424 indefessus
980 2369 1236 2426 Ecclesia:
1260 2378 1450 2443 pastor
1470 2373 1771 2445 Gregorius
1805 2375 1907 2429 VII

290 2462 506 2532 fuerit,
578 2471 784 2535 quanta
860 2479 990 2519 cura
1061 2472 1117 2520 et
1162 2464 1446 2538 vigilantia
1497 2467 1640 2524 ovile
1708 2467 1911 2524 Christi

289 2555 539 2621 rexerit,
572 2565 627 2613 et
651 2572 819 2629 quam
863 2556 1206 2614 mendaciter
1235 2567 1292 2613 et
1330 2558 1675 2617 calumniose
1703 2577 1733 2616 a
1761 2559 1910 2616 schi-

294 2658 561 2707 smatum
592 2649 868 2707 satoribus
904 2649 1249 2721 traducatur,
1280 2654 1439 2725 quasi
1470 2653 1525 2708 in
1568 2654 1688 2725 ipso
1726 2655 1912 2719 omnis

295 2744 574 2801 omnium
614 2743 907 2800 turbarum
946 2751 1000 2800 et
1027 2744 1415 2802 turbationum
1447 2762 1613 2803 causa
1667 2755 1723 2803 et
1750 2749 1907 2820 culpa

295 2836 556 2905 haeserit,
580 2845 676 2893 aut
707 2837 1016 2894 etiamnum
1047 2837 1273 2895 hmreat.

380 2933 466 2987 Ex
499 2930 585 2986 his
613 2932 870 3004 Gregorii
891 2934 993 2988 V11
1018 2932 1376 3005 apologeticis
1394 2932 1781 2992 defensoribus
1800 2932 1909 2990 duo

298 3025 632 3082 claruerunt
649 3010 795 3081 'olim
824 3026 885 3081 in
915 3027 1147 3085 Bavaria
1173 3026 1275 3084 sub
1301 3027 1548 3085 Henrico
1576 3031 1651 3086 IV
1680 3037 1735 3085 et
1758 3029 1910 3084 Hen-

302 3121 428 3176 rico
472 3122 518 3175 ν
546 3118 770 3193 regibus
806 3127 861 3175 et
910 3119 1363 3193 imperatoribus,
1410 3122 1613 3178 Paulus
1649 3122 1911 3179 Bernrie-

299 3203 551 3282 densis,‘
573 3222 627 3268 et
654 3212 938 3269 Gerochus
980 3213 1564 3288 Reicherspergensis';
1602 3216 1717 3284 sed,
1765 3215 1914 3290 quod

300 3305 636 3372 dolendum,
667 3322 863 3363 eorum
886 3321 986 3380 pro
1010 3308 1283 3380 Gregorio
1305 3311 1405 3365 VII
1435 3319 1800 3367 monumenta
1836 3310 1910 3365 ita

299 3399 466 3457 fuere
488 3407 639 3466 nata,
671 3400 830 3472 quasi
858 3409 991 3457 nata
1011 3416 1126 3457 non
1154 3400 1423 3473 fuissent;
1451 3404 1614 3477 longa
1637 3404 1913 3461 oblivione

306 3493 664 3567 tenebrisque
699 3493 899 3551 obruta
940 3512 957 3551 :
988 3509 1111 3567 quae
1151 3495 1459 3568 aliquando
1487 3498 1761 3554 exstitisse
1794 3496 1911 3554 for-

306 3604 413 3643 san
442 3587 875 3660 ignorassemus,
896 3588 1007 3644 nisi
1035 3590 1368 3662 Aventinus,
1394 3591 1487 3664 qui
1518 3590 1655 3647 vidit
1677 3600 1733 3648 et
1758 3591 1908 3664 legit,

308 3681 582 3737 indicium
596 3679 817 3737 fecisset
837 3682 895 3738 in
919 3683 1236 3739 Annalibus
1256 3684 1462 3741 Boicis.
1494 3686 1606 3741 Nec
1625 3684 1768 3741 vidit
1790 3694 1913 3742 tan-

306 3784 431 3831 tum
465 3775 794 3845 Aventinus,
817 3775 932 3846 sed,
962 3785 1026 3832 ut
1053 3776 1293 3847 videtur,
1318 3779 1555 3851 posteris
1585 3794 1803 3853 quoque
1828 3779 1912 3835 in-

310 3868 472 3935 vidit,
499 3885 574 3925 ne
612 3869 883 3927 haberent
912 3886 1049 3945 quos
1077 3871 1566 3929 Pseudobennonis
1600 3873 1660 3929 in
1691 3875 1909 3946 Grego-

310 3963 462 4019 rium
487 3964 590 4019 VII
617 3961 1002 4021 furiosissimis
1021 3965 1513 4022 criminationibus
1540 3976 1905 4039 opponerent.

310 4059 611 4131 Utcunque
639 4059 731 4127 sit,
763 4059 997 4116 numine
1025 4059 1166 4117 bene
1193 4060 1396 4128 amico,
1422 4060 1651 4117 tandem
1675 4062 1734 4116 in
1762 4065 1905 4118 Pau-

312 4152 429 4207 lum
461 4151 920 4210 Bernriedensem
964 4153 1130 4210 variis
1167 4154 1227 4208 in
1261 4152 1611 4211 bibliothecis
1642 4155 1905 4220 studiose,

313 4246 429 4302 imo
474 4254 533 4301 et
575 4245 737 4302 anxie
778 4244 1096 4319 quaesitum,
1138 4246 1329 4303 incidi.
1380 4249 1493 4304 Nec
1530 4246 1598 4304 de
1635 4247 1904 4319 Gerocho,

314 4340 462 4394 socio
526 4339 811 4411 scriptoris
873 4347 929 4396 et
973 4339 1357 4396 calamitatum
1428 4357 1566 4414 quas
1620 4342 1821 4399 Paulus
1874 4358 1909 4398 a

316 4430 680 4488 schismaticis
701 4433 1019 4503 pertulerat,
1042 4449 1195 4505 spem
1222 4449 1448 4490 omnem
1476 4435 1699 4506 penitus
1727 4436 1904 4508 posui.

2026 498 2085 553 S.
2125 496 2426 570 Gregorius
2456 499 2844 555 Nazianzenus
2882 500 3305 573 gratulatoriam
3332 503 3623 574 epistolam

2028 592 2217 662 (epist.
2260 594 2394 660 24),
2445 608 2611 663 quam
2667 593 2815 649 hunc
2861 594 2916 649 in
2973 595 3209 652 modum
3262 598 3624 669 auspicatur:

2025 688 2377 756 Posteaquam
2415 691 2465 741 te
2501 690 2559 740 in
2593 688 2818 742 sublimi
2846 691 3031 744 throno
3066 691 3402 762 collocatum,
3445 709 3507 747 ac
3538 694 3628 747 Iu-

2025 796 2235 835 cernam
2263 796 2328 836 ne
2350 782 2504 836 illam
2542 782 2774 851 quidem,
2816 787 2975 853 prius
3022 785 3239 839 obscure
3276 786 3551 852 lucentem,
3592 803 3626 841 a

2023 876 2224 945 spiritu
2270 876 2485 937 victore,
2525 890 2693 946 supra
2743 877 3125 935 candelame
3169 879 3333 934 oculis
3388 882 3623 935 omnium

2024 971 2327 1038 expositam
2354 983 2464 1023 esse
2490 969 2756 1033 intelletci,
2779 970 2995 1026 (tutatus
3019 985 3158 1035 sum,
3187 974 3390 1039 fateor.
3421 972 3628 1040 Quidni
3726 954 3747 969 ’

2007 1065 2209 1117 ‘enim?
2256 1077 2377 1117 cum
2398 1063 2640 1118 Ecclesia
2672 1077 2865 1133 corpus
2908 1065 3047 1119 male
3080 1066 3345 1133 affectum
3380 1080 3506 1128 esse,
3539 1071 3626 1121 at-

2024 1172 2126 1226 que
2153 1155 2465 1226 hujusmodi
2490 1155 2654 1211 ductu
2690 1161 2740 1212 et
2771 1158 2983 1217 emilio
3011 1173 3142 1231 opus
3188 1159 3373 1215 habere
3409 1163 3624 1234 conspi—

2025 1265 2193 1305 aerem
2201 1290 2213 1301 .

2094 1342 2308 1410 Liceat,
2358 1342 2728 1399 illustrissime
2776 1343 2996 1414 prtesul,
3043 1354 3233 1415 aperte
3276 1353 3329 1400 et
3366 1346 3619 1417 ingenue,

2025 1436 2169 1493 bona
2192 1452 2321 1495 cum
2334 1435 2678 1495 celsitudinis
2707 1445 2900 1494 vestra:
2926 1438 3106 1507 venia,
3140 1438 3195 1495 id
3227 1438 3373 1511 quod
3405 1455 3491 1495 res
3521 1449 3623 1509 est,

2026 1530 2298 1603 proloqui.
2319 1530 2496 1588 Simul
2518 1539 2681 1603 atque
2706 1530 2878 1598 fama,
2908 1531 3113 1604 alioqui
3138 1541 3255 1589 tam
3281 1535 3432 1604 pravi
3452 1548 3623 1608 quam

2026 1624 2159 1681 recti
2187 1633 2376 1692 tenax,
2407 1633 2465 1680 et
2504 1633 2622 1681 tam
2647 1624 2773 1681 falsi
2802 1641 2969 1698 quam
3007 1625 3119 1681 veri
3154 1627 3375 1694 nuntia,
3410 1626 3479 1682 ad
3523 1642 3626 1682 nos

2030 1718 2359 1775 electionem
2413 1719 2477 1774 C.
2530 1721 2596 1775 V.
2659 1718 2879 1785 detulit,
2924 1717 3233 1791 etquidem
3303 1720 3623 1785 verissime;

2030 1812 2284 1868 omnium
2339 1811 2764 1879 catholicorum,
2809 1818 3083 1883 quotquot
3123 1811 3259 1879 vidi,
3310 1811 3479 1879 idem,
3529 1813 3621 1886 qui

2026 1905 2161 1962 olim
2190 1905 2556 1971 Nazianzeni,
2580 1904 2784 1961 Basilio
2815 1904 3115 1977 episcopali
3148 1906 3288 1961 tiara
3333 1905 3621 1978 insignito,

2025 1999 2247 2055 animus
2292 2008 2348 2055 et
2400 1998 2577 2055 animi
2624 1997 2810 2065 index,
2855 1998 3037 2054 oratio
3070 1997 3179 2055 fuit
3213 2018 3227 2055 :
3271 1999 3463 2055 multis
3491 2015 3619 2057 cum

2022 2093 2314 2165 Gregorio,
2345 2091 2595 2165 Gregorii
2626 2092 2966 2149 Nazianzeni
2998 2101 3248 2164 parente,
3288 2092 3347 2147 in
3389 2092 3491 2149 has
3526 2108 3623 2149 vo-

2022 2202 2112 2243 ces
2127 2186 2546 2257 erumpentibus
2567 2189 2748 2257 (emet.
2771 2190 2861 2254 23,
2876 2189 3021 2241 inter
3040 2188 3199 2257 epist.
3217 2186 3621 2256 Nazianzeni):

2021 2282 2142 2338 Alii
2161 2282 2380 2351 quidem
2402 2282 2538 2335 alios
2558 2282 2770 2350 eligent,
2789 2284 2955 2350 atque
2974 2283 3032 2335 in
3050 2280 3285 2335 medium
3296 2286 3620 2350 proponent,

2022 2377 2279 2429 nimirum
2328 2390 2430 2444 pro
2469 2376 2583 2429 suis
2614 2376 2842 2444 quisque
2883 2375 3144 2442 moribus,
3177 2377 3279 2430 aut
3316 2374 3621 2437 commodis,

2022 2468 2473 2538 quemadmodum
2515 2468 2828 2538 hujusmodi
2858 2468 3016 2522 rebus
3057 2467 3298 2523 accidere
3332 2469 3616 2523 consuevit.

2024 2565 2126 2618 Nos
2143 2576 2265 2616 vero
2282 2564 2576 2629 neminem;
2598 2576 2771 2631 neque
2795 2562 2936 2616 enim
2959 2562 3049 2628 fas
3068 2565 3166 2627 est,
3190 2576 3305 2615 non
3323 2559 3441 2632 jam
3465 2561 3624 2616 Basi—

2024 2655 2117 2717 lio,
2145 2654 2238 2710 sed
2260 2656 2293 2708 J
2297 2668 2494 2711 01mm
2519 2654 2885 2711 ϐουπλωο
2909 2655 2976 2709 ab
2998 2656 3338 2718 Aschausen,
3365 2656 3626 2726 prwfme
3686 2656 3705 2671 ’

2018 2762 2317 2818 possumus.
2358 2750 2589 2817 Ecquem
2626 2750 2768 2801 enim
2798 2763 2870 2802 ea:
2907 2748 3169 2810 omnibus,
3199 2762 3335 2818 quos
3356 2749 3624 2811 novimus,

2021 2842 2104 2895 uel
2127 2843 2241 2895 vita
2263 2842 2643 2911 probatiorem,
2679 2841 2764 2894 vel
2785 2855 3030 2895 sermone
3059 2854 3124 2895 ac
3160 2841 3412 2895 doctrina
3438 2840 3622 2896 valen-

2021 2936 2227 2997 tiorem,
2250 2935 2535 3004 magisque
2556 2932 2636 2987 ad
2651 2934 2873 2988 virtutis
2888 2933 3213 3005 elegantiam
3228 2932 3472 3002 undique
3493 2948 3623 3005 per-

2014 3029 2248 3099 politum
2281 3029 2604 3098 reperiemus
2618 3029 2646 3082 ?

2090 3123 2202 3178 Nec
2231 3135 2365 3178 sane
2400 3119 2685 3177 immerito
2718 3132 3020 3175 commune
3047 3118 3315 3191 gaudium
3340 3119 3610 3186 exoritur,

2021 3231 2151 3272 cum
2172 3215 2337 3272 alicui
2367 3214 2628 3272 Ecclesiae
2656 3213 2999 3287 gubernator
3019 3212 3240 3270 sedulus
3264 3222 3322 3270 et
3343 3214 3403 3269 in
3426 3228 3623 3271 omnes

2023 3317 2207 3381 partes
2232 3309 2482 3364 intentus
2506 3305 2827 3378 praeﬁcitur.
2856 3308 3026 3371 Nam,
3056 3315 3119 3362 ut
3146 3304 3300 3363 idem
3319 3306 3623 3379 Gregorius

2022 3403 2102 3458 ait
2126 3402 2315 3474 (epist.
2346 3400 2445 3472 22)
2478 3420 2493 3455 :
2531 3403 2771 3457 Lucerna
2794 3403 3036 3472 corporis
3059 3405 3136 3456 est
3169 3401 3353 3455 oculus
3394 3416 3503 3456 non
3536 3401 3623 3456 hic

2022 3500 2235 3551 tantum
2264 3497 2363 3565 qui
2397 3508 2642 3564 cci-pereo
2668 3493 2824 3549 modo
2849 3494 3024 3549 cernit
3058 3509 3121 3549 ac
3159 3496 3428 3557 cernitur,
3457 3494 3551 3550 sed
3576 3497 3623 3549 is

2021 3591 2186 3644 etiam
2213 3590 2312 3658 qui
2335 3588 2705 3657 spiritualiter
2748 3590 2954 3657 spectat
2976 3590 3029 3641 et
3077 3590 3355 3657 spectatur
3386 3589 3624 3643 Lucerna

2020 3686 2201 3738 autem
2230 3681 2487 3779 iaciesia:
2518 3684 2596 3735 est
2621 3682 2917 3751 episcopus.
2951 3683 3143 3750 Itaque
3168 3680 3619 3749 quemadmodum

2019 3792 2139 3831 cum
2161 3774 2415 3845 ille'pure
2441 3779 2494 3829 et
2517 3776 2726 3843 integre
2742 3788 2800 3830 se
2827 3774 3005 3836 habet,
3037 3788 3228 3843 corpus
3253 3788 3459 3843 quoque
3485 3778 3631 3830 recte

2019 3870 2267 3935 ducitur;
2308 3884 2429 3924 cum
2465 3873 2649 3924 autem
2686 3870 2935 3937 impurus
2974 3870 3071 3929 est,
3100 3881 3208 3922 non
3233 3871 3372 3923 recte
3405 3885 3424 3923 :
3448 3869 3622 3924 consi-

2019 3963 2139 4019 mili
2173 3977 2385 4033 quoque
2405 3963 2631 4028 ratione,
2662 3961 2923 4017 utrolibet
2944 3960 3101 4019 modo
3124 3975 3236 4016 sese
3258 3961 3503 4016 Ecclesia
3524 3976 3624 4016 an-

2018 4060 2170 4113 tistes
2194 4057 2464 4120 habuerit,
2493 4057 2707 4110 omnino
2728 4056 2812 4110 vel
2836 4040 3081 4127 periculi
3111 4055 3195 4110 vel
3226 4054 3424 4110 salutis
3452 4056 3627 4122 parti,

2018 4166 2136 4221 ceps
2185 4164 2295 4209 esse
2343 4164 2546 4206 necesse
2587 4152 2697 4217 est.
2732 4149 2868 4205 Eme
2907 4147 3194 4204 verissime
3237 4146 3623 4203 sanctissimus

2018 4244 2184 4300 simul
2213 4252 2270 4300 et
2305 4242 2665 4301 doctissimus
2705 4241 2996 4314 episcopus
3031 4240 3334 4313 Gregorius
3379 4240 3622 4299 Nazian-

2016 4353 2205 4395 zenus.

2092 4433 2266 4489 Porro
2301 4446 2430 4488 cum
2455 4430 2561 4487 hoc
2587 4438 2842 4501 tempore
2858 4428 2919 4484 in
2952 4427 3293 4499 supellectile
3317 4441 3444 4483 mea
3477 4428 3622 4485 litte-

382 4526 622 4591 Interea,
654 4523 790 4582 dum
824 4526 929 4583 iste
963 4525 1348 4600 investigatur,
1379 4535 1435 4584 et
1462 4544 1529 4583 ex
1572 4528 1809 4602 caligine
1851 4530 1907 4584 in
1943 4540 1995 4603 ι)
2022 4528 2172 4584 raria
2200 4534 2258 4583 et
2293 4524 2541 4590 libraria,
2578 4522 2719 4579 nihil
2748 4537 2860 4595 quo
2891 4520 3072 4579 celsit.
3098 4522 3167 4578 V.
3194 4528 3415 4592 partam
3444 4520 3623 4593 digni-

316 4616 493 4674 lucem
541 4616 881 4688 vindicatur,
924 4620 1163 4676 Paulum
1194 4621 1342 4677 notis
1387 4620 1727 4679 illustratum
1757 4621 1910 4679 foras

316 4711 532 4783 prodire
553 4711 729 4784 jussi;
774 4720 829 4768 et
856 4712 1081 4786 quidem
1121 4713 1223 4769 sub
1259 4722 1356 4769 tuo
1384 4715 1720 4786 patrocinio,
1749 4730 1907 4771 reve-

321 4804 647 4861 rendissime
674 4812 730 4861 et
764 4805 1133 4862 illustrissime
1175 4806 1448 4879 princeps.
1482 4807 1727 4865 Decebat
1755 4810 1905 4866 enim

320 4905 375 4952 ut
396 4898 450 4952 in
482 4897 591 4954 hac
614 4897 830 4971 publica
853 4908 907 4954 et
926 4898 1159 4956 solemni
1186 4900 1463 4957 bonorum
1489 4901 1745 4959 omnium
1767 4902 1905 4959 laeti-

318 4992 411 5061 tia,
439 4993 645 5064 partim
674 4991 801 5061 sihi,
834 4994 1062 5066 partim,
1088 5002 1144 5050 et
1178 5010 1305 5051 vero
1334 4995 1710 5067 potissimtun,
1741 4996 1906 5053 nobi-

318 5084 538 5144 lissimee
564 5086 963 5159 Bambergensi
995 5087 1246 5145 Ecclesiae
1283 5096 1341 5145 et
1371 5088 1599 5146 dioecesi
1626 5090 1908 5162 gratulan-

317 5179 452 5237 tium
500 5179 573 5236 ob
614 5179 973 5237 elsitudinem
1037 5182 1104 5236 V.
1158 5180 1229 5238 ad
1269 5182 1541 5239 thronum
1578 5186 1634 5240 S.
1668 5182 1907 5240 Othonis

316 5282 558 5330 evectam
595 5293 609 5329 :
636 5275 845 5347 partim
871 5289 1110 5347 quoque,
1139 5275 1225 5347 pia
1254 5284 1382 5332 vota
1412 5291 1514 5347 pro
1540 5275 1791 5334 celsitud.
1834 5279 1905 5336 V.

315 5365 575 5424 diuturna
605 5368 1011 5437 incolumitate,
1048 5376 1102 5424 et
1142 5370 1423 5442 auspicata
1456 5371 1804 5443 episcopatus
1850 5380 1908 5429 et

314 5462 656 5533 principatus
685 5461 1170 5521 administratione
1210 5463 1655 5537 suscipientium,
1688 5481 1789 5539 ego
1818 5465 1906 5521 iti-

316 5553 438 5610 dem
466 5570 535 5610 ex
560 5554 789 5612 Bavaria
818 5558 1073 5631 concepti
1102 5557 1310 5630 passim
1330 5554 1518 5631 gaudii
1543 5558 1904 5632 signiﬁcatio-

318 5662 443 5702 nem
472 5647 661 5720 palam
690 5648 901 5706 darem.

385 5739 524 5795 Cum
554 5738 613 5794 S.
655 5739 891 5795 Basilius
921 5742 989 5800 ad
1018 5741 1568 5813 archiepiscopatum
1599 5740 1906 5799 Caesarien-

317 5844 432 5885 sem
468 5833 757 5887 communi
789 5836 1033 5897 omnium
1060 5834 1398 5898 orthodoxae
1428 5833 1555 5891 ﬁdei
1590 5836 1906 5894 amantium

2014 4631 2193 4679 tatem
2226 4618 2556 4693 gratularer,
2598 4624 2799 4688 praeter
2826 4620 3094 4683 PAULnu,
3136 4615 3467 4687 reperirem;
3505 4632 3622 4673 non

2017 4714 2265 4774 dubitavi
2290 4713 2440 4769 hunc
2467 4710 2543 4768 ad
2571 4711 2749 4767 celsit.
2782 4711 2849 4765 V.
2876 4709 3211 4765 internuntii
3247 4709 3363 4765 vice
3392 4708 3619 4766 functu-

2016 4825 2164 4876 rum,
2198 4807 2471 4879 ablegare.
2498 4805 2555 4861 Si
2594 4803 2747 4861 enim
2775 4804 2943 4860 tertio
2983 4803 3186 4860 abhinc
3215 4818 3365 4861 anno
3403 4806 3622 4862 Prcedi—

2014 4908 2221 4961 cantem
2255 4900 2621 4972 Vapulantem
2642 4914 2673 4954 a
2702 4913 2795 4955 me
2815 4897 3065 4955 oblatum
3093 4906 3214 4955 tam
3233 4897 3501 4967 benevole
3523 4908 3620 4956 ex-

2015 4997 2190 5069 cepit;
2231 4994 2364 5067 quid
2410 4992 2517 5050 sibi
2554 4991 2757 5053 Paulus
2801 5007 2915 5049 non
2972 4991 3179 5063 poterit
3204 4991 3483 5064 polliceri;
3530 4992 3622 5065 qui

2017 5090 2278 5164 pontiﬁce
2304 5088 2575 5157 maximo,
2598 5096 2654 5144 et
2664 5085 2892 5160 quidem
2912 5086 3011 5143 tali
3036 5101 3101 5144 ac
3113 5094 3296 5156 tanto,
3320 5087 3623 5144 comitatus

2018 5187 2200 5254 venit;
2225 5200 2327 5241 nec
2354 5180 2618 5255 pontiﬁce
2645 5189 2892 5248 tantum,
2919 5179 3015 5237 sed
3038 5188 3095 5236 et
3114 5179 3420 5249 cardinale,
3446 5195 3622 5251 eoque

2018 5278 2327 5336 clarissimo
2363 5285 2420 5332 et
2448 5276 2825 5335 eruditissimo
2865 5275 3081 5332 Caesare
3110 5274 3388 5343 Baronio;
3436 5272 3621 5330 celsit-

2016 5380 2236 5441 vestrm,
2287 5371 2364 5426 nil
2390 5371 2658 5444 ambigo,
2696 5377 2923 5441 propter
2965 5383 3163 5426 aureos
3194 5367 3499 5425 Annalium
3538 5372 3623 5419 to-

2018 5482 2164 5533 mos,
2190 5466 2251 5521 iu
2281 5480 2472 5522 amore
2499 5472 2555 5520 et
2587 5464 2766 5535 pretio
2799 5481 2813 5517 :
2847 5479 2879 5519 a
2908 5477 3018 5534 quo
3047 5461 3403 5519 Calvinianas
3430 5471 3621 5527 asper-

2017 5560 2174 5631 gines
2221 5558 2583 5631 apologetica,
2627 5566 2693 5613 ut
2733 5557 2780 5614 si
2819 5558 3038 5629 loquar,
3088 5557 3320 5630 spongia
3362 5546 3617 5611 abstersi.

2017 5652 2497 5725 quemadmodum
2535 5651 2672 5707 olim
2703 5652 2907 5708 Paulus
2936 5668 2967 5705 a
2999 5652 3276 5721 Gregorio
3318 5648 3416 5705 VII
3447 5634 3622 5731 “his”
3702 5726 3705 5729 Ἴ

2018 5746 2274 5802 maticas.
2314 5749 2383 5803 Et
2410 5746 2515 5802 hoc
2542 5753 2750 5814 totum,
2779 5741 3043 5820 quidquid
3078 5750 3162 5796 est
3196 5730 3627 5820 lucubratigmsi
3654 5776 3748 5815 μ,

2018 5837 2193 5895 celsit.
2213 5842 2279 5896 V.
2308 5847 2371 5893 ut
2393 5837 2651 5903 libenter,
2671 5810 2751 5894 sic
2775 5810 2830 5895 et
2855 5810 3168 5891 reverenter
3190 5838 3315 5895 dico
3334 5835 3389 5883 et
3415 5810 3647 5981 offert"?
