4106 6182
511 259 613 314 223

1736 255 1794 310 S.
1835 252 2219 310 GREGORIUS
2257 254 2347 308 VII
2370 252 2585 309 ῬΛΡΑ.

3702 252 3808 306 224

509 380 687 437 donec
703 377 911 453 aliquid
932 380 1196 454 dignitate
1208 386 1261 435 et
1270 376 1490 449 fastigio
1505 377 1682 433 celsit.
1697 380 1760 433 V.
1777 378 1997 451 dignius
2008 394 2098 434 oc-.
2127 388 2178 447 Α
2206 377 2553 434 nevolentem
2570 378 2932 435 Maecenatem
2951 392 3121 449 quam
3136 375 3448 445 diutissime
3466 374 3804 432 incolumem

511 474 746 531 currerit
780 493 792 529 :
821 479 934 529 Deo
954 472 1223 529 submisse
1243 471 1558 542 supplicans
1578 479 1639 527 ut
1664 472 1923 528 Ecclesiae
1942 473 2108 528 Bam-

511 568 764 642 bergensi
782 566 1189 629 moderatorem
1204 564 1688 636 vigilantissimum
1705 585 1720 634 ;
1741 566 1992 622 societati
2006 581 2106 622 no-

514 670 644 717 strae
672 669 970 731 patronum
992 657 1359 731 singularem;
1378 666 1433 714 et
1458 658 1717 715 omnibus
1742 659 1998 715 litteratis
2017 659 2108 715 be-

2215 480 2269 527 et
2296 471 2670 543 superstitem,
2715 486 3042 543 semperque
3070 469 3231 525 donis
3267 478 3323 526 et
3353 468 3614 526 subsidiis
3643 468 3811 529 caele-

2215 564 2392 621 stibus
2420 564 2715 621 ﬂorentem
2756 573 2999 635 praestet.

2289 658 2633 733 Ingolstadii,
2684 663 2751 714 19
2786 657 2998 727 Martii,
3029 673 3178 715 anno
3208 654 3603 728 Redemptoris
3648 660 3803 712 1610.

1959 806 2369 817 ——-———.—-———

930 917 1504 980 PROLEGOMENA
1563 919 1639 979 IN
1692 918 1937 981 VITAM
1997 918 2357 980 GREGORII
2415 918 2523 980 VII
2580 918 3010 979 PONTIFICIS
3068 915 3378 980 ΜᾹΧΙΜΙ.

582 1073 725 1139 Rogo
745 1074 817 1134 te,
846 1071 1013 1126 amice
1036 1070 1239 1137 Lector,
1258 1074 1320 1125 ut
1341 1072 1500 1140 prius
1526 1070 1636 1125 haec
1659 1071 1960 1142 praeloun
1982 1072 2147 1140 legas,
2176 1086 2337 1140 quam
2374 1069 2450 1125 ad
2483 1071 2928 1126 commentarium
2956 1070 3097 1125 hunc
3125 1068 3477 1125 lectitandum
3498 1069 3735 1125 accedas.

583 1222 713 1291 Quis
745 1222 917 1290 fuerit
947 1221 1150 1276 Paulus
1178 1221 1601 1276 Bernriedensis.

583 1335 646 1392 Id
672 1335 831 1391 nobis
853 1335 1185 1406 explicatum
1206 1334 1363 1391 dabit
1389 1336 1698 1391 Aventinus
1726 1335 1820 1391 lib.
1856 1353 1887 1391 v
1916 1339 2103 1392 Anna-

511 1429 648 1484 lium
676 1428 940 1502 Bojorum
981 1448 994 1483 :
1045 1451 1069 1478 α
1103 1429 1233 1501 Legi
1265 1429 1490 1495 multos,
1523 1431 1828 1501 praesertim
1869 1430 2103 1486 Paulum

508 1521 987 1589 Bernriedensem,
1027 1520 1347 1578 Gerochum
1388 1522 1978 1595 Reicberspergensem
2010 1540 2106 1579 au-

510 1614 766 1679 tistitem,
807 1615 1242 1686 Augustinianos
1281 1617 1515 1687 Mystas,
1562 1617 1621 1671 in
1663 1616 1883 1688 Bojaria
1930 1625 2103 1673 ortos.

512 1709 769 1780 Uterque
820 1708 889 1765 de
940 1706 1332 1781 hujuscemodi
1372 1710 1646 1789 discordia
1687 1710 1996 1781 perniciosa
2037 1710 2106 1766 li-

510 1800 642 1857 bros
673 1799 867 1868 edidit,
902 1809 1135 1874 uterque
1173 1817 1301 1873 pars
1334 1802 1497 1875 hujus
1530 1803 1803 1859 tumultus
1831 1802 1956 1859 fuit.
1988 1804 2105 1870 Ille,

512 1892 949 1966 Reginoburgii;
994 1894 1108 1961 hic,
1151 1898 1419 1968 Augustae
1459 1895 1743 1966 primariae
1770 1894 1905 1953 aedis
1934 1912 2109 1954 sacer-

511 1985 633 2053 dos,
654 1986 821 2043 ambo
843 1986 1008 2043 rebus
1036 1988 1399 2045 Hildebrandi
1422 1988 1702 2046 studuere.
1724 1991 2104 2061 Quamobrem

511 2078 735 2135 sedibus
785 2080 951 2152 pulsi,
982 2081 1039 2135 in
1069 2081 1323 2138 exsiliiun
1353 2082 1465 2137 acti
1502 2091 1650 2138 sunt.
1703 2106 1729 2132 ι
1762 2086 1848 2139 Ita
1884 2084 2107 2141 Aventi-

513 2187 637 2231 nus.

581 2284 815 2341 Paulum
844 2284 1013 2342 fuisse
1039 2285 1381 2343 sacerdotem
1413 2302 1511 2342 seu
1543 2287 1879 2343 canonicum
1922 2286 2105 2343 Ratis-

511 2377 815 2435 bonensem
859 2380 1085 2450 planum
1141 2379 1204 2435 ﬁt
1252 2394 1321 2436 ex
1362 2380 1491 2437 Vita
1554 2380 1785 2452 virginis
1832 2381 2104 2448 Herlucae,

514 2486 637 2541 cap.
664 2475 741 2526 43
778 2479 835 2527 et
868 2477 962 2528 44.
989 2472 1298 2529 Ratisbona
1330 2473 1520 2544 pulsus
1551 2473 1840 2531 Bernriedi
1868 2489 1965 2529 seu
1993 2476 2107 2530 Be-

512 2564 720 2621 ronlcaa
764 2564 1086 2622 institutum
1132 2567 1542 2624 Canonicorum
1585 2567 1945 2638 Regularium
1990 2583 2108 2624 am-

516 2658 707 2729 plexus
745 2658 983 2726 videtur,
1012 2674 1124 2715 non
1175 2661 1364 2731 prius:
1410 2661 1514 2717 etsi
1539 2661 1695 2731 prius
1726 2660 1898 2717 etiam
1938 2659 2106 2717 decli-

513 2751 715 2810 nandas
760 2753 1116 2809 Henricianae
1156 2753 1553 2823 persecutionis
1579 2769 1743 2810 causa
1797 2754 2106 2811 Ratisbona

513 2844 747 2903 subinde
765 2861 824 2902 se
853 2845 1133 2914 subduxit,
1166 2855 1227 2901 ut
1249 2862 1313 2903 ex
1343 2845 1542 2904 eadem
1571 2847 1815 2904 Historia
1843 2847 1912 2905 de
1946 2848 2107 2905 beata

512 2938 727 3011 virgine
754 2940 997 2996 Herluca
1027 2939 1215 3011 liquet.

584 3049 741 3107 Idem
765 3050 1074 3107 Aventinus
1110 3051 1281 3108 ibid.:
1320 3074 1345 3101 «
1380 3053 1734 3125 Gregorium,
1765 3054 1945 3109 virum
1975 3069 2109 3109 san—

511 3143 823 3200 ctissimum
868 3144 1301 3214 pervicaciorem
1342 3145 1638 3213 exstitisse,
1690 3147 1893 3202 Paulus
1934 3148 2110 3201 Bern-

440 3290 447 3297 ,
513 3235 803 3303 riedensis,
835 3237 931 3307 qui
971 3237 1089 3308 ejus
1117 3238 1302 3293 Vitam
1354 3237 1508 3294 libris
1547 3238 1763 3294 duobus
1791 3240 2112 3310 complexus

512 3338 618 3397 est,
651 3338 707 3386 et
733 3331 931 3403 reliqui
956 3331 1076 3402 ejus
1096 3332 1338 3403 partium
1363 3334 1622 3389 acerrimi
1650 3341 2108 3406 propugnatores,

512 3422 777 3494 produnt.
820 3444 848 3478 ω
890 3425 1089 3481 Nescio
1120 3424 1320 3497 quibus
1369 3426 1546 3483 oculis
1583 3427 1893 3483 Aventinus
1938 3429 2109 3482 Bern-

511 3515 827 3575 riedensem
874 3517 1085 3591 legerit.
1139 3520 1204 3574 In
1235 3535 1364 3576 meo
1387 3529 1536 3577 certe
1561 3520 1733 3576 Paulo
1773 3521 1989 3577 nullum
2018 3536 2108 3577 ve-

514 3610 738 3682 stigium
763 3610 844 3668 vel
875 3612 1247 3668 accusationis
1285 3613 1368 3668 vel
1393 3622 1542 3669 nota:
1587 3612 1750 3684 hujus
1777 3612 1845 3669 de
1869 3614 2109 3685 pervica-

512 3703 599 3757 cia
629 3712 876 3774 apparet.
903 3706 974 3759 Et
1007 3704 1144 3760 adeo
1181 3706 1483 3777 Gregorius
1509 3706 1565 3760 in
1611 3704 1715 3761 hac
1738 3716 1903 3783 causa
1932 3707 2105 3778 pervi-

513 3808 614 3850 cax
644 3811 757 3850 non
794 3794 919 3862 fuit,
970 3804 1035 3852 ut
1073 3796 1292 3867 quoties
1332 3798 1606 3853 Henricus
1634 3814 1757 3867 rex;
1812 3801 1895 3854 vel
1940 3800 2107 3856 mini-

514 3902 669 3943 mam
715 3887 1123 3944 emendationis
1170 3889 1631 3962 signiﬁcationem
1658 3892 1841 3961 daret;
1871 3909 1999 3948 eum
2045 3893 2105 3947 in

513 3982 751 4053 gratiam
775 3987 831 4036 et
856 3982 1314 4039 communionem
1341 3983 1489 4039 sedis
1514 3986 1831 4056 apostolica:
1859 3986 2104 4057 recipere
2130 3979 2183 4042 D

514 4082 743 4146 paratus
786 4073 972 4130 fuerit.
1030 4075 1189 4131 Certe
1234 4083 1455 4132 tantum
1504 4078 1688 4144 abest,
1737 4086 1800 4133 ut
1861 4079 2109 4135 Saxones

513 4168 849 4248 Gregorium
878 4168 1200 4239 pervicacia;
1223 4170 1524 4241 arguerint,
1556 4180 1616 4227 ut
1655 4187 1786 4227 eum
1820 4187 2109 4244 propemo-

516 4258 651 4316 dum
681 4260 869 4318 nimiae
888 4261 1240 4318 lentitudinis
1260 4262 1317 4317 in
1343 4264 1585 4320 Henrico
1613 4264 1937 4322 damnando
1966 4266 2108 4322 insi-

513 4354 803 4422 mularint,
825 4352 974 4411 datis
1006 4355 1076 4412 ad
1100 4370 1225 4412 eum
1254 4356 1517 4428 epistolis,
1545 4373 1684 4430 quas
1712 4375 1826 4416 suae
1852 4359 2107 4417 Historias

512 4446 583 4503 de
630 4446 773 4504 bello
825 4450 1100 4506 Saxonico
1144 4451 1335 4507 Bruno
1371 4450 1624 4507 intexuit.
1664 4454 1737 4507 Et
1779 4452 1897 4523 ipsa
1925 4454 2106 4510 oratio

514 4540 770 4614 Gregorii
808 4542 879 4599 ad
928 4551 1149 4599 sanctos
1180 4544 1461 4615 apostolos
1498 4546 1722 4601 Petrum
1760 4553 1818 4601 et
1847 4548 2102 4616 Paulum,

512 4649 642 4690 cum
678 4636 875 4691 ultimo
903 4637 1209 4693 Henricum
1236 4640 1761 4708 excommunicavit,
1809 4642 2041 4697 recitata
2073 4659 2101 4697 a

514 4727 707 4796 Paulo,
738 4728 873 4784 satis
904 4730 1147 4786 ostendit
1181 4746 1350 4803 quam
1382 4731 1531 4788 nihil
1559 4733 1860 4806 Gregorius
1897 4734 2003 4791 hoc
2044 4736 2106 4790 in

513 4821 735 4892 negotio
773 4822 1130 4892 pertinaciter
1158 4825 1349 4896 egerit.

582 4932 769 5004 Pergit
787 4933 1130 4990 Aventinus:
1162 4958 1187 4982 α
1214 4936 1501 4993 Gerochus
1521 4954 1736 5011 quoque
1764 4940 1908 5011 (quo
1936 4955 2104 4996 nemo

513 5025 694 5081 acrius
729 5026 947 5097 scriptis
990 5026 1140 5083 libris
1166 5028 1608 5087 Hildebrandum
1636 5040 1851 5088 tutatus
1878 5040 1991 5098 est,
2016 5040 2105 5087 ut-

510 5127 639 5190 pote
666 5118 760 5190 qui
802 5118 1035 5176 crimina
1068 5121 1272 5177 Cmsari
1300 5122 1534 5193 objecta,
1565 5138 1689 5195 quae
1717 5124 1861 5195 apud
1892 5126 2103 5180 nullum

512 5211 683 5267 alium
715 5212 964 5284 legerim,
1006 5212 1271 5285 explicat)
1300 5216 1527 5271 tandem
1570 5230 1684 5273 suae
1712 5216 1884 5287 partis
1930 5217 2103 5288 perti-

511 5306 755 5372 naciam,
796 5320 866 5361 ne
894 5305 1077 5363 dicam
1102 5307 1457 5379 tyrannidem
1480 5308 1630 5365 hisce
1657 5309 1858 5377 verbis,
1880 5319 2106 5365 coactus

510 5398 761 5467 veritate,
809 5408 986 5456 notat.
1047 5423 1072 5448 α
1132 5402 1398 5468 Romani,
1452 5401 1650 5472 inquit,
1697 5402 1802 5457 sibi
1854 5402 2104 5458 divinum

518 5512 541 5542 ι
581 5500 854 5564 usurpant
890 5491 1187 5558 honorem,
1236 5494 1508 5549 rationem
1566 5502 1818 5550 actorum
1869 5493 2105 5552 reddere

516 5609 542 5634 ι
584 5587 800 5655 nolunt,
833 5599 936 5641 nec
958 5584 1063 5641 sibi
1084 5584 1197 5642 dici
1226 5600 1386 5657 aequo
1411 5587 1602 5643 animo
1624 5586 1811 5643 ferunt
1842 5606 1855 5644 :
1887 5590 1997 5645 Cur
2024 5589 2100 5645 ita

516 5701 542 5727 ι
585 5680 742 5752 agis?
762 5700 789 5730 ιι
815 5687 921 5736 etc.

587 5788 907 5849 Gerochum
949 5806 1065 5849 non
1096 5786 1235 5859 vidié
1274 5793 1489 5850 utinam
1520 5792 1818 5867 aliquando
1848 5793 2095 5852 videam!

2134 1227 2183 1289 B
2210 1221 2315 1279 Sed
2353 1236 2421 1278 ex
2450 1221 2518 1276 iis
2555 1236 2679 1294 quae
2706 1218 2775 1278 de
2807 1219 3063 1278 Gerocho
3094 1229 3286 1277 narrat
3325 1220 3442 1292 ipse
3467 1221 3810 1289 Aventinus,

2213 1324 2269 1371 et
2294 1331 2362 1371 ex
2387 1315 2649 1372 Aventini
2670 1315 2913 1386 ingenio,
2938 1329 3111 1386 exque
3141 1314 3246 1370 illis
3274 1312 3475 1370 itidem
3498 1328 3621 1386 quae
3639 1314 3810 1371 Paulo

2212 1408 2602 1465 Bernriedensi
2634 1406 2875 1482 afﬁngit,
2917 1408 3196 1465 aestimare
3233 1407 3361 1464 licet
3401 1423 3509 1480 qua
3553 1405 3661 1464 ﬁde
3690 1405 3811 1463 haec

2213 1500 2284 1558 de
2311 1502 2565 1558 Gerocho
2596 1500 2918 1574 prodiderit.
2951 1499 3191 1557 Credam
3218 1500 3351 1557 talia
3379 1518 3411 1558 a
3441 1499 3696 1559 Gerocho
3724 1499 3813 1557 ef-

2211 1593 2353 1664 fusa,
2386 1611 2515 1650 cum
2539 1595 2675 1651 meis
2699 1596 2871 1651 oculis
2891 1610 2955 1651 ea
2988 1595 3046 1650 in
3072 1593 3327 1651 Gerocho
3357 1595 3556 1667 legero.

2288 1686 2441 1744 Idem
2470 1689 2776 1745 Aventinus
2805 1708 2816 1743 :
2853 1712 2879 1737 α
2915 1688 3118 1746 Paulus
3148 1686 3564 1744 Bernriedensis
3597 1696 3809 1757 narrat,

2214 1783 2534 1854 episcopum
2558 1782 2879 1856 quemdam,
2902 1782 3038 1839 dum
3066 1798 3165 1853 pro
3193 1781 3461 1839 concione
3484 1779 3814 1838 Hildebran—

2215 1875 2347 1933 dum
2378 1877 2687 1948 vituperat,
2726 1875 2962 1933 fulmine
2991 1883 3205 1931 tactum
3233 1890 3379 1942 esse;
3411 1876 3652 1948 dumque
3680 1891 3816 1949 age-

2216 1978 2304 2025 ret
2341 1970 2628 2036 animam,
2681 1968 2885 2027 dixisse
2915 1988 2929 2025 :
2978 1992 3003 2018 α
3028 1970 3192 2042 Ignea
3239 1977 3436 2026 catena
3474 1968 3813 2026 constrictus

2214 2061 2408 2119 trahor
2447 2061 2518 2119 ad
2553 2061 2763 2120 inferos
2802 2082 2817 2119 :
2862 2063 2958 2131 ite,
2999 2062 3252 2119 nuntiate
3280 2062 3483 2119 Caesari
3512 2071 3574 2118 ut
3613 2062 3809 2133 resipi-

2218 2165 2355 2224 scat,
2388 2165 2445 2213 et
2470 2155 2743 2229 ﬂagitium
2772 2158 2831 2213 in
2864 2159 3072 2226 Deum,
3095 2156 3285 2213 divum
3310 2156 3534 2213 Petrum
3583 2155 3699 2227 eius
3727 2156 3812 2210 vi-

2215 2250 2453 2316 carium,
2470 2250 2858 2319 commissum,
2885 2249 3087 2307 ofﬁciis
3106 2258 3454 2321 compenset,
3479 2249 3587 2305 nisi
3607 2265 3705 2317 me
3722 2265 3814 2305 an-

2214 2342 2560 2401 tecedentem
2588 2353 2797 2401 aeterna
2828 2344 3094 2416 supplicia
3134 2341 3394 2416 subsequi
3434 2342 3610 2398 malit.
3645 2366 3668 2391 -
3701 2343 3810 2398 Eo-

2214 2435 2346 2493 dem
2380 2453 2599 2510 quoque
2641 2436 2753 2506 die,
2791 2453 2992 2509 nempe
3038 2436 3413 2503 Paschalibus,
3467 2445 3664 2509 quarto
3693 2439 3811 2491 Ka-

2216 2530 2411 2587 lendas
2453 2531 2662 2599 Martii,
2709 2539 2770 2587 ut
2810 2531 2958 2588 idem
3008 2532 3210 2587 Paulus
3258 2531 3475 2599 recitat,
3522 2530 3813 2601 episcopus

2146 2612 2519 2696 CSpirensis,
2580 2625 2852 2698 Gregorio
2907 2625 3146 2698 septimo
3194 2625 3448 2696 iniquus,
3496 2622 3566 2680 ab
3613 2622 3812 2679 eodem

2215 2718 2487 2774 Kalendis
2517 2719 2705 2774 Martii
2736 2718 2994 2786 devotus,
3013 2718 3261 2774 animam
3290 2715 3517 2773 efﬂavit.
3542 2717 3812 2789 Gregorio

2216 2813 2507 2868 Salernum
2536 2811 2772 2884 profugo
2813 2813 3077 2882 intrante,
3110 2811 3245 2867 civis
3285 2810 3511 2883 quidam
3550 2810 3763 2867 dixerat
3795 2827 3809 2865 :

2219 2929 2245 2955 α
2289 2913 2501 2963 Auctor
2514 2906 2894 2973 dissensionis,
2913 2906 3007 2978 qui
3022 2914 3203 2961 totum
3221 2905 3414 2961 orbem
3434 2913 3710 2961 terrarum
3732 2920 3814 2960 ar-

2216 3000 2327 3055 mis
2355 3008 2409 3055 et
2438 2999 2593 3056 bellis
2632 2999 2881 3063 involvit,
2924 2997 3087 3071 hujus
3128 2996 3284 3054 urbis
3311 3013 3531 3071 quoque
3567 2998 3814 3071 quietem

2215 3092 2647 3148 conturbaturus
2664 3091 2912 3148 advenit.
2950 3114 2976 3141 ιο
3007 3095 3133 3147 Mox
3162 3091 3274 3159 ille,
3297 3091 3385 3146 his
3414 3090 3597 3158 dictis,
3618 3090 3816 3147 obmu-

2217 3186 2382 3241 tescit
2407 3207 2418 3242 :
2448 3184 2717 3241 deductus
2738 3184 2809 3241 ad
2837 3186 3189 3257 Gregorium,
3218 3201 3462 3241 errorem
3481 3200 3645 3241 suum
3674 3199 3816 3240 con-

2218 3278 2422 3348 ﬁtetur,
2464 3277 2533 3333 ab
2557 3277 2996 3350 eodemfsanitati
3027 3279 3353 3336 restituitur.
3385 3276 3624 3334 Benried
3642 3277 3814 3334 colle-

2218 3372 2367 3443 gium
2407 3380 2490 3427 est
2519 3371 2813 3428 ﬂaminum
2844 3371 3233 3443 Augustalium
3268 3370 3567 3443 superioris
3600 3371 3814 3426 Vinde-

2217 3466 2386 3534 liciaa,
2434 3474 2659 3537 propter
2701 3469 2934 3522 Verrem
2976 3467 3191 3541 lacum,
3237 3482 3401 3537 supra
3453 3464 3815 3521 Monachium

2215 3559 2530 3631 quindecim
2564 3558 2735 3615 millia
2768 3575 3055 3630 passuum,
3086 3558 3445 3616 ibi'Herlucee
3474 3567 3705 3615 sacrata:
3732 3557 3815 3615 fe-

2215 3653 2383 3710 minae
2446 3653 2761 3724 sepulcrum
2824 3652 3154 3709 ostenditur.
3219 3655 3300 3709 Ea
3350 3652 3441 3708 illa
3493 3660 3813 3737 tempestate

2216 3746 2371 3815 vixit,
2408 3754 2461 3801 et
2489 3746 2776 3801 nocturnis
2814 3761 3098 3818 superum,
3148 3754 3203 3801 et
3232 3745 3475 3802 inferum
3502 3745 3813 3819 congressi-

2214 3837 2340 3908 bus,
2371 3840 2704 3911 secretisque
2745 3839 3036 3912 colloquiis
3066 3839 3326 3895 interesse
3354 3848 3639 3908 consueta,
3677 3855 3813 3895 nar-

2217 3948 2341 3988 rare
2362 3932 2519 3988 solita
2551 3931 2687 4000 fuit;
2721 3941 3034 3991 exsecratos
3064 3932 3291 3990 ﬂamma
3329 3933 3586 3990 omnium
3616 3931 3816 3991 arden-

2219 4025 2431 4082 tissima
2458 4026 2777 4082 excruciari.
2811 4051 2835 4075 ι»

2288 4121 2421 4176 Haec
2461 4120 2675 4187 omnia,
2724 4129 2786 4175 ut
2833 4119 2904 4176 ab
2956 4120 3232 4178 Aventino
3275 4128 3812 4190 commemorantur,

2216 4222 2436 4269 exstant
2480 4215 2538 4268 in
2571 4212 2696 4279 hac,
2741 4230 2912 4285 quam
2964 4230 3114 4270 nunc
3172 4214 3510 4287 evulgamus,
3564 4213 3815 4287 Gregorii

2217 4307 2367 4372 Vita,
2396 4316 2457 4361 ut
2494 4316 2549 4363 et
2568 4308 2657 4362 illa
2704 4322 2827 4378 quae
2855 4307 2923 4364 de
2945 4306 3225 4375 Rulando,
3271 4309 3564 4365 Parmensi
3588 4307 3813 4376 clerico,

2214 4409 2268 4455 et
2297 4399 2365 4456 de.
2397 4417 2491 4455 ovo
2516 4400 2836 4473 prodigioso
2874 4410 3299 4458 commemorat.
3340 4403 3435 4457 Ille
3461 4399 3814 4473 (Rulandus)

2216 4496 2312 4548 via:
2341 4509 2436 4565 ope
2461 4495 2708 4563 Gregorii
2731 4494 2837 4560 (ita
2864 4494 3068 4550 Paulus
3096 4493 3289 4564 refert)
3319 4498 3509 4552 evasit.
3546 4497 3616 4551 Et
3645 4493 3814 4567 quid-

2216 4586 2347 4658 quid
2395 4588 2708 4644 Aventinus
2762 4588 2875 4644 illic
2920 4588 3134 4659 scribit,
3198 4588 3253 4645 id
3306 4589 3485 4644 ferme
3532 4604 3598 4645 ex
3641 4587 3815 4644 Paulo

2215 4680 2607 4738 Bernriedensi
2664 4680 2985 4754 decerptum
3041 4698 3197 4751 esse;
3246 4682 3535 4754 perspicue
3595 4680 3817 4738 docebit

2213 4774 2600 4830 Aventinianaa
2624 4775 2960 4831 narrationis
2989 4790 3118 4831 cum
3149 4774 3249 4831 hac
3279 4776 3405 4831 Vita
3429 4776 3674 4831 collatio.
3702 4775 3817 4830 Ex-

2213 4865 2356 4937 cipio
2389 4875 2580 4924 tamen
2605 4868 2912 4923 calumnias
2931 4884 3067 4940 quas
3094 4870 3403 4925 Aventinus
3428 4884 3542 4926 sua:
3567 4868 3817 4926 historiae

2214 4959 2451 5015 subinde
2496 4962 2765 5032 aspergit;
2808 4977 2938 5016 nam
2967 4960 3068 5016 has
3096 4969 3192 5017 aut
3238 4962 3354 5035 ipse
3392 4978 3459 5019 ex
3505 4978 3605 5018 suo
3632 4963 3815 5033 capite

2214 5052 2455 5125 extudit;
2496 5061 2595 5109 aut
2633 5069 2699 5108 ex
2738 5054 3005 5127 Apologia
3056 5055 3391 5111 innominati
3426 5056 3667 5112 auctoris
3710 5070 3816 5126 pro

2212 5146 2456 5203 Henrico
2487 5147 2563 5200 IV
2594 5146 2841 5218 accepit;
2874 5156 2930 5202 et
2970 5147 3125 5204 valde
3148 5149 3412 5220 ,suspicor
3438 5149 3680 5207 indidem
3718 5148 3815 5206 de—

2211 5249 2522 5310 promptam
2576 5239 2721 5295 hanc
2761 5240 3041 5297 Aventino
3082 5242 3447 5299 assertionem
3502 5263 3520 5297 :
3578 5265 3603 5289 ιι
3664 5242 3815 5313 Opes

2212 5346 2432 5404 quoque
2494 5333 2913 5402 ecclesiasticas,
2956 5334 3159 5407 quibus
3216 5334 3485 5391 hactenus
3548 5350 3817 5407 pauperes

2213 5425 2523 5497 alebantur,
2550 5427 2822 5483 militibus
2850 5435 2905 5483 et
2928 5428 3007 5483 rei
3027 5427 3237 5484 bellicae
3257 5427 3447 5500 peritis
3477 5427 3706 5501 largitus
3734 5436 3821 5485 est

2216 5519 2548 5592 (Gregorius
2568 5521 2721 5587 VII).
2743 5521 2903 5591 Quod
2928 5530 2983 5577 et
3008 5519 3430 5578 Hildebrandini
3460 5519 3746 5578 Gerochus
3762 5530 3821 5578 et

2212 5612 2413 5668 Paulus
2466 5630 2580 5669 non
2614 5613 2826 5669 inﬁcias
2875 5622 3039 5682 eunt,
3085 5621 3142 5671 et
3183 5612 3305 5682 hic,
3338 5621 3601 5687 tanquam
3640 5614 3820 5671 bene—

2213 5702 2419 5761 factum
2449 5714 2695 5775 excusat,
2725 5714 2781 5763 et
2809 5705 2866 5764 id
2894 5706 3062 5764 licere
3086 5705 3356 5763 defendit.
3394 5730 3418 5757 ι
3448 5709 3571 5764 Non
3596 5709 3821 5765 invenio

2213 5797 2357 5853 hanc
2398 5800 2804 5856 exciisationem
2831 5808 2884 5857 et
2908 5798 3289 5858 defensionem
3316 5801 3373 5857 in
3401 5808 3590 5858 nostro
3614 5802 3812 5883 Paulo.
