4106 6182
232 300 328 350 225

857 271 859 273 ’
887 299 1408 357 PROLEGOMENA.
1453 331 1516 340 —
1556 301 1838 357 PROOEM.

1950 303 2123 393 11:31‘8.
2167 304 2230 357 ΙΝ
2271 304 2463 358 PAUL.
2505 303 2864 358 BEBNRIED.

2762 181 2779 204 β

3428 309 3531 360 226
3584 342 3588 344 -

234 429 311 475 An
333 422 646 477 Aventinus
664 438 776 478 non
793 423 1158 494 copiosiorem
1177 465 1191 490 ,
1222 425 1317 482 sed
1339 426 1820 498 obsequentiorem
1849 429 1903 493 Α
2005 430 2198 482 Exstat
2222 443 2387 497 porro
2417 425 2565 498 apud
2596 430 2800 482 Baron.
2831 442 2979 482 anno
3010 427 3203 484 salutis
3241 433 3378 482 1106
3417 429 3533 499 epi-

231 514 462 570 Paulum
501 515 722 581 habuit,
765 516 838 571 ita
871 527 932 572 ut
955 518 1223 591 quidquid
1265 520 1380 591 ipse
1414 519 1558 575 male
1588 520 1642 573 in
1683 520 1821 574 Gre-

229 608 444 677 gorium
473 608 738 678 affectus,
775 609 936 666 vellet
957 653 971 679 ,
995 611 1238 669 diceret?

241 717 382 771 Unde
414 724 613 773 constet
643 720 868 774 Paulum
904 722 1334 796 Bernriedensem
1364 737 1473 796 esse
1503 723 1666 792 hujus
1694 738 1828 777 com-

736 794 997 846 mentarii
1033 799 1318 848 auctorem.

299 889 487 947 Codex
519 907 582 947 ex
627 907 737 964 quo
784 893 948 965 hujus
972 894 1118 952 Vita:
1147 895 1426 965 exemplar
1469 893 1824 966 desumptum

235 992 341 1050 est,
391 999 506 1038 non
553 984 877 1056 praeferebat
914 1003 1119 1043 nomen
1172 989 1328 1043 Pauli
1385 987 1821 1044 Bernriedensis.

233 1077 391 1132 Unde
424 1094 556 1150 ergo
586 1080 761 1150 liquet.
787 1080 932 1136 hunc
963 1081 1138 1137 fetum
1163 1082 1334 1138 Paulo
1359 1081 1559 1136 ascribi
1591 1081 1828 1137 debere?

235 1170 560 1241 Respondeo
604 1172 658 1229 id
689 1172 1043 1230 manifestum
1090 1174 1209 1230 ﬁeri
1235 1191 1302 1231 ex
1332 1175 1641 1242 Aventino,
1672 1176 1830 1245 cujus

233 1264 406 1320 Codex
441 1267 1039 1324 Pard-Bernriedensis
1070 1285 1276 1324 nomen
1317 1269 1698 1339 prazscriptum
1742 1285 1829 1340 ge-

238 1358 420 1424 rebat;
453 1360 646 1415 omnia
678 1370 866 1416 autem
907 1377 1029 1432 quae
1059 1363 1370 1418 Aventinus
1408 1379 1473 1418 ex
1503 1362 1676 1418 Paulo
1729 1379 1829 1417 suo

239 1452 453 1519 recitat,
488 1453 548 1507 in
589 1453 692 1508 hoc
717 1463 915 1510 nostro
942 1457 1314 1526 reperiuntur,
1368 1464 1429 1510 ut
1478 1465 1638 1512 antea
1691 1456 1831 1511 dixi-

241 1563 376 1600 mus.
404 1548 524 1602 Nec
553 1546 718 1604 refert
747 1548 894 1620 quod
924 1549 981 1604 in
1035 1558 1228 1605 nostro
1275 1549 1574 1621 exemplari
1602 1566 1715 1604 non
1759 1551 1831 1604 sit

237 1637 520 1696 distinctio
551 1643 729 1712 operis
758 1641 816 1697 in
832 1641 1186 1713 duoslibros;
1212 1642 1431 1699 duobus
1455 1643 1605 1700 enim
1641 1645 1824 1714 libris,

239 1734 469 1789 Paulum
511 1735 768 1806 Gregorii
812 1737 1002 1792 Vitam
1041 1738 1391 1808 complexum
1434 1753 1554 1792 esse
1597 1747 1832 1794 testatur

1933 522 2074 576 stola
2107 521 2388 577 Paschalis
2429 520 2657 576 secundi
2692 520 2762 576 ad
2817 520 3148 577 Udalricum
3201 538 3296 577 seu
3340 520 3534 577 Oderi-

1933 629 2060 669 cum
2089 615 2524 683 Passaviensem,
2558 623 2614 670 et
2642 613 2710 670 ad
2757 613 3120 671 Gebhardum
3148 615 3534 672 Constantien-

1937 724 2050 762 sem
2083 708 2386 780 episcopos.

2008 849 2092 901 De
2136 845 2332 902 eodem
2384 845 2716 902 Bertholdus
2744 846 2801 899 in
2831 845 3104 903 Chronico
3148 862 3298 903 anno
3347 852 3529 904 1092:

1941 963 1966 989 ιι
2009 943 2074 996 In
2141 940 2434 995 Bavariam
2510 940 2660 994 venit
2722 939 3162 1010 Saltzburgensis
3236 941 3528 1010 episcOpus

1937 1034 2106 1088 Dimo
2127 1033 2399 1100 (Thiemo)
2425 1032 2519 1104 qui
2551 1033 2864 1087 Pataviensi
2893 1033 3142 1089 Ecclesiae
3169 1033 3290 1105 jam
3319 1033 3530 1089 dudum

1938 1126 2174 1183 viduata":
2203 1127 2480 1183 ordinavit
2520 1125 2841 1196 episcopum
2881 1126 3109 1180 nomine
3161 1126 3528 1190 Udalricum,

1939 1229 2143 1276 sancta:
2187 1219 2552 1291 Augustensis
2583 1218 2841 1275 Ecclesia;
2873 1219 3254 1289 praepositum,
3293 1234 3534 1289 eumque

1941 1315 1994 1368 in
2044 1314 2162 1384 ipso
2186 1313 2274 1368 die
2321 1316 2673 1369 Pcntecostes
2700 1328 2828 1367 cum
2888 1312 3004 1382 ipso
3033 1311 3447 1368 Constantiensi
3480 1319 3536 1364 et

1938 1407 2346 1462 Wormaciensi
2384 1406 2705 1462 solemniter
2733 1405 3104 1470 consecravit;
3144 1404 3363 1475 hocque
3417 1420 3536 1458 ma-

1940 1517 2108 1573 gnam
2153 1500 2415 1556 ﬁduciam
2454 1500 2608 1554 dedit
2644 1498 2933 1554 catholicis
2978 1507 3040 1552 ut
3081 1499 3140 1552 in
3177 1497 3442 1553 ﬁdelitate
3477 1499 3535 1552 S.

1939 1594 2084 1650 Petri
2117 1594 2472 1664 persisterent
2505 1601 2559 1647 et
2592 1592 3077 1648 schismaticorum
3123 1591 3360 1647 vesania:
3387 1589 3545 1646 inde-

1940 1687 2134 1743 fessius
2163 1688 2514 1743 obsisterent.
2537 1711 2562 1735 ιο

238 1828 565 1894 Aventinus,
602 1829 730 1900 quia
760 1830 1022 1886 collector
1044 1831 1301 1886 Vitarum
1330 1831 1732 1900 Wolfhardus,
1762 1833 1830 1888 de
1861 1822 1909 1884 Β
2012 1833 2146 1901 Quis
2179 1830 2466 1903 qualisque
2500 1830 2663 1886 fuerit
2689 1829 2882 1897 codex,
2931 1821 2994 1884 ex
3040 1844 3149 1900 quo
3190 1826 3310 1884 haec
3350 1827 3540 1884 Histo-

237 1936 339 1988 quo
371 1923 540 1991 paulo
574 1931 726 1992 post,
755 1924 849 1994 qui
877 1925 1064 1980 Vitam
1095 1926 1347 1996 Gregorii
1385 1941 1511 1981 cum
1540 1927 1754 1982 caeteris
1778 1928 1832 1980 in

239 2031 408 2069 unum
451 2017 709 2072 volumen
754 2019 1017 2090 conjecit,
1065 2017 1210 2074 hanc
1247 2017 1390 2074 forte
1419 2019 1832 2075 distinctionem

239 2109 489 2175 sustulit,
540 2118 601 2164 ut
647 2123 762 2166 non
801 2127 929 2167 raro
962 2109 1016 2166 in
1046 2113 1198 2167 omni
1231 2129 1429 2185 genere
1460 2113 1726 2168 librorum
1752 2130 1838 2167 ac‘

238 2201 385 2256 cidit.
433 2203 580 2258 Sane
609 2203 836 2260 historia
869 2221 1035 2276 quam
1068 2223 1217 2262 nunc
1253 2205 1572 2278 evulgamus
1619 2207 1835 2278 prolixa

238 2304 343 2362 est,
387 2304 444 2351 et
477 2297 931 2354 commodissime
966 2299 1024 2353 in
1053 2299 1192 2355 duos
1220 2300 1393 2355 libros
1424 2301 1594 2356 secari
1636 2308 1835 2371 potest.

306 2391 374 2444 11.
409 2393 616 2446 Paulus
642 2392 1058 2448 Bernriedensis
1087 2394 1308 2463 scripsit
1358 2394 1547 2448 Vitam
1578 2395 1834 2449 H’erlucaa

240 2483 486 2556 virginis,
509 2485 668 2556 cujus
697 2486 903 2541 bonam
927 2496 1140 2557 partem
1171 2488 1456 2542 transtulit
1479 2488 1535 2542 in
1562 2488 1749 2542 Vitam
1779 2490 1833 2543 S.

239 2577 540 2648 Wicterpi,
575 2579 816 2650 episcopi
871 2582 1209 2651 Augustani,
1238 2581 1572 2637 reverendus
1604 2590 1659 2637 et
1710 2597 1836 2651 per-

238 2670 427 2726 doctus
478 2673 655 2736 Pater,
682 2673 914 2728 Carolus
936 2673 1262 2745 Stengelius.
1299 2674 1419 2729 ord.
1456 2678 1522 2729 D.
1546 2674 1835 2730 Benedicti

239 2763 302 2819 ad
329 2765 386 2820 S.
421 2764 756 2820 Udalricum
785 2772 1046 2838 Augusta:
1066 2766 1506 2827 Vindelicorum,
1535 2783 1702 2838 quam
1735 2766 1836 2821 tibi

238 2873 380 2913 nunc
413 2859 695 2933 integram
725 2859 869 2916 infra
900 2860 1152 2917 exhibeo.
1196 2861 1257 2916 In
1285 2877 1351 2916 eo
1387 2859 1567 2915 libello
1602 2868 1837 2915 testatur

239 2951 436 3007 Paulus
469 2967 527 3007 se
558 2952 753 3008 itidem
780 2953 970 3009 Vitam
995 2953 1242 3026 Gregorii
1273 2953 1472 3009 litteris
1501 2952 1834 3018 mandasse;

237 3053 288 3100 et
331 3061 460 3117 qua:
488 3045 559 3102 de
597 3046 807 3102 caelesti
851 3046 1096 3119 quadam
1125 3047 1339 3104 visione
1368 3047 1622 3104 Herlucae
1651 3047 1834 3102 oblata

238 3139 292 3193 in
335 3139 497 3194 Actis
538 3139 798 3196 Herlucaa
841 3140 1137 3208 scribebat,
1170 3139 1291 3212 jam
1334 3141 1395 3195 in
1431 3135 1848 3196 commentario

239 3234 316 3288 De
336 3233 509 3288 rebus
524 3233 694 3305 gestis
711 3233 968 3306 Gregorii
1002 3237 1102 3291 Vll
1126 3234 1445 3305 explicasse.
1477 3241 1548 3291 At
1572 3233 1840 3306 quidquid

237 3325 438 3381 Paulus
471 3327 529 3380 in
578 3327 702 3382 Vita
737 3327 967 3399 virginis
997 3328 1252 3384 Herlueaa
1295 3328 1488 3383 scribit
1511 3327 1579 3383 de
1622 3327 1843 3384 Christo

239 3420 351 3489 qui,
383 3420 539 3475 clara
570 3418 680 3487 die,
700 3420 1019 3477 vulneratus
1039 3438 1069 3477 a
1099 3421 1276 3477 multo
1307 3422 1576 3493 sanguine
1598 3421 1842 3486 stillans,

241 3527 353 3568 sese
377 3513 428 3568 ei
459 3514 825 3583 conspicuum
854 3514 1186 3585 prmbuerat,
1215 3513 1270 3569 id
1302 3523 1481 3569 exstat
1501 3514 1558 3568 in
1589 3513 1693 3570 hac
1719 3514 1842 3568 Vita

243 3621 348 3660 non
398 3606 652 3677 procula
685 3607 817 3674 ﬁne,
865 3616 928 3662 ut
956 3607 1162 3664 ibidem
1189 3607 1600 3674 adnotavimus,
1648 3622 1844 3678 quem-

246 3699 546 3756 admodum
591 3709 645 3757 et
685 3701 774 3757 illa
823 3717 948 3773 qua;
985 3701 1055 3757 de
1102 3701 1389 3757 Adalberti
1436 3701 1739 3773 presbyteri
1778 3700 1846 3755 de

247 3795 382 3849 Rata
414 3795 646 3849 interitu
678 3795 735 3850 in
781 3797 906 3851 Vita
941 3795 1198 3852 Herlucae
1228 3795 1458 3867 virginis
1493 3810 1843 3850 commemo-

252 3895 459 3943 rantur.
545 3889 628 3942 Ex
680 3889 883 3960 quibus
937 3889 1224 3960 perspicue
1289 3888 1549 3944 elucescit
1617 3887 1845 3943 Paulum

249 3980 708 4036 Bernriedensem
764 3982 1049 4054 utriusque
1107 3981 1507 4038 lucubrationis
1561 3989 1845 4036 auctorem

250 4088 381 4130 esse.

314 4169 550 4239 Scripsit
568 4167 772 4223 Paulus
801 4168 990 4223 Vitam
1020 4167 1275 4240 Gregorii
1301 4168 1404 4224 VlI
1430 4182 1580 4222 anno
1612 4165 1843 4222 Domini

256 4267 404 4316 1131.
443 4259 506 4317 Id
530 4260 659 4316 inde
686 4261 915 4331 planum
943 4259 1182 4318 efﬁcitur
1202 4261 1328 4332 quia
1353 4259 1422 4316 ad
1440 4259 1647 4315 calcem
1681 4258 1844 4331 hujus

251 4354 640 4410 commentarii
668 4354 744 4410 ita
775 4355 1022 4427 loquitur
1048 4353 1116 4410 de
1135 4354 1404 4411 Udalrico
1433 4354 1690 4424 episcopo
1714 4355 1843 4408 Pas-

251 4447 514 4516 saviensi,
551 4448 840 4504 Altmanni
877 4463 1211 4504 successore.
1261 4470 1286 4496 ι
1318 4448 1425 4504 Hic
1458 4447 1721 4512 (Thiemo
1747 4462 1843 4502 seu

1949 1927 2026 1980 ria
2056 1924 2334 1994 descripta.
2377 1933 2477 1991 est,
2524 1923 2673 1979 malo
2702 1938 3002 1995 cognoscas
3028 1921 3210 1978 verbis
3245 1921 3540 1977 clarissimi

1945 2028 1999 2074 et
2041 2019 2350 2074 doctissimi
2393 2018 2514 2084 viri,
2558 2017 2870 2074 Sebastiani
2907 2015 3289 2087 Tengnagelii,
3331 2013 3542 2086 absque

1944 2113 2100 2183 cujus
2141 2128 2243 2182 ope
2299 2121 2353 2167 et
2398 2127 2562 2181 opera
2611 2110 2755 2165 foret
2799 2110 3003 2164 Paulus
3050 2108 3233 2164 adhuc
3281 2108 3338 2161 in
3387 2117 3540 2163 tene-

1944 2205 2059 2261 bris
2093 2223 2219 2261 cum
2255 2205 2364 2260 situ
2395 2213 2449 2261 et
2472 2204 2763 2276 squalore,
2795 2217 3032 2273 cumque
3066 2201 3254 2256 blattis
3287 2217 3352 2257 ac
3377 2201 3543 2256 tineis

1945 2299 2276 2366 decertaret;
2331 2297 2581 2353 fortassis
2637 2298 2755 2352 sine
2807 2295 2917 2351 ulla
2970 2311 3064 2366 spe
3107 2294 3410 2350 missionis.
3457 2296 3542 2349 lta

1946 2409 2076 2463 ergo
2120 2393 2210 2447 ille
2253 2392 2320 2447 ad
2361 2408 2452 2447 me
2494 2392 2705 2447 Vienna
2745 2410 2756 2444 :
2808 2412 2833 2438 α
2868 2391 3102 2444 Paulum
3147 2387 3303 2444 illum
3347 2397 3540 2454 tuum,

1946 2487 2040 2541 diu
2084 2488 2434 2556 multumque
2482 2484 2881 2556 perquisitum,
2930 2483 3036 2538 nisi
3078 2497 3170 2537 me
3210 2481 3544 2553 conjectura:

1946 2577 2165 2646 fallant,
2201 2579 2432 2634 feliciter
2479 2559 2684 2633 eruisse
2705 2577 2910 2633 videor.
2959 2579 3192 2632 Exstant
3217 2576 3368 2631 enim
3398 2573 3545 2646 apud

1949 2689 2036 2728 me
2066 2673 2209 2728 Vitw
2237 2673 2593 2739 Sanctorum,
2625 2670 2902 2726 mensium
2936 2669 3162 2740 Aprilis,
3196 2669 3331 2725 Maii
3357 2676 3412 2723 et
3449 2670 3546 2723 Ju-

1946 2766 2026 2820 nii
2056 2766 2220 2820 unico
2253 2773 2410 2820 tome
2439 2765 2497 2818 in
2539 2763 2736 2834 grandi
2780 2771 3043 2834 vastoque
3083 2761 3360 2817 volumine
3397 2777 3548 2816 com-

1946 2858 2254 2929 prehensae,
2283 2866 2506 2912 auctore
2530 2855 2864 2913 Wolfhardo
2885 2854 3172 2926 quondam
3199 2859 3282 2921 (ut
3303 2870 3333 2909 e
3355 2852 3548 2925 praefa-

1945 2953 2097 3007 tione
2127 2952 2181 3006 in
2218 2951 2450 3006 Junium
2481 2950 2668 3020 liquet)
2694 2948 2958 3016 collectae,
2987 2957 3044 3003 et
3086 2947 3144 3003 in
3189 2947 3545 3002 membranas

1947 3045 2204 3112 redactae,
2236 3053 2384 3100 nota:
2422 3043 2556 3099 satis
2615 3043 2822 3114 probae,
2854 3050 2908 3096 et
2955 3049 3083 3097 ante
3111 3039 3548 3112 quadringentos

1951 3148 2148 3210 prazter
2194 3147 2417 3210 propter
2464 3152 2641 3192 annos
2685 3135 3032 3206 conscriptae.
3077 3135 3244 3190 Hisce
3294 3141 3546 3188 extremo

1951 3233 2097 3288 Maio
2123 3232 2248 3289 Vita
2276 3230 2533 3302 Gregorii
2564 3231 2850 3301 Vlljpapaa
2877 3229 3089 3300 adjecta
3111 3235 3227 3296 est;
3257 3226 3413 3299 cujus
3440 3226 3548 3281 ini-

1951 3327 2091 3381 tium
2130 3326 2206 3380 sic
2240 3339 2297 3379 se
2327 3324 2529 3378 habet:
2567 3344 2593 3371 ‹‹
2648 3323 2822 3394 Igitur
2874 3321 3175 3393 Gregorius
3213 3322 3338 3387 VII,
3380 3335 3542 3390 supra

1954 3444 1978 3468 «ι
2022 3435 2186 3490 quem
2216 3432 2340 3472 vere
2363 3416 2526 3486 primi
2567 3415 2820 3486 Gregorii
2857 3414 3126 3484 requievit
3171 3413 3415 3483 spiritus,
3451 3427 3549 3467 na-

1955 3537 1979 3561 σι
2019 3513 2171 3567 tione
2209 3513 2446 3576 Tuscus,
2489 3517 2707 3579 patrem
2751 3507 2945 3563 habuit
2989 3507 3295 3572 Bonicum,
3334 3513 3389 3561 et
3431 3505 3550 3575 ipse

1953 3629 1980 3654 α
2023 3601 2388 3661 Hildebrandi
2444 3602 2671 3658 sortitus
2727 3609 2811 3655 est
2872 3601 2930 3654 in
2987 3599 3266 3671 baptismo
3318 3595 3550 3654 vocabu-

1957 3724 1980 3748 α
2027 3699 2162 3765 lum,
2199 3720 2223 3746 ιι
2252 3705 2356 3752 etc.
2385 3696 2532 3750 Hinc
2561 3695 2618 3749 in
2646 3693 2835 3750 laudes
2875 3693 2991 3764 ejus
3020 3692 3281 3756 excurrit,
3321 3700 3379 3747 et
3411 3707 3552 3747 non-

1955 3792 2104 3848 nulla
2135 3789 2401 3846 miracula
2443 3796 2740 3845 memorat.
2763 3781 2978 3842 Deinde
3007 3785 3101 3840 ubi
3132 3785 3199 3842 ad
3225 3783 3549 3841 Rulandum

1953 3890 2309 3942 Parmensem
2344 3891 2575 3940 ventum
2602 3890 2711 3949 est,
2757 3878 2909 3952 quod
2950 3896 3018 3936 ex
3042 3881 3213 3936 Paulo
3244 3878 3549 3934 Aventinus

1954 3979 2133 4046 affert,
2159 3981 2364 4034 Noster
2401 3977 2554 4048 pium
2588 3983 2824 4046 patrem,
2855 3974 2910 4030 id
2940 3983 3024 4029 est
3042 3973 3398 4045 Gregorium,
3427 3980 3548 4028 toto

1953 4088 2182 4143 corpore
2225 4088 2281 4127 se
2327 4085 2490 4142 super
2542 4085 2671 4125 eum
2711 4067 3090 4138 (Rulandum,
3137 4082 3208 4122 ne
3253 4065 3572 4122 obtrunca.-'

1954 4173 2134 4232 retur)
2187 4164 2495 4237 projecisse,
2527 4163 2790 4218 omnibus
2833 4161 3051 4234 defejus
3095 4168 3277 4216 morte
3305 4160 3551 4216 claman-

1953 4261 2123 4326 tibus,
2155 4267 2371 4315 narrat.
2405 4259 2540 4315 Haec
2565 4256 2744 4312 oratio
2775 4255 3052 4328 Gregorii,
3081 4270 3252 4326 quam
3286 4262 3340 4310 et
3375 4256 3553 4310 Aven-

1954 4354 2105 4409 tinus
2137 4353 2327 4407 leviter
2356 4349 2700 4422 perstringit,
2729 4349 2950 4419 excipit.
2979 4346 3158 4402 Addit
3179 4355 3235 4402 et
3257 4346 3324 4403 de
3349 4345 3550 4418 gallina

1954 4464 2120 4504 ovum
2164 4444 2402 4501 miriﬁco
2433 4443 2691 4501 caelatum
2720 4457 2884 4514 opere
2923 4442 3190 4512 pariente.
3232 4443 3449 4511 Quare,
3490 4439 3550 4492 in

250 4539 637 4597 Teodemanus
683 4541 1126 4613 archiepiscopus
1181 4540 1639 4614 Salisburgensis)
1694 4539 1838 4596 ordi-
1876 4562 1926 4623 D
1955 4559 2080 4598 eam
2119 4539 2365 4596 adducor
2406 4536 2764 4601 sententiam,
2806 4543 2869 4590 ut
2909 4535 3248 4590 Aventinum
3282 4532 3428 4588 hunc
3455 4548 3552 4587 au-

253 4643 480 4689 naverat
509 4642 716 4690 nostra:
744 4635 1079 4691 humilitatis
1103 4635 1482 4690 ordinatorem
1509 4633 1844 4690 reverendis-

253 4727 456 4783 simum
488 4728 697 4784 scilicet
712 4729 1043 4786 Udalricum
1068 4731 1504 4784 Laureacensem
1540 4728 1654 4783 sive
1685 4730 1844 4783 Pata-

252 4821 498 4877 viensem
537 4821 855 4894 episcopum
878 4831 1044 4894 atque
1071 4821 1390 4893 apostolicae
1427 4821 1574 4877 sedis
1602 4821 1842 4893 legatum

253 4914 340 4984 qui
389 4923 523 4970 ante
555 4915 660 4970 hoc
683 4915 1060 4986 septennium,
1088 4923 1213 4986 post
1241 4915 1446 4970 multos
1474 4930 1711 4988 agones,
1748 4929 1846 4984 pro

255 5009 560 5063 assertione
575 5007 904 5080 Gregoriani
928 5008 1226 5080 dogmatis,
1249 5016 1381 5075 etc.,
1416 5007 1754 5063 obdormivit
1789 5007 1847 5060 in

256 5101 519 5166 Domino,
559 5122 581 5147 ι
611 5109 714 5156 etc.
747 5101 902 5158 Obiit
926 5111 1111 5158 autem
1141 5101 1436 5158 Udalricus
1451 5115 1540 5156 vn
1573 5101 1703 5157 ldus
1732 5103 1846 5154 Au-

254 5196 394 5263 gusti
451 5210 606 5250 anno
648 5200 790 5250 1124
827 5195 1064 5261 (tametsi
1092 5195 1363 5252 Chronica
1410 5195 1683 5250 Australis
1726 5193 1845 5248 obi-

255 5293 370 5342 tum
400 5289 522 5360 ejus
541 5289 700 5360 ponit
720 5304 870 5344 anno
903 5293 1091 5356 1121).
1142 5293 1188 5345 A
1227 5303 1338 5361 quo
1367 5303 1516 5343 anno
1549 5288 1594 5341 si
1634 5295 1848 5359 septen-

255 5379 409 5435 nium
455 5397 742 5454 numeres,
798 5398 1011 5438 annum
1063 5381 1456 5453 Redemptoris
1503 5386 1632 5437 1131
1695 5381 1850 5436 inve-

253 5487 391 5529 mes.

322 5567 585 5638 Meminit
615 5569 786 5624 etiam
815 5568 1018 5624 Paulus
1052 5568 1112 5623 in
1141 5567 1244 5624 hac
1267 5584 1363 5623 sua
1393 5568 1639 5624 Historia
1687 5568 1852 5624 Calli-

255 5659 321 5712 sti
350 5660 578 5718 seeundi
615 5669 671 5717 et
697 5661 903 5718 Gelasii
928 5661 1187 5725 secundi,
1208 5662 1532 5732 pontiﬁcum
1558 5665 1850 5716 Romano-

259 5768 405 5820 rum,
430 5771 672 5827 quorum
699 5754 790 5811 hic
811 5755 1198 5827 pontiﬁcattun
1221 5754 1346 5808 iniit
1379 5771 1527 5811 anno
1548 5761 1601 5808 1|
1623 5761 1710 5822 18,
1733 5754 1852 5809 Cal-

259 5845 413 5904 listus
441 5864 594 5905 anno
627 5855 788 5905 1119.

1953 4643 2163 4691 ctorem
2193 4641 2250 4688 et
2278 4631 2553 4698 habuisse,
2590 4639 2645 4685 et
2665 4627 2951 4684 nonnullis
2975 4628 3034 4682 in
3062 4627 3195 4683 locis
3228 4643 3336 4699 qua
3361 4627 3547 4694 verba,

1953 4745 2060 4801 qua
2093 4742 2316 4782 sensum
2356 4723 2678 4795 sublegisse,
2717 4737 2831 4778 non
2857 4737 2996 4801 vane
3031 4721 3365 4777 existimem.
3392 4719 3553 4790 Quod

1956 4799 2084 4877 vero
2109 4820 2417 4875 Aventinus
2447 4816 2681 4872 Paulum
2732 4799 2904 4871 hunc.
2925 4814 3143 4870 duobus
3188 4814 3343 4870 libris
3377 4813 3551 4868 vitam

1958 4913 2215 4985 Gregorii
2256 4910 2606 4982 complexum
2641 4925 2758 4966 esse
2807 4917 3061 4976 testatur,
3097 4924 3226 4965 cum
3263 4915 3453 4964 noster
3495 4907 3552 4962 in

1958 5008 2127 5063 libros
2157 5005 2450 5062 distinctus
2480 5001 2631 5059 haud
2679 5003 2772 5071 sit,
2810 5018 3006 5058 censeo
3035 5001 3193 5057 Pauli
3224 5001 3554 5072 opusculum

1959 5102 2017 5155 in
2067 5100 2362 5172 Epitomen
2404 5097 2550 5153 hanc
2589 5115 2620 5152 a
2662 5095 2984 5154 Wolfharto
3013 5111 3131 5152 esse
3180 5101 3548 5151 contractum.

1960 5196 2042 5251 Ut
2067 5203 2132 5248 ut
2160 5193 2252 5262 sit,
2287 5196 2494 5247 Auctor
2524 5192 2811 5262 proximus
2838 5188 2990 5245 aetati
3019 5188 3379 5261 Gregorianae
3407 5185 3556 5242 haud

1961 5288 2128 5359 longo
2149 5285 2438 5342 intervallo
2460 5283 2628 5340 fuisse
2658 5283 2892 5339 videtur.
2919 5287 2985 5338 In
3012 5291 3258 5338 extrema
3280 5280 3554 5352 siquidem

1962 5397 2026 5452 pa
2034 5380 2161 5453 gina
2178 5419 2192 5443 ,
2214 5379 2327 5434 ubﬁ
2339 5378 2555 5434 obitum
2571 5376 2946 5434 Theodomari
2959 5375 3338 5431 Juvaviensise
3349 5375 3536 5444 piscop

1960 5479 2391 5540 commemorat,
2431 5471 2550 5528 haec
2589 5471 2845 5543 subjicit:
2888 5470 2993 5524 Hic
3037 5469 3297 5534 (videlicet
3330 5468 3558 5522 Theodo-

1961 5571 2163 5632 marus)
2193 5565 2546 5620 ordinaverat
2567 5571 2774 5619 nostra
2798 5561 3130 5616 humilitatis
3150 5559 3555 5624 ordinatorem,

1961 5658 2326 5716 reverendiss.
2370 5658 2580 5713 scilicet
2628 5656 2957 5714 Udalricum
3001 5654 3387 5708 Pataviensem
3445 5651 3557 5720 epi-

1963 5769 2215 5825 scopum,
2242 5752 2336 5824 qui
2365 5759 2496 5807 ante
2531 5749 2638 5806 hoc
2662 5747 3015 5820 septennium
3047 5753 3169 5816 post
3195 5744 3400 5799 multos
3419 5757 3552 5813 ago-

1962 5864 2060 5904 nes
2095 5863 2193 5917 pro
2236 5846 2540 5902 assertione
2591 5840 2916 5913 Gregoriani
2945 5837 3239 5907 dogmatis,
3271 5833 3431 5904 cujus
3483 5833 3558 5893 ad
