4106 6182
530 274 635 335 227

1756 272 1812 328 S.
1856 266 2237 328 GREGORIUS
2277 272 2365 325 Vll
2406 266 2602 325 PAPA.

3725 264 3831 317 228
3860 254 3907 330 ’,

530 415 793 457 normam
820 408 875 457 et
899 388 1128 465 electus,
1157 406 1213 454 et
1239 404 1527 468 promotus
1556 395 1765 469 fuerat,
1795 396 2135 455 obdormivit
2162 404 2215 467 Α
2247 396 2483 455 orandus
2504 392 2606 450 fuit
2624 391 2926 464 Gregorius
2951 392 3072 447 VII.
3099 391 3340 445 Heroem
3363 387 3537 457 enim,
3558 384 3759 443 ducem
3776 394 3835 441 et

532 492 588 549 in
616 494 860 552 Domino
882 502 1030 549 anno
1057 491 1238 548 astatis
1267 505 1381 547 sua:
1401 506 1493 560 cv,
1523 513 1549 540 ι
1593 498 1699 548 etc.

604 589 737 644 Haec
762 587 846 642 vir
875 586 968 642 ille
993 584 1350 642 doctissimus
1369 593 1425 641 et
1456 584 1916 641 humanissimus.
1941 588 1991 641 Α
2021 600 2130 656 quo

530 688 719 736 tamen
765 679 833 736 de
876 679 1120 750 epitome
1165 678 1254 734 vix
1306 676 1661 749 p'ersuadeor.
1712 680 1859 735 Nam
1908 678 1968 733 in
2024 678 2129 734 hac

531 780 717 828 nostra
774 771 1020 827 Historia
1044 770 1182 828 adeo
1214 770 1333 828 fuse
1379 772 1632 843 Gregorii
1672 773 1771 828 VII
1824 786 1911 827 res
1962 778 2129 843 gesta:

525 864 913 922 describuntur
937 869 1191 938 (excepta
1224 864 1535 938 Berengarii
1564 864 1960 933 damnatione,
2003 879 2130 936 qua:

526 978 557 1017 a
588 959 760 1017 Paulo
796 959 1138 1031 praeteritur)
1164 967 1227 1013 ut
1262 975 1429 1017 nemo
1455 959 1727 1031 majorem
1756 959 1977 1031 copiam
2011 973 2129 1013 me-

525 1055 636 1111 rito
661 1052 971 1111 desiderem
998 1052 1186 1123 possit.

542 1169 561 1183 -·
595 1151 660 1204 In
683 1147 789 1203 hac
813 1145 1006 1202 itidem
1027 1146 1373 1219 Gregoriana
1391 1146 1639 1203 Historia
1664 1162 1727 1203 ex
1749 1154 1930 1203 vetere
1949 1160 2130 1202 exem-

525 1241 669 1313 plari
699 1239 1075 1307 exscribenda,
1122 1248 1180 1295 et
1213 1256 1341 1295 cum
1386 1239 1734 1312 autographa
1773 1239 2126 1306 conferenda,

527 1334 805 1407 egregiam
834 1333 997 1405 plane
1021 1342 1076 1390 et
1104 1331 1448 1390 fructuosam
1486 1334 1770 1391 catholicae
1794 1332 1871 1390 rei
1900 1348 2127 1405 operam

525 1428 671 1498 cepit
692 1430 763 1483 lt.
795 1429 858 1483 P.
891 1427 1165 1499 Georgius
1205 1428 1443 1483 Sturnus
1472 1427 1755 1484 societatis
1783 1434 2010 1494 nostrae,
2070 1427 2127 1481 in

525 1520 760 1594 collegio
790 1520 1094 1578 Viennensi
1146 1520 1512 1593 philosophiae
1540 1518 1851 1593 professor,
1895 1522 1982 1576 cui
2009 1535 2130 1591 pro-

524 1613 668 1682 inde,
722 1622 786 1670 ut
824 1622 879 1670 et
924 1614 1144 1670 clariss.
1193 1615 1592 1688 Tengnagelio,
1633 1615 1837 1671 Paulus
1882 1614 2129 1671 Bernrie-

521 1707 709 1764 densis
742 1708 980 1764 salutem
1007 1708 1289 1781 vitamque
1314 1725 1502 1777 suam;
1528 1718 1584 1765 et
1609 1724 1806 1765 omnes
1835 1709 1947 1764 veri
1976 1725 2129 1764 ama-

2240 489 2666 561 antesiguanum
2705 501 2761 542 se
2810 484 3043 557 praebuit
3089 483 3171 538 illi
3217 480 3508 548 exercitui,
3546 479 3618 536 ad
3661 494 3829 552 quem

2242 583 2361 641 haec
2396 581 2634 654 apostoli
2664 579 2867 652 Ephes.
2908 595 2976 635 -νι
3008 576 3318 634 exhortatio
3350 583 3534 631 exstat
3566 590 3581 629 :
3618 596 3644 622 α
3677 574 3833 630 State

2239 693 2369 750 ergo
2401 676 2669 734 succincti
2694 674 2915 730 lumbos
2941 680 3152 730 vestros
3179 671 3238 726 in
3276 670 3526 737 veritate,
3558 676 3616 723 et
3648 665 3832 724 induti

2241 772 2469 830 loricam
2518 770 2783 843 justitiae,
2842 776 2970 837 etc.,
3036 774 3095 823 et
3147 764 3365 837 galeam
3423 761 3616 820 salutis
3671 777 3831 817 assu-

2240 867 2398 935 mite,
2445 890 2471 915 ιν
2522 873 2625 921 etc.
2674 865 2894 935 Quanta
2934 861 3085 918 enim
3117 859 3261 917 bella
3303 857 3466 915 heros
3500 857 3634 924 iste,
3677 863 3733 911 et
3771 862 3837 910 ut

2239 960 2506 1019 Germani
2549 958 2845 1033 appellant,
2895 957 3060 1013 Helde
3089 954 3141 1027 (a
3184 968 3294 1028 quo
3340 950 3612 1008 Lutberus
3654 948 3832 1006 Hilte-

2238 1054 2438 1112 brandi
2475 1069 2681 1110 nomen
2718 1051 2964 1117 deducit)
2995 1047 3320 1121 susceperit,
3357 1054 3413 1101 et
3455 1044 3681 1101 feliciter
3713 1050 3835 1100 tam

2238 1156 2429 1206 contra
2460 1145 2817 1219 aspectabiles
2839 1161 3007 1217 quam
3046 1139 3462 1214 inaspectabiles
3488 1139 3676 1195 hostes
3697 1152 3833 1194 con-

2240 1243 2453 1312 fecerit,
2474 1240 2693 1300 abunde
2720 1240 2920 1299 docent
2934 1254 3065 1295 cum
3089 1237 3208 1306 alii,
3230 1245 3351 1292 tum
3374 1233 3575 1290 Paulus
3612 1238 3831 1298 noster;

2238 1337 2315 1393 ita
2353 1346 2411 1393 ut
2442 1352 2558 1393 non
2581 1335 2687 1391 nisi
2731 1342 2872 1390 nutu
2908 1332 3097 1390 divino
3142 1327 3494 1388 Hiltebrandi
3538 1341 3748 1383 nomen
3782 1325 3834 1381 ei

2240 1432 2498 1503 primitus
2540 1429 2821 1502 obtigerit,
2864 1444 2963 1499 pro
2996 1426 3152 1500 cujus
3190 1433 3309 1480 tam
3351 1423 3578 1479 honesta
3621 1428 3833 1493 etymo-

2236 1528 2411 1601 logia,
2450 1533 2536 1583 est
2569 1523 2718 1597 quod
2746 1521 3022 1590 Luthero,
3067 1518 3268 1591 alioqui
3301 1514 3832 1580 immerentissimo,

2236 1622 2439 1696 gratias
2469 1633 2703 1692 agamus
2758 1616 2845 1673 :si
2883 1624 3073 1672 tamen
3101 1612 3380 1670 Lutherus
3418 1619 3501 1666 est
3531 1618 3727 1666 auctor
3776 1606 3833 1663 li-

2237 1715 2389 1784 belli,
2420 1713 2489 1771 de
2517 1728 2626 1786 quo
2658 1719 2838 1768 antea.

541 1802 785 1875 ores,jet
800 1802 1484 1876 Schismaticorumfatque
1529 1802 1931 1860 Hiereticorum
1948 1818 2137 1860 osores
2169 1796 2216 1858 Β
2316 1813 2367 1865 Α
2427 1806 2685 1880 praedicta
2723 1804 3094 1879 originatione
3141 1817 3259 1858 non
3297 1799 3535 1856 multum
3573 1796 3688 1854 abit
3725 1796 3831 1852 alia

523 1895 764 1969 grandes
799 1896 1006 1969 gratias
1028 1895 1251 1953 debent.
1294 1898 1532 1955 Utinam
1578 1896 1814 1954 alterum
1848 1896 2130 1967 exemplar

523 1989 768 2047 nancisci
805 1989 1066 2046 licuisset.
1113 1993 1225 2062 Ego
1263 1998 1413 2047 certe
1442 2000 1504 2047 ut
1545 1993 1917 2060 nanciscerer,
1962 1989 2129 2046 nullis

522 2083 802 2140 laboribus
816 2084 1053 2155 peperci.
1068 2082 1189 2140 Sed'
1203 2082 1407 2140 frustra
1419 2083 1523 2140 feci
1540 2103 1557 2152 ;
1575 2083 1845 2140 hactenus
1858 2084 2087 2156 quidem
2113 2101 2127 2148 ;

524 2176 620 2233 sed
636 2192 752 2233 non
770 2175 1017 2249 despero.
1039 2176 1289 2250 Erit,qui
1324 2194 1355 2233 a
1373 2178 1536 2234 nobis
1578 2178 1838 2234 inchoata
1858 2176 2126 2248 perficiat,

521 2270 693 2329 etiam
729 2270 987 2327 Gerocho
1019 2270 1081 2327 in
1109 2271 1290 2327 lucem
1329 2279 1593 2328 extracto.
1629 2272 1774 2340 Fiat,
1795 2271 1894 2328 ﬁat
1913 2292 1929 2340 ς
1950 2285 2130 2341 neque

525 2364 677 2420 enim
725 2362 875 2422 aliud
901 2365 1143 2421 occurrit
1183 2379 1294 2437 quo
1346 2363 1687 2422 desiderium
1733 2380 1921 2422 meum
1962 2363 2132 2435 expli-

530 2472 681 2516 cem.

858 2550 935 2606 De
972 2551 1379 2621 etymonomim’s
1413 2550 1791 2608 Hildebrandi.

595 2645 784 2704 Placet
817 2645 1016 2704 audire
1065 2646 1201 2720 quid
1227 2647 1665 2720 originationlmi
1708 2646 2131 2717 investigatores

524 2740 594 2798 de
620 2749 805 2814 etymo
834 2740 1001 2814 hujus
1041 2739 1298 2797 vocabuli
1324 2742 1727 2798 Hildebrandus
1759 2738 2129 2809 tradiderint;

525 2850 655 2893 cum
674 2834 824 2890 enim
844 2834 1065 2891 sectarii
1085 2832 1193 2890 hoc
1206 2850 1415 2893 nomen
1441 2851 1659 2906 semper
1686 2835 1746 2890 in
1768 2850 1866 2891 ore
1897 2834 2131 2890 circum-

523 2924 737 2997 ferant,
768 2935 822 2984 et
862 2928 1199 3001 Gregorium
1231 2931 1332 2986 Vll
1365 2945 1568 3002 papam
1598 2928 1686 2985 vix
1724 2944 1976 3001 unquam
2006 2930 2132 2985 Gre-

523 3024 756 3091 gorium,
783 3020 882 3078 sed
910 3020 1028 3078 fere
1072 3037 1289 3093 semper
1325 3022 1761 3079 Hildebrandum
1786 3022 2125 3093 appellitent,

523 3112 793 3188 dispicere
834 3122 1071 3187 oportet,
1100 3131 1240 3170 num
1277 3113 1349 3169 sit
1382 3115 1652 3187 ejusmodi
1701 3130 1930 3181 nomen,
1975 3113 2125 3186 quod

523 3208 794 3281 Gregorio
815 3208 1003 3280 probri
1037 3207 1160 3265 loco
1186 3209 1369 3281 oggeri
1384 3208 1513 3280 jure
1548 3217 1733 3280 queat,
1766 3217 1820 3264 et
1838 3225 1975 3264 num
1992 3208 2125 3263 satis

524 3316 710 3359 causa
738 3300 999 3375 habeant,
1021 3316 1120 3357 cur
1149 3301 1589 3359 Hildebrandum
1609 3302 1667 3357 in
1684 3303 2126 3365 Hellebrandum,

525 3403 739 3452 veteres
758 3393 1147 3452 schismaticos
1170 3395 1398 3466 imitati,
1419 3395 1840 3453 transforment.

594 3493 927 3561 Anonymus
964 3487 1037 3547 de
1061 3490 1304 3563 propriis
1332 3491 1657 3548 nominibus
1683 3491 2125 3555 Germanorum,

524 3597 694 3655 quem
737 3582 968 3656 quidam
1018 3582 1330 3641 Lutberum
1356 3584 1698 3641 existimant.
1729 3587 1925 3640 Exstat
1970 3591 2127 3639 tomo

524 3676 710 3746 primo
746 3676 929 3748 operis
956 3675 1207 3734 historici
1239 3676 1373 3733 editi
1398 3677 1647 3747 Basileze,
1685 3691 1836 3735 anno
1871 3684 2027 3734 1574.
2058 3678 2129 3731 Et

525 3768 823 3839 separatim
858 3783 1077 3840 quoque
1107 3770 1341 3827 Ursellis
1371 3786 1519 3828 anno
1563 3776 1702 3826 1569
1738 3787 1993 3843 expresse
2025 3770 2126 3826 sub

524 3860 757 3916 Lutberi
797 3861 1031 3918 nomine
1075 3861 1289 3918 libellus
1340 3863 1446 3920 iste
1489 3865 1776 3936 evulgatus
1822 3872 1924 3920 est.
1975 3888 1999 3911 ‹‹
2030 3867 2129 3919 Est

524 3957 711 4025 Brynn
747 3968 842 4011 seu
870 3958 1046 4013 Brenn
1079 3960 1163 4021 (ut
1203 3956 1432 4030 antiqua
1453 3958 1706 4015 carmina
1733 3959 1965 4014 heroum
1986 3959 2130 4025 [Hel-

524 4048 813 4115 denbaeclt]
860 4046 1143 4115 indicant)
1177 4048 1356 4121 galea,
1406 4051 1715 4122 prmertim
1754 4052 1979 4107 cristata
2027 4067 2126 4107 seu

522 4149 789 4210 cornuta;
820 4157 953 4215 ergo
988 4144 1248 4199 Brennus
1264 4152 1348 4200 est
1374 4144 1678 4213 Galeatius,
1726 4154 1781 4203 et
1804 4144 2131 4217 Brennburg

523 4236 614 4293 vel
630 4234 788 4292 ducis
806 4237 1014 4292 Brenni
1036 4236 1327 4294 castellum
1355 4237 1439 4294 vel
1467 4240 1842 4307 Brennormn,
1870 4254 1971 4296 ceu
1993 4253 2131 4310 pra:-

528 4328 740 4386 sidium
763 4329 1125 4387 Galeatorum
1148 4337 1206 4387 et
1224 4340 1572 4390 armatorum
1601 4332 1675 4390 ad
1702 4332 1999 4391 tutandam
2046 4349 2127 4389 re-

522 4424 769 4497 gionem.
811 4425 879 4481 Et
897 4425 1195 4484 scarabeus
1230 4425 1336 4484 iste
1369 4427 1728 4498 majusculus,
1760 4429 1858 4501 qui
1878 4427 2126 4501 galeatus

2161 3161 2209 3226 C

2240 1902 2491 1961 Goldasti
2516 1899 2849 1968 Calviniani,
2888 1898 2984 1971 qui
3014 1897 3071 1953 in
3110 1897 3260 1953 notis
3287 1894 3357 1952 ad
3381 1896 3693 1950 Parazneses
3727 1892 3833 1962 Ty-

2241 1998 2373 2054 rolis
2425 1998 2719 2053 Scotorum
2764 1993 2909 2066 regis
2964 1999 3125 2063 putat
3174 2005 3270 2046 eos
3318 1988 3413 2061 qui
3470 1987 3834 2043 nominantur

2242 2093 2419 2154 Celtae,
2451 2088 2727 2145 veteribus
2782 2085 2949 2142 fuisse
2995 2084 3180 2154 Cheld,
3208 2090 3303 2139 aut
3343 2079 3683 2152 aspiratione
3732 2077 3833 2134 du-

2242 2186 2439 2256 plicata
2468 2183 2664 2247 Hheld,
2705 2181 2799 2253 qui
2827 2180 2992 2238 nobis
3038 2195 3186 2234 nunc
3208 2176 3365 2234 Held.
3393 2174 3483 2232 Sic
3534 2173 3837 2230 Hiltebran-

2239 2281 2368 2336 dum
2416 2277 2625 2336 dictiun
2641 2319 2655 2344 ,
2716 2274 2872 2347 quasi
2915 2274 3090 2331 Chelte
3130 2275 3287 2338 Bren,
3345 2268 3450 2324 hoc
3500 2275 3584 2324 est
3635 2264 3836 2324 Celtmn

2240 2376 2540 2439 Brennum;
2584 2379 2640 2427 et
2676 2369 2744 2425 ab
2785 2368 2978 2425 eadem
3023 2366 3236 2437 origine
3259 2360 3593 2419 descendere
3636 2358 3833 2415 itidem

2241 2468 2346 2524 ista
2381 2485 2395 2522 :
2436 2466 2712 2533 Hiltebolt,
2762 2464 3055 2527 Hiltiman,
3095 2459 3363 2516 Hiltiwin.
3413 2460 3487 2513 Et
3530 2453 3830 2510 mulierum

2239 2562 2469 2619 nomina
2507 2559 2797 2631 Hiltigart,
2843 2556 3073 2623 Hiltrut,
3106 2554 3408 2622 Hiltegunt,
3438 2549 3694 2617 Adz‘lhilt,
3735 2549 3835 2603 Re-

2239 2656 2459 2726 ginht'lt.
2490 2652 2603 2710 Ubi
2644 2651 2842 2708 iterur-
2872 2649 3051 2715 vides,
3086 2647 3148 2704 in
3180 2644 3543 2703 Hildebrandi
3576 2641 3832 2697 vocabqu

2241 2749 2381 2805 nihil
2412 2763 2532 2806 esse
2564 2745 2837 2815 infernale
2861 2759 2958 2800 seu
2988 2745 3337 2806 Tartareum,
3367 2746 3430 2793 ut
3454 2735 3694 2792 hmretici
3725 2733 3835 2789 cri-

2241 2844 2549 2912 minantur,
2580 2841 2677 2897 sed
2706 2838 2896 2896 omnia
2925 2836 3166 2905 heroica,
3194 2834 3262 2891 ab
3289 2834 3435 2891 Celta
3463 2847 3559 2888 seu
3582 2832 3750 2886 Heroa
3777 2835 3835 2884 et

2240 2938 2414 3011 galea.

2308 3028 2687 3086 Aventinusin
2698 3024 3126 3097 Nomenclatura
3144 3022 3493 3095 propriorum
3507 3016 3823 3076 nominum.

2236 3125 2378 3188 Helt,
2429 3125 2618 3191 Heres,
2664 3121 2829 3191 Hyld,
2878 3119 3044 3182 Huld,
3102 3132 3253 3173 amor
3302 3120 3399 3172 est.
3442 3110 3829 3184 Hyldeprand,

2237 3219 2433 3274 amoris
2462 3219 2600 3293 titio.
2642 3214 2797 3272 Idem
2824 3213 3020 3280 habet,
3049 3211 3382 3282 Luitprand,
3408 3209 3600 3279 populi
3623 3207 3745 3261 titio
3783 3209 3835 3261 et

2236 3329 2408 3370 amor.
2467 3309 2574 3367 Sed
2618 3309 2802 3381 prand
2852 3308 2965 3364 sive
3005 3306 3177 3362 brand
3225 3305 3285 3360 in
3332 3301 3648 3360 istiusmodi
3687 3315 3835 3356 com-

2240 3407 2433 3479 positis
2461 3420 2560 3477 pro
2589 3406 2773 3460 titione
2812 3401 2987 3471 accipi
3038 3399 3230 3455 multis
3283 3413 3482 3469 parum
3531 3395 3595 3451 fit
3645 3392 3833 3450 verisi-

2238 3501 2401 3557 mile:
2426 3499 2552 3556 licet
2576 3497 2655 3555 ita
2684 3497 2859 3554 etiam
2911 3494 3116 3551 sentiat
3158 3491 3360 3549 Paulus
3398 3498 3585 3547 noster
3622 3488 3682 3544 in
3710 3487 3833 3558 ipso

2236 3594 2498 3651 Historia;
2527 3607 2642 3649 suae
2666 3588 2954 3647 vestibulo.
2982 3589 3279 3658 Utctmque
3302 3593 3495 3648 tamen
3531 3582 3623 3651 sit,
3649 3595 3831 3652 neque

2236 3688 2512 3744 Aventino
2542 3686 2603 3740 in
2624 3692 2871 3740 mentem
2900 3681 3070 3751 venit,
3121 3688 3349 3751 etymon
3376 3675 3739 3735 Hildebrandi
3763 3688 3831 3729 ex

2238 3783 2384 3838 Orco
2412 3788 2616 3851 petere,
2639 3776 2734 3834 sed
2753 3776 2822 3832 ab
2849 3778 3022 3831 Heroe
3047 3773 3129 3830 vel
3156 3788 3336 3829 amore
3365 3770 3634 3842 sumpsit;
3655 3767 3834 3841 cujus-

2238 3872 2390 3930 modi
2419 3874 2595 3929 multa
2649 3869 2865 3943 prapria
2906 3869 3135 3924 nomina
3183 3866 3447 3924 Germani
3507 3862 3737 3929 habent,
3768 3870 3832 3916 ut

2238 3966 2546 4035 Huldret'ch,
2593 3965 2970 4031 Huldenreielt,
3026 3964 3196 4019 Amor
3233 3963 3422 4030 Regni,
3468 3958 3582 4014 sive
3630 3958 3833 4012 amris

2237 4064 2381 4118 dives
2421 4066 2470 4117 et
2494 4061 2704 4132 plenus.
2735 4059 2934 4130 Vulgo,
2973 4058 3207 4113 UIricus.
3256 4052 3475 4119 Priscis,
3503 4052 3829 4108 Hilden’eus.

2237 4155 2426 4222 Celtis,
2458 4154 2817 4224 Chyldertcus.
2854 4150 3228 4220 Hyldeprecht,
3249 4149 3427 4203 amari
3448 4147 3662 4215 dignus.
3698 4144 3832 4213 Hyl-

2237 4250 2505 4311 debertus,
2555 4247 2745 4309 Celtis,
2800 4244 3191 4302 Childebertus.
3254 4241 3572 4310 Hyldegart,
3627 4240 3830 4293 amoris

2234 4345 2436 4399 hortus.
2480 4340 2660 4414 Hujus
2701 4338 2919 4411 generis
2972 4336 3209 4408 plurima
3263 4333 3512 4389 invenies
3565 4330 3831 4388 vocabula

2230 4445 2349 4494 tam
2368 4436 2638 4503 virorum,
2659 4448 2828 4505 quam
2853 4430 3150 4487 mulierum
3176 4429 3235 4484 in
3254 4428 3519 4498 Catalogo
3534 4424 3829 4481 nominum

525 4518 711 4576 rubris
758 4517 1023 4577 cornibus
1041 4528 1099 4576 et
1122 4520 1228 4578 alis
1256 4520 1512 4579 testaceis
1538 4531 1808 4592 armatus,
1840 4522 2127 4578 Husbren-
2152 4535 2204 4600 ι)
2236 4529 2618 4602 propriorum,
2657 4525 2857 4597 quibus
2906 4522 3200 4580 Alemanni
3251 4520 3530 4591 quondam
3571 4516 3831 4589 appellati

525 4626 626 4667 ner
648 4610 857 4669 dicitur
903 4613 961 4669 in
983 4623 1176 4671 nostra
1203 4615 1451 4686 regione.
1478 4615 1803 4673 Hiltebrand
1832 4630 1931 4687 pro
1972 4615 2123 4671 Helt—

524 4703 735 4773 brenn,
755 4704 813 4762 id
859 4715 945 4763 est
964 4708 1119 4782 gigas
1158 4718 1216 4766 et
1244 4707 1409 4783 heros
1432 4712 1804 4775 Brennorum,
1827 4725 1930 4765 ceu
1957 4716 2122 4781 caput

525 4804 581 4853 et
616 4796 730 4853 dux
759 4813 976 4868 eorum,
1009 4798 1179 4859 hodie
1221 4806 1574 4874 Hauptmann
1603 4805 1732 4860 uber
1758 4805 1863 4860 den
1890 4805 2116 4873 reisigeu

526 4893 694 4961 Zeug;
728 4892 861 4949 Helt
886 4892 1038 4950 enim
1067 4894 1318 4965 heroem,
1347 4897 1493 4952 velut
1513 4897 1785 4954 Achillem
1803 4897 1891 4954 vel
1919 4899 2120 4953 Hecto-

524 4999 649 5042 rem
667 4984 965 5057 signiﬁcat.
984 4987 1295 5059 Luitprand
1321 5004 1419 5046 rex
1437 4991 1845 5063 Longobardiaa
1864 5006 1964 5063 pro
1992 4994 2120 5048 Lat.

528 5078 718 5149 brenn,
736 5078 794 5137 id
813 5088 897 5136 est
921 5078 1210 5141 hominum
1238 5081 1510 5155 galeatus,
1539 5085 1635 5155 qui
1668 5083 1925 5140 homines
1945 5085 2117 5140 armis

522 5179 760 5237 tutatur.
790 5172 1033 5231 diximus
1067 5176 1221 5233 enim
1244 5178 1393 5241 Luit,
1419 5179 1543 5246 Lyt,
1561 5193 1658 5233 seu
1689 5178 1913 5234 Suevice
1930 5180 2112 5242 Lente,

521 5264 834 5338 signiﬁcare
859 5266 1120 5326 homines
1145 5285 1381 5327 numero
1404 5269 1623 5341 plurali.
1648 5294 1673 5321 ιν
1707 5270 1862 5327 Licet
1905 5286 2034 5328 vero
2058 5271 2115 5326 in

523 5357 629 5416 hac
671 5361 1008 5435 etymologia
1057 5362 1228 5419 nimis
1287 5363 1525 5421 violenta
1578 5362 1834 5421 videatur
1876 5365 2114 5422 mutatio

520 5455 706 5510 Βαιηὰ
730 5454 785 5509 in
809 5458 1004 5520 Brenn,
1050 5456 1179 5513 inde
1226 5465 1417 5515 tamen
1460 5457 1638 5515 elucet
1682 5459 2114 5516 Hildebrandum

520 5546 767 5604 Luthero
803 5564 919 5606 non
938 5564 1059 5606 esse
1080 5551 1525 5615 Hellebrandum,
1552 5550 1655 5608 hoc
1689 5561 1777 5608 est
1811 5555 2019 5623 inferni
2053 5557 2114 5610 ti-

520 5643 735 5707 tionem,
765 5650 829 5698 ut
846 5642 1148 5700 Lutberani
1165 5652 1223 5701 et
1260 5645 1570 5702 Calviniani
1592 5662 1740 5703 nunc
1759 5648 2114 5705 caliunnian-

520 5742 641 5803 tur,
692 5733 790 5793 sed
834 5739 1185 5802 Brennorum,
1238 5737 1347 5795 hoc
1381 5748 1489 5809 est,
1535 5742 1878 5811 galeatorum
1905 5744 2109 5807 (tricem,

520 5834 700 5900 caput,
736 5832 1062 5903 prwst'dt'um
1100 5839 1150 5889 et
1187 5839 1448 5893 tutamen.
1499 5837 1571 5891 Et
1586 5852 1712 5893 vere
1754 5837 1883 5894 talis
1931 5838 2114 5893 Hilde-

2231 4621 2472 4690 fuerunt,
2504 4630 2645 4677 tom.
2678 4620 2728 4675 ιι
2755 4618 2958 4688 Script.
2984 4614 3506 4673 Alemannicorum.

2300 4716 2429 4772 Fuit
2468 4728 2689 4787 quoque
2744 4709 3050 4784 majoribus
3100 4707 3306 4765 nostris
3356 4706 3545 4764 Brand
3585 4702 3825 4776 gladius.

2226 4811 2349 4880 Quo
2377 4824 2541 4865 sensu
2571 4822 2703 4864 voce
2732 4806 2823 4861 illa
2852 4812 3030 4875 poeta
3066 4801 3193 4859 Itali
3233 4800 3543 4858 etiamnum
3571 4806 3826 4855 utuntur.

2227 4902 2372 4973 Quid
2398 4902 2443 4957 si
2474 4901 2643 4973 igitur
2672 4897 2997 4956 Hiltebrand
3022 4911 3118 4953 seu
3141 4893 3495 4958 Hildebrand,
3525 4892 3598 4949 sit
3620 4893 3825 4961 Herots,

2228 4996 2309 5053 vel
2337 4995 2533 5051 amoris
2562 4992 2781 5063 gladius
2797 4992 2980 5046 ?Nam
3003 4987 3271 5045 ridiculus
3292 4986 3435 5043 mihi
3462 4986 3556 5043 ille
3585 4984 3825 5051 videtur,

2226 5089 2322 5163 qui
2348 5088 2406 5144 in
2430 5087 2644 5153 libello,
2671 5099 2837 5159 quem
2867 5082 3177 5153 inscripsit.
3206 5085 3407 5152 Etyma
3434 5082 3708 5135 variorum
3732 5094 3829 5133 no-

2225 5186 2449 5246 minum,
2469 5179 2788 5244 etc.,"nobis
2810 5177 2955 5234 hanc
2973 5171 3688 5248 originationem‘procudit.
3708 5173 3827 5228 Hil-

2227 5278 2467 5341 lebrant,
2502 5273 2916 5342 Hillebrandus,
2950 5271 3155 5327 Hillam
3180 5269 3409 5331 ardens,
3444 5283 3662 5330 amans,
3686 5282 3825 5336 pro-

2224 5387 2395 5428 cans:
2437 5370 2643 5426 Saltem
2696 5366 2944 5426 dixisset.
2982 5366 3130 5436 Hilt,
3181 5379 3277 5420 seu
3323 5363 3533 5418 Hiltam
3589 5375 3818 5427 amans;

2224 5480 2355 5520 nam
2378 5463 2495 5520 haec
2520 5463 2630 5520 duo
2647 5469 2778 5518 sunt
2792 5460 3087 5517 muliermn
3112 5455 3359 5524 nomina,
3377 5462 3440 5509 ut
3461 5470 3529 5510 ex
3570 5454 3824 5525 proxime

2168 5600 2181 5611 .
2225 5558 2396 5614 citato
2424 5556 2681 5628 catalogo
2704 5562 2942 5612 constat.
2976 5558 3257 5613 Hactenus
3281 5547 3355 5606 de
3380 5547 3614 5606 nomine
3633 5547 3821 5604 Hilde-

2227 5653 2448 5708 brandt'.

2292 5744 2629 5818 Gregorium
2643 5742 2854 5801 Graecis
2865 5740 3013 5798 idem
3028 5752 3146 5796 esse
3160 5733 3313 5811 quod
3322 5734 3539 5793 Latinis
3558 5733 3820 5804 Vigilt’um

2223 5846 2279 5895 et
2316 5839 2676 5908 Vigilantiam
2706 5835 2837 5907 (iam
2857 5843 3048 5893 tamen
3075 5831 3407 5905 pI‘Obl‘OSllm
3424 5837 3480 5887 et
3507 5827 3820 5899 inauspica-
