4122 6184
261 239 364 294 229
1237 238 1761 302 PROLEGOMENA.
1802 276 1871 289 —
1911 249 1996 304 DE
2037 203 2234 321 CONC.
2280 247 2598 307 WORMAT.
3460 260 3564 313 230

260 369 381 418 twn
412 376 642 430 nomen,
675 361 748 418 ob
780 365 1140 432 Vigilantiam
1167 365 1518 441 haereticum)
1547 372 1734 428 notius
1755 381 1859 441 est,
1888 379 1941 441 Α
1971 376 2132 443 chiri,
2170 377 2408 444 Vuacho,
2443 377 2723 432 Vuahcho.
2755 379 2928 433 Porro
2953 378 3289 450 Gregorium
3312 382 3411 435 VII
3434 381 3568 436 Gre-

259 471 433 527 quam
462 464 523 510 ut
552 455 749 512 multis
770 455 1268 517 demonstrandum
1296 463 1387 518 sit.
1421 466 1711 522 Veteribus
1739 467 1861 523 Ale-

263 551 490 608 mannis
525 558 656 616 erat
694 551 998 624 Gregorius
1051 557 1322 622 Vuachar,
1361 561 1658 623 Vuache-re,
1712 565 1865 617 Vua-

1974 469 2116 540 gorii
2145 483 2356 526 nomen
2377 486 2491 526 non
2509 468 2712 527 frustra
2738 471 2950 540 tulisse,
2980 481 3189 528 norunt
3212 489 3341 528 cum
3364 473 3566 544 gaudio

1971 563 2264 634 catholici;
2296 564 2635 621 schismatici
2664 573 2720 621 et
2747 563 2993 623 haeretici
3024 582 3139 623 non
3173 567 3297 623 sine
3329 568 3566 640 gemitu.

1120 929 1527 1049 PAULI
1612 935 2706 1052 BERNRIEDENSIS

1043 1163 1228 1224 VITA
1284 1164 1346 1226 S.
1409 1163 1779 1225 GBEGORII
1843 1165 1942 1224 VII
1997 1164 2422 1226 PONTIFICIS
2480 1165 2781 1227 MAXlMl.

1589 1325 1762 1389 (Vide
1791 1342 1956 1397 supra
1983 1328 2081 1381 col.
2123 1330 2250 1393 39.)
3529 1312 3556 1353 ί

566 1687 1310 1784 EXCERPTUM
1380 1691 1542 1782 EX
1611 1691 2214 1785 GRETSERI
2286 1626 3252 1783 DISSERTATIONE

1630 1909 1757 1971 CUI
1799 1909 2127 1971 TITULUS
2177 1927 2192 1970 :

282 2081 468 2137 Cm
491 2084 776 2146 Baronius,
809 2085 866 2140 S.
906 2088 971 2140 Β.
1003 2085 1066 2139 Ε.
1097 2085 1392 2142 cardiacus
1432 2087 1817 2157 amplissimus,
1855 2105 1890 2142 a
1923 2089 2208 2143 rationalis
2239 2087 2543 2144 Calviniam’
2568 2085 3033 2143 crt'minattmiibus
3060 2085 3366 2141 vindicatus
3396 2089 3445 2139 et
3472 2087 3528 2139 tu

359 2187 420 2226 eo
442 2186 562 2227 cum
587 2172 694 2227 alii
723 2175 994 2245 pontiﬁces
1024 2177 1277 2241 Romani,
1309 2180 1424 2232 tum
1451 2177 1735 2246 Gregorius
1765 2180 1884 2242 VII,
1907 2194 2009 2248 per
2041 2178 2290 2234 Iacobum
2317 2179 2652 2240 Gretserum,
2680 2178 2947 2233 societatis
2982 2179 3106 2231 Jesu
3134 2176 3452 2245 theologum.

1399 2331 1573 2402 (Opp.
1609 2329 1802 2388 Jacobi
1833 2330 2100 2400 Gretseri,
2132 2331 2227 2399 VI,
2259 2335 2424 2396 224.)

983 2644 1068 2698 DE
1108 2643 1424 2702 CONCILIO
1465 2646 1940 2717 WORMATIENSI
1981 2647 2253 2703 CONTRA
2293 2647 2687 2703 GREGOI’JUM
2729 2648 2838 2702 Vll.

327 2813 409 2865 De
443 2809 548 2866 hoc
579 2810 848 2867 videndus
874 2813 1149 2868 Baronius
1176 2822 1316 2869 tom.
1347 2816 1455 2882 XI,
1489 2830 1638 2870 anno
1661 2816 1854 2872 salutis
1883 2821 1931 2884 Β
1963 2822 2076 2880 ten,
2116 2832 2241 2888 cuiae
2274 2817 2345 2872 ad
2381 2817 2592 2872 calcem
2636 2815 2881 2887 epistolae
2911 2814 3267 2871 Henricianae
3296 2822 3558 2884 apparet,

250 2912 276 2959 1
295 2909 425 2972 076,
453 2905 549 2974 qui
577 2919 643 2960 ex
677 2904 902 2961 Alberto
934 2906 1188 2963 Stadensi
1218 2905 1390 2964 refert
1418 2908 1721 2964 Saxonicos
1745 2910 1856 2981 epi-

241 3013 451 3068 scopos
470 3013 825 3070 nequaquam
845 2999 905 3055 in
918 2998 1325 3072 depositionem
1343 3002 1600 3074 Gregorii
1613 3003 1714 3060 VII
1731 3019 1860 3060 con-

242 3091 512 3148 sensisse.
553 3091 841 3164 Obstrepit
861 3093 1182 3162 Calvinista,
1218 3118 1244 3144 α
1280 3094 1384 3150 sibi
1417 3096 1709 3152 Albertum
1739 3113 1854 3152 non

242 3200 373 3241 esse
414 3185 487 3242 ad
516 3201 774 3254 manum,
807 3187 996 3260 itaque
1026 3203 1082 3243 se
1110 3205 1225 3245 non
1266 3205 1427 3261 posse
1468 3189 1779 3247 decernere.
1825 3215 1851 3241 »

241 3283 322 3334 At
340 3279 596 3336 Baronio
615 3279 686 3336 ad
707 3295 942 3336 manum
954 3289 1092 3337 erat.
1124 3282 1268 3338 Audi
1289 3283 1406 3354 ipsa
1434 3284 1642 3340 Alberti
1667 3285 1850 3340 verba.

247 3396 272 3420 σι
317 3378 496 3429 Anno
527 3373 765 3429 Domini.
792 3379 933 3430 1076
969 3374 1225 3432 habitum
1256 3384 1341 3432 est
1366 3377 1664 3433 concilium
1707 3377 1855 3448 apud

243 3467 660 3535 Wormatiam,
695 3477 966 3541 praesente
993 3470 1237 3524 Henrico
1283 3486 1437 3543 rege,
1487 3471 1549 3526 in
1582 3487 1691 3543 quo
1723 3471 1854 3526 uni-

245 3562 395 3618 versi
433 3559 550 3617 fere
595 3562 892 3619 Teutonici
948 3563 1222 3634 episcopi,
1273 3572 1474 3635 praeter
1515 3564 1850 3634 Saxonicos,

245 3656 595 3727 Gregorium
620 3671 824 3728 papam
849 3655 1203 3713 abdicarunt.
1239 3681 1264 3707 ν

318 3748 718 3805 Furiosissime
739 3749 976 3806 incurrit
994 3751 1294 3808 Calvinista
1323 3751 1382 3806 in
1409 3752 1714 3809 Baronium
1733 3792 1748 3821 ,
1775 3761 1850 3816 et,

251 3851 310 3897 ut
334 3858 404 3899 eo
427 3842 750 3899 uberiorem
773 3843 1083 3900 insectandi
1105 3846 1400 3902 materiam
1417 3845 1618 3902 habeat
1635 3887 1650 3912 ,
1673 3862 1738 3902 ex
1758 3861 1859 3902 suo

252 3937 486 3992 cerebro
531 3935 748 4009 afﬁngit
777 3938 1039 4004 Baronio,
1072 3953 1203 3994 eum
1231 3938 1437 4007 dicere,
1481 3962 1506 3987 α
1553 3939 1860 3996 Reinerum

250 4030 622 4087 Reineccium
659 4031 903 4103 primum
930 4030 1128 4099 fuisse,
1160 4032 1253 4104 qui
1296 4033 1485 4088 Vitam
1521 4033 1752 4088 Hem'ici
1780 4035 1856 4089 IV

249 4133 305 4179 et
335 4125 666 4180 Bennonem
708 4123 778 4180 de
815 4125 1087 4198 Gregorio
1116 4127 1217 4180 VII
1261 4125 1549 4198 evulgarit.
1592 4150 1620 4179 »
1650 4129 1856 4182 Osten-

1967 2910 2020 2965 in
2055 2914 2397 2980 Heptecosten
2428 2925 2525 2966 seu
2555 2913 2936 2980 Heptacosten;
2969 2923 3174 2963 novam
3197 2915 3251 2962 et
3274 2907 3334 2961 in
3353 2906 3554 2962 Latina

1966 3004 2206 3060 Ecclesia
2240 3002 2555 3060 inauditam
2590 3019 2784 3059 vocem
2819 3017 2922 3074 pro
2945 3003 3365 3073 Septuagesima.
3395 3001 3560 3054 Hanc

1968 3097 2185 3153 critices
2218 3097 2496 3153 rationem
2530 3097 2576 3151 si
2614 3096 2774 3169 sequi
2815 3096 3078 3160 velimus,
3109 3095 3197 3149 vix
3229 3094 3374 3149 ullus
3404 3107 3559 3148 error

1967 3200 2084 3247 tam
2106 3189 2437 3247 manifestus
2452 3192 2557 3246 erit
2571 3233 2584 3258 ,
2608 3191 2694 3246 cui
2714 3207 2781 3246 ex
2807 3189 3076 3262 apotheca
3097 3189 3316 3244 critices
3346 3201 3461 3242 non
3483 3186 3558 3240 sis

1967 3283 2216 3341 facturus
2242 3284 2616 3354 medicinam,
2651 3285 2697 3339 si
2730 3284 2837 3340 hoc
2871 3292 2955 3340 est
2981 3281 3318 3338 medicinam
3356 3280 3559 3347 facere,

1968 3387 2024 3435 et
2072 3395 2188 3434 non
2237 3379 2420 3450 potius
2466 3379 2659 3435 omnia
2703 3393 2904 3449 susque
2943 3376 3122 3448 deque
3165 3383 3396 3439 vertere.
3438 3377 3562 3445 Ipso

1968 3472 2218 3543 epistolae
2251 3471 2476 3529 exordio
2506 3472 2640 3528 satis
2669 3471 3000 3543 ﬁgmentum
3027 3468 3445 3526 Calvinisticum
3475 3483 3562 3522 re-

1969 3566 2290 3638 darguitur;
2324 3583 2458 3622 nam
2502 3574 2695 3622 auctor
2732 3565 2888 3620 illum
2927 3563 2999 3620 ad
3027 3579 3194 3634 quem
3224 3561 3418 3618 scribit
3446 3577 3562 3630 non

1967 3667 2239 3732 tanquam
2265 3676 2442 3731 nuper
2461 3659 2693 3729 factum,
2725 3657 2822 3715 sed
2851 3667 2914 3713 ut
2932 3666 3258 3714 veteranum
3280 3663 3339 3711 et
3356 3654 3562 3711 multo-

1972 3771 2098 3809 rum
2127 3754 2454 3810 meritorum
2489 3753 2797 3825 principem
2826 3752 3048 3820 laudat;
3072 3751 3220 3822 quod
3248 3748 3317 3807 de
3343 3747 3560 3806 Hildol-

1973 3847 2084 3918 pho
2121 3847 2226 3903 dici
2275 3848 2494 3920 nequit,
2537 3847 2632 3919 qui
2688 3845 3106 3903 recentissimus
3139 3843 3198 3899 in
3246 3843 3568 3916 episcopatu

1972 3950 2092 3996 erat
2133 3949 2384 4012 tempore
2409 3939 2763 3997 conciliabuli
2803 3937 3268 4005 Wormatiensis;
3314 3953 3450 3992 nam
3503 3943 3564 3989 ut

1968 4034 2260 4091 Bertoldus
2281 4035 2722 4091 Constantiensis
2741 4034 2798 4089 in
2820 4033 3096 4091 Chronico
3121 4039 3379 4088 testatur.
3410 4052 3433 4078 α
3460 4029 3565 4083 Ai-

1972 4145 2064 4184 mo
2128 4145 2224 4184 seu
2281 4131 2448 4184 Anno
2503 4128 2834 4184 venerabilis
2896 4125 3341 4198 archiepiscopus
3401 4122 3564 4179 Colo-

249 4217 336 4273 dit
361 4217 472 4274 hoc
510 4215 720 4274 falsum
744 4234 880 4275 esse.
921 4221 1071 4276 Bene
1099 4218 1257 4286 facit,
1288 4221 1417 4291 quia
1443 4235 1558 4275 non
1602 4221 1852 4288 Baronii,
1895 4200 1940 4263 (ἶ
1967 4222 2204 4291 niensis,
2240 4222 2400 4278 mirae
2432 4223 2746 4278 sanctitatis
2779 4222 3048 4292 requievit
3075 4221 3136 4275 in
3169 4235 3302 4291 pace
3339 4233 3408 4274 χι
3446 4219 3561 4272 Νο-

252 4311 349 4367 sed
380 4329 544 4368 suam
570 4310 874 4368 falsitatem
901 4311 1166 4384 patefacit
1202 4330 1216 4367 :
1255 4330 1388 4370 nam
1414 4313 1689 4370 Baronius
1716 4314 1858 4370 dixit

251 4405 619 4462 Reineccium
666 4404 837 4462 fuisse
883 4408 1171 4476 editorem;
1211 4410 1453 4478 primum
1492 4406 1695 4477 fuisse,
1740 4424 1855 4463 non

251 4498 415 4556 dixit.

322 4591 548 4650 Refellit
574 4594 850 4650 Baronius
879 4594 1172 4666 epistolam
1193 4595 1424 4651 Henrici
1455 4595 1526 4651 ad
1555 4600 1852 4652 Annonem

254 4687 739 4758 archiepiscopum
786 4688 1181 4745 Coloniensem
1233 4697 1504 4760 tanquam
1552 4689 1856 4762 suppositi-

254 4781 418 4849 tiam,
441 4782 569 4854 quia
595 4787 759 4838 Anno
785 4781 1232 4854 archiepiscopus
1256 4799 1405 4839 anno
1426 4784 1728 4854 prmterito,
1752 4783 1856 4840 hoc

257 4883 341 4930 est
387 4882 545 4947 1085,
575 4876 692 4946 iam
717 4876 958 4943 obierat;
989 4885 1045 4933 et
1083 4885 1272 4933 tamen
1301 4893 1449 4934 anno
1486 4884 1624 4934 1086
1651 4877 1854 4934 invita-

257 4974 352 5024 tur
382 4967 450 5026 ad
467 4969 747 5043 synodum
768 4971 836 5024 W
845 4970 1264 5028 ormatiensem.
1293 4970 1616 5040 Calvinista,
1638 4980 1702 5026 ut
1725 4971 1856 5027 hinc

257 5077 320 5117 se
335 5062 591 5133 expediat
606 5104 624 5131 ,
655 5072 999 5121 transmutat
1026 5065 1304 5121 Annonem
1331 5064 1388 5120 in
1411 5065 1783 5136 Htldolphum,
1803 5074 1858 5120 et

261 5153 392 5211 huic
415 5157 711 5228 epistolam
752 5156 826 5213 ab
868 5157 1106 5214 Henrico
1150 5158 1476 5228 inscriptam
1507 5156 1660 5214 dicit.
1693 5159 1858 5228 Quod

259 5247 641 5308 commentiun
653 5266 840 5323 neque
851 5251 1168 5320 Reineccio,
1187 5267 1368 5325 neque
1380 5251 1625 5309 Urstisio
1641 5291 1657 5319 ,
1675 5266 1855 5324 neque

261 5343 513 5401 Reubero
533 5332 566 5413 ,’
581 5361 764 5417 neque
789 5345 886 5400 ulli
909 5344 1065 5402 alteri
1089 5345 1149 5400 in
1179 5355 1425 5402 mentem
1453 5346 1623 5402 venit.
1645 5348 1857 5403 Omnes

259 5436 410 5493 enim
422 5438 516 5494 isti
535 5437 839 5496 ediderunt
857 5438 1004 5495 hanc
1023 5439 1312 5511 epistolam
1331 5456 1460 5496 cum
1475 5442 1722 5496 Annom's
1743 5456 1858 5495 non

1970 4333 2072 4372 uas
2095 4316 2407 4372 decembris
2438 4321 2598 4384 1075,
2636 4316 2725 4371 cui
2753 4313 3043 4380 Hiltolfus,
3072 4314 3254 4384 impar
3283 4326 3484 4385 genere
3512 4319 3566 4365 et

1971 4410 2243 4476 moribus,
2289 4411 2571 4465 successit.
2622 4432 2646 4458 ιο
2681 4412 2752 4464 Et
2790 4408 2982 4463 statim
3014 4415 3140 4478 post
3167 4407 3227 4460 in
3257 4408 3564 4476 Septuage-
3593 4433 3603 4451 ε

1969 4505 2109 4559 sima
2166 4503 2299 4559 anni
2362 4509 2499 4560 1076
2551 4503 2776 4558 initium
2822 4510 2904 4558 est
2947 4499 3363 4557 \Vormatiense
3402 4513 3562 4571 syne-

1967 4598 2128 4654 drion
2141 4639 2152 4653 .

2041 4692 2138 4746 Ait.
2159 4691 2437 4747 Baronius
2461 4708 2489 4746 a
2515 4690 2738 4746 nemine
2762 4703 3010 4762 unquam
3049 4686 3338 4744 memoria:
3374 4685 3562 4758 prodi-

1969 4795 2112 4851 tum,
2156 4785 2364 4857 legatos
2396 4783 2620 4840 Henrici
2664 4783 2740 4839 ita
2772 4792 3028 4854 acceptos
3058 4796 3177 4838 esse
3214 4799 3247 4838 a
3292 4780 3564 4852 Gregorio

1968 4879 2093 4946 VII,
2116 4887 2280 4950 prout
2301 4877 2636 4934 architectus
2654 4877 2817 4950 hujus
2835 4876 3082 4949 epistola:
3100 4875 3566 4933 comminiscitur.

1967 4972 2272 5030 Calvinista
2325 4987 2441 5028 non
2487 4971 2606 5029 sine
2645 4971 2990 5028 immanibus
3027 4971 3295 5028 conviciis
3322 4969 3564 5027 Baronio

1971 5070 2306 5123 Aventinum
2350 5065 2616 5122 obtrudit.
2647 5065 2792 5122 \Hoc
2837 5065 3046 5121 scilicet
3085 5065 3366 5133 restabat;
3407 5062 3566 5136 quasi

1972 5177 2101 5217 vero
2132 5161 2406 5216 Baronius
2435 5177 2547 5216 non
2591 5159 2658 5216 de
2688 5159 2951 5232 antiquis,
2998 5158 3093 5216 sed
3133 5159 3204 5216 de
3254 5157 3569 5214 recentibus

1971 5255 2116 5322 istis,
2156 5263 2212 5310 et
2232 5255 2428 5311 hmresi
2460 5252 2680 5310 infectis
2698 5252 3164 5324 scriptitatoribus
3189 5250 3296 5308 hoc
3323 5267 3570 5332 pronun-

1971 5349 2146 5404 tiarit.
2181 5347 2390 5414 Profer,
2424 5348 2469 5403 si
2501 5357 2677 5419 potes,
2710 5348 2954 5419 priscum
2984 5361 3302 5418 canumque
3335 5352 3567 5407 testem;

1971 5459 2106 5498 nam
2138 5442 2289 5497 hunc
2332 5441 2635 5507 novitium,
2669 5441 2782 5498 oris
2811 5449 2868 5499 et
2908 5441 3033 5513 styli
3083 5449 3203 5496 tam
3232 5438 3394 5505 mali,
3427 5434 3564 5498 nihil
3657 5431 3664 5436 ’

263 5531 538 5602 Hildalpht’
552 5533 808 5589 nomine.
832 5533 892 5590 Id
914 5531 1168 5591 fecundae
1188 5550 1302 5590 sua:
1323 5534 1530 5590 critica:
1554 5534 1854 5591 Calvinista
1886 5575 1935 5638 Β
1973 5534 2297 5606 pendimus.
2329 5539 2411 5591 Ne
2435 5535 2493 5590 in
2514 5537 2788 5592 Bennone
2806 5533 3033 5609 quidem
3059 5533 3308 5591 fabulam
3331 5531 3474 5587 hanc
3498 5524 3568 5580 de

259 5621 450 5694 debet,
497 5641 606 5698 qua
666 5627 970 5685 instructus
1005 5627 1187 5686 nodos
1227 5628 1399 5686 etiam
1447 5628 1857 5686 indissolubiles

265 5714 534 5777 dissolvit.

345 5811 602 5881 Ejusdem
625 5813 843 5873 critices
878 5814 1140 5878 beneﬁcio
1182 5815 1553 5876 transformat
1578 5821 1855 5877 Pentecosc

1967 5629 2168 5702 legatis
2193 5629 2458 5686 invenies.

2043 5726 2104 5778 In
2145 5723 2272 5779 Vita
2319 5727 2375 5778 S.
2424 5721 2678 5780 Anselmi
2707 5722 2974 5781 Lucensis
3021 5729 3254 5777 vocatur
3298 5704 3564 5783 deposiin

1968 5817 2225 5888 Gregorii
2257 5819 2352 5873 VII
2388 5839 2413 5865 «
2455 5814 2673 5871 facinus
2718 5834 2748 5871 a
2799 5813 3008 5874 saemlis
3045 5811 3360 5871 inauditum
3398 5821 3448 5851 »ο
3485 5797 3571 5848 “ﬂ
