4106 6182
513 288 606 340 231

1736 285 1792 340 S.
1834 284 2218 340 GREGORIUS
2260 286 2346 340 Vll
2384 286 2581 339 PAPA.

3699 281 3805 332 232

513 409 682 465 etiam
727 409 844 480 ipse
889 409 1189 481 Gregorius
1221 408 1278 462 in
1319 407 1563 478 quadam
1602 407 1852 478 epistola.
1898 408 2102 481 Objicit
2133 421 2184 477 Α
2216 424 2390 482 usque
2425 401 2761 472 fadaverat,
2815 396 2999 476 aliquo
3044 402 3212 459 modo
3255 418 3350 458 eos
3396 401 3489 474 qui
3531 402 3808 457 Joannem

513 503 812 558 Calvinista
847 522 859 557 :
891 525 918 551 (ι
952 504 1129 572 Papas
1153 516 1299 571 sape
1319 516 1438 556 esse
1462 500 1743 571 depositos
1769 502 1838 558 ab
1870 503 2106 574 impera-

511 597 725 652 toribus
752 605 808 650 et
843 593 1090 666 synodis.
1127 617 1152 642 ιο
1193 595 1262 648 Et
1307 609 1436 649 mox
1485 595 1687 649 recitat
1718 611 1780 650 ex
1825 613 1924 652 suo
1974 596 2102 668 llly-

514 690 628 746 rico
667 688 959 760 epistolam
1011 687 1400 758 episcoporum
1448 688 1645 743 Gallia
1693 698 1746 743 et
1789 691 2106 748 Germania

516 806 539 829 ι
556 781 626 837 ad
638 781 994 836 Anastasium
1013 783 1060 835 ll
1077 780 1394 850 pontiﬁcem
1414 783 1757 849 Romanum,
1783 799 1889 854 qua
1906 801 2104 855 papam

513 884 566 930 et
605 874 826 929 Italicos
855 875 1142 945 episcOpos
1186 884 1418 930 monent
1453 884 1514 929 ut
1544 891 1603 932 se
1635 877 1834 931 missos
1871 875 2102 946 faciant,

509 983 609 1022 nec
652 967 910 1037 deinceps
953 967 1310 1039 tyrannidem
1355 984 1516 1039 super
1543 985 1639 1024 eos
1684 985 1934 1025 exercere
1979 986 2107 1041 per-

508 1069 662 1132 gant.
707 1085 729 1107 »
763 1062 943 1117 Aliam
993 1063 1129 1117 item
1161 1060 1327 1117 affert
1351 1062 1739 1133 episcOporum
1784 1064 2104 1120 Germania

509 1163 564 1207 et
590 1154 759 1223 Belgii
791 1154 858 1209 ad
884 1155 1175 1210 Nicolaum
1201 1159 1240 1221 Ι,
1269 1171 1332 1210 ex
1361 1155 1574 1226 synodo
1607 1157 1923 1212 Coloniensi
1954 1174 2103 1214 anno

510 1253 634 1302 863.
685 1247 789 1302 Sed
828 1264 928 1302 nec
960 1248 1035 1302 illi
1067 1249 1158 1319 qui
1201 1248 1271 1304 ad
1301 1250 1658 1304 Anastasium
1691 1251 1976 1321 scripsisse
2014 1251 2105 1306 di-

509 1349 731 1406 cuntur,
759 1357 859 1396 nec
885 1341 976 1412 qui
1010 1340 1082 1397 ad
1122 1341 1439 1409 Nicolaum,
1468 1343 1548 1397 vel
1589 1342 1735 1398 hunc
1770 1344 1850 1398 vel
1881 1343 2036 1398 illum
2074 1362 2104 1399 a

511 1433 637 1488 sede
683 1433 996 1504 dejecerunt
1027 1443 1082 1489 et
1112 1435 1666 1491 excommunicarunt
1686 1477 1701 1503 ,
1755 1445 1814 1490 ut.
1843 1440 2102 1492 Worma-

512 1526 706 1581 tiensis
748 1526 1098 1583 conciliabuli
1149 1529 1409 1598 prasules
1458 1527 1744 1597 fecerunt;
1784 1531 1876 1601 qui
1921 1531 2103 1585 adacti

511 1629 641 1675 sunt
673 1636 786 1675 non
806 1621 1323 1693 quomodocumque,
1356 1623 1449 1678 sed
1471 1622 1835 1694 jurejurando
1866 1623 2104 1695 interpo-

514 1714 652 1782 sito,
696 1722 844 1769 certa
878 1714 936 1769 in
984 1715 1039 1770 id
1081 1717 1401 1786 prascripta
1450 1715 1692 1771 formula
1733 1724 1879 1787 (qua
1926 1726 2107 1774 exstat

2212 503 2487 574 deponere
2525 507 2848 566 tentarunt,
2880 514 3144 554 excusare
3163 504 3406 570 poterat,
3433 509 3558 567 qua
3594 494 3654 550 in
3679 496 3809 550 Gre-

2213 597 2368 668 gorio
2396 597 2518 660 Vll,
2553 595 2680 650 vita
2711 593 3172 664 inculpatissima
3201 591 3343 658 viro,
3372 589 3556 645 locum
3589 588 3806 644 nullum

2215 689 2480 746 habebat.

2293 783 2398 839 Sed
2425 791 2486 838 ut
2516 782 2719 854 aliquid
2747 780 2930 837 dicam
2967 779 3035 836 de
3061 777 3288 851 epistola
3319 777 3389 835 ad
3415 775 3804 843 Anastasium,

2207 876 2356 931 nulla
2397 876 2515 947 ejus
2541 875 2688 946 apud
2712 875 2869 930 illum
2902 873 3198 946 probatum
3229 872 3559 943 scriptorem
3592 870 3804 924 mentio

2209 978 2406 1026 exstat.
2435 969 2741 1040 Exscripsit
2771 983 2896 1024 eam
2924 967 3173 1040 lllyricus
3197 965 3253 1020 in
3276 964 3538 1035 Catalogo
3558 979 3624 1019 ex
3649 963 3807 1017 sche—

2207 1063 2292 1118 dis
2329 1071 2383 1118 et
2422 1061 2750 1118 adversariis
2781 1060 3176 1130 manuscriptis
3209 1059 3492 1123 Aventini,
3526 1073 3626 1112 nec
3654 1056 3807 1110 novit

2208 1156 2355 1212 ininde
2383 1172 2506 1212 eam
2541 1156 2836 1212 Aventinus
2867 1154 3154 1226 acceperit.
3191 1156 3259 1208 Et
3293 1167 3396 1224 ego
3431 1150 3674 1222 epistola
3711 1166 3810 1204 cu-

2204 1249 2299 1320 jus
2333 1251 2487 1321 origo
2523 1259 2577 1304 et
2609 1250 2792 1305 natale
2819 1248 2999 1304 solum
3038 1246 3312 1302 nesciatur
3336 1243 3506 1300 ﬁdem
3534 1243 3808 1298 habeam?

2214 1342 2448 1399 Dubitat
2460 1359 2680 1414 quoque
2694 1342 2939 1413 lllyricus
2951 1357 3088 1396 num
3101 1340 3170 1396 ad
3182 1338 3541 1397 Anastasium
3559 1337 3803 1408 primum

2213 1453 2284 1491 an
2316 1436 2386 1492 ad
2416 1436 2730 1502 secundum
2767 1435 2935 1491 missa
2977 1433 3161 1490 fuerit.
3200 1433 3470 1488 Omnium
3499 1431 3807 1486 rectissime

2212 1512 2428 1596 sentiet,
2471 1530 2563 1601 qui
2599 1528 2671 1584 ad
2710 1537 2968 1584 neutrum
2997 1527 3227 1583 missam
3261 1524 3469 1581 credet.
3502 1523 3804 1580 Calvinista

2212 1631 2398 1679 noster
2426 1623 2643 1678 doctior
2669 1622 2949 1678 Aventino
2990 1621 3156 1677 refert
3189 1636 3313 1676 eam
3338 1618 3408 1675 ad
3441 1617 3801 1674 Anastasium

2215 1720 2281 1784 ll,
2325 1733 2472 1772 anno
2503 1721 2629 1772 491.
2671 1718 2792 1787 Quo
2824 1715 3027 1771 nullius
3057 1714 3277 1786 penitus
3308 1709 3524 1769 concilii
3547 1711 3606 1767 in
3629 1711 3808 1768 Gallia

513 1807 657 1877 apud
679 1809 1001 1863 Brunonem
1035 1812 1113 1864 De
1143 1809 1285 1865 bello
1311 1811 1606 1876 Saxonico)
1647 1811 1981 1882 Gregorium
2005 1813 2106 1866 VII
2135 1790 2181 1852 Β
2216 1810 2476 1866 celebrati
2501 1811 2673 1866 ullum
2693 1810 2987 1882 vestigium
3015 1809 3070 1864 in
3097 1806 3405 1863 Annalibus
3421 1806 3702 1862 Francicis
3729 1805 3808 1860 vel

514 1901 784 1956 exsecrari
816 1910 870 1955 et
897 1901 1167 1959 deserere.
1197 1903 1367 1975 Cujus
1395 1903 1801 1976 pseudosynodi
1832 1904 1876 1959 si
1913 1920 2110 1960 omnes

515 1993 968 2050 circumstantias
1005 1995 1430 2067 perpendamus,
1456 1997 1582 2068 jure
1629 1999 1844 2068 Optimo
1877 1997 1932 2054 id
1961 1997 2110 2070 quod

516 2087 586 2142 ab
609 2086 716 2141 illis
743 2085 955 2143 factum
985 2096 1073 2142 est
1103 2111 1124 2138 ε
1165 2106 1195 2144 a
1226 2090 1441 2146 saculis
1468 2091 1784 2146 inauditum
1813 2089 2048 2158 facinus,
2083 2114 2106 2140 ι

514 2188 570 2235 et
605 2179 762 2251 cujus
798 2180 1014 2237 nullum
1055 2181 1236 2236 simile
1277 2184 1590 2253 exemplum
1634 2183 1866 2255 produci
1911 2193 2106 2254 queat,

517 2273 798 2328 nominari
827 2282 1025 2344 potest.
1055 2277 1198 2330 Nam
1220 2285 1418 2332 catera
1442 2277 1630 2332 omnia
1662 2293 1786 2350 qua
1807 2277 2108 2350 aliquando

514 2373 706 2421 contra
735 2366 821 2435 ius
841 2375 898 2422 et
917 2365 1000 2422 fas
1022 2367 1283 2423 adversus
1305 2369 1594 2440 pontifices
1615 2379 1738 2426 acta
1765 2380 1914 2436 sunt,
1938 2372 2107 2426 etiam

513 2458 784 2530 depositio
798 2460 1032 2515 Joannis
1051 2463 1160 2516 XII
1185 2463 1241 2516 in
1259 2463 1680 2535 pseudosynodo
1705 2466 1982 2531 Romana,
2009 2465 2109 2518 mi-

515 2569 707 2608 norem
738 2554 1140 2624 turpitudinem
1168 2573 1445 2612 annoxam
1485 2556 1726 2612 habent:
1761 2558 1887 2630 quia
1927 2559 2106 2628 turpi-

515 2645 652 2701 tudo
685 2646 810 2702 vita
857 2663 965 2719 qua
1012 2651 1260 2704 Joannes
1304 2665 1422 2706 sese
1464 2668 1493 2704 a
1539 2651 1687 2706 calce
1732 2651 1802 2707 ad
1845 2651 2105 2707 verticem

2219 1904 2340 1959 aliis
2375 1905 2664 1975 reperitur.
2710 1907 2779 1960 Et
2832 1912 3021 1958 tamen
3052 1901 3350 1958 Calvinista
3401 1908 3591 1956 noster
3641 1898 3808 1954 titulo

2220 1997 2470 2068 appingit
2497 1996 2614 2053 hac
2648 1996 2834 2052 verba.
2868 1999 2954 2052 Ea:
2980 1997 3206 2053 Concilio
3242 2012 3260 2049 :
3295 1993 3558 2059 Nomina,
3599 2007 3807 2064 quaso,

2220 2091 2504 2160 utopicum
2560 2090 2665 2146 hoc
2715 2089 3034 2146 concilium.
3102 2087 3407 2160 Praposuit
3451 2095 3510 2143 et
3557 2085 3808 2152 titulum,

2220 2185 2376 2255 quasi
2402 2187 2474 2239 sit
2509 2185 2576 2238 ab
2604 2185 2881 2261 episcopis,
2912 2199 3041 2238 cum
3081 2183 3154 2237 sit
3193 2182 3262 2237 ab
3295 2180 3530 2254 Illyrico.

2291 2282 2369 2333 De
2408 2277 2579 2333 altera
2609 2277 2839 2348 epistola
2867 2275 3168 2332 Guntharii
3207 2284 3263 2332 et
3291 2272 3638 2346 Theutgaudi
3681 2272 3799 2345 lege

2221 2371 2527 2426 Baronium
2556 2379 2694 2426 tom.
2737 2373 2815 2438 X,
2859 2387 3010 2426 anno
3035 2369 3239 2426 Christi
3271 2374 3398 2435 863,
3440 2383 3598 2423 num.
3646 2371 3709 2422 18
3755 2374 3810 2420 et

2217 2481 2373 2536 seqq.
2409 2467 2476 2519 Et
2502 2464 2716 2520 videbis
2749 2465 3017 2520 sectarios
3045 2472 3270 2519 nostros
3293 2461 3651 2534 dignissimos
3691 2475 3813 2515 esse

2215 2559 2306 2629 qui
2335 2557 2483 2613 hisce
2512 2567 2628 2612 tam
2661 2557 2888 2628 perditis
2909 2557 3158 2628 patronis
3187 2565 3242 2612 et
3270 2553 3658 2613 defensoribus
3690 2568 3810 2608 rem

2215 2659 2408 2706 contra
2449 2655 2740 2706 Romanos
2780 2650 3069 2721 pontiﬁces
3098 2658 3288 2722 agant.

1066 3012 1804 3128 EXCERPTA
1887 3016 2076 3129 EX
2162 2957 3261 3132 DISSEEtTATlONE

1883 3255 2008 3319 CUI
2051 3254 2375 3319 TlTULUS
2423 3274 2436 3314 :

515 3414 734 3468 Gemina
763 3411 1021 3468 adversus
1060 3414 1402 3470 Melchiorem
1427 3413 1809 3471 Guldinastum
1841 3417 2215 3474 Calvinianum
2241 3418 2614 3488 replicatorem
2645 3416 2728 3472 vel
2751 3418 2936 3486 potius
2965 3416 3499 3485 quadruplicatorem
3522 3414 3763 3479 defensio
3794 3431 3814 3467 .-

583 3505 738 3572 prior
763 3519 861 3572 pro
900 3506 955 3561 S.
994 3509 1061 3561 Β.
1091 3506 1383 3560 orthodoxi
1420 3511 1470 3561 et
1499 3508 1751 3561 catholici
1773 3511 1996 3578 imperii
2021 3511 2173 3562 avita
2202 3507 2512 3576 majestate,
2539 3508 2936 3577 replicationem
2966 3506 3369 3567 Calvinianam,
3408 3506 3624 3576 imperii
3651 3503 3814 3573 hujus

581 3597 944 3660 vastatricem,
983 3603 1238 3651 accurate
1273 3599 1547 3650 examinat
1589 3601 1637 3650 et
1672 3599 1908 3664 refutat;
1936 3602 2152 3652 auctore
2178 3599 2437 3661 Gretsero,
2462 3599 2732 3652 societatis
2771 3598 2894 3650 Jesu
2929 3596 3168 3663 theologo
3189 3612 3204 3659 ;
3229 3595 3495 3663 posterior
3531 3594 3814 3664 complura

581 3687 924 3736 monumenta
954 3682 1216 3738 hactenus
1242 3685 1447 3740 inedita
1472 3702 1575 3754 pro
1597 3687 1856 3756 Gregorio
1890 3688 1985 3742 VII
2022 3688 2258 3756 aliisque
2281 3687 2626 3756 pontiﬁcibus
2652 3688 2902 3741 Romanis
2931 3686 3139 3740 Lectori
3161 3683 3404 3746 exhibet,
3427 3683 3627 3737 editore
3647 3684 3704 3740 Ο.
3743 3685 3809 3739 V.

583 3767 897 3824 Sebastiano
930 3773 1323 3831 TENGNAGBL.
1355 3777 1403 3828 J.
1439 3777 1498 3829 U.
1529 3779 1589 3830 D.
1617 3780 1667 3828 ct
1697 3775 1951 3830 Cursarem
1980 3776 2304 3830 bibliotheca:
2335 3777 2654 3830 Viennensis
2687 3776 2962 3844 prafecto.

1758 3927 1932 3996 (Opp.
1977 3926 2242 3994 Gretseri,
2275 3927 2376 3994 Vl,
2409 3927 2570 3996 299.)

584 4381 654 4434 De
673 4384 980 4442 Juramento
1000 4385 1147 4458 quod
1173 4387 1432 4442 Henricus
1453 4387 1538 4441 IV
1559 4388 1811 4460 Gregorio
1843 4387 1948 4443 VII
1961 4401 2104 4455 pra:-

1250 4460 1408 4511 stitit.

580 4597 683 4651 Hic
717 4594 1202 4652 vehementissime
1227 4591 1360 4648 furit
1385 4591 1686 4648 Calvinista
1716 4591 1864 4662 quod
1895 4593 2102 4648 Henri-

510 4704 636 4743 cum
685 4691 757 4742 ιν
790 4712 814 4736 ι
863 4703 1048 4760 regem
1087 4686 1408 4742 Germania
1448 4708 1472 4732 ιι
1508 4685 1791 4756 nominavi
1828 4705 1839 4740 :
1879 4709 1902 4733 «
1931 4684 2100 4741 fuisse

508 4780 658 4836 enim
689 4781 996 4836 multorum
1040 4779 1277 4834 aliorum
1326 4794 1624 4850 regnorum
1667 4794 1872 4852 regem.
1931 4803 1951 4827 ο
1991 4781 2101 4835 Cur

509 4871 820 4939 baccharis,
869 4889 902 4928 ο
944 4872 1282 4928 Calvinista?
1331 4877 1418 4927 An
1459 4872 1582 4928 ideo
1627 4873 1818 4945 negavi
1874 4873 2100 4928 Henrici

504 4965 811 5033 potentiam
835 4967 979 5022 ultra
1008 4965 1326 5022 Germania
1351 4965 1490 5019 ﬁnes
1524 4981 1642 5020 sese
1669 4966 2017 5022 extendisse?
2041 4967 2097 5022 Si

505 5056 822 5129 Philippum
854 5061 948 5116 i-lll
990 5059 1279 5115 nominem
1313 5083 1338 5106 «ι
1381 5074 1566 5131 regem
1605 5059 2028 5129 Hispaniarum,
2070 5083 2094 5109 ι.

504 5166 576 5205 an
602 5150 705 5206 hac
741 5152 1109 5222 appellatione
1137 5168 1257 5208 mea
1288 5152 1444 5216 illum
1476 5151 1544 5208 de
1581 5153 1868 5223 utriusque
1902 5151 2096 5220 India,

499 5243 721 5311 Sicilia,
750 5245 1010 5314 Neapolis
1045 5253 1099 5299 et
1146 5253 1230 5300 tot
1261 5245 1498 5300 aliorum
1541 5260 1843 5317 regnorum
1874 5259 2097 5314 posses-

502 5335 659 5391 sione
687 5336 960 5394 deturbo?
985 5341 1074 5393 An
1114 5337 1379 5410 injuriam
1405 5339 1453 5392 ei
1481 5337 1645 5404 facio,
1673 5337 1718 5393 si
1745 5354 1775 5393 a
1803 5337 2096 5394 notissimo

499 5437 555 5483 et
581 5429 842 5499 primario
876 5447 1046 5500 regno
1077 5432 1128 5486 ei
1167 5448 1373 5489 nomen
1404 5431 1634 5489 indam?

571 5543 733 5612 Egre
759 5540 866 5596 fert
893 5543 1194 5598 Calvinista
1228 5543 1378 5614 quod
1417 5543 1786 5614 imperatores
1817 5545 2091 5611 Romani,

498 5648 555 5688 se
577 5655 602 5680 «ι
632 5647 787 5706 reges
805 5636 1125 5692 Germania
1151 5659 1174 5683 ιο
1200 5636 1530 5708 indigitant,
1552 5636 1738 5708 aitque
1766 5638 2094 5694 Maximilia-

499 5742 633 5782 num
662 5730 686 5782 ι
715 5751 739 5776 ι
769 5729 1013 5799 primum
1038 5727 1208 5785 fuisse
1232 5729 1327 5801 qui
1365 5728 1513 5784 hunc
1534 5731 1760 5786 titulum
1787 5732 2088 5802 usurparit,

493 5825 549 5872 et
578 5819 681 5876 hoc
719 5821 985 5880 accidisse
1028 5837 1090 5879 ex
1139 5823 1515 5894 imprudentia
1552 5823 2022 5879 consiliariorum.
2060 5847 2086 5873 η

2143 4242 2188 4305 C
2217 4237 2345 4305 Sed,
2377 4237 2484 4292 nisi
2514 4236 2696 4304 fallor,
2723 4238 3001 4307 optimum
3028 4235 3235 4293 factum
3267 4237 3477 4295 faceret
3510 4236 3811 4295 Calvinista

2219 4331 2262 4384 si
2284 4333 2518 4401 Pragam
2540 4328 2906 4399 seconferret,
2929 4330 3217 4402 ipsumque
3237 4331 3676 4388 sacratissimum
3706 4332 3814 4388 im-

2221 4432 2532 4494 peratorem
2571 4423 2799 4496 ejusque
2833 4424 3185 4480 consiliarios
3213 4424 3435 4481 doceret
3476 4426 3573 4496 qui
3614 4425 3810 4481 titulus

2220 4515 2570 4588 usurpandus
2631 4517 2722 4572 sit.
2780 4517 3156 4590 lntelligerent
3209 4519 3361 4574 enim
3429 4518 3578 4574 hunc
3639 4534 3808 4574 usur-

2215 4611 2459 4679 pandum
2489 4625 2626 4666 esse.
2678 4634 2703 4658 α
2746 4610 3072 4681 Rudolphus
3116 4614 3509 4668 Romanorum
3560 4612 3807 4682 impera-

2213 4713 2320 4769 tor,
2364 4713 2470 4759 etc.
2516 4708 2633 4760 Rex
2662 4705 3028 4772 Francorum,
3072 4705 3594 4778 Longobardorum,
3640 4706 3804 4760 Bun-

2212 4814 2494 4867 garorum.
2533 4821 2556 4846 ν
2585 4800 2654 4853 Et
2679 4797 2997 4853 dubitamus
3016 4796 3216 4863 adhuc,
3251 4797 3400 4854 hunc
3431 4798 3663 4854 latronis
3690 4796 3807 4854 fra-

2213 4900 2375 4956 trem,
2405 4891 2577 4946 totius
2605 4890 2862 4961 imperii,
2894 4890 3066 4962 ipsius
3094 4890 3291 4946 itidem
3325 4880 3715 4964 imperatoris,
3747 4898 3806 4947 et

2209 4983 2654 5039 consiliariorum
2675 4982 2794 5054 ejus
2809 4980 3254 5050 reformatorem,
3279 4999 3549 5042 coronare
3566 4984 3709 5040 rosis
3732 4999 3802 5039 ex

2207 5075 2420 5134 Calvini
2467 5075 2654 5130 ﬁmeto
2700 5074 3002 5146 decerptis,
3038 5078 3348 5146 praesertim
3390 5093 3520 5133 cum
3569 5091 3693 5148 cap.
3733 5081 3806 5130 26

2205 5173 2480 5227 Tartarea
2507 5184 2621 5224 sua
2650 5169 3067 5240 Replicationis,
3099 5186 3226 5244 pag.
3253 5175 3383 5239 267,
3413 5171 3474 5226 in
3493 5170 3617 5228 hac
3637 5168 3800 5226 verba

2207 5278 2498 5334 erumpere
2526 5278 2640 5318 non
2675 5261 2957 5319 erubuerit
2988 5282 3000 5318 :
3036 5285 3061 5311 ιι
3094 5264 3244 5334 Quin
3272 5264 3432 5330 scito,
3473 5263 3715 5321 Galliam
3745 5272 3802 5318 et

2206 5357 2568 5412 Germaniam
2614 5373 2728 5412 non
2771 5371 2889 5412 esse
2937 5357 3181 5413 Romani
3209 5355 3426 5427 imperii
3471 5371 3662 5428 regna,
3703 5356 3802 5413 sed

2205 5449 2375 5505 libera
2401 5457 2453 5506 et
2485 5450 2832 5517 immediate,
2865 5459 2922 5506 et
2950 5466 3050 5506 suo
3075 5451 3198 5522 jure
3226 5449 3462 5518 utentia,
3493 5449 3802 5520 imperato-

2205 5543 2358 5615 rique
2400 5545 2788 5600 Romanorum
2813 5583 2826 5608 ,
2867 5552 3139 5615 quatenus
3181 5551 3265 5598 est
3313 5543 3633 5613 imperator,
3677 5557 3797 5597 non

2203 5637 2379 5709 magis
2407 5635 2696 5706 obstricta,
2717 5653 2884 5708 quam
2910 5636 3174 5702 Persiam,
3201 5634 3564 5707 Ethiopiam,
3588 5639 3800 5707 Jappo—

2203 5730 2376 5785 niam.
2428 5754 2449 5777 ιο
2493 5735 2572 5786 De
2599 5730 2778 5786 Gallia
2813 5745 2924 5784 non
2969 5728 3174 5785 laboro.
3211 5732 3295 5786 De
3333 5730 3638 5786 Germania
3669 5737 3792 5785 tum

2197 5822 2294 5878 tibi
2321 5822 2486 5878 ﬁdem
2523 5823 2753 5888 habebo,
2791 5839 2918 5878 cum
2952 5821 3085 5878 mihi
3117 5823 3442 5880 testiinonio
3463 5823 3636 5892 ipsius
3658 5825 3784 5878 Ca-
