4122 6184
242 224 345 275 233

1126 224 1648 281 PROLEGOMENA.
1692 255 1761 265 —
1801 226 1887 279 ne
1926 225 2192 281 OFFICIO
2231 225 2286 280 s.
2328 224 2671 281 casconu.

3444 230 3549 285 234

242 346 380 399 saris
430 352 486 400 et
533 346 798 402 Casareae
845 346 1011 402 curiae
1056 346 1396 419 probaveris,
1450 348 1838 421 imperatorem
1872 354 1926 417 Α
1952 348 2182 405 stolidus
2226 348 2516 405 Calvinista
2548 364 2643 419 per
2679 348 2935 405 undecim
2976 348 3148 405 ferme
3195 350 3328 407 folia
3374 350 3549 407 fatua-

162 444 163 447 ‘
243 438 352 492 alio
388 438 549 493 titulo
580 454 640 495 se
678 455 862 511 regem
887 441 1198 501 Germanim
1227 442 1462 499 scribere
1486 459 1651 514 quam
1686 444 1843 500 titulo

245 532 611 603 imperatoris,
640 532 745 589 hoc
772 542 857 589 est
893 535 1017 607 quia
1048 536 1341 608 imperator
1369 546 1470 593 est.

1011 640 1079 693 lI.

250 738 321 788 De
370 735 599 804 epistola
642 738 949 805 principum
980 739 1195 807 imperii
1238 738 1313 792 ad
1356 739 1718 793 Innocentium
1764 738 1845 793 111

429 807 495 860 de
534 807 779 863 electione
815 808 1035 865 Othonis
1081 812 1156 864 VI
1177 811 1235 862 in
1268 811 1662 880 imperatorem.

320 910 500 977 Caput
538 907 669 973 hoc,
696 916 757 963 ut
794 909 1243 966 verbosissimum
1281 917 1336 965 et
1372 909 1843 980 loquacissimum,-

248 999 324 1055 sic
382 1000 890 1069 mendacissimum,
947 1012 1022 1070 et,
1077 1011 1140 1059 ut
1194 1003 1265 1059 ita
1317 1003 1530 1073 loquar,
1595 1003 1844 1074 imperti-

249 1094 632 1150 nentissimum
676 1106 791 1163 est;
839 1113 962 1152 cum
1010 1112 1130 1152 mea
1160 1114 1259 1153 nec
1298 1106 1465 1169 petat,
1499 1114 1597 1153 nec
1638 1106 1843 1169 tangat,

248 1204 347 1243 nec
403 1187 585 1257 feriat,
646 1189 740 1245 sed
794 1190 867 1245 nil
916 1191 1017 1247 nisi
1068 1191 1404 1248 Calvinistica
1461 1192 1742 1263 phasmata
1793 1199 1847 1246 et

252 1282 517 1353 plasmata
546 1293 931 1355 persequatur;
973 1285 1126 1357 cujus
1172 1285 1456 1341 exordium
1503 1295 1558 1340 et
1602 1285 1743 1351 ﬁnis,
1793 1292 1847 1340 et

251 1375 513 1447 quidquid
546 1377 686 1433 inter
736 1377 858 1435 haec
898 1378 1007 1435 duo
1036 1380 1337 1449 iuterjacet,
1382 1379 1509 1435 nihil
1543 1379 1689 1435 aliud
1718 1387 1847 1435 sunt

251 1484 413 1540 quam
448 1478 547 1525 aut
584 1471 930 1545 pseudolugia
971 1482 1064 1528 aut
1093 1474 1348 1540 lmdoria,
1391 1482 1484 1527 aut
1510 1472 1720 1544 atppia,
1752 1480 1847 1529 aut

254 1563 567 1619 inanissima
602 1563 859 1637 phlyaria.
892 1565 1309 1640 Pseudologiam
1340 1567 1419 1623 vel
1464 1567 1520 1622 in
1547 1566 1652 1623 hoc
1680 1567 1839 1623 unico

253 1657 501 1728 exemplo
530 1658 673 1713 vide.

1948 452 2059 511 tur,
2086 462 2158 501 ne
2196 444 2380 499 dicam
2411 442 2717 499 bacchatur.
2772 447 2955 514 Neque
2984 445 3043 500 in
3071 454 3339 501 mternum
3378 445 3551 501 ullum

1951 538 2189 610 diploma
2220 547 2392 603 vetus;
2425 553 2454 592 a
2500 537 2687 608 priscis
2713 537 3157 608 imperatoribus,
3207 546 3304 593 aut
3345 538 3552 595 litteras

1950 632 2020 687 ab
2061 632 2187 703 ipsis
2231 631 2647 702 imperatoribus
2673 632 2958 701 posteriori
2987 648 3104 689 aavo
3148 633 3376 702 scriptas
3415 648 3552 704 pro-

1954 725 2091 781 feret
2119 745 2131 780 :
2160 727 2214 781 in
2241 725 2437 797 quibus
2468 725 2572 796 ipsi
2602 740 2719 781 sese
2749 726 2905 780 aliter
2944 742 3109 797 quam
3147 742 3299 798 reges
3324 726 3407 781 vel
3440 726 3548 782 im-

1955 828 2228 890 peratores
2270 822 2475 875 electos
2507 818 2837 874 nominent:
2878 819 3004 874 licet
3050 836 3179 875 usus
3226 820 3546 889 hodiernus,

1950 922 2007 969 et
2031 914 2250 985 quidém
2282 914 2543 984 Optimus,
2566 914 2638 968 ita
2668 911 2837 979 ferat;
2868 921 2931 968 ut
2958 914 3049 984 qui
3075 913 3141 969 de
3172 913 3273 969 illis
3308 915 3548 985 loquun-

1945 1016 2062 1077 tur,
2103 1017 2197 1063 aut
2229 1008 2392 1064 etiam
2426 1007 2550 1062 illos
2576 1022 2670 1063 seu
2701 1024 2886 1062 coram
2912 1023 3007 1063 seu
3053 1024 3146 1077 per
3173 1007 3377 1063 litteras
3415 1008 3547 1063 allo-

1954 1112 2219 1172 quuntur,
2250 1096 2599 1173 imperatores
2640 1109 2857 1166 vocent,
2897 1101 3013 1155 sine
3039 1101 3145 1155 ulla
3185 1100 3546 1172 adjunctione,

1954 1194 2103 1265 quod
2142 1195 2266 1266 jure
2307 1196 2519 1267 optimo
2564 1195 2652 1260 fit;
2688 1194 2910 1249 interim
2954 1194 3089 1265 ipsis
3122 1194 3548 1265 imperatoribus

1954 1304 2063 1343 non
2091 1296 2171 1343 est
2192 1288 2444 1357 ignotum
2468 1288 2590 1359 quis
2614 1288 2891 1358 majorum
2917 1295 2971 1342 et
2990 1294 3405 1343 antecessorum
3427 1302 3550 1342 suo-

1954 1397 2079 1437 rum
2112 1380 2274 1437 fuerit
2302 1381 2369 1435 de
2405 1389 2674 1453 potestate
2701 1380 2908 1437 summi
2948 1379 3223 1451 pontiﬁcis
3247 1379 3303 1436 in
3337 1383 3549 1435 Roma-

1954 1490 2090 1530 num
2124 1474 2425 1547 imperium
2468 1490 2678 1530 sensus.
2726 1477 2805 1530 Ut
2850 1473 2999 1530 enim
3031 1472 3157 1529 folia
3189 1474 3247 1529 in
3271 1473 3441 1539 silvis,
3471 1472 3550 1529 sic

1952 1569 2219 1640 temporis
2253 1568 2591 1640 progessioni
2621 1568 2767 1623 tituli
2799 1567 3021 1632 cadunt,
3049 1567 3280 1636 aliisque
3307 1566 3545 1629 aliisuc-

1946 1662 2166 1727 ceduut,
2200 1664 2347 1718 salvo
2386 1662 2609 1718 interim
2654 1662 3080 1731 uniuscujusque
3099 1660 3243 1731 jure.
3277 1662 3345 1715 Et
3371 1660 3420 1716 si
3452 1659 3549 1733 qui

318 1750 594 1807 Mentitur
626 1751 765 1809 hanc
792 1755 1230 1810 consecutionem
1265 1770 1381 1811 esse
1410 1770 1614 1820 meam,
1660 1755 1740 1810 vel
1783 1769 1846 1810 ex
1879 1738 1925 1803 Β
1954 1756 2341 1812 historicorum
2381 1755 2660 1827 quondam
2702 1770 2904 1810 nomen
2943 1753 3293 1825 imperatoris
3330 1752 3550 1824 regibus

252 1853 430 1899 mente
458 1860 601 1900 mea.
638 1870 664 1895 α
706 1848 851 1919 Papa
892 1850 1181 1904 Romanus
1211 1848 1373 1905 habet
1403 1848 1496 1921 jus
1526 1847 1843 1920 inungendi,

256 1939 600 1996 consecrandi
670 1949 724 1996 et
795 1942 1094 1998 coronandi
1165 1943 1397 1998 electum
1461 1943 1848 2013 imperatorem

256 2034 665 2102 Romanorum;
720 2051 851 2107 ergo
903 2035 1019 2091 sine
1072 2052 1225 2107 papa:
1276 2036 1503 2092 Romani
1556 2038 1849 2092 conﬁrma-

255 2126 396 2182 tione
447 2127 633 2183 nullus
687 2136 869 2199 potest
908 2144 1026 2185 esse
1067 2128 1341 2203 legitimus
1379 2130 1677 2201 imperator
1726 2131 1847 2185 Ro-

258 2235 563 2277 manorum.
605 2224 674 2276 Et
704 2232 1121 2295 consequenter,
1157 2240 1327 2296 quem
1368 2224 1501 2279 nolit
1539 2239 1676 2295 papa
1715 2240 1844 2280 con—

258 2314 494 2381 ﬁrmare,
546 2316 591 2372 is
627 2332 729 2372 nec
764 2316 978 2385 debeat,
1019 2334 1119 2373 nec
1164 2318 1333 2388 possit
1368 2334 1486 2374 esse
1530 2321 1609 2374 vel
1661 2318 1845 2373 nomi-

258 2409 367 2463 nari
414 2408 733 2481 imperator.
790 2433 815 2457 ι
854 2412 986 2467 Haec
1028 2411 1254 2467 latronis
1299 2410 1460 2467 frater
1506 2427 1570 2468 ex
1615 2428 1713 2467 suo
1756 2428 1847 2467 ce-

258 2502 412 2557 rebro
444 2502 579 2558 mihi
604 2502 815 2575 afﬁngit
850 2512 905 2559 et
941 2503 1255 2562 admetitur.
1282 2506 1423 2561 Nam
1453 2521 1519 2560 ex
1550 2505 1664 2561 sola
1694 2506 1849 2561 inun-

261 2596 427 2651 ctione
466 2605 523 2651 et
561 2598 972 2654 consecratione
1017 2614 1305 2670 nunquam
1352 2598 1665 2671 hujusmodi
1695 2615 1849 2670 argu-

260 2699 504 2746 mentum
532 2690 679 2753 duxi,
710 2698 889 2747 certus
914 2707 1132 2749 summo
1178 2692 1418 2764 pontifici
1452 2693 1508 2747 in
1556 2693 1848 2761 imperium

261 2785 568 2840 Romanum
600 2784 719 2855 plus
748 2785 1029 2857 potestatis
1056 2800 1176 2841 esse
1213 2802 1380 2858 quam
1409 2785 1479 2840 sit
1505 2786 1619 2841 sola
1646 2795 1700 2840 et
1728 2801 1846 2840 me—

260 2892 312 2931 ra
345 2880 684 2934 consecratio
713 2887 769 2933 et
804 2878 1043 2935 inunctio
1075 2879 1228 2935 electi
1266 2878 1639 2950 imperatoris;
1679 2878 1844 2950 idque

262 2986 320 3025 ex
348 2971 594 3041 ipsorum
624 2987 816 3043 regum
840 2988 906 3029 ac
934 2973 1320 3044 imperatorum
1351 2972 1843 3038 testiﬁcationibus,

262 3080 323 3120 ex
363 3064 601 3121 historiis
641 3074 753 3121 tam
800 3067 970 3122 sacris
1011 3082 1179 3139 quam
1224 3065 1480 3138 profanis,
1520 3083 1585 3123 ex
1623 3065 1848 3122 vetustis

261 3157 444 3213 litteris
488 3167 548 3214 et
591 3159 1005 3231 diplomatibus,
1060 3168 1114 3215 et
1149 3176 1214 3216 ex
1266 3161 1543 3216 communi
1597 3161 1848 3216 omnium

261 3267 417 3308 sensu
446 3253 952 3326 comprobaveram.
999 3254 1264 3326 Quocirca
1306 3263 1472 3311 ruunt
1510 3270 1851 3327 quaecunque

1956 1865 2067 1904 non
2105 1849 2381 1905 coronatis
2408 1848 2761 1915 tribuerunt,
2783 1846 2839 1903 id
2876 1855 2972 1902 aut
3016 1846 3119 1901 lata
3170 1845 3407 1925 quadam
3445 1860 3549 1901 no-

1956 1942 2106 1998 tione
2130 1941 2395 2008 fecerunt,
2435 1950 2528 1997 aut
2556 1957 2761 1998 nomen
2790 1940 3139 2009 imperatoris
3162 1955 3262 2012 pro
3292 1938 3549 2011 designa-

1957 2044 2013 2091 to
2042 2044 2097 2091 et
2125 2036 2298 2091 electo
2327 2036 2659 2106 imperatore
2687 2042 3041 2106 usurparunt,
3059 2041 3121 2088 ut
3139 2033 3259 2104 jam
3296 2047 3441 2104 saepe
3468 2031 3549 2087 di-

1955 2138 2109 2186 ctum
2136 2138 2236 2186 est.
2270 2131 2386 2186 Nec
2415 2128 2476 2184 in
2510 2128 2617 2185 alio
2648 2143 2883 2184 numero
2924 2126 3056 2199 poni
3083 2125 3286 2183 debent
3308 2124 3548 2181 insanis-

1956 2223 2084 2280 simi
2118 2232 2172 2278 et
2199 2222 2553 2279 furiosissimi
2578 2221 2887 2279 Calvinistae
2917 2220 3079 2293 hujus
3105 2220 3213 2290 logi
3238 2218 3550 2291 (Germani-

1956 2334 2033 2375 ca:
2081 2316 2281 2388 Lugeu)
2326 2332 2493 2390 quam
2532 2316 2591 2370 in
2636 2314 3048 2370 teterrimarum
3094 2311 3549 2369 criminatiouum

1955 2412 2232 2480 Catalogo,
2266 2410 2485 2481 quando
2529 2409 2875 2474 vociferatur,
2909 2423 3010 2464 nos
3039 2420 3258 2480 negare,
3307 2429 3332 2455 α
3366 2406 3549 2477 impe-

1956 2512 2197 2560 ratorem
2239 2504 2343 2559 hoc
2384 2505 2504 2576 ipso
2550 2502 2698 2573 quod
2752 2502 2957 2558 electus
3007 2509 3111 2569 est,
3172 2501 3327 2573 plena
3373 2507 3554 2571 potes-

1955 2606 2068 2654 tate
2091 2614 2179 2654 res
2202 2596 2422 2669 imperii
2449 2594 2873 2651 administrandi
2902 2595 3088 2667 potiri,
3113 2610 3215 2649 nec
3256 2594 3552 2665 imperato-

1956 2708 2096 2758 rem,
2143 2706 2244 2746 nec
2292 2696 2603 2761 Augustum
2640 2705 2757 2745 esse
2792 2697 2887 2744 aut
2927 2688 3207 2744 nominari
3260 2686 3483 2742 debere.
3525 2708 3550 2734 ιι

1957 2787 2095 2855 Quae
2138 2784 2324 2840 omnia
2368 2784 2598 2854 deputes
2641 2781 2803 2853 hujus
2842 2780 3151 2837 Calvinistaa
3193 2779 3477 2851 magistro,
3522 2794 3554 2832 a

1959 2894 2068 2950 quo
2090 2877 2273 2933 omnis
2292 2876 2561 2932 calumnia
2584 2883 2639 2930 et
2661 2874 3038 2947 sycophantia,
3078 2881 3345 2941 tanquam
3380 2871 3556 2943 prima

1956 2972 2027 3029 ab
2073 2971 2283 3044 origine
2307 2977 2526 3036 manat;
2558 2968 2717 3039 cujus
2746 2967 2946 3040 spiritu
2987 2974 3043 3022 et
3074 2964 3265 3021 habitu
3294 2963 3470 3035 spirat
3501 2970 3558 3017 et

1959 3066 2106 3121 halat
2136 3064 2323 3121 rabula
2366 3062 2490 3129 iste,
2532 3062 2796 3135 quidquid
2827 3061 2999 3135 spirat
3035 3067 3091 3116 et
3135 3058 3301 3123 halat,
3337 3057 3433 3129 qui
3468 3056 3557 3113 vix

1959 3168 2137 3232 potest
2165 3160 2267 3214 tria
2295 3158 2454 3213 verba
2494 3157 2736 3229 proferre
2760 3156 2895 3229 quin
2925 3162 3165 3226 quatuor
3192 3160 3288 3209 aut
3313 3150 3555 3224 quinque

1960 3253 2248 3311 mendacia
2272 3252 2602 3308 contineant.

257 3394 3555 3435 M‘

1582 3519 2240 3602 DISSERTATIO

674 3705 852 3820 DE
955 3704 1504 3823 OFFICIO
1603 3704 2089 3822 SANCTI
2187 3699 2861 3817 GREGORII
2942 3696 3139 3817 VII

982 3900 1142 3968 (Dom
1190 3896 1584 3967 Guﬁnauann,
1632 3900 1965 3955 Institutions
1995 3897 2339 3966 liturgiques,
2401 3900 2442 3947 t.
2486 3894 2568 3960 II,
2598 3908 2653 3964 p.
2684 3890 2832 3961 450.)

324 4132 419 4188 Un
447 4130 544 4187 des
592 4145 757 4187 noms
785 4129 863 4186 les
906 4130 1028 4202 plus
1062 4128 1312 4203 glorieux
1347 4129 1414 4187 de
1443 4130 1707 4187 l’histoire
1748 4138 1849 4197 est,
1882 4135 1931 4197 D
1960 4129 2055 4186 des
2092 4128 2264 4186 saints
2302 4134 2356 4183 et
2399 4124 2681 4199 proposait
2716 4123 2746 4179 ἐι
2789 4124 2837 4178 Ia
2880 4118 3194 4179 vénératiou
3236 4117 3557 4175 universelle

265 4241 379 4280 sans
399 4223 681 4280 contredit
701 4222 1076 4295 aujourd‘hui,
1106 4224 1153 4279 le
1182 4240 1314 4279 nom
1343 4222 1421 4279 du
1452 4222 1621 4297 graud
1643 4222 1852 4297 pontife

266 4318 399 4373 saint
428 4316 697 4389 Grégoire
725 4318 848 4372 VII.
890 4319 1015 4373 Une
1037 4316 1239 4388 justice
1270 4317 1499 4382 tardive,
1531 4316 1671 4374 mais
1709 4318 1853 4372 écla-

266 4417 423 4477 tante,
457 4426 488 4465 a
515 4409 604 4466 été
632 4408 838 4466 rendue
866 4410 895 4465 ἐι
926 4426 989 4466 ce
1020 4409 1184 4466 heros
1210 4409 1276 4465 de
1301 4401 1516 4482 l’Eglise
1542 4419 1595 4466 et
1615 4411 1681 4467 de
1710 4410 1853 4466 l’hu-

265 4503 488 4570 manité,
534 4512 589 4558 et
619 4503 727 4559 I'ou
760 4513 891 4575 peut
934 4504 1115 4560 méme
1140 4504 1258 4559 dire
1290 4521 1395 4576 que
1425 4521 1483 4560 sa
1514 4504 1684 4577 gloire
1714 4504 1854 4559 croit

264 4610 454 4652 encore
502 4606 631 4652 tous
678 4596 755 4652 les
787 4597 964 4669 jours.
1022 4600 1170 4653 Pour
1222 4597 1370 4653 aider
1399 4598 1428 4653 ὲ
1478 4606 1678 4653 mettre
1720 4597 1854 4653 dans

269 4694 418 4746 toute
445 4706 545 4745 son
562 4689 827 4746 évidence
851 4706 911 4746 ce
934 4690 1281 4763 phénoméne
1310 4691 1691 4763 providentiel,
1714 4707 1855 4745 nous

271 4795 431 4839 avons
454 4785 649 4851 voulu,
677 4782 812 4840 dans
852 4784 902 4839 le
929 4785 1152 4856 présent
1180 4784 1445 4857 chapitre,
1469 4793 1722 4840 raconter
1750 4798 1856 4839 une

270 4872 423 4933 faible
447 4878 622 4950 partie
650 4878 748 4934 des
772 4887 1027 4950 outrages
1049 4895 1154 4950 que
1185 4895 1246 4935 ce
1274 4879 1447 4951 grand
1473 4876 1723 4947 homine,
1751 4893 1857 4950 que

276 4976 347 5024 cet
379 4970 691 5028 admirable
733 4971 878 5028 saint
918 4988 948 5026 a
977 4972 1221 5045 essuyés,
1262 4989 1377 5028 non
1417 4973 1483 5028 de
1529 4972 1577 5028 la
1608 4980 1727 5044 part
1763 4971 1858 5027 des

278 5072 596 5130 protestants
621 5074 679 5121 et
706 5065 803 5122 des
823 5064 1180 5138 philosophes
1206 5065 1281 5122 du
1301 5066 1518 5122 dernier
1537 5066 1701 5120 siecle
1728 5065 1859 5135 (ceci

282 5159 427 5213 serait
452 5160 641 5216 moins
671 5158 997 5231 instructif),
1020 5160 1158 5215 mais
1182 5160 1247 5215 de
1281 5160 1327 5215 la
1351 5167 1472 5231 part
1491 5158 1561 5214 de
1592 5158 1862 5230 plusieurs

284 5250 392 5316 qui,
438 5252 771 5326 prétendant
808 5253 1121 5325 appartenir
1158 5253 1409 5326 toujours
1449 5252 1477 5307 ὸ
1516 5242 1736 5323 I‘Eglise
1777 5266 1864 5307 ro-

289 5342 477 5409 maiue,
497 5347 653 5403 n’ont
681 5361 778 5418 pas
808 5345 988 5402 craint
1011 5345 1075 5401 de
1105 5347 1343 5413 récuser,
1376 5362 1565 5402 comme
1592 5348 1860 5410 interesse,

289 5428 528 5509 l’auguste
555 5441 845 5512 jugement
875 5455 970 5511 par
999 5439 1170 5511 lequel
1202 5440 1303 5537 (ξιξ
1326 5439 1612 5496 inscrivait
1642 5455 1711 5494 au
1731 5455 1867 5511 rang

317 5572 489 5648 _(286l
532 5578 689 5631 Nous
719 5591 948 5632 oserons
991 5575 1109 5632 dire
1154 5577 1386 5648 quelque
1415 5575 1578 5648 chose
1621 5573 1717 5631 des
1752 5591 1869 5632 mm

317 5594 489 5647 ,μων
532 5594 689 5631 nous
719 5594 948 5632 oserons
991 5594 1109 5632 nire
1154 5594 1273 5648 quel
1319 5594 1386 5631 ue
1415 5594 1578 5631 cnose
1621 5594 1717 5631 ues
1752 5594 1869 5632 mo.

295 5639 375 5695 υἷε
401 5650 715 5722 persounels
742 5649 834 5722 qui
865 5665 1004 5722 nous
1032 5594 1324 5722 obligem?!
1356 5646 1618 5722 défeudre
1647 5656 1702 5703 et
1730 5648 1869 5722 alio-

296 5723 440 5793 porer
468 5719 514 5773 la
548 5718 822 5793 memoire
849 5718 914 5774 de
934 5722 1075 5777 saint
1102 5718 1373 5793 Grégoire
1394 5722 1523 5793 VII,
1556 5720 1614 5775 Si
1635 5736 1737 5775 nos
1764 5720 1871 5793 lec-

298 5786 430 5840 teurs
450 5804 502 5845 se
525 5790 891 5845 souviennent
916 5809 1018 5864 que
1041 5810 1103 5851 ce
1120 5786 1295 5869 grafid
1332 5790 1565 5865 pontife,
1596 5793 1784 5848 moine
1802 5789 1871 5847 de

558 5881 791 5935 Ρλτκοι..
834 5880 1079 5941 CXLVIII.

1961 4240 2022 4278 ce
2049 4221 2258 4292 pontife
2282 4219 2701 4276 véritablemeut
2726 4216 3087 4288 apostolique.
3116 4214 3158 4269 Il
3195 4220 3279 4269 est
3306 4211 3421 4267 bon
3452 4227 3556 4281 que

1961 4316 2193 4372 certains
2220 4314 2344 4369 faits
2373 4310 2852 4381 caractéristiques
2880 4308 3047 4363 d’une
3078 4308 3312 4377 époque,
3342 4313 3397 4361 et
3425 4320 3559 4375 pro-

1963 4425 2085 4480 pres
2121 4408 2149 4464 ὲ
2179 4415 2429 4464 montrer
2455 4422 2522 4461 en
2546 4404 2759 4459 actions
2787 4401 3020 4457 certaius
3046 4398 3343 4472 principes,
3377 4397 3559 4452 soient

1957 4500 2422 4573 impartialement
2441 4495 2769 4570 enregistrés
2787 4502 2839 4549 et
2861 4491 3096 4565 publiés,
3122 4491 3255 4547 dans
3282 4490 3329 4546 la
3352 4488 3557 4545 crainte

1958 4611 2091 4668 que,
2124 4611 2212 4650 ces
2237 4593 2445 4649 mémes
2475 4592 2604 4647 faits
2632 4596 2831 4645 venant
2859 4588 2887 4641 ξι
2918 4602 2975 4641 se
3006 4584 3224 4658 perdre,
3254 4585 3332 4639 les
3374 4584 3563 4658 lecons

1962 4689 2327 4760 importantes
2361 4686 2528 4757 qu’on
2557 4700 2625 4739 en
2656 4690 2785 4755 peut
2806 4681 2940 4736 tirer
2968 4696 3037 4735 ne
3066 4678 3247 4735 soient
3269 4693 3337 4733 en
3376 4676 3560 4734 méme

1964 4791 2143 4853 temps
2204 4780 2454 4853 perdues.
2508 4779 2565 4834 Si
2621 4778 2855 4848 quelque
2906 4772 3165 4831 défaveur
3210 4772 3418 4837 devait,
3488 4769 3559 4827 de

1962 4892 2063 4932 nos
2093 4876 2248 4947 jours
2290 4888 2508 4941 encore,
2550 4870 2874 4944 poursuivre
2912 4868 3052 4924 celui
3096 4866 3190 4939 qui
3220 4881 3311 4921 ose
3350 4864 3559 4937 plaider

1964 4986 2071 5026 une
2110 4968 2327 5041 pareille
2366 4982 2558 5033 cause,
2598 4981 2739 5021 nous
2778 4954 3115 5033 l’acceptons'
3146 4958 3394 5027 d’oftice,
3436 4965 3561 5013 tout

1966 5061 2193 5134 indigne
2222 5076 2326 5134 que
2362 5075 2502 5116 nous
2538 5074 2609 5114 en
2640 5072 2903 5119 sommes,
2945 5063 2999 5111 et
3037 5069 3179 5109 nous
3208 5069 3343 5109 uous
3372 5052 3563 5107 Ievons

1969 5172 2093 5211 sans
2116 5155 2324 5211 crainte
2350 5169 2493 5227 pour
2520 5168 2717 5223 venger
2740 5149 2881 5206 celui
2908 5149 3023 5221 qui,
3053 5164 3183 5203 avec
3206 5163 3305 5202 son
3336 5153 3565 5216 auguste

1970 5250 2356 5322 prédécesseur
2386 5248 2529 5303 saint
2561 5244 2829 5316 Grégoire
2862 5245 2957 5309 1",
2984 5251 3065 5297 est
3095 5250 3149 5296 et
3170 5239 3491 5295 dcmeurera
3515 5237 3567 5294 Ie

1970 5344 2093 5415 plus
2115 5346 2288 5415 grand
2315 5341 2411 5396 des
2442 5356 2604 5412 papes
2624 5354 2728 5411 que
2748 5336 2948 5393 l'ordre
2967 5333 3286 5391 Bénédictin
3310 5332 3386 5388 ait
3409 5330 3566 5389 four-

1972 5437 2062 5493 nis
2092 5437 2122 5492 ὲ
2150 5429 2367 5509 I’Eglisc
2404 5439 2566 5501 (286).

1975 5573 2344 5630 Saint-Pierre
2396 5571 2463 5626 de
2501 5569 2698 5640 Cluny,
2740 5580 2824 5626 est
2865 5584 2974 5625 une
3019 5567 3117 5622 des
3162 5566 3360 5637 gloires
3403 5562 3472 5617 de
3515 5563 3567 5640 l_a

1976 5649 2191 5701 France
2240 5642 2605 5715 bénédictine,
2645 5631 3004 5715 etqu’avant
3041 5631 3354 5715 demoriter
3383 5648 3477 5715 sur
3514 5631 3569 5715 la

1978 5697 2263 5772 chaviireide
2286 5697 2674 5778 Saint-Pierre,
2701 5697 2966 5782 ilhccupa
2993 5711 3041 5763 le
3066 5707 3214 5779 siége
3242 5697 3569 5782 abbatial'de

1982 5769 2571 5859 I’insigne'monastére
2601 5769 2673 5838 dc,
2705 5769 3016 5840 Saiht-f’aul
3055 5769 3213 5833 eam
3248 5774 3439 5830 mantia
3477 5769 3571 5824 Ur-

3191 5869 3222 5920 8
