  <div class='ocr_page' id='page_1' title='image "/cluster/home/n/w/nwhite01/storage/ocr_20150623/148/hvd.32044054760061/129.png"; bbox 0 0 4106 6182; ppageno 0'>
   <div class='ocr_carea' id='block_1_1' title="bbox 515 313 619 367">
    <p class='ocr_par' dir='ltr' id='par_1_1' title="bbox 515 313 619 367">
     <span class='ocr_line' id='line_1_1' title="bbox 515 313 619 367; baseline -0.019 0"><span class='ocrx_word' id='word_1_1' title='bbox 515 313 619 367; x_wconf 79' lang='grc'><strong>247</strong></span> 
     </span>
    </p>
   </div>
   <div class='ocr_carea' id='block_1_2' title="bbox 1745 294 2589 359">
    <p class='ocr_par' dir='ltr' id='par_1_2' title="bbox 1745 294 2589 359">
     <span class='ocr_line' id='line_1_2' title="bbox 1745 294 2589 359; baseline 0.001 -4"><span class='ocrx_word' id='word_1_2' title='bbox 1745 300 1801 355; x_wconf 91' lang='lat' dir='ltr'><strong>S.</strong></span> <span class='ocrx_word' id='word_1_3' title='bbox 1842 294 2221 359; x_wconf 75' lang='lat' dir='ltr'><strong>GREGORTUS</strong></span> <span class='ocrx_word' id='word_1_4' title='bbox 2259 297 2349 353; x_wconf 89' lang='lat' dir='ltr'><strong>VII</strong></span> <span class='ocrx_word' id='word_1_5' title='bbox 2387 297 2589 356; x_wconf 71' lang='lat' dir='ltr'><strong>PAPA.‘</strong></span> 
     </span>
    </p>
   </div>
   <div class='ocr_carea' id='block_1_3' title="bbox 3706 297 3813 352">
    <p class='ocr_par' dir='ltr' id='par_1_3' title="bbox 3706 297 3813 352">
     <span class='ocr_line' id='line_1_3' title="bbox 3706 297 3813 352; baseline 0 0"><span class='ocrx_word' id='word_1_6' title='bbox 3706 297 3813 352; x_wconf 72' lang='grc'><strong>248</strong></span> 
     </span>
    </p>
   </div>
   <div class='ocr_carea' id='block_1_4' title="bbox 522 422 3816 506">
    <p class='ocr_par' dir='ltr' id='par_1_4' title="bbox 522 422 3816 506">
     <span class='ocr_line' id='line_1_4' title="bbox 522 422 3816 506; baseline -0.004 -15"><span class='ocrx_word' id='word_1_7' title='bbox 522 461 546 483; x_wconf 75' lang='grc' dir='ltr'><strong>ιε</strong></span> <span class='ocrx_word' id='word_1_8' title='bbox 591 435 745 492; x_wconf 89' lang='lat' dir='ltr'><strong>laicis</strong></span> <span class='ocrx_word' id='word_1_9' title='bbox 792 447 1114 506; x_wconf 87' lang='lat' dir='ltr'><strong>oppressam</strong></span> <span class='ocrx_word' id='word_1_10' title='bbox 1157 444 1220 485; x_wconf 93' lang='lat' dir='ltr'><strong>ac</strong></span> <span class='ocrx_word' id='word_1_11' title='bbox 1253 427 1580 499; x_wconf 88' lang='lat' dir='ltr'><strong>depravatos</strong></span> <span class='ocrx_word' id='word_1_12' title='bbox 1607 426 2104 482; x_wconf 89' lang='lat' dir='ltr'><strong>ecclesiasticorum</strong></span> <span class='ocrx_word' id='word_1_13' title='bbox 2140 426 2194 491; x_wconf 87' lang='grc' dir='ltr'><strong>Α</strong></span> <span class='ocrx_word' id='word_1_14' title='bbox 2220 447 2245 472; x_wconf 80' lang='grc' dir='ltr'><strong>«ι</strong></span> <span class='ocrx_word' id='word_1_15' title='bbox 2289 423 2346 478; x_wconf 92' lang='lat' dir='ltr'><strong>in</strong></span> <span class='ocrx_word' id='word_1_16' title='bbox 2376 422 2528 479; x_wconf 89' lang='lat' dir='ltr'><strong>Urbe</strong></span> <span class='ocrx_word' id='word_1_17' title='bbox 2551 422 2775 495; x_wconf 88' lang='lat' dir='ltr'><strong>synodis</strong></span> <span class='ocrx_word' id='word_1_18' title='bbox 2792 423 3069 494; x_wconf 83' lang='lat' dir='ltr'><strong>sapienter</strong></span> <span class='ocrx_word' id='word_1_19' title='bbox 3090 424 3401 494; x_wconf 78' lang='lat' dir='ltr'><strong>constituit,</strong></span> <span class='ocrx_word' id='word_1_20' title='bbox 3422 425 3503 479; x_wconf 92' lang='lat' dir='ltr'><strong>vir</strong></span> <span class='ocrx_word' id='word_1_21' title='bbox 3531 439 3658 480; x_wconf 89' lang='lat' dir='ltr'><strong>vere</strong></span> <span class='ocrx_word' id='word_1_22' title='bbox 3678 439 3816 479; x_wconf 91' lang='lat' dir='ltr'><strong>san-</strong></span> 
     </span>
    </p>
   </div>
   <div class='ocr_carea' id='block_1_5' title="bbox 522 519 2109 588">
    <p class='ocr_par' dir='ltr' id='par_1_5' title="bbox 522 519 2109 588">
     <span class='ocr_line' id='line_1_5' title="bbox 522 519 2109 588; baseline -0.008 -2"><span class='ocrx_word' id='word_1_23' title='bbox 522 554 546 579; x_wconf 81' lang='grc' dir='ltr'>ιι</span> <span class='ocrx_word' id='word_1_24' title='bbox 587 544 775 586; x_wconf 88' lang='lat' dir='ltr'><strong>mores</strong></span> <span class='ocrx_word' id='word_1_25' title='bbox 803 524 1177 583; x_wconf 84' lang='lat' dir='ltr'><strong>vehementius</strong></span> <span class='ocrx_word' id='word_1_26' title='bbox 1203 522 1417 588; x_wconf 89' lang='lat' dir='ltr'><strong>dolens,</strong></span> <span class='ocrx_word' id='word_1_27' title='bbox 1449 521 1509 576; x_wconf 91' lang='lat' dir='ltr'><strong>in</strong></span> <span class='ocrx_word' id='word_1_28' title='bbox 1537 519 1881 577; x_wconf 85' lang='lat' dir='ltr'><strong>Cluniacensi</strong></span> <span class='ocrx_word' id='word_1_29' title='bbox 1910 533 2109 579; x_wconf 84' lang='lat' dir='ltr'><strong>mona-</strong></span> 
     </span>
    </p>
   </div>
   <div class='ocr_carea' id='block_1_6' title="bbox 524 612 2110 689">
    <p class='ocr_par' dir='ltr' id='par_1_6' title="bbox 524 612 2110 689">
     <span class='ocr_line' id='line_1_6' title="bbox 524 612 2110 689; baseline -0.008 -10"><span class='ocrx_word' id='word_1_30' title='bbox 524 646 548 672; x_wconf 77' lang='grc' dir='ltr'><strong>α</strong></span> <span class='ocrx_word' id='word_1_31' title='bbox 592 623 780 689; x_wconf 84' lang='lat' dir='ltr'><strong>sterio,</strong></span> <span class='ocrx_word' id='word_1_32' title='bbox 809 620 905 674; x_wconf 84' lang='lat' dir='ltr'><strong>ubi</strong></span> <span class='ocrx_word' id='word_1_33' title='bbox 935 618 1035 675; x_wconf 91' lang='lat' dir='ltr'><strong>sub</strong></span> <span class='ocrx_word' id='word_1_34' title='bbox 1059 618 1247 689; x_wconf 83' lang='lat' dir='ltr'><strong>regula</strong></span> <span class='ocrx_word' id='word_1_35' title='bbox 1279 615 1455 671; x_wconf 82' lang='lat' dir='ltr'><strong>sancti</strong></span> <span class='ocrx_word' id='word_1_36' title='bbox 1479 614 1761 670; x_wconf 85' lang='lat' dir='ltr'><strong>Benedicti</strong></span> <span class='ocrx_word' id='word_1_37' title='bbox 1788 612 2110 669; x_wconf 87' lang='lat' dir='ltr'><strong>austerioris</strong></span> 
     </span>
    </p>
   </div>
   <div class='ocr_carea' id='block_1_7' title="bbox 521 704 2106 780">
    <p class='ocr_par' dir='ltr' id='par_1_7' title="bbox 521 704 2106 780">
     <span class='ocr_line' id='line_1_7' title="bbox 521 704 2106 780; baseline -0.008 -9"><span class='ocrx_word' id='word_1_38' title='bbox 521 740 547 765; x_wconf 73' lang='grc' dir='ltr'>α</span> <span class='ocrx_word' id='word_1_39' title='bbox 589 716 715 770; x_wconf 71' lang='lat' dir='ltr'><strong>vita:</strong></span> <span class='ocrx_word' id='word_1_40' title='bbox 760 711 1113 769; x_wconf 84' lang='lat' dir='ltr'><strong>observantia</strong></span> <span class='ocrx_word' id='word_1_41' title='bbox 1157 726 1222 766; x_wconf 91' lang='lat' dir='ltr'><strong>eo</strong></span> <span class='ocrx_word' id='word_1_42' title='bbox 1266 718 1520 780; x_wconf 87' lang='lat' dir='ltr'><strong>tempore</strong></span> <span class='ocrx_word' id='word_1_43' title='bbox 1566 708 1808 764; x_wconf 84' lang='lat' dir='ltr'><strong>maxime</strong></span> <span class='ocrx_word' id='word_1_44' title='bbox 1863 704 2106 777; x_wconf 82' lang='lat' dir='ltr'><strong>vigebat,</strong></span> 
     </span>
    </p>
   </div>
   <div class='ocr_carea' id='block_1_8' title="bbox 522 790 2113 871">
    <p class='ocr_par' dir='ltr' id='par_1_8' title="bbox 522 790 2113 871">
     <span class='ocr_line' id='line_1_8' title="bbox 522 790 2113 871; baseline -0.002 -14"><span class='ocrx_word' id='word_1_45' title='bbox 522 832 548 857; x_wconf 76' lang='grc' dir='ltr'><strong>σι</strong></span> <span class='ocrx_word' id='word_1_46' title='bbox 588 807 847 864; x_wconf 87' lang='lat' dir='ltr'><strong>monachi</strong></span> <span class='ocrx_word' id='word_1_47' title='bbox 878 790 1133 861; x_wconf 86' lang='lat' dir='ltr'><strong>habitum</strong></span> <span class='ocrx_word' id='word_1_48' title='bbox 1171 802 1431 869; x_wconf 89' lang='lat' dir='ltr'><strong>induens,</strong></span> <span class='ocrx_word' id='word_1_49' title='bbox 1461 810 1618 857; x_wconf 89' lang='lat' dir='ltr'><strong>tanto</strong></span> <span class='ocrx_word' id='word_1_50' title='bbox 1650 800 1871 871; x_wconf 89' lang='lat' dir='ltr'><strong>pietatis</strong></span> <span class='ocrx_word' id='word_1_51' title='bbox 1917 801 2113 855; x_wconf 88' lang='lat' dir='ltr'><strong>ardore</strong></span> 
     </span>
    </p>
   </div>
   <div class='ocr_carea' id='block_1_9' title="bbox 524 893 2109 970">
    <p class='ocr_par' dir='ltr' id='par_1_9' title="bbox 524 893 2109 970">
     <span class='ocr_line' id='line_1_9' title="bbox 524 893 2109 970; baseline -0.006 -14"><span class='ocrx_word' id='word_1_52' title='bbox 524 924 544 949; x_wconf 73' lang='grc' dir='ltr'><strong>«ι</strong></span> <span class='ocrx_word' id='word_1_53' title='bbox 587 899 788 956; x_wconf 70' lang='lat' dir='ltr'><strong>divina:</strong></span> <span class='ocrx_word' id='word_1_54' title='bbox 818 897 1095 970; x_wconf 86' lang='lat' dir='ltr'><strong>majestati</strong></span> <span class='ocrx_word' id='word_1_55' title='bbox 1117 895 1477 964; x_wconf 88' lang='lat' dir='ltr'><strong>deserviebat,</strong></span> <span class='ocrx_word' id='word_1_56' title='bbox 1496 903 1559 948; x_wconf 89' lang='lat' dir='ltr'><strong>ut</strong></span> <span class='ocrx_word' id='word_1_57' title='bbox 1580 910 1608 949; x_wconf 89' lang='lat' dir='ltr'><strong>a</strong></span> <span class='ocrx_word' id='word_1_58' title='bbox 1636 894 1843 948; x_wconf 90' lang='lat' dir='ltr'><strong>sanctis</strong></span> <span class='ocrx_word' id='word_1_59' title='bbox 1863 893 2109 965; x_wconf 85' lang='lat' dir='ltr'><strong>ejusdem</strong></span> 
     </span>
    </p>
   </div>
   <div class='ocr_carea' id='block_1_10' title="bbox 519 986 2114 1061">
    <p class='ocr_par' dir='ltr' id='par_1_10' title="bbox 519 986 2114 1061">
     <span class='ocr_line' id='line_1_10' title="bbox 519 986 2114 1061; baseline -0.007 -10"><span class='ocrx_word' id='word_1_60' title='bbox 519 1018 544 1043; x_wconf 78' lang='grc' dir='ltr'>ι</span> <span class='ocrx_word' id='word_1_61' title='bbox 587 992 820 1051; x_wconf 72' lang='grc' dir='ltr'><strong>οωῐιοὺίί</strong></span> <span class='ocrx_word' id='word_1_62' title='bbox 886 993 1129 1047; x_wconf 87' lang='lat' dir='ltr'><strong>Patribus</strong></span> <span class='ocrx_word' id='word_1_63' title='bbox 1192 990 1341 1061; x_wconf 90' lang='lat' dir='ltr'><strong>prior</strong></span> <span class='ocrx_word' id='word_1_64' title='bbox 1369 989 1440 1044; x_wconf 86' lang='lat' dir='ltr'><strong>sit</strong></span> <span class='ocrx_word' id='word_1_65' title='bbox 1508 989 1731 1043; x_wconf 88' lang='lat' dir='ltr'><strong>electus.</strong></span> <span class='ocrx_word' id='word_1_66' title='bbox 1780 988 1885 1042; x_wconf 90' lang='lat' dir='ltr'><strong>Sed</strong></span> <span class='ocrx_word' id='word_1_67' title='bbox 1934 986 2114 1041; x_wconf 89' lang='lat' dir='ltr'><strong>divina</strong></span> 
     </span>
    </p>
   </div>
   <div class='ocr_carea' id='block_1_11' title="bbox 522 1080 2115 1155">
    <p class='ocr_par' dir='ltr' id='par_1_11' title="bbox 522 1080 2115 1155">
     <span class='ocr_line' id='line_1_11' title="bbox 522 1080 2115 1155; baseline -0.006 -12"><span class='ocrx_word' id='word_1_68' title='bbox 522 1111 547 1136; x_wconf 79' lang='lat'><strong>«</strong></span> <span class='ocrx_word' id='word_1_69' title='bbox 588 1085 939 1143; x_wconf 86' lang='lat' dir='ltr'><strong>Providentia</strong></span> <span class='ocrx_word' id='word_1_70' title='bbox 968 1085 1176 1155; x_wconf 86' lang='lat' dir='ltr'><strong>majora</strong></span> <span class='ocrx_word' id='word_1_71' title='bbox 1219 1084 1287 1139; x_wconf 88' lang='lat' dir='ltr'><strong>de</strong></span> <span class='ocrx_word' id='word_1_72' title='bbox 1327 1098 1393 1137; x_wconf 91' lang='lat' dir='ltr'><strong>eo</strong></span> <span class='ocrx_word' id='word_1_73' title='bbox 1425 1082 1746 1152; x_wconf 85' lang='lat' dir='ltr'><strong>disponente</strong></span> <span class='ocrx_word' id='word_1_74' title='bbox 1790 1081 1845 1135; x_wconf 91' lang='lat' dir='ltr'><strong>in</strong></span> <span class='ocrx_word' id='word_1_75' title='bbox 1883 1080 2115 1135; x_wconf 86' lang='lat' dir='ltr'><strong>salutem</strong></span> 
     </span>
    </p>
   </div>
   <div class='ocr_carea' id='block_1_12' title="bbox 522 1173 2115 1252">
    <p class='ocr_par' dir='ltr' id='par_1_12' title="bbox 522 1173 2115 1252">
     <span class='ocr_line' id='line_1_12' title="bbox 522 1173 2115 1252; baseline -0.003 -21"><span class='ocrx_word' id='word_1_76' title='bbox 522 1200 549 1231; x_wconf 76' lang='grc' dir='ltr'><strong><em>α</em></strong></span> <span class='ocrx_word' id='word_1_77' title='bbox 590 1180 979 1252; x_wconf 89' lang='lat' dir='ltr'><strong>plurimorum,</strong></span> <span class='ocrx_word' id='word_1_78' title='bbox 1014 1176 1276 1232; x_wconf 89' lang='lat' dir='ltr'><strong>Cluniaco</strong></span> <span class='ocrx_word' id='word_1_79' title='bbox 1306 1176 1533 1232; x_wconf 91' lang='lat' dir='ltr'><strong>eductus</strong></span> <span class='ocrx_word' id='word_1_80' title='bbox 1562 1173 1993 1239; x_wconf 86' lang='lat' dir='ltr'><strong>Hildebrandus,</strong></span> <span class='ocrx_word' id='word_1_81' title='bbox 2021 1173 2115 1227; x_wconf 92' lang='lat' dir='ltr'><strong>ab-</strong></span> 
     </span>
    </p>
   </div>
   <div class='ocr_carea' id='block_1_13' title="bbox 524 1268 2119 1342">
    <p class='ocr_par' dir='ltr' id='par_1_13' title="bbox 524 1268 2119 1342">
     <span class='ocr_line' id='line_1_13' title="bbox 524 1268 2119 1342; baseline -0.002 -19"><span class='ocrx_word' id='word_1_82' title='bbox 524 1296 551 1323; x_wconf 76' lang='grc' dir='ltr'><strong>‹ι</strong></span> <span class='ocrx_word' id='word_1_83' title='bbox 593 1275 691 1329; x_wconf 91' lang='lat' dir='ltr'><strong>bas</strong></span> <span class='ocrx_word' id='word_1_84' title='bbox 720 1273 957 1342; x_wconf 90' lang='lat' dir='ltr'><strong>primum</strong></span> <span class='ocrx_word' id='word_1_85' title='bbox 1004 1269 1319 1325; x_wconf 86' lang='lat' dir='ltr'><strong>monasterii</strong></span> <span class='ocrx_word' id='word_1_86' title='bbox 1357 1268 1533 1325; x_wconf 84' lang='lat' dir='ltr'><strong>sancti</strong></span> <span class='ocrx_word' id='word_1_87' title='bbox 1559 1268 1707 1323; x_wconf 88' lang='lat' dir='ltr'><strong>Pauli</strong></span> <span class='ocrx_word' id='word_1_88' title='bbox 1735 1276 1884 1322; x_wconf 75' lang='lat' dir='ltr'><strong>extra</strong></span> <span class='ocrx_word' id='word_1_89' title='bbox 1930 1281 2119 1321; x_wconf 90' lang='lat' dir='ltr'><strong>muros</strong></span> 
     </span>
    </p>
   </div>
   <div class='ocr_carea' id='block_1_14' title="bbox 525 1360 2122 1434">
    <p class='ocr_par' dir='ltr' id='par_1_14' title="bbox 525 1360 2122 1434">
     <span class='ocr_line' id='line_1_14' title="bbox 525 1360 2122 1434; baseline -0.004 -13"><span class='ocrx_word' id='word_1_90' title='bbox 525 1388 551 1415; x_wconf 72' lang='grc' dir='ltr'><strong>ιι</strong></span> <span class='ocrx_word' id='word_1_91' title='bbox 593 1365 763 1421; x_wconf 85' lang='lat' dir='ltr'><strong>Urbis</strong></span> <span class='ocrx_word' id='word_1_92' title='bbox 806 1364 1032 1431; x_wconf 88' lang='lat' dir='ltr'><strong>electus,</strong></span> <span class='ocrx_word' id='word_1_93' title='bbox 1077 1380 1139 1418; x_wconf 88' lang='lat' dir='ltr'><strong>ac</strong></span> <span class='ocrx_word' id='word_1_94' title='bbox 1166 1362 1521 1434; x_wconf 85' lang='lat' dir='ltr'><strong>postmodum</strong></span> <span class='ocrx_word' id='word_1_95' title='bbox 1565 1365 1837 1416; x_wconf 71' lang='lat' dir='ltr'><strong>Romanae</strong></span> <span class='ocrx_word' id='word_1_96' title='bbox 1865 1360 2122 1415; x_wconf 60' lang='lat' dir='ltr'><strong>Ecclesia</strong></span> 
     </span>
    </p>
   </div>
   <div class='ocr_carea' id='block_1_15' title="bbox 527 1454 2120 1526">
    <p class='ocr_par' dir='ltr' id='par_1_15' title="bbox 527 1454 2120 1526">
     <span class='ocr_line' id='line_1_15' title="bbox 527 1454 2120 1526; baseline -0.001 -16"><span class='ocrx_word' id='word_1_97' title='bbox 527 1482 554 1510; x_wconf 74' lang='grc' dir='ltr'><strong><em>α</em></strong></span> <span class='ocrx_word' id='word_1_98' title='bbox 594 1457 886 1515; x_wconf 88' lang='lat' dir='ltr'><strong>cardinalis</strong></span> <span class='ocrx_word' id='word_1_99' title='bbox 906 1466 1141 1523; x_wconf 89' lang='lat' dir='ltr'><strong>creatus,</strong></span> <span class='ocrx_word' id='word_1_100' title='bbox 1166 1458 1267 1511; x_wconf 84' lang='lat' dir='ltr'><strong>sub</strong></span> <span class='ocrx_word' id='word_1_101' title='bbox 1293 1457 1524 1511; x_wconf 88' lang='lat' dir='ltr'><strong>summis</strong></span> <span class='ocrx_word' id='word_1_102' title='bbox 1546 1454 1913 1526; x_wconf 89' lang='lat' dir='ltr'><strong>pontiﬁcibus,</strong></span> <span class='ocrx_word' id='word_1_103' title='bbox 1936 1456 2120 1509; x_wconf 88' lang='lat' dir='ltr'><strong>Leone</strong></span> 
     </span>
    </p>
   </div>
   <div class='ocr_carea' id='block_1_16' title="bbox 524 1548 2122 1620">
    <p class='ocr_par' dir='ltr' id='par_1_16' title="bbox 524 1548 2122 1620">
     <span class='ocr_line' id='line_1_16' title="bbox 524 1548 2122 1620; baseline -0.004 -12"><span class='ocrx_word' id='word_1_104' title='bbox 524 1576 551 1601; x_wconf 72' lang='grc' dir='ltr'><strong><em>κ</em></strong></span> <span class='ocrx_word' id='word_1_105' title='bbox 590 1568 759 1617; x_wconf 89' lang='lat' dir='ltr'><strong>nono,</strong></span> <span class='ocrx_word' id='word_1_106' title='bbox 807 1552 1025 1606; x_wconf 87' lang='lat' dir='ltr'><strong>Victore</strong></span> <span class='ocrx_word' id='word_1_107' title='bbox 1075 1552 1337 1615; x_wconf 89' lang='lat' dir='ltr'><strong>secundo,</strong></span> <span class='ocrx_word' id='word_1_108' title='bbox 1370 1549 1643 1620; x_wconf 88' lang='lat' dir='ltr'><strong>Stephano</strong></span> <span class='ocrx_word' id='word_1_109' title='bbox 1674 1564 1841 1614; x_wconf 90' lang='lat' dir='ltr'><strong>nono,</strong></span> <span class='ocrx_word' id='word_1_110' title='bbox 1894 1548 2122 1618; x_wconf 76' lang='lat' dir='ltr'><strong>Nicolao</strong></span> 
     </span>
    </p>
   </div>
   <div class='ocr_carea' id='block_1_17' title="bbox 528 1640 2114 1714">
    <p class='ocr_par' dir='ltr' id='par_1_17' title="bbox 528 1640 2114 1714">
     <span class='ocr_line' id='line_1_17' title="bbox 528 1640 2114 1714; baseline -0.003 -16"><span class='ocrx_word' id='word_1_111' title='bbox 528 1665 556 1698; x_wconf 86' lang='grc'><em>‹‹</em></span> <span class='ocrx_word' id='word_1_112' title='bbox 592 1644 835 1702; x_wconf 91' lang='lat' dir='ltr'><strong>secundo</strong></span> <span class='ocrx_word' id='word_1_113' title='bbox 862 1653 917 1699; x_wconf 91' lang='lat' dir='ltr'><strong>et</strong></span> <span class='ocrx_word' id='word_1_114' title='bbox 948 1643 1256 1699; x_wconf 85' lang='lat' dir='ltr'><strong>Alexandro</strong></span> <span class='ocrx_word' id='word_1_115' title='bbox 1284 1644 1522 1698; x_wconf 89' lang='lat' dir='ltr'><strong>secundo</strong></span> <span class='ocrx_word' id='word_1_116' title='bbox 1545 1684 1560 1711; x_wconf 93' lang='lat'><strong>,</strong></span> <span class='ocrx_word' id='word_1_117' title='bbox 1589 1640 1878 1714; x_wconf 68' lang='lat' dir='ltr'><strong>praecipuis</strong></span> <span class='ocrx_word' id='word_1_118' title='bbox 1915 1656 2114 1696; x_wconf 89' lang='lat' dir='ltr'><strong>mune-</strong></span> 
     </span>
    </p>
   </div>
   <div class='ocr_carea' id='block_1_18' title="bbox 527 1734 2112 1810">
    <p class='ocr_par' dir='ltr' id='par_1_18' title="bbox 527 1734 2112 1810">
     <span class='ocr_line' id='line_1_18' title="bbox 527 1734 2112 1810; baseline -0.005 -14"><span class='ocrx_word' id='word_1_119' title='bbox 527 1763 553 1789; x_wconf 74' lang='grc' dir='ltr'><strong>α</strong></span> <span class='ocrx_word' id='word_1_120' title='bbox 593 1740 747 1795; x_wconf 90' lang='lat' dir='ltr'><strong>ribus</strong></span> <span class='ocrx_word' id='word_1_121' title='bbox 774 1746 829 1793; x_wconf 90' lang='lat' dir='ltr'><strong>et</strong></span> <span class='ocrx_word' id='word_1_122' title='bbox 858 1738 1218 1810; x_wconf 82' lang='lat' dir='ltr'><strong>legationibus</strong></span> <span class='ocrx_word' id='word_1_123' title='bbox 1266 1734 1582 1808; x_wconf 85' lang='lat' dir='ltr'><strong>perfunctus</strong></span> <span class='ocrx_word' id='word_1_124' title='bbox 1605 1745 1714 1804; x_wconf 90' lang='lat' dir='ltr'><strong>est,</strong></span> <span class='ocrx_word' id='word_1_125' title='bbox 1752 1735 2112 1798; x_wconf 76' lang='lat' dir='ltr'><strong>sanctissimi,</strong></span> 
     </span>
    </p>
   </div>
   <div class='ocr_carea' id='block_1_19' title="bbox 2216 516 3815 584">
    <p class='ocr_par' dir='ltr' id='par_1_19' title="bbox 2216 516 3815 584">
     <span class='ocr_line' id='line_1_19' title="bbox 2216 516 3815 584; baseline -0.001 -12"><span class='ocrx_word' id='word_1_126' title='bbox 2216 542 2240 565; x_wconf 73' lang='grc' dir='ltr'><strong>«ι</strong></span> <span class='ocrx_word' id='word_1_127' title='bbox 2283 528 2422 584; x_wconf 90' lang='lat' dir='ltr'><strong>ctus,</strong></span> <span class='ocrx_word' id='word_1_128' title='bbox 2452 517 2748 572; x_wconf 88' lang='lat' dir='ltr'><strong>criminum</strong></span> <span class='ocrx_word' id='word_1_129' title='bbox 2797 518 2989 572; x_wconf 84' lang='lat' dir='ltr'><strong>vindex</strong></span> <span class='ocrx_word' id='word_1_130' title='bbox 3020 525 3075 573; x_wconf 91' lang='lat' dir='ltr'><strong>et</strong></span> <span class='ocrx_word' id='word_1_131' title='bbox 3105 518 3405 575; x_wconf 89' lang='lat' dir='ltr'><strong>acerrimus</strong></span> <span class='ocrx_word' id='word_1_132' title='bbox 3437 518 3691 575; x_wconf 69' lang='lat' dir='ltr'><strong>Ecclesiae</strong></span> <span class='ocrx_word' id='word_1_133' title='bbox 3717 516 3815 572; x_wconf 87' lang='lat' dir='ltr'><strong>de-</strong></span> 
     </span>
    </p>
   </div>
   <div class='ocr_carea' id='block_1_20' title="bbox 2220 607 3819 683">
    <p class='ocr_par' dir='ltr' id='par_1_20' title="bbox 2220 607 3819 683">
     <span class='ocr_line' id='line_1_20' title="bbox 2220 607 3819 683; baseline 0 -17"><span class='ocrx_word' id='word_1_134' title='bbox 2220 634 2243 658; x_wconf 76' lang='lat' dir='ltr'><strong>a</strong></span> <span class='ocrx_word' id='word_1_135' title='bbox 2288 607 2493 666; x_wconf 88' lang='lat' dir='ltr'><strong>fensor.</strong></span> <span class='ocrx_word' id='word_1_136' title='bbox 2546 610 2761 667; x_wconf 82' lang='lat' dir='ltr'><strong>Exactis</strong></span> <span class='ocrx_word' id='word_1_137' title='bbox 2796 611 2980 683; x_wconf 88' lang='lat' dir='ltr'><strong>itaque</strong></span> <span class='ocrx_word' id='word_1_138' title='bbox 3034 610 3090 665; x_wconf 92' lang='lat' dir='ltr'><strong>in</strong></span> <span class='ocrx_word' id='word_1_139' title='bbox 3131 611 3453 683; x_wconf 87' lang='lat' dir='ltr'><strong>pontiﬁcatu</strong></span> <span class='ocrx_word' id='word_1_140' title='bbox 3492 611 3645 666; x_wconf 88' lang='lat' dir='ltr'><strong>armis</strong></span> <span class='ocrx_word' id='word_1_141' title='bbox 3682 611 3819 667; x_wconf 88' lang='lat' dir='ltr'><strong>duo-</strong></span> 
     </span>
    </p>
   </div>
   <div class='ocr_carea' id='block_1_21' title="bbox 2222 703 3816 776">
    <p class='ocr_par' dir='ltr' id='par_1_21' title="bbox 2222 703 3816 776">
     <span class='ocr_line' id='line_1_21' title="bbox 2222 703 3816 776; baseline -0.001 -16"><span class='ocrx_word' id='word_1_142' title='bbox 2222 728 2244 753; x_wconf 71' lang='grc' dir='ltr'>ιι</span> <span class='ocrx_word' id='word_1_143' title='bbox 2288 704 2491 771; x_wconf 88' lang='lat' dir='ltr'><strong>decim,</strong></span> <span class='ocrx_word' id='word_1_144' title='bbox 2538 704 2794 776; x_wconf 83' lang='lat' dir='ltr'><strong>migravit</strong></span> <span class='ocrx_word' id='word_1_145' title='bbox 2840 705 2897 759; x_wconf 91' lang='lat' dir='ltr'><strong>in</strong></span> <span class='ocrx_word' id='word_1_146' title='bbox 2947 705 3171 770; x_wconf 75' lang='lat' dir='ltr'><strong>ccelum,</strong></span> <span class='ocrx_word' id='word_1_147' title='bbox 3223 721 3371 760; x_wconf 88' lang='lat' dir='ltr'><strong>anno</strong></span> <span class='ocrx_word' id='word_1_148' title='bbox 3400 704 3592 760; x_wconf 87' lang='lat' dir='ltr'><strong>salutis</strong></span> <span class='ocrx_word' id='word_1_149' title='bbox 3635 703 3816 760; x_wconf 86' lang='lat' dir='ltr'><strong>mille-</strong></span> 
     </span>
    </p>
   </div>
   <div class='ocr_carea' id='block_1_22' title="bbox 2221 797 3819 870">
    <p class='ocr_par' dir='ltr' id='par_1_22' title="bbox 2221 797 3819 870">
     <span class='ocr_line' id='line_1_22' title="bbox 2221 797 3819 870; baseline -0.001 -17"><span class='ocrx_word' id='word_1_150' title='bbox 2221 819 2247 846; x_wconf 76' lang='grc' dir='ltr'><strong>α</strong></span> <span class='ocrx_word' id='word_1_151' title='bbox 2288 799 2431 854; x_wconf 90' lang='lat' dir='ltr'><strong>simo</strong></span> <span class='ocrx_word' id='word_1_152' title='bbox 2462 798 2798 870; x_wconf 88' lang='lat' dir='ltr'><strong>octogesimo</strong></span> <span class='ocrx_word' id='word_1_153' title='bbox 2825 798 3042 869; x_wconf 91' lang='lat' dir='ltr'><strong>quinto,</strong></span> <span class='ocrx_word' id='word_1_154' title='bbox 3087 797 3332 869; x_wconf 89' lang='lat' dir='ltr'><strong>pluribus</strong></span> <span class='ocrx_word' id='word_1_155' title='bbox 3361 797 3415 852; x_wconf 92' lang='lat' dir='ltr'><strong>in</strong></span> <span class='ocrx_word' id='word_1_156' title='bbox 3444 798 3554 853; x_wconf 91' lang='lat' dir='ltr'><strong>vita</strong></span> <span class='ocrx_word' id='word_1_157' title='bbox 3572 840 3584 864; x_wconf 91' lang='lat'><strong>,</strong></span> <span class='ocrx_word' id='word_1_158' title='bbox 3619 805 3675 853; x_wconf 88' lang='lat' dir='ltr'><strong>et</strong></span> <span class='ocrx_word' id='word_1_159' title='bbox 3693 805 3819 869; x_wconf 88' lang='lat' dir='ltr'><strong>post</strong></span> 
     </span>
    </p>
   </div>
   <div class='ocr_carea' id='block_1_23' title="bbox 2222 891 3819 964">
    <p class='ocr_par' dir='ltr' id='par_1_23' title="bbox 2222 891 3819 964">
     <span class='ocr_line' id='line_1_23' title="bbox 2222 891 3819 964; baseline -0.001 -17"><span class='ocrx_word' id='word_1_160' title='bbox 2222 914 2248 941; x_wconf 76' lang='grc' dir='ltr'><strong>α</strong></span> <span class='ocrx_word' id='word_1_161' title='bbox 2290 902 2528 948; x_wconf 90' lang='lat' dir='ltr'><strong>mortem</strong></span> <span class='ocrx_word' id='word_1_162' title='bbox 2560 892 2839 947; x_wconf 87' lang='lat' dir='ltr'><strong>miraculis</strong></span> <span class='ocrx_word' id='word_1_163' title='bbox 2873 891 3072 959; x_wconf 88' lang='lat' dir='ltr'><strong>clarus,</strong></span> <span class='ocrx_word' id='word_1_164' title='bbox 3102 891 3327 964; x_wconf 88' lang='lat' dir='ltr'><strong>ejusque</strong></span> <span class='ocrx_word' id='word_1_165' title='bbox 3356 908 3576 949; x_wconf 90' lang='lat' dir='ltr'><strong>sacrum</strong></span> <span class='ocrx_word' id='word_1_166' title='bbox 3619 906 3819 962; x_wconf 88' lang='lat' dir='ltr'><strong>corpus</strong></span> 
     </span>
    </p>
   </div>
   <div class='ocr_carea' id='block_1_24' title="bbox 2223 984 3817 1042">
    <p class='ocr_par' dir='ltr' id='par_1_24' title="bbox 2223 984 3817 1042">
     <span class='ocr_line' id='line_1_24' title="bbox 2223 984 3817 1042; baseline 0 -3"><span class='ocrx_word' id='word_1_167' title='bbox 2223 1005 2251 1038; x_wconf 84' lang='grc'><strong>‹‹</strong></span> <span class='ocrx_word' id='word_1_168' title='bbox 2291 987 2348 1041; x_wconf 91' lang='lat' dir='ltr'><strong>in</strong></span> <span class='ocrx_word' id='word_1_169' title='bbox 2372 985 2667 1041; x_wconf 88' lang='lat' dir='ltr'><strong>cathedrali</strong></span> <span class='ocrx_word' id='word_1_170' title='bbox 2697 986 2913 1041; x_wconf 88' lang='lat' dir='ltr'><strong>basilica</strong></span> <span class='ocrx_word' id='word_1_171' title='bbox 2936 985 3209 1042; x_wconf 87' lang='lat' dir='ltr'><strong>Salernita</strong></span> <span class='ocrx_word' id='word_1_172' title='bbox 3234 994 3318 1042; x_wconf 89' lang='lat' dir='ltr'><strong>est</strong></span> <span class='ocrx_word' id='word_1_173' title='bbox 3336 984 3636 1042; x_wconf 89' lang='lat' dir='ltr'><strong>honoriﬁce</strong></span> <span class='ocrx_word' id='word_1_174' title='bbox 3678 1000 3817 1040; x_wconf 82' lang='lat' dir='ltr'><strong>con-</strong></span> 
     </span>
    </p>
   </div>
   <div class='ocr_carea' id='block_1_25' title="bbox 2226 1079 2554 1134">
    <p class='ocr_par' dir='ltr' id='par_1_25' title="bbox 2226 1079 2554 1134">
     <span class='ocr_line' id='line_1_25' title="bbox 2226 1079 2554 1134; baseline -0.003 0"><span class='ocrx_word' id='word_1_175' title='bbox 2226 1102 2251 1127; x_wconf 79' lang='lat'><em>«</em></span> <span class='ocrx_word' id='word_1_176' title='bbox 2293 1079 2493 1134; x_wconf 89' lang='lat' dir='ltr'><strong>ditum.</strong></span> <span class='ocrx_word' id='word_1_177' title='bbox 2531 1102 2554 1127; x_wconf 68' lang='grc' dir='ltr'><strong>υ</strong></span> 
     </span>
    </p>
   </div>
   <div class='ocr_carea' id='block_1_26' title="bbox 2295 1170 3820 1245">
    <p class='ocr_par' dir='ltr' id='par_1_26' title="bbox 2295 1170 3820 1245">
     <span class='ocr_line' id='line_1_26' title="bbox 2295 1170 3820 1245; baseline -0.001 -17"><span class='ocrx_word' id='word_1_178' title='bbox 2295 1174 2577 1230; x_wconf 87' lang='lat' dir='ltr'><strong>L’oraison</strong></span> <span class='ocrx_word' id='word_1_179' title='bbox 2608 1174 2702 1245; x_wconf 92' lang='lat' dir='ltr'><strong>qui</strong></span> <span class='ocrx_word' id='word_1_180' title='bbox 2730 1172 3002 1244; x_wconf 75' lang='lat' dir='ltr'><strong>complete</strong></span> <span class='ocrx_word' id='word_1_181' title='bbox 3030 1182 3085 1228; x_wconf 90' lang='lat' dir='ltr'><strong>et</strong></span> <span class='ocrx_word' id='word_1_182' title='bbox 3113 1173 3333 1230; x_wconf 78' lang='lat' dir='ltr'><strong>resume</strong></span> <span class='ocrx_word' id='word_1_183' title='bbox 3358 1171 3557 1229; x_wconf 82' lang='lat' dir='ltr'><strong>l’ofﬁce</strong></span> <span class='ocrx_word' id='word_1_184' title='bbox 3580 1170 3655 1228; x_wconf 88' lang='lat' dir='ltr'><strong>de</strong></span> <span class='ocrx_word' id='word_1_185' title='bbox 3674 1172 3820 1228; x_wconf 88' lang='lat' dir='ltr'><strong>saint</strong></span> 
     </span>
    </p>
   </div>
   <div class='ocr_carea' id='block_1_27' title="bbox 2227 1266 3817 1340">
    <p class='ocr_par' dir='ltr' id='par_1_27' title="bbox 2227 1266 3817 1340">
     <span class='ocr_line' id='line_1_27' title="bbox 2227 1266 3817 1340; baseline -0.003 -15"><span class='ocrx_word' id='word_1_186' title='bbox 2227 1267 2493 1340; x_wconf 85' lang='lat' dir='ltr'><strong>Grégoire</strong></span> <span class='ocrx_word' id='word_1_187' title='bbox 2533 1269 2653 1335; x_wconf 86' lang='lat' dir='ltr'><strong>VII,</strong></span> <span class='ocrx_word' id='word_1_188' title='bbox 2684 1284 2751 1323; x_wconf 91' lang='lat' dir='ltr'><strong>au</strong></span> <span class='ocrx_word' id='word_1_189' title='bbox 2809 1267 2995 1323; x_wconf 89' lang='lat' dir='ltr'><strong>missel</strong></span> <span class='ocrx_word' id='word_1_190' title='bbox 3027 1276 3083 1323; x_wconf 89' lang='lat' dir='ltr'><strong>et</strong></span> <span class='ocrx_word' id='word_1_191' title='bbox 3120 1282 3189 1323; x_wconf 92' lang='lat' dir='ltr'><strong>an</strong></span> <span class='ocrx_word' id='word_1_192' title='bbox 3236 1266 3523 1336; x_wconf 86' lang='lat' dir='ltr'><strong>bréviaire,</strong></span> <span class='ocrx_word' id='word_1_193' title='bbox 3567 1274 3647 1322; x_wconf 89' lang='lat' dir='ltr'><strong>est</strong></span> <span class='ocrx_word' id='word_1_194' title='bbox 3676 1266 3817 1321; x_wconf 90' lang='lat' dir='ltr'><strong>ainsi</strong></span> 
     </span>
    </p>
   </div>
   <div class='ocr_carea' id='block_1_28' title="bbox 2227 1378 2466 1436">
    <p class='ocr_par' dir='ltr' id='par_1_28' title="bbox 2227 1378 2466 1436">
     <span class='ocr_line' id='line_1_28' title="bbox 2227 1378 2466 1436; baseline 0 -19"><span class='ocrx_word' id='word_1_195' title='bbox 2227 1378 2466 1436; x_wconf 65' lang='lat' dir='ltr'><strong>conque:</strong></span> 
     </span>
    </p>
   </div>
   <div class='ocr_carea' id='block_1_29' title="bbox 2297 1454 3823 1531">
    <p class='ocr_par' dir='ltr' id='par_1_29' title="bbox 2297 1454 3823 1531">
     <span class='ocr_line' id='line_1_29' title="bbox 2297 1454 3823 1531; baseline -0.002 -19"><span class='ocrx_word' id='word_1_196' title='bbox 2297 1460 2455 1521; x_wconf 85' lang='lat' dir='ltr'><strong>Deus,</strong></span> <span class='ocrx_word' id='word_1_197' title='bbox 2478 1458 2537 1510; x_wconf 86' lang='lat' dir='ltr'><strong>in</strong></span> <span class='ocrx_word' id='word_1_198' title='bbox 2552 1461 2601 1510; x_wconf 87' lang='lat' dir='ltr'><strong>te</strong></span> <span class='ocrx_word' id='word_1_199' title='bbox 2622 1458 2955 1526; x_wconf 83' lang='lat' dir='ltr'><strong>sperantium</strong></span> <span class='ocrx_word' id='word_1_200' title='bbox 2971 1454 3263 1531; x_wconf 73' lang='lat' dir='ltr'><strong>fortitudo,</strong></span> <span class='ocrx_word' id='word_1_201' title='bbox 3279 1458 3378 1525; x_wconf 89' lang='lat' dir='ltr'><strong>qui</strong></span> <span class='ocrx_word' id='word_1_202' title='bbox 3396 1455 3607 1509; x_wconf 81' lang='lat' dir='ltr'><strong>beatum</strong></span> <span class='ocrx_word' id='word_1_203' title='bbox 3624 1455 3823 1523; x_wconf 84' lang='lat' dir='ltr'><strong>Grego-</strong></span> 
     </span>
    </p>
   </div>
   <div class='ocr_carea' id='block_1_30' title="bbox 2225 1548 3823 1619">
    <p class='ocr_par' dir='ltr' id='par_1_30' title="bbox 2225 1548 3823 1619">
     <span class='ocr_line' id='line_1_30' title="bbox 2225 1548 3823 1619; baseline -0.001 -14"><span class='ocrx_word' id='word_1_204' title='bbox 2225 1553 2367 1605; x_wconf 79' lang='lat' dir='ltr'><strong>rium</strong></span> <span class='ocrx_word' id='word_1_205' title='bbox 2391 1552 2737 1617; x_wconf 81' lang='lat' dir='ltr'><strong>confessorem</strong></span> <span class='ocrx_word' id='word_1_206' title='bbox 2767 1555 2917 1604; x_wconf 85' lang='lat' dir='ltr'><strong>tuum</strong></span> <span class='ocrx_word' id='word_1_207' title='bbox 2950 1555 3109 1619; x_wconf 81' lang='lat' dir='ltr'><strong>atque</strong></span> <span class='ocrx_word' id='word_1_208' title='bbox 3133 1552 3464 1619; x_wconf 78' lang='lat' dir='ltr'><strong>pontiﬁcem,</strong></span> <span class='ocrx_word' id='word_1_209' title='bbox 3491 1564 3589 1618; x_wconf 81' lang='lat' dir='ltr'><strong>pro</strong></span> <span class='ocrx_word' id='word_1_210' title='bbox 3619 1548 3823 1603; x_wconf 85' lang='lat' dir='ltr'><strong>tuenda</strong></span> 
     </span>
    </p>
   </div>
   <div class='ocr_carea' id='block_1_31' title="bbox 2221 1641 3821 1708">
    <p class='ocr_par' dir='ltr' id='par_1_31' title="bbox 2221 1641 3821 1708">
     <span class='ocr_line' id='line_1_31' title="bbox 2221 1641 3821 1708; baseline -0.003 -9"><span class='ocrx_word' id='word_1_211' title='bbox 2221 1646 2463 1699; x_wconf 64' lang='lat' dir='ltr'><strong>Ecclesiae</strong></span> <span class='ocrx_word' id='word_1_212' title='bbox 2518 1643 2762 1699; x_wconf 75' lang='lat' dir='ltr'><strong>libertate</strong></span> <span class='ocrx_word' id='word_1_213' title='bbox 2808 1646 3011 1698; x_wconf 77' lang='lat' dir='ltr'><strong>virtute</strong></span> <span class='ocrx_word' id='word_1_214' title='bbox 3056 1645 3367 1698; x_wconf 74' lang='lat' dir='ltr'><strong>constantia:</strong></span> <span class='ocrx_word' id='word_1_215' title='bbox 3410 1642 3707 1708; x_wconf 78' lang='lat' dir='ltr'><strong>roborasti;</strong></span> <span class='ocrx_word' id='word_1_216' title='bbox 3748 1641 3821 1696; x_wconf 82' lang='lat' dir='ltr'><strong>da</strong></span> 
     </span>
    </p>
   </div>
   <div class='ocr_carea' id='block_1_32' title="bbox 2221 1736 3825 1808">
    <p class='ocr_par' dir='ltr' id='par_1_32' title="bbox 2221 1736 3825 1808">
     <span class='ocr_line' id='line_1_32' title="bbox 2221 1736 3825 1808; baseline -0.002 -15"><span class='ocrx_word' id='word_1_217' title='bbox 2221 1740 2403 1806; x_wconf 89' lang='lat' dir='ltr'><strong>nobis,</strong></span> <span class='ocrx_word' id='word_1_218' title='bbox 2433 1738 2549 1807; x_wconf 78' lang='lat' dir='ltr'><strong>ejus</strong></span> <span class='ocrx_word' id='word_1_219' title='bbox 2571 1738 2807 1808; x_wconf 70' lang='lat' dir='ltr'><strong>ememplo</strong></span> <span class='ocrx_word' id='word_1_220' title='bbox 2828 1739 3302 1801; x_wconf 68' lang='lat' dir='ltr'><strong>et&#39;intercessione,</strong></span> <span class='ocrx_word' id='word_1_221' title='bbox 3338 1740 3513 1791; x_wconf 77' lang='lat' dir='ltr'><strong>omnia</strong></span> <span class='ocrx_word' id='word_1_222' title='bbox 3541 1736 3825 1791; x_wconf 76' lang='lat' dir='ltr'><strong>adversan-</strong></span> 
     </span>
    </p>
   </div>
   <div class='ocr_carea' id='block_1_33' title="bbox 530 1814 2850 1904">
    <p class='ocr_par' dir='ltr' id='par_1_33' title="bbox 530 1814 2850 1904">
     <span class='ocr_line' id='line_1_33' title="bbox 530 1814 2850 1904; baseline -0.002 -14"><span class='ocrx_word' id='word_1_223' title='bbox 530 1858 554 1883; x_wconf 78' lang='grc' dir='ltr'><strong>α</strong></span> <span class='ocrx_word' id='word_1_224' title='bbox 599 1839 651 1890; x_wconf 88' lang='lat' dir='ltr'><strong>et</strong></span> <span class='ocrx_word' id='word_1_225' title='bbox 671 1835 965 1904; x_wconf 84' lang='lat' dir='ltr'><strong>purissimi</strong></span> <span class='ocrx_word' id='word_1_226' title='bbox 989 1832 1199 1887; x_wconf 80' lang='lat' dir='ltr'><strong>consilii</strong></span> <span class='ocrx_word' id='word_1_227' title='bbox 1250 1833 1337 1884; x_wconf 67' lang='lat' dir='ltr'><strong>vir</strong></span> <span class='ocrx_word' id='word_1_228' title='bbox 1371 1847 1402 1885; x_wconf 90' lang='lat' dir='ltr'><strong>a</strong></span> <span class='ocrx_word' id='word_1_229' title='bbox 1443 1830 1602 1885; x_wconf 89' lang='lat' dir='ltr'><strong>beato</strong></span> <span class='ocrx_word' id='word_1_230' title='bbox 1653 1834 1811 1884; x_wconf 87' lang='lat' dir='ltr'><strong>Petro</strong></span> <span class='ocrx_word' id='word_1_231' title='bbox 1851 1828 2122 1884; x_wconf 89' lang='lat' dir='ltr'><strong>Damiano</strong></span> <span class='ocrx_word' id='word_1_232' title='bbox 2155 1814 2202 1875; x_wconf 85' lang='grc' dir='ltr'>Β</span> <span class='ocrx_word' id='word_1_233' title='bbox 2231 1834 2311 1887; x_wconf 86' lang='lat' dir='ltr'><strong>tia</strong></span> <span class='ocrx_word' id='word_1_234' title='bbox 2338 1834 2556 1899; x_wconf 85' lang='lat' dir='ltr'><strong>fortiter</strong></span> <span class='ocrx_word' id='word_1_235' title='bbox 2570 1847 2850 1902; x_wconf 83' lang='lat' dir='ltr'><strong>superare.</strong></span> 
     </span>
    </p>
   </div>
   <div class='ocr_carea' id='block_1_34' title="bbox 456 1921 2125 1999">
    <p class='ocr_par' dir='ltr' id='par_1_34' title="bbox 456 1921 2125 1999">
     <span class='ocr_line' id='line_1_34' title="bbox 456 1921 2125 1999; baseline -0.001 -22"><span class='ocrx_word' id='word_1_236' title='bbox 456 1942 463 1943; x_wconf 49' lang='grc' dir='ltr'>ί</span> <span class='ocrx_word' id='word_1_237' title='bbox 524 1952 548 1977; x_wconf 75' lang='grc' dir='ltr'><strong><em>α</em></strong></span> <span class='ocrx_word' id='word_1_238' title='bbox 588 1936 952 1999; x_wconf 89' lang='lat' dir='ltr'><strong>nuncupatus.</strong></span> <span class='ocrx_word' id='word_1_239' title='bbox 984 1928 1034 1981; x_wconf 86' lang='grc' dir='ltr'><strong>Α</strong></span> <span class='ocrx_word' id='word_1_240' title='bbox 1060 1926 1279 1981; x_wconf 90' lang='lat' dir='ltr'><strong>Victore</strong></span> <span class='ocrx_word' id='word_1_241' title='bbox 1303 1939 1441 1996; x_wconf 89' lang='lat' dir='ltr'><strong>papa</strong></span> <span class='ocrx_word' id='word_1_242' title='bbox 1470 1923 1714 1979; x_wconf 90' lang='lat' dir='ltr'><strong>secundo</strong></span> <span class='ocrx_word' id='word_1_243' title='bbox 1741 1924 1949 1995; x_wconf 79' lang='lat' dir='ltr'><strong>legatus</strong></span> <span class='ocrx_word' id='word_1_244' title='bbox 1974 1939 2003 1977; x_wconf 92' lang='lat' dir='ltr'><strong>a</strong></span> <span class='ocrx_word' id='word_1_245' title='bbox 2054 1921 2125 1976; x_wconf 86' lang='lat' dir='ltr'><strong>la-</strong></span> 
     </span>
    </p>
   </div>
   <div class='ocr_carea' id='block_1_35' title="bbox 527 2015 2119 2090">
    <p class='ocr_par' dir='ltr' id='par_1_35' title="bbox 527 2015 2119 2090">
     <span class='ocr_line' id='line_1_35' title="bbox 527 2015 2119 2090; baseline -0.004 -13"><span class='ocrx_word' id='word_1_246' title='bbox 527 2044 552 2070; x_wconf 70' lang='grc'><strong>·</strong></span> <span class='ocrx_word' id='word_1_247' title='bbox 592 2029 707 2076; x_wconf 90' lang='lat' dir='ltr'><strong>tere</strong></span> <span class='ocrx_word' id='word_1_248' title='bbox 732 2021 785 2075; x_wconf 92' lang='lat' dir='ltr'><strong>in</strong></span> <span class='ocrx_word' id='word_1_249' title='bbox 816 2020 1051 2076; x_wconf 87' lang='lat' dir='ltr'><strong>Galliam</strong></span> <span class='ocrx_word' id='word_1_250' title='bbox 1078 2020 1297 2085; x_wconf 87' lang='lat' dir='ltr'><strong>missus,</strong></span> <span class='ocrx_word' id='word_1_251' title='bbox 1325 2018 1573 2090; x_wconf 81' lang='lat' dir='ltr'><strong>Lugduni</strong></span> <span class='ocrx_word' id='word_1_252' title='bbox 1609 2017 1924 2087; x_wconf 87' lang='lat' dir='ltr'><strong>episcopum</strong></span> <span class='ocrx_word' id='word_1_253' title='bbox 1951 2015 2119 2071; x_wconf 91' lang='lat' dir='ltr'><strong>Simo-</strong></span> 
     </span>
    </p>
   </div>
   <div class='ocr_carea' id='block_1_36' title="bbox 527 2106 2121 2169">
    <p class='ocr_par' dir='ltr' id='par_1_36' title="bbox 527 2106 2121 2169">
     <span class='ocr_line' id='line_1_36' title="bbox 527 2106 2121 2169; baseline 0 -6"><span class='ocrx_word' id='word_1_254' title='bbox 527 2137 554 2163; x_wconf 78' lang='grc' dir='ltr'><strong>σι</strong></span> <span class='ocrx_word' id='word_1_255' title='bbox 594 2115 745 2169; x_wconf 89' lang='lat' dir='ltr'><strong>niaca</strong></span> <span class='ocrx_word' id='word_1_256' title='bbox 787 2112 907 2167; x_wconf 90' lang='lat' dir='ltr'><strong>labe</strong></span> <span class='ocrx_word' id='word_1_257' title='bbox 938 2110 1203 2167; x_wconf 86' lang='lat' dir='ltr'><strong>infectum</strong></span> <span class='ocrx_word' id='word_1_258' title='bbox 1235 2111 1302 2165; x_wconf 90' lang='lat' dir='ltr'><strong>ad</strong></span> <span class='ocrx_word' id='word_1_259' title='bbox 1330 2113 1414 2165; x_wconf 89' lang='lat' dir='ltr'><strong>sui</strong></span> <span class='ocrx_word' id='word_1_260' title='bbox 1448 2109 1696 2165; x_wconf 90' lang='lat' dir='ltr'><strong>criminis</strong></span> <span class='ocrx_word' id='word_1_261' title='bbox 1720 2106 2121 2164; x_wconf 80' lang='lat' dir='ltr'><strong>confessionem</strong></span> 
     </span>
    </p>
   </div>
   <div class='ocr_carea' id='block_1_37' title="bbox 526 2202 2121 2278">
    <p class='ocr_par' dir='ltr' id='par_1_37' title="bbox 526 2202 2121 2278">
     <span class='ocr_line' id='line_1_37' title="bbox 526 2202 2121 2278; baseline -0.001 -21"><span class='ocrx_word' id='word_1_262' title='bbox 526 2232 551 2257; x_wconf 75' lang='grc' dir='ltr'><strong>οι</strong></span> <span class='ocrx_word' id='word_1_263' title='bbox 594 2206 862 2262; x_wconf 92' lang='lat' dir='ltr'><strong>miraculo</strong></span> <span class='ocrx_word' id='word_1_264' title='bbox 911 2205 1119 2278; x_wconf 83' lang='lat' dir='ltr'><strong>adegit.</strong></span> <span class='ocrx_word' id='word_1_265' title='bbox 1159 2204 1541 2277; x_wconf 79' lang='lat' dir='ltr'><strong>Berengarium</strong></span> <span class='ocrx_word' id='word_1_266' title='bbox 1580 2204 1635 2258; x_wconf 90' lang='lat' dir='ltr'><strong>in</strong></span> <span class='ocrx_word' id='word_1_267' title='bbox 1681 2202 1913 2258; x_wconf 85' lang='lat' dir='ltr'><strong>concilio</strong></span> <span class='ocrx_word' id='word_1_268' title='bbox 1942 2202 2121 2257; x_wconf 91' lang='lat' dir='ltr'><strong>Turo-</strong></span> 
     </span>
    </p>
   </div>
   <div class='ocr_carea' id='block_1_38' title="bbox 526 2294 2119 2368">
    <p class='ocr_par' dir='ltr' id='par_1_38' title="bbox 526 2294 2119 2368">
     <span class='ocr_line' id='line_1_38' title="bbox 526 2294 2119 2368; baseline -0.001 -17"><span class='ocrx_word' id='word_1_269' title='bbox 526 2324 554 2351; x_wconf 72' lang='grc' dir='ltr'><strong>α</strong></span> <span class='ocrx_word' id='word_1_270' title='bbox 591 2301 744 2356; x_wconf 89' lang='lat' dir='ltr'><strong>nensi</strong></span> <span class='ocrx_word' id='word_1_271' title='bbox 774 2300 843 2355; x_wconf 89' lang='lat' dir='ltr'><strong>ad</strong></span> <span class='ocrx_word' id='word_1_272' title='bbox 869 2298 1123 2354; x_wconf 86' lang='lat' dir='ltr'><strong>iteratam</strong></span> <span class='ocrx_word' id='word_1_273' title='bbox 1150 2297 1374 2354; x_wconf 59' lang='lat' dir='ltr'><strong>haeresis</strong></span> <span class='ocrx_word' id='word_1_274' title='bbox 1404 2295 1805 2368; x_wconf 86' lang='lat' dir='ltr'><strong>abjurationem</strong></span> <span class='ocrx_word' id='word_1_275' title='bbox 1835 2294 2119 2365; x_wconf 87' lang='lat' dir='ltr'><strong>compulit.</strong></span> 
     </span>
    </p>
   </div>
   <div class='ocr_carea' id='block_1_39' title="bbox 529 2388 2119 2464">
    <p class='ocr_par' dir='ltr' id='par_1_39' title="bbox 529 2388 2119 2464">
     <span class='ocr_line' id='line_1_39' title="bbox 529 2388 2119 2464; baseline -0.004 -15"><span class='ocrx_word' id='word_1_276' title='bbox 529 2416 555 2443; x_wconf 73' lang='grc' dir='ltr'><strong>α</strong></span> <span class='ocrx_word' id='word_1_277' title='bbox 593 2392 813 2450; x_wconf 72' lang='lat' dir='ltr'><strong>Cadolui</strong></span> <span class='ocrx_word' id='word_1_278' title='bbox 840 2407 1058 2464; x_wconf 89' lang='lat' dir='ltr'><strong>quoque</strong></span> <span class='ocrx_word' id='word_1_279' title='bbox 1086 2392 1329 2447; x_wconf 87' lang='lat' dir='ltr'><strong>schisma</strong></span> <span class='ocrx_word' id='word_1_280' title='bbox 1356 2406 1454 2445; x_wconf 88' lang='lat' dir='ltr'><strong>sua</strong></span> <span class='ocrx_word' id='word_1_281' title='bbox 1479 2392 1686 2445; x_wconf 91' lang='lat' dir='ltr'><strong>virtute</strong></span> <span class='ocrx_word' id='word_1_282' title='bbox 1724 2388 2067 2459; x_wconf 89' lang='lat' dir='ltr'><strong>compressit.</strong></span> <span class='ocrx_word' id='word_1_283' title='bbox 2094 2410 2119 2436; x_wconf 72' lang='grc' dir='ltr'><strong>ν</strong></span> 
     </span>
    </p>
   </div>
   <div class='ocr_carea' id='block_1_40' title="bbox 594 2480 2126 2549">
    <p class='ocr_par' dir='ltr' id='par_1_40' title="bbox 594 2480 2126 2549">
     <span class='ocr_line' id='line_1_40' title="bbox 594 2480 2126 2549; baseline -0.005 -7"><span class='ocrx_word' id='word_1_284' title='bbox 594 2489 892 2543; x_wconf 78' lang='lat' dir='ltr'><strong>LBCTIOV.</strong></span> <span class='ocrx_word' id='word_1_285' title='bbox 922 2508 947 2533; x_wconf 75' lang='grc' dir='ltr'>α</span> <span class='ocrx_word' id='word_1_286' title='bbox 982 2489 1197 2541; x_wconf 84' lang='lat' dir='ltr'><strong>Mortuo</strong></span> <span class='ocrx_word' id='word_1_287' title='bbox 1226 2483 1535 2539; x_wconf 83' lang='lat' dir='ltr'><strong>Alexandro</strong></span> <span class='ocrx_word' id='word_1_288' title='bbox 1552 2482 1820 2549; x_wconf 81' lang='lat' dir='ltr'><strong>secundo,</strong></span> <span class='ocrx_word' id='word_1_289' title='bbox 1846 2480 2044 2538; x_wconf 89' lang='lat' dir='ltr'><strong>invitus</strong></span> <span class='ocrx_word' id='word_1_290' title='bbox 2069 2487 2126 2536; x_wconf 91' lang='lat' dir='ltr'><strong>et</strong></span> 
     </span>
    </p>
   </div>
   <div class='ocr_carea' id='block_1_41' title="bbox 531 2576 2124 2644">
    <p class='ocr_par' dir='ltr' id='par_1_41' title="bbox 531 2576 2124 2644">
     <span class='ocr_line' id='line_1_41' title="bbox 531 2576 2124 2644; baseline -0.006 -7"><span class='ocrx_word' id='word_1_291' title='bbox 531 2605 555 2629; x_wconf 84' lang='grc' dir='ltr'>ιι</span> <span class='ocrx_word' id='word_1_292' title='bbox 596 2596 842 2636; x_wconf 75' lang='lat' dir='ltr'><strong>moerens</strong></span> <span class='ocrx_word' id='word_1_293' title='bbox 870 2579 1116 2636; x_wconf 89' lang='lat' dir='ltr'><strong>unanimi</strong></span> <span class='ocrx_word' id='word_1_294' title='bbox 1153 2579 1400 2633; x_wconf 91' lang='lat' dir='ltr'><strong>omnium</strong></span> <span class='ocrx_word' id='word_1_295' title='bbox 1431 2593 1722 2644; x_wconf 90' lang='lat' dir='ltr'><strong>consensu,</strong></span> <span class='ocrx_word' id='word_1_296' title='bbox 1752 2576 1968 2631; x_wconf 89' lang='lat' dir='ltr'><strong>decimo</strong></span> <span class='ocrx_word' id='word_1_297' title='bbox 2011 2577 2124 2629; x_wconf 82' lang='lat' dir='ltr'><strong>Ka-</strong></span> 
     </span>
    </p>
   </div>
   <div class='ocr_carea' id='block_1_42' title="bbox 530 2669 2124 2741">
    <p class='ocr_par' dir='ltr' id='par_1_42' title="bbox 530 2669 2124 2741">
     <span class='ocr_line' id='line_1_42' title="bbox 530 2669 2124 2741; baseline -0.004 -12"><span class='ocrx_word' id='word_1_298' title='bbox 530 2698 555 2723; x_wconf 76' lang='grc' dir='ltr'>ιι</span> <span class='ocrx_word' id='word_1_299' title='bbox 595 2672 781 2729; x_wconf 89' lang='lat' dir='ltr'><strong>lendas</strong></span> <span class='ocrx_word' id='word_1_300' title='bbox 808 2673 968 2740; x_wconf 79' lang='lat' dir='ltr'><strong>Maii,</strong></span> <span class='ocrx_word' id='word_1_301' title='bbox 989 2688 1133 2727; x_wconf 87' lang='lat' dir='ltr'><strong>anno</strong></span> <span class='ocrx_word' id='word_1_302' title='bbox 1159 2671 1362 2727; x_wconf 81' lang='lat' dir='ltr'><strong>Christi</strong></span> <span class='ocrx_word' id='word_1_303' title='bbox 1396 2671 1687 2725; x_wconf 89' lang='lat' dir='ltr'><strong>millesimo</strong></span> <span class='ocrx_word' id='word_1_304' title='bbox 1726 2669 2124 2741; x_wconf 82' lang='lat' dir='ltr'><strong>septuagesimo</strong></span> 
     </span>
    </p>
   </div>
   <div class='ocr_carea' id='block_1_43' title="bbox 531 2760 2126 2836">
    <p class='ocr_par' dir='ltr' id='par_1_43' title="bbox 531 2760 2126 2836">
     <span class='ocr_line' id='line_1_43' title="bbox 531 2760 2126 2836; baseline -0.004 -14"><span class='ocrx_word' id='word_1_305' title='bbox 531 2791 555 2815; x_wconf 78' lang='grc' dir='ltr'><strong><em>α</em></strong></span> <span class='ocrx_word' id='word_1_306' title='bbox 596 2767 779 2833; x_wconf 88' lang='lat' dir='ltr'><strong>tertio,</strong></span> <span class='ocrx_word' id='word_1_307' title='bbox 812 2781 1063 2823; x_wconf 88' lang='lat' dir='ltr'><strong>summus</strong></span> <span class='ocrx_word' id='word_1_308' title='bbox 1086 2763 1332 2836; x_wconf 86' lang='lat' dir='ltr'><strong>pontifex</strong></span> <span class='ocrx_word' id='word_1_309' title='bbox 1364 2767 1588 2826; x_wconf 81' lang='lat' dir='ltr'><strong>electus,</strong></span> <span class='ocrx_word' id='word_1_310' title='bbox 1631 2763 1775 2818; x_wconf 90' lang='lat' dir='ltr'><strong>sicut</strong></span> <span class='ocrx_word' id='word_1_311' title='bbox 1797 2762 1878 2817; x_wconf 92' lang='lat' dir='ltr'><strong>sol</strong></span> <span class='ocrx_word' id='word_1_312' title='bbox 1919 2760 2126 2816; x_wconf 75' lang='lat' dir='ltr'><strong>effulsit</strong></span> 
     </span>
    </p>
   </div>
   <div class='ocr_carea' id='block_1_44' title="bbox 532 2860 2120 2929">
    <p class='ocr_par' dir='ltr' id='par_1_44' title="bbox 532 2860 2120 2929">
     <span class='ocr_line' id='line_1_44' title="bbox 532 2860 2120 2929; baseline -0.004 -14"><span class='ocrx_word' id='word_1_313' title='bbox 532 2885 556 2907; x_wconf 83' lang='grc' dir='ltr'><strong>«ι</strong></span> <span class='ocrx_word' id='word_1_314' title='bbox 599 2861 654 2915; x_wconf 90' lang='lat' dir='ltr'><strong>in</strong></span> <span class='ocrx_word' id='word_1_315' title='bbox 683 2860 850 2915; x_wconf 92' lang='lat' dir='ltr'><strong>domo</strong></span> <span class='ocrx_word' id='word_1_316' title='bbox 890 2860 1018 2924; x_wconf 81' lang='lat' dir='ltr'><strong>Dei;</strong></span> <span class='ocrx_word' id='word_1_317' title='bbox 1056 2874 1181 2913; x_wconf 90' lang='lat' dir='ltr'><strong>nam</strong></span> <span class='ocrx_word' id='word_1_318' title='bbox 1214 2868 1407 2929; x_wconf 87' lang='lat' dir='ltr'><strong>potens</strong></span> <span class='ocrx_word' id='word_1_319' title='bbox 1433 2872 1595 2927; x_wconf 91' lang='lat' dir='ltr'><strong>opere</strong></span> <span class='ocrx_word' id='word_1_320' title='bbox 1624 2866 1678 2911; x_wconf 91' lang='lat' dir='ltr'><strong>et</strong></span> <span class='ocrx_word' id='word_1_321' title='bbox 1719 2870 1995 2921; x_wconf 90' lang='lat' dir='ltr'><strong>sermone,</strong></span> <span class='ocrx_word' id='word_1_322' title='bbox 2026 2870 2120 2909; x_wconf 90' lang='lat' dir='ltr'><strong>ec-</strong></span> 
     </span>
    </p>
   </div>
   <div class='ocr_carea' id='block_1_45' title="bbox 532 2949 2124 3022">
    <p class='ocr_par' dir='ltr' id='par_1_45' title="bbox 532 2949 2124 3022">
     <span class='ocr_line' id='line_1_45' title="bbox 532 2949 2124 3022; baseline -0.003 -13"><span class='ocrx_word' id='word_1_323' title='bbox 532 2978 556 3002; x_wconf 77' lang='grc' dir='ltr'><strong>α</strong></span> <span class='ocrx_word' id='word_1_324' title='bbox 576 2997 579 2999; x_wconf 80' lang='grc'><strong><em>-</em></strong></span> <span class='ocrx_word' id='word_1_325' title='bbox 600 2952 1221 3022; x_wconf 70' lang='lat' dir='ltr'><strong>clesiasticaedisciplinaa</strong></span> <span class='ocrx_word' id='word_1_326' title='bbox 1241 2951 1582 3021; x_wconf 61' lang='lat' dir='ltr'><strong>reparanda,</strong></span> <span class='ocrx_word' id='word_1_327' title='bbox 1596 2949 1721 3005; x_wconf 90' lang='lat' dir='ltr'><strong>ﬁdei</strong></span> <span class='ocrx_word' id='word_1_328' title='bbox 1743 2949 2124 3021; x_wconf 70' lang='lat' dir='ltr'><strong>prOpagandaa,</strong></span> 
     </span>
    </p>
   </div>
   <div class='ocr_carea' id='block_1_46' title="bbox 531 3042 2122 3114">
    <p class='ocr_par' dir='ltr' id='par_1_46' title="bbox 531 3042 2122 3114">
     <span class='ocr_line' id='line_1_46' title="bbox 531 3042 2122 3114; baseline -0.005 -11"><span class='ocrx_word' id='word_1_329' title='bbox 531 3070 557 3095; x_wconf 75' lang='grc' dir='ltr'><strong><em>α</em></strong></span> <span class='ocrx_word' id='word_1_330' title='bbox 598 3047 833 3102; x_wconf 89' lang='lat' dir='ltr'><strong>libertati</strong></span> <span class='ocrx_word' id='word_1_331' title='bbox 878 3046 1131 3101; x_wconf 69' lang='lat' dir='ltr'><strong>Ecclesiae</strong></span> <span class='ocrx_word' id='word_1_332' title='bbox 1171 3044 1539 3107; x_wconf 69' lang='lat' dir='ltr'><strong>restituendae,</strong></span> <span class='ocrx_word' id='word_1_333' title='bbox 1569 3042 1934 3114; x_wconf 86' lang='lat' dir='ltr'><strong>exstirpandis</strong></span> <span class='ocrx_word' id='word_1_334' title='bbox 1971 3057 2122 3097; x_wconf 85' lang='lat' dir='ltr'><strong>erro-</strong></span> 
     </span>
    </p>
   </div>
   <div class='ocr_carea' id='block_1_47' title="bbox 2301 1923 3823 1996">
    <p class='ocr_par' dir='ltr' id='par_1_47' title="bbox 2301 1923 3823 1996">
     <span class='ocr_line' id='line_1_47' title="bbox 2301 1923 3823 1996; baseline -0.003 -14"><span class='ocrx_word' id='word_1_335' title='bbox 2301 1925 2644 1982; x_wconf 88' lang='lat' dir='ltr'><strong>Maintenant</strong></span> <span class='ocrx_word' id='word_1_336' title='bbox 2675 1941 2779 1996; x_wconf 90' lang='lat' dir='ltr'><strong>que</strong></span> <span class='ocrx_word' id='word_1_337' title='bbox 2808 1941 2946 1980; x_wconf 90' lang='lat' dir='ltr'><strong>nous</strong></span> <span class='ocrx_word' id='word_1_338' title='bbox 2972 1939 3136 1980; x_wconf 87' lang='lat' dir='ltr'><strong>avons</strong></span> <span class='ocrx_word' id='word_1_339' title='bbox 3158 1924 3265 1980; x_wconf 92' lang='lat' dir='ltr'><strong>mis</strong></span> <span class='ocrx_word' id='word_1_340' title='bbox 3301 1939 3430 1979; x_wconf 88' lang='lat' dir='ltr'><strong>sous</strong></span> <span class='ocrx_word' id='word_1_341' title='bbox 3477 1923 3558 1979; x_wconf 90' lang='lat' dir='ltr'><strong>les</strong></span> <span class='ocrx_word' id='word_1_342' title='bbox 3582 1938 3721 1996; x_wconf 84' lang='lat' dir='ltr'><strong>yeux</strong></span> <span class='ocrx_word' id='word_1_343' title='bbox 3747 1923 3823 1980; x_wconf 92' lang='lat' dir='ltr'><strong>du</strong></span> 
     </span>
    </p>
   </div>
   <div class='ocr_carea' id='block_1_48' title="bbox 2231 2015 3823 2090">
    <p class='ocr_par' dir='ltr' id='par_1_48' title="bbox 2231 2015 3823 2090">
     <span class='ocr_line' id='line_1_48' title="bbox 2231 2015 3823 2090; baseline -0.001 -16"><span class='ocrx_word' id='word_1_344' title='bbox 2231 2020 2440 2075; x_wconf 89' lang='lat' dir='ltr'><strong>lecteur</strong></span> <span class='ocrx_word' id='word_1_345' title='bbox 2466 2028 2607 2076; x_wconf 91' lang='lat' dir='ltr'><strong>cette</strong></span> <span class='ocrx_word' id='word_1_346' title='bbox 2633 2020 2785 2090; x_wconf 77' lang='lat' dir='ltr'><strong>piece</strong></span> <span class='ocrx_word' id='word_1_347' title='bbox 2811 2019 2857 2073; x_wconf 91' lang='lat' dir='ltr'><strong>si</strong></span> <span class='ocrx_word' id='word_1_348' title='bbox 2887 2018 3150 2085; x_wconf 86' lang='lat' dir='ltr'><strong>famense,</strong></span> <span class='ocrx_word' id='word_1_349' title='bbox 3169 2026 3329 2081; x_wconf 84' lang='lat' dir='ltr'><strong>avant</strong></span> <span class='ocrx_word' id='word_1_350' title='bbox 3347 2017 3589 2073; x_wconf 85' lang='lat' dir='ltr'><strong>d’entrer</strong></span> <span class='ocrx_word' id='word_1_351' title='bbox 3615 2015 3753 2072; x_wconf 91' lang='lat' dir='ltr'><strong>dans</strong></span> <span class='ocrx_word' id='word_1_352' title='bbox 3772 2017 3823 2072; x_wconf 87' lang='lat' dir='ltr'><strong>le</strong></span> 
     </span>
    </p>
   </div>
   <div class='ocr_carea' id='block_1_49' title="bbox 2232 2109 3822 2183">
    <p class='ocr_par' dir='ltr' id='par_1_49' title="bbox 2232 2109 3822 2183">
     <span class='ocr_line' id='line_1_49' title="bbox 2232 2109 3822 2183; baseline -0.003 -14"><span class='ocrx_word' id='word_1_353' title='bbox 2232 2113 2365 2169; x_wconf 89' lang='lat' dir='ltr'><strong>récit</strong></span> <span class='ocrx_word' id='word_1_354' title='bbox 2404 2113 2500 2169; x_wconf 91' lang='lat' dir='ltr'><strong>des</strong></span> <span class='ocrx_word' id='word_1_355' title='bbox 2541 2112 2893 2168; x_wconf 85' lang='lat' dir='ltr'><strong>événements</strong></span> <span class='ocrx_word' id='word_1_356' title='bbox 2930 2112 3023 2181; x_wconf 90' lang='lat' dir='ltr'><strong>qui</strong></span> <span class='ocrx_word' id='word_1_357' title='bbox 3059 2113 3274 2167; x_wconf 91' lang='lat' dir='ltr'><strong>suivent</strong></span> <span class='ocrx_word' id='word_1_358' title='bbox 3300 2127 3360 2166; x_wconf 86' lang='lat' dir='ltr'><strong>sa</strong></span> <span class='ocrx_word' id='word_1_359' title='bbox 3391 2109 3822 2183; x_wconf 85' lang='lat' dir='ltr'><strong>promulgation,</strong></span> 
     </span>
    </p>
   </div>
   <div class='ocr_carea' id='block_1_50' title="bbox 2232 2204 3823 2277">
    <p class='ocr_par' dir='ltr' id='par_1_50' title="bbox 2232 2204 3823 2277">
     <span class='ocr_line' id='line_1_50' title="bbox 2232 2204 3823 2277; baseline -0.003 -15"><span class='ocrx_word' id='word_1_360' title='bbox 2232 2223 2373 2262; x_wconf 91' lang='lat' dir='ltr'><strong>nous</strong></span> <span class='ocrx_word' id='word_1_361' title='bbox 2422 2222 2560 2262; x_wconf 84' lang='lat' dir='ltr'><strong>unus</strong></span> <span class='ocrx_word' id='word_1_362' title='bbox 2600 2214 2965 2277; x_wconf 88' lang='lat' dir='ltr'><strong>permettrons</strong></span> <span class='ocrx_word' id='word_1_363' title='bbox 2993 2204 3253 2277; x_wconf 88' lang='lat' dir='ltr'><strong>quelques</strong></span> <span class='ocrx_word' id='word_1_364' title='bbox 3299 2204 3594 2261; x_wconf 80' lang='lat' dir='ltr'><strong>réﬁcxions</strong></span> <span class='ocrx_word' id='word_1_365' title='bbox 3636 2219 3731 2259; x_wconf 89' lang='lat' dir='ltr'><strong>sur</strong></span> <span class='ocrx_word' id='word_1_366' title='bbox 3772 2204 3823 2258; x_wconf 90' lang='lat' dir='ltr'><strong>la</strong></span> 
     </span>
    </p>
   </div>
   <div class='ocr_carea' id='block_1_51' title="bbox 2232 2297 3326 2372">
    <p class='ocr_par' dir='ltr' id='par_1_51' title="bbox 2232 2297 3326 2372">
     <span class='ocr_line' id='line_1_51' title="bbox 2232 2297 3326 2372; baseline -0.003 -16"><span class='ocrx_word' id='word_1_367' title='bbox 2232 2300 2418 2372; x_wconf 88' lang='lat' dir='ltr'><strong>portée</strong></span> <span class='ocrx_word' id='word_1_368' title='bbox 2455 2300 2524 2355; x_wconf 92' lang='lat' dir='ltr'><strong>de</strong></span> <span class='ocrx_word' id='word_1_369' title='bbox 2567 2316 2627 2355; x_wconf 87' lang='lat' dir='ltr'><strong>ce</strong></span> <span class='ocrx_word' id='word_1_370' title='bbox 2666 2298 2955 2355; x_wconf 83' lang='lat' dir='ltr'><strong>manifeste</strong></span> <span class='ocrx_word' id='word_1_371' title='bbox 2999 2297 3278 2369; x_wconf 86' lang='lat' dir='ltr'><strong>pontiﬁcal</strong></span> <span class='ocrx_word' id='word_1_372' title='bbox 3311 2315 3326 2353; x_wconf 86' lang='lat'><strong>:</strong></span> 
     </span>
    </p>
   </div>
   <div class='ocr_carea' id='block_1_52' title="bbox 2306 2389 3825 2465">
    <p class='ocr_par' dir='ltr' id='par_1_52' title="bbox 2306 2389 3825 2465">
     <span class='ocr_line' id='line_1_52' title="bbox 2306 2389 3825 2465; baseline 0 -17"><span class='ocrx_word' id='word_1_373' title='bbox 2306 2398 2423 2465; x_wconf 91' lang='lat' dir='ltr'><strong>Que</strong></span> <span class='ocrx_word' id='word_1_374' title='bbox 2467 2392 2630 2448; x_wconf 88' lang='lat' dir='ltr'><strong>suit-il</strong></span> <span class='ocrx_word' id='word_1_375' title='bbox 2671 2394 2743 2447; x_wconf 92' lang='lat' dir='ltr'><strong>du</strong></span> <span class='ocrx_word' id='word_1_376' title='bbox 2791 2391 2927 2447; x_wconf 88' lang='lat' dir='ltr'><strong>récit</strong></span> <span class='ocrx_word' id='word_1_377' title='bbox 2959 2406 3063 2462; x_wconf 90' lang='lat' dir='ltr'><strong>que</strong></span> <span class='ocrx_word' id='word_1_378' title='bbox 3088 2408 3225 2446; x_wconf 73' lang='lat' dir='ltr'><strong>unus</strong></span> <span class='ocrx_word' id='word_1_379' title='bbox 3258 2406 3464 2447; x_wconf 90' lang='lat' dir='ltr'><strong>venons</strong></span> <span class='ocrx_word' id='word_1_380' title='bbox 3488 2390 3556 2447; x_wconf 88' lang='lat' dir='ltr'><strong>de</strong></span> <span class='ocrx_word' id='word_1_381' title='bbox 3601 2389 3700 2447; x_wconf 91' lang='lat' dir='ltr'><strong>lire</strong></span> <span class='ocrx_word' id='word_1_382' title='bbox 3727 2389 3825 2448; x_wconf 87' lang='lat' dir='ltr'><strong>des</strong></span> 
     </span>
    </p>
   </div>
   <div class='ocr_carea' id='block_1_53' title="bbox 2232 2482 3823 2555">
    <p class='ocr_par' dir='ltr' id='par_1_53' title="bbox 2232 2482 3823 2555">
     <span class='ocr_line' id='line_1_53' title="bbox 2232 2482 3823 2555; baseline -0.002 -13"><span class='ocrx_word' id='word_1_383' title='bbox 2232 2495 2381 2543; x_wconf 89' lang='lat' dir='ltr'><strong>actes</strong></span> <span class='ocrx_word' id='word_1_384' title='bbox 2409 2494 2463 2541; x_wconf 87' lang='lat' dir='ltr'><strong>et</strong></span> <span class='ocrx_word' id='word_1_385' title='bbox 2501 2486 2600 2541; x_wconf 91' lang='lat' dir='ltr'><strong>des</strong></span> <span class='ocrx_word' id='word_1_386' title='bbox 2649 2494 2832 2541; x_wconf 86' lang='lat' dir='ltr'><strong>vertus</strong></span> <span class='ocrx_word' id='word_1_387' title='bbox 2860 2484 2991 2539; x_wconf 83' lang='lat' dir='ltr'><strong>d’nn</strong></span> <span class='ocrx_word' id='word_1_388' title='bbox 3023 2499 3159 2555; x_wconf 89' lang='lat' dir='ltr'><strong>pape</strong></span> <span class='ocrx_word' id='word_1_389' title='bbox 3201 2484 3276 2540; x_wconf 90' lang='lat' dir='ltr'><strong>du</strong></span> <span class='ocrx_word' id='word_1_390' title='bbox 3314 2488 3408 2540; x_wconf 76' lang='lat' dir='ltr'><strong>xr°</strong></span> <span class='ocrx_word' id='word_1_391' title='bbox 3449 2482 3648 2541; x_wconf 77' lang='lat' dir='ltr'><strong>siécle?</strong></span> <span class='ocrx_word' id='word_1_392' title='bbox 3699 2483 3823 2541; x_wconf 89' lang='lat' dir='ltr'><strong>Cela</strong></span> 
     </span>
    </p>
   </div>
   <div class='ocr_carea' id='block_1_54' title="bbox 2233 2576 3826 2649">
    <p class='ocr_par' dir='ltr' id='par_1_54' title="bbox 2233 2576 3826 2649">
     <span class='ocr_line' id='line_1_54' title="bbox 2233 2576 3826 2649; baseline 0.001 -17"><span class='ocrx_word' id='word_1_393' title='bbox 2233 2580 2422 2636; x_wconf 82' lang='lat' dir='ltr'><strong>vent-il</strong></span> <span class='ocrx_word' id='word_1_394' title='bbox 2471 2578 2591 2634; x_wconf 89' lang='lat' dir='ltr'><strong>dire</strong></span> <span class='ocrx_word' id='word_1_395' title='bbox 2611 2594 2715 2649; x_wconf 90' lang='lat' dir='ltr'><strong>que</strong></span> <span class='ocrx_word' id='word_1_396' title='bbox 2758 2583 2934 2633; x_wconf 80' lang='lat' dir='ltr'><strong>Rome</strong></span> <span class='ocrx_word' id='word_1_397' title='bbox 2972 2592 3029 2632; x_wconf 90' lang='lat' dir='ltr'><strong>se</strong></span> <span class='ocrx_word' id='word_1_398' title='bbox 3058 2579 3281 2649; x_wconf 76' lang='lat' dir='ltr'><strong>prepare</strong></span> <span class='ocrx_word' id='word_1_399' title='bbox 3306 2580 3333 2632; x_wconf 72' lang='grc' dir='ltr'><strong>ἐι</strong></span> <span class='ocrx_word' id='word_1_400' title='bbox 3364 2576 3580 2641; x_wconf 84' lang='lat' dir='ltr'><strong>fondre.</strong></span> <span class='ocrx_word' id='word_1_401' title='bbox 3604 2592 3826 2634; x_wconf 79' lang='lat' dir='ltr'><strong>romme</strong></span> 
     </span>
    </p>
   </div>
   <div class='ocr_carea' id='block_1_55' title="bbox 2232 2663 3826 2745">
    <p class='ocr_par' dir='ltr' id='par_1_55' title="bbox 2232 2663 3826 2745">
     <span class='ocr_line' id='line_1_55' title="bbox 2232 2663 3826 2745; baseline -0.003 -15"><span class='ocrx_word' id='word_1_402' title='bbox 2232 2673 2430 2745; x_wconf 84' lang='lat' dir='ltr'><strong>l’aigle,</strong></span> <span class='ocrx_word' id='word_1_403' title='bbox 2471 2689 2564 2728; x_wconf 92' lang='lat' dir='ltr'><strong>sur</strong></span> <span class='ocrx_word' id='word_1_404' title='bbox 2595 2672 2673 2727; x_wconf 91' lang='lat' dir='ltr'><strong>les</strong></span> <span class='ocrx_word' id='word_1_405' title='bbox 2706 2663 2854 2728; x_wconf 81' lang='lat' dir='ltr'><strong>Etats</strong></span> <span class='ocrx_word' id='word_1_406' title='bbox 2880 2671 3206 2742; x_wconf 88' lang='lat' dir='ltr'><strong>européens,</strong></span> <span class='ocrx_word' id='word_1_407' title='bbox 3231 2673 3260 2727; x_wconf 70' lang='grc' dir='ltr'>ὲ</span> <span class='ocrx_word' id='word_1_408' title='bbox 3290 2671 3538 2743; x_wconf 89' lang='lat' dir='ltr'><strong>disposer</strong></span> <span class='ocrx_word' id='word_1_409' title='bbox 3574 2671 3826 2727; x_wconf 89' lang='lat' dir='ltr'><strong>arbitrai-</strong></span> 
     </span>
    </p>
   </div>
   <div class='ocr_carea' id='block_1_56' title="bbox 2233 2765 3830 2837">
    <p class='ocr_par' dir='ltr' id='par_1_56' title="bbox 2233 2765 3830 2837">
     <span class='ocr_line' id='line_1_56' title="bbox 2233 2765 3830 2837; baseline -0.003 -13"><span class='ocrx_word' id='word_1_410' title='bbox 2233 2775 2447 2824; x_wconf 90' lang='lat' dir='ltr'><strong>rement</strong></span> <span class='ocrx_word' id='word_1_411' title='bbox 2473 2766 2544 2821; x_wconf 92' lang='lat' dir='ltr'><strong>de</strong></span> <span class='ocrx_word' id='word_1_412' title='bbox 2581 2766 2628 2821; x_wconf 93' lang='lat' dir='ltr'><strong>la</strong></span> <span class='ocrx_word' id='word_1_413' title='bbox 2660 2781 2940 2821; x_wconf 89' lang='lat' dir='ltr'><strong>couronne</strong></span> <span class='ocrx_word' id='word_1_414' title='bbox 2968 2766 3064 2820; x_wconf 91' lang='lat' dir='ltr'><strong>des</strong></span> <span class='ocrx_word' id='word_1_415' title='bbox 3092 2766 3311 2836; x_wconf 89' lang='lat' dir='ltr'><strong>princes</strong></span> <span class='ocrx_word' id='word_1_416' title='bbox 3340 2765 3435 2837; x_wconf 91' lang='lat' dir='ltr'><strong>qui</strong></span> <span class='ocrx_word' id='word_1_417' title='bbox 3479 2766 3554 2821; x_wconf 87' lang='lat' dir='ltr'><strong>les</strong></span> <span class='ocrx_word' id='word_1_418' title='bbox 3599 2781 3830 2837; x_wconf 81' lang='lat' dir='ltr'><strong>gouver-</strong></span> 
     </span>
    </p>
   </div>
   <div class='ocr_carea' id='block_1_57' title="bbox 2233 2858 3829 2926">
    <p class='ocr_par' dir='ltr' id='par_1_57' title="bbox 2233 2858 3829 2926">
     <span class='ocr_line' id='line_1_57' title="bbox 2233 2858 3829 2926; baseline -0.003 -9"><span class='ocrx_word' id='word_1_419' title='bbox 2233 2870 2387 2926; x_wconf 88' lang='lat' dir='ltr'><strong>nent,</strong></span> <span class='ocrx_word' id='word_1_420' title='bbox 2416 2876 2483 2915; x_wconf 90' lang='lat' dir='ltr'><strong>en</strong></span> <span class='ocrx_word' id='word_1_421' title='bbox 2506 2876 2579 2915; x_wconf 91' lang='lat' dir='ltr'><strong>un</strong></span> <span class='ocrx_word' id='word_1_422' title='bbox 2605 2868 2742 2925; x_wconf 91' lang='lat' dir='ltr'><strong>mot,</strong></span> <span class='ocrx_word' id='word_1_423' title='bbox 2763 2861 2790 2913; x_wconf 83' lang='lat' dir='ltr'><strong>a</strong></span> <span class='ocrx_word' id='word_1_424' title='bbox 2812 2859 3061 2913; x_wconf 82' lang='lat' dir='ltr'><strong>ebranler</strong></span> <span class='ocrx_word' id='word_1_425' title='bbox 3097 2860 3144 2913; x_wconf 92' lang='lat' dir='ltr'><strong>le</strong></span> <span class='ocrx_word' id='word_1_426' title='bbox 3161 2858 3365 2914; x_wconf 90' lang='lat' dir='ltr'><strong>monde</strong></span> <span class='ocrx_word' id='word_1_427' title='bbox 3388 2859 3564 2914; x_wconf 90' lang='lat' dir='ltr'><strong>entier</strong></span> <span class='ocrx_word' id='word_1_428' title='bbox 3584 2859 3655 2914; x_wconf 93' lang='lat' dir='ltr'><strong>du</strong></span> <span class='ocrx_word' id='word_1_429' title='bbox 3675 2858 3829 2914; x_wconf 92' lang='lat' dir='ltr'><strong>bruit</strong></span> 
     </span>
    </p>
   </div>
   <div class='ocr_carea' id='block_1_58' title="bbox 2233 2952 3829 3024">
    <p class='ocr_par' dir='ltr' id='par_1_58' title="bbox 2233 2952 3829 3024">
     <span class='ocr_line' id='line_1_58' title="bbox 2233 2952 3829 3024; baseline -0.001 -15"><span class='ocrx_word' id='word_1_430' title='bbox 2233 2955 2303 3010; x_wconf 91' lang='lat' dir='ltr'><strong>de</strong></span> <span class='ocrx_word' id='word_1_431' title='bbox 2352 2970 2439 3009; x_wconf 90' lang='lat' dir='ltr'><strong>ses</strong></span> <span class='ocrx_word' id='word_1_432' title='bbox 2490 2953 2749 3008; x_wconf 83' lang='lat' dir='ltr'><strong>foudres?</strong></span> <span class='ocrx_word' id='word_1_433' title='bbox 2787 2954 2941 3007; x_wconf 88' lang='lat' dir='ltr'><strong>Nous</strong></span> <span class='ocrx_word' id='word_1_434' title='bbox 2979 2952 3071 3024; x_wconf 91' lang='lat' dir='ltr'><strong>qui</strong></span> <span class='ocrx_word' id='word_1_435' title='bbox 3120 2953 3313 3008; x_wconf 86' lang='lat' dir='ltr'><strong>vivons</strong></span> <span class='ocrx_word' id='word_1_436' title='bbox 3345 2970 3413 3007; x_wconf 89' lang='lat' dir='ltr'><strong>un</strong></span> <span class='ocrx_word' id='word_1_437' title='bbox 3468 2952 3630 3007; x_wconf 81' lang='lat' dir='ltr'><strong>siecle</strong></span> <span class='ocrx_word' id='word_1_438' title='bbox 3672 2952 3829 3023; x_wconf 76' lang='lat' dir='ltr'><strong>aprés</strong></span> 
     </span>
    </p>
   </div>
   <div class='ocr_carea' id='block_1_59' title="bbox 2235 3045 3830 3120">
    <p class='ocr_par' dir='ltr' id='par_1_59' title="bbox 2235 3045 3830 3120">
     <span class='ocr_line' id='line_1_59' title="bbox 2235 3045 3830 3120; baseline -0.001 -17"><span class='ocrx_word' id='word_1_439' title='bbox 2235 3047 2576 3120; x_wconf 83' lang='lat' dir='ltr'><strong>l’apparition</strong></span> <span class='ocrx_word' id='word_1_440' title='bbox 2611 3045 2680 3102; x_wconf 89' lang='lat' dir='ltr'><strong>de</strong></span> <span class='ocrx_word' id='word_1_441' title='bbox 2709 3054 2850 3101; x_wconf 85' lang='lat' dir='ltr'><strong>cette</strong></span> <span class='ocrx_word' id='word_1_442' title='bbox 2892 3045 3216 3101; x_wconf 89' lang='lat' dir='ltr'><strong>redoutable</strong></span> <span class='ocrx_word' id='word_1_443' title='bbox 3256 3045 3496 3113; x_wconf 79' lang='lat' dir='ltr'><strong>Iégende,</strong></span> <span class='ocrx_word' id='word_1_444' title='bbox 3536 3053 3830 3101; x_wconf 82' lang='lat' dir='ltr'><strong>trouvons-</strong></span> 
     </span>
    </p>
   </div>
   <div class='ocr_carea' id='block_1_60' title="bbox 533 3134 3828 3231">
    <p class='ocr_par' dir='ltr' id='par_1_60' title="bbox 533 3134 3828 3231">
     <span class='ocr_line' id='line_1_60' title="bbox 533 3134 3828 3231; baseline -0.003 -42"><span class='ocrx_word' id='word_1_445' title='bbox 533 3164 557 3189; x_wconf 72' lang='grc' dir='ltr'><strong>ς(</strong></span> <span class='ocrx_word' id='word_1_446' title='bbox 598 3140 752 3196; x_wconf 90' lang='lat' dir='ltr'><strong>ribus</strong></span> <span class='ocrx_word' id='word_1_447' title='bbox 776 3150 829 3195; x_wconf 89' lang='lat' dir='ltr'><strong>et</strong></span> <span class='ocrx_word' id='word_1_448' title='bbox 865 3138 1210 3210; x_wconf 87' lang='lat' dir='ltr'><strong>corruptelis,</strong></span> <span class='ocrx_word' id='word_1_449' title='bbox 1237 3145 1392 3192; x_wconf 91' lang='lat' dir='ltr'><strong>tanto</strong></span> <span class='ocrx_word' id='word_1_450' title='bbox 1429 3135 1617 3191; x_wconf 86' lang='lat' dir='ltr'><strong>studio</strong></span> <span class='ocrx_word' id='word_1_451' title='bbox 1647 3134 1916 3199; x_wconf 81' lang='lat' dir='ltr'><strong>incubuit,</strong></span> <span class='ocrx_word' id='word_1_452' title='bbox 1948 3142 2010 3188; x_wconf 94' lang='lat' dir='ltr'><strong>ut</strong></span> <span class='ocrx_word' id='word_1_453' title='bbox 2054 3149 2118 3188; x_wconf 85' lang='lat' dir='ltr'><strong>ex</strong></span> <span class='ocrx_word' id='word_1_454' title='bbox 2153 3168 2198 3231; x_wconf 62' lang='grc' dir='ltr'>Ο</span> <span class='ocrx_word' id='word_1_455' title='bbox 2226 3158 2370 3197; x_wconf 79' lang='lat' dir='ltr'><strong>nous</strong></span> <span class='ocrx_word' id='word_1_456' title='bbox 2388 3142 2667 3212; x_wconf 82' lang='lat' dir='ltr'><strong>beaucoup</strong></span> <span class='ocrx_word' id='word_1_457' title='bbox 2682 3140 3011 3210; x_wconf 79' lang='lat' dir='ltr'><strong>d’exemples</strong></span> <span class='ocrx_word' id='word_1_458' title='bbox 3025 3137 3217 3208; x_wconf 89' lang='lat' dir='ltr'><strong>dcpuis</strong></span> <span class='ocrx_word' id='word_1_459' title='bbox 3247 3140 3356 3193; x_wconf 91' lang='lat' dir='ltr'><strong>lors</strong></span> <span class='ocrx_word' id='word_1_460' title='bbox 3382 3139 3450 3192; x_wconf 85' lang='lat' dir='ltr'><strong>de</strong></span> <span class='ocrx_word' id='word_1_461' title='bbox 3471 3145 3618 3193; x_wconf 76' lang='lat' dir='ltr'><strong>cette</strong></span> <span class='ocrx_word' id='word_1_462' title='bbox 3641 3140 3828 3194; x_wconf 74' lang='lat' dir='ltr'><strong>omni-</strong></span> 
     </span>
    </p>
   </div>
   <div class='ocr_carea' id='block_1_61' title="bbox 531 3226 2120 3305">
    <p class='ocr_par' dir='ltr' id='par_1_61' title="bbox 531 3226 2120 3305">
     <span class='ocr_line' id='line_1_61' title="bbox 531 3226 2120 3305; baseline -0.004 -16"><span class='ocrx_word' id='word_1_463' title='bbox 531 3256 553 3282; x_wconf 77' lang='grc' dir='ltr'>ι</span> <span class='ocrx_word' id='word_1_464' title='bbox 598 3235 977 3305; x_wconf 88' lang='lat' dir='ltr'><strong>apostolorum</strong></span> <span class='ocrx_word' id='word_1_465' title='bbox 1005 3240 1166 3287; x_wconf 68' lang='lat' dir='ltr'><strong>aetate</strong></span> <span class='ocrx_word' id='word_1_466' title='bbox 1193 3231 1375 3285; x_wconf 91' lang='lat' dir='ltr'><strong>nullus</strong></span> <span class='ocrx_word' id='word_1_467' title='bbox 1397 3226 1721 3300; x_wconf 87' lang='lat' dir='ltr'><strong>pontiﬁcum</strong></span> <span class='ocrx_word' id='word_1_468' title='bbox 1744 3227 1912 3283; x_wconf 91' lang='lat' dir='ltr'><strong>fuisse</strong></span> <span class='ocrx_word' id='word_1_469' title='bbox 1945 3227 2120 3282; x_wconf 88' lang='lat' dir='ltr'><strong>trada-</strong></span> 
     </span>
    </p>
   </div>
   <div class='ocr_carea' id='block_1_62' title="bbox 533 3322 2121 3399">
    <p class='ocr_par' dir='ltr' id='par_1_62' title="bbox 533 3322 2121 3399">
     <span class='ocr_line' id='line_1_62' title="bbox 533 3322 2121 3399; baseline -0.004 -18"><span class='ocrx_word' id='word_1_470' title='bbox 533 3351 557 3375; x_wconf 74' lang='grc' dir='ltr'><strong>α</strong></span> <span class='ocrx_word' id='word_1_471' title='bbox 600 3335 692 3381; x_wconf 90' lang='lat' dir='ltr'><strong>tur</strong></span> <span class='ocrx_word' id='word_1_472' title='bbox 729 3325 824 3399; x_wconf 91' lang='lat' dir='ltr'><strong>qui</strong></span> <span class='ocrx_word' id='word_1_473' title='bbox 854 3325 1088 3395; x_wconf 87' lang='lat' dir='ltr'><strong>majores</strong></span> <span class='ocrx_word' id='word_1_474' title='bbox 1135 3339 1233 3394; x_wconf 87' lang='lat' dir='ltr'><strong>pro</strong></span> <span class='ocrx_word' id='word_1_475' title='bbox 1264 3324 1502 3378; x_wconf 86' lang='lat' dir='ltr'><strong>Ecclesia</strong></span> <span class='ocrx_word' id='word_1_476' title='bbox 1549 3323 1652 3377; x_wconf 92' lang='lat' dir='ltr'><strong>Dei</strong></span> <span class='ocrx_word' id='word_1_477' title='bbox 1682 3323 1912 3389; x_wconf 87' lang='lat' dir='ltr'><strong>labores,</strong></span> <span class='ocrx_word' id='word_1_478' title='bbox 1944 3322 2121 3375; x_wconf 87' lang='lat' dir='ltr'><strong>mole-</strong></span> 
     </span>
    </p>
   </div>
   <div class='ocr_carea' id='block_1_63' title="bbox 532 3414 2124 3491">
    <p class='ocr_par' dir='ltr' id='par_1_63' title="bbox 532 3414 2124 3491">
     <span class='ocr_line' id='line_1_63' title="bbox 532 3414 2124 3491; baseline -0.004 -16"><span class='ocrx_word' id='word_1_479' title='bbox 532 3443 557 3469; x_wconf 71' lang='grc' dir='ltr'><strong><em>κ</em></strong></span> <span class='ocrx_word' id='word_1_480' title='bbox 600 3420 837 3491; x_wconf 90' lang='lat' dir='ltr'><strong>stiasque</strong></span> <span class='ocrx_word' id='word_1_481' title='bbox 861 3417 1163 3490; x_wconf 85' lang='lat' dir='ltr'><strong>pertulerit,</strong></span> <span class='ocrx_word' id='word_1_482' title='bbox 1186 3427 1281 3472; x_wconf 92' lang='lat' dir='ltr'><strong>aut</strong></span> <span class='ocrx_word' id='word_1_483' title='bbox 1299 3417 1388 3488; x_wconf 94' lang='lat' dir='ltr'><strong>qui</strong></span> <span class='ocrx_word' id='word_1_484' title='bbox 1414 3432 1511 3487; x_wconf 88' lang='lat' dir='ltr'><strong>pro</strong></span> <span class='ocrx_word' id='word_1_485' title='bbox 1528 3415 1647 3487; x_wconf 89' lang='lat' dir='ltr'><strong>ejus</strong></span> <span class='ocrx_word' id='word_1_486' title='bbox 1667 3415 1914 3470; x_wconf 89' lang='lat' dir='ltr'><strong>libertate</strong></span> <span class='ocrx_word' id='word_1_487' title='bbox 1941 3414 2124 3469; x_wconf 92' lang='lat' dir='ltr'><strong>acrius</strong></span> 
     </span>
    </p>
   </div>
   <div class='ocr_carea' id='block_1_64' title="bbox 534 3507 2124 3585">
    <p class='ocr_par' dir='ltr' id='par_1_64' title="bbox 534 3507 2124 3585">
     <span class='ocr_line' id='line_1_64' title="bbox 534 3507 2124 3585; baseline -0.004 -16"><span class='ocrx_word' id='word_1_488' title='bbox 534 3538 556 3561; x_wconf 73' lang='grc' dir='ltr'>α</span> <span class='ocrx_word' id='word_1_489' title='bbox 604 3513 943 3585; x_wconf 71' lang='lat' dir='ltr'><strong>pugnaverit.</strong></span> <span class='ocrx_word' id='word_1_490' title='bbox 990 3512 1077 3567; x_wconf 87' lang='lat' dir='ltr'><strong>Ali</strong></span> <span class='ocrx_word' id='word_1_491' title='bbox 1100 3519 1220 3581; x_wconf 63' lang='lat' dir='ltr'><strong>jnot</strong></span> <span class='ocrx_word' id='word_1_492' title='bbox 1258 3509 1563 3581; x_wconf 89' lang='lat' dir='ltr'><strong>provincias</strong></span> <span class='ocrx_word' id='word_1_493' title='bbox 1592 3525 1624 3563; x_wconf 91' lang='lat' dir='ltr'><strong>a</strong></span> <span class='ocrx_word' id='word_1_494' title='bbox 1674 3509 1973 3564; x_wconf 90' lang='lat' dir='ltr'><strong>Simoniaca</strong></span> <span class='ocrx_word' id='word_1_495' title='bbox 2001 3507 2124 3563; x_wconf 89' lang='lat' dir='ltr'><strong>labe</strong></span> 
     </span>
    </p>
   </div>
   <div class='ocr_carea' id='block_1_65' title="bbox 534 3602 2123 3679">
    <p class='ocr_par' dir='ltr' id='par_1_65' title="bbox 534 3602 2123 3679">
     <span class='ocr_line' id='line_1_65' title="bbox 534 3602 2123 3679; baseline -0.004 -17"><span class='ocrx_word' id='word_1_496' title='bbox 534 3631 558 3655; x_wconf 75' lang='grc' dir='ltr'><strong>σι</strong></span> <span class='ocrx_word' id='word_1_497' title='bbox 600 3607 934 3679; x_wconf 82' lang='lat' dir='ltr'><strong>expurgavit.</strong></span> <span class='ocrx_word' id='word_1_498' title='bbox 966 3607 1171 3661; x_wconf 86' lang='lat' dir='ltr'><strong>Contra</strong></span> <span class='ocrx_word' id='word_1_499' title='bbox 1198 3604 1418 3659; x_wconf 84' lang='lat' dir='ltr'><strong>Henrici</strong></span> <span class='ocrx_word' id='word_1_500' title='bbox 1447 3605 1791 3673; x_wconf 90' lang='lat' dir='ltr'><strong>imperatoris</strong></span> <span class='ocrx_word' id='word_1_501' title='bbox 1816 3602 2014 3671; x_wconf 89' lang='lat' dir='ltr'><strong>impios</strong></span> <span class='ocrx_word' id='word_1_502' title='bbox 2028 3617 2123 3655; x_wconf 90' lang='lat' dir='ltr'><strong>co-</strong></span> 
     </span>
    </p>
   </div>
   <div class='ocr_carea' id='block_1_66' title="bbox 535 3695 2123 3770">
    <p class='ocr_par' dir='ltr' id='par_1_66' title="bbox 535 3695 2123 3770">
     <span class='ocr_line' id='line_1_66' title="bbox 535 3695 2123 3770; baseline -0.004 -16"><span class='ocrx_word' id='word_1_503' title='bbox 535 3724 559 3748; x_wconf 77' lang='lat'><strong>«</strong></span> <span class='ocrx_word' id='word_1_504' title='bbox 600 3708 763 3755; x_wconf 91' lang='lat' dir='ltr'><strong>natus</strong></span> <span class='ocrx_word' id='word_1_505' title='bbox 786 3699 942 3754; x_wconf 83' lang='lat' dir='ltr'><strong>fortis</strong></span> <span class='ocrx_word' id='word_1_506' title='bbox 972 3716 1065 3770; x_wconf 88' lang='lat' dir='ltr'><strong>per</strong></span> <span class='ocrx_word' id='word_1_507' title='bbox 1094 3698 1275 3753; x_wconf 90' lang='lat' dir='ltr'><strong>omnia</strong></span> <span class='ocrx_word' id='word_1_508' title='bbox 1295 3698 1495 3752; x_wconf 90' lang='lat' dir='ltr'><strong>athleta</strong></span> <span class='ocrx_word' id='word_1_509' title='bbox 1525 3695 1830 3766; x_wconf 88' lang='lat' dir='ltr'><strong>impavidus</strong></span> <span class='ocrx_word' id='word_1_510' title='bbox 1866 3710 2123 3766; x_wconf 88' lang='lat' dir='ltr'><strong>perman-</strong></span> 
     </span>
    </p>
   </div>
   <div class='ocr_carea' id='block_1_67' title="bbox 535 3788 2124 3863">
    <p class='ocr_par' dir='ltr' id='par_1_67' title="bbox 535 3788 2124 3863">
     <span class='ocr_line' id='line_1_67' title="bbox 535 3788 2124 3863; baseline -0.001 -20"><span class='ocrx_word' id='word_1_511' title='bbox 535 3816 559 3843; x_wconf 77' lang='grc' dir='ltr'><strong>σι</strong></span> <span class='ocrx_word' id='word_1_512' title='bbox 602 3794 694 3859; x_wconf 89' lang='lat' dir='ltr'><strong>sit,</strong></span> <span class='ocrx_word' id='word_1_513' title='bbox 720 3807 884 3863; x_wconf 89' lang='lat' dir='ltr'><strong>seque</strong></span> <span class='ocrx_word' id='word_1_514' title='bbox 925 3808 1019 3862; x_wconf 91' lang='lat' dir='ltr'><strong>pro</strong></span> <span class='ocrx_word' id='word_1_515' title='bbox 1050 3806 1214 3846; x_wconf 90' lang='lat' dir='ltr'><strong>muro</strong></span> <span class='ocrx_word' id='word_1_516' title='bbox 1258 3789 1444 3845; x_wconf 91' lang='lat' dir='ltr'><strong>domui</strong></span> <span class='ocrx_word' id='word_1_517' title='bbox 1490 3790 1649 3843; x_wconf 83' lang='lat' dir='ltr'><strong>Israel</strong></span> <span class='ocrx_word' id='word_1_518' title='bbox 1692 3804 1891 3859; x_wconf 83' lang='lat' dir='ltr'><strong>ponere.</strong></span> <span class='ocrx_word' id='word_1_519' title='bbox 1915 3804 2022 3843; x_wconf 93' lang='lat' dir='ltr'><strong>non</strong></span> <span class='ocrx_word' id='word_1_520' title='bbox 2054 3788 2124 3842; x_wconf 86' lang='lat' dir='ltr'><strong>ti-</strong></span> 
     </span>
    </p>
   </div>
   <div class='ocr_carea' id='block_1_68' title="bbox 539 3881 2125 3952">
    <p class='ocr_par' dir='ltr' id='par_1_68' title="bbox 539 3881 2125 3952">
     <span class='ocr_line' id='line_1_68' title="bbox 539 3881 2125 3952; baseline -0.004 -12"><span class='ocrx_word' id='word_1_521' title='bbox 539 3910 562 3933; x_wconf 75' lang='grc' dir='ltr'><strong><em>κ</em></strong></span> <span class='ocrx_word' id='word_1_522' title='bbox 604 3886 769 3951; x_wconf 90' lang='lat' dir='ltr'><strong>muit,</strong></span> <span class='ocrx_word' id='word_1_523' title='bbox 798 3900 863 3940; x_wconf 90' lang='lat' dir='ltr'><strong>ac</strong></span> <span class='ocrx_word' id='word_1_524' title='bbox 889 3883 1142 3940; x_wconf 90' lang='lat' dir='ltr'><strong>eumdem</strong></span> <span class='ocrx_word' id='word_1_525' title='bbox 1176 3882 1476 3938; x_wconf 86' lang='lat' dir='ltr'><strong>Henricum</strong></span> <span class='ocrx_word' id='word_1_526' title='bbox 1506 3882 1559 3936; x_wconf 92' lang='lat' dir='ltr'><strong>in</strong></span> <span class='ocrx_word' id='word_1_527' title='bbox 1592 3881 1923 3952; x_wconf 86' lang='lat' dir='ltr'><strong>profundum</strong></span> <span class='ocrx_word' id='word_1_528' title='bbox 1953 3881 2125 3934; x_wconf 83' lang='lat' dir='ltr'><strong>malo-</strong></span> 
     </span>
    </p>
   </div>
   <div class='ocr_carea' id='block_1_69' title="bbox 538 3974 2129 4049">
    <p class='ocr_par' dir='ltr' id='par_1_69' title="bbox 538 3974 2129 4049">
     <span class='ocr_line' id='line_1_69' title="bbox 538 3974 2129 4049; baseline -0.003 -15"><span class='ocrx_word' id='word_1_529' title='bbox 538 4003 563 4028; x_wconf 79' lang='grc' dir='ltr'><strong>σι</strong></span> <span class='ocrx_word' id='word_1_530' title='bbox 595 3993 720 4034; x_wconf 90' lang='lat' dir='ltr'><strong>rum</strong></span> <span class='ocrx_word' id='word_1_531' title='bbox 755 3980 1091 4049; x_wconf 88' lang='lat' dir='ltr'><strong>prolapsum,</strong></span> <span class='ocrx_word' id='word_1_532' title='bbox 1123 3976 1363 4031; x_wconf 89' lang='lat' dir='ltr'><strong>ﬁdelium</strong></span> <span class='ocrx_word' id='word_1_533' title='bbox 1403 3974 1820 4040; x_wconf 90' lang='lat' dir='ltr'><strong>communione,</strong></span> <span class='ocrx_word' id='word_1_534' title='bbox 1849 3989 2129 4045; x_wconf 85' lang='lat' dir='ltr'><strong>regnoque</strong></span> 
     </span>
    </p>
   </div>
   <div class='ocr_carea' id='block_1_70' title="bbox 538 4066 2129 4144">
    <p class='ocr_par' dir='ltr' id='par_1_70' title="bbox 538 4066 2129 4144">
     <span class='ocr_line' id='line_1_70' title="bbox 538 4066 2129 4144; baseline -0.001 -22"><span class='ocrx_word' id='word_1_535' title='bbox 538 4096 563 4122; x_wconf 78' lang='grc' dir='ltr'><strong>ιι</strong></span> <span class='ocrx_word' id='word_1_536' title='bbox 604 4071 853 4144; x_wconf 88' lang='lat' dir='ltr'><strong>privavit,</strong></span> <span class='ocrx_word' id='word_1_537' title='bbox 895 4080 1058 4143; x_wconf 91' lang='lat' dir='ltr'><strong>atque</strong></span> <span class='ocrx_word' id='word_1_538' title='bbox 1097 4069 1343 4125; x_wconf 87' lang='lat' dir='ltr'><strong>subditos</strong></span> <span class='ocrx_word' id='word_1_539' title='bbox 1375 4068 1609 4139; x_wconf 89' lang='lat' dir='ltr'><strong>populos</strong></span> <span class='ocrx_word' id='word_1_540' title='bbox 1638 4067 1746 4124; x_wconf 87' lang='lat' dir='ltr'><strong>ﬁde</strong></span> <span class='ocrx_word' id='word_1_541' title='bbox 1769 4068 1819 4122; x_wconf 90' lang='lat' dir='ltr'><strong>ei</strong></span> <span class='ocrx_word' id='word_1_542' title='bbox 1847 4066 1972 4122; x_wconf 88' lang='lat' dir='ltr'><strong>data</strong></span> <span class='ocrx_word' id='word_1_543' title='bbox 1995 4066 2129 4121; x_wconf 91' lang='lat' dir='ltr'><strong>libe-</strong></span> 
     </span>
    </p>
   </div>
   <div class='ocr_carea' id='block_1_71' title="bbox 537 4166 818 4220">
    <p class='ocr_par' dir='ltr' id='par_1_71' title="bbox 537 4166 818 4220">
     <span class='ocr_line' id='line_1_71' title="bbox 537 4166 818 4220; baseline -0.007 0"><span class='ocrx_word' id='word_1_544' title='bbox 537 4189 563 4214; x_wconf 73' lang='grc' dir='ltr'>α</span> <span class='ocrx_word' id='word_1_545' title='bbox 606 4166 765 4220; x_wconf 90' lang='lat' dir='ltr'><strong>ravit.</strong></span> <span class='ocrx_word' id='word_1_546' title='bbox 793 4189 818 4212; x_wconf 75' lang='grc' dir='ltr'>υ</span> 
     </span>
    </p>
   </div>
   <div class='ocr_carea' id='block_1_72' title="bbox 604 4255 2129 4327">
    <p class='ocr_par' dir='ltr' id='par_1_72' title="bbox 604 4255 2129 4327">
     <span class='ocr_line' id='line_1_72' title="bbox 604 4255 2129 4327; baseline -0.003 -13"><span class='ocrx_word' id='word_1_547' title='bbox 604 4261 837 4314; x_wconf 77' lang='lat' dir='ltr'><strong>LECTIO</strong></span> <span class='ocrx_word' id='word_1_548' title='bbox 858 4272 941 4313; x_wconf 80' lang='lat' dir='ltr'><strong>vr.</strong></span> <span class='ocrx_word' id='word_1_549' title='bbox 968 4280 993 4303; x_wconf 74' lang='grc' dir='ltr'>ιι</span> <span class='ocrx_word' id='word_1_550' title='bbox 1027 4261 1177 4313; x_wconf 91' lang='lat' dir='ltr'><strong>Dum</strong></span> <span class='ocrx_word' id='word_1_551' title='bbox 1208 4255 1506 4313; x_wconf 91' lang='lat' dir='ltr'><strong>missarum</strong></span> <span class='ocrx_word' id='word_1_552' title='bbox 1524 4255 1792 4311; x_wconf 89' lang='lat' dir='ltr'><strong>solemnia</strong></span> <span class='ocrx_word' id='word_1_553' title='bbox 1827 4264 2129 4327; x_wconf 79' lang='lat' dir='ltr'><strong>perageret,</strong></span> 
     </span>
    </p>
   </div>
   <div class='ocr_carea' id='block_1_73' title="bbox 540 4348 2132 4422">
    <p class='ocr_par' dir='ltr' id='par_1_73' title="bbox 540 4348 2132 4422">
     <span class='ocr_line' id='line_1_73' title="bbox 540 4348 2132 4422; baseline 0.001 -21"><span class='ocrx_word' id='word_1_554' title='bbox 540 4376 565 4401; x_wconf 73' lang='grc' dir='ltr'><strong>«ι</strong></span> <span class='ocrx_word' id='word_1_555' title='bbox 607 4353 720 4407; x_wconf 91' lang='lat' dir='ltr'><strong>visa</strong></span> <span class='ocrx_word' id='word_1_556' title='bbox 755 4361 837 4406; x_wconf 91' lang='lat' dir='ltr'><strong>est</strong></span> <span class='ocrx_word' id='word_1_557' title='bbox 878 4350 1009 4405; x_wconf 91' lang='lat' dir='ltr'><strong>viris</strong></span> <span class='ocrx_word' id='word_1_558' title='bbox 1054 4350 1149 4422; x_wconf 85' lang='lat' dir='ltr'><strong>piis</strong></span> <span class='ocrx_word' id='word_1_559' title='bbox 1187 4349 1441 4405; x_wconf 87' lang='lat' dir='ltr'><strong>columba</strong></span> <span class='ocrx_word' id='word_1_560' title='bbox 1486 4364 1515 4404; x_wconf 91' lang='lat' dir='ltr'><strong>e</strong></span> <span class='ocrx_word' id='word_1_561' title='bbox 1554 4349 1695 4404; x_wconf 66' lang='lat' dir='ltr'><strong>caelo</strong></span> <span class='ocrx_word' id='word_1_562' title='bbox 1731 4348 1986 4420; x_wconf 86' lang='lat' dir='ltr'><strong>delapsa,</strong></span> <span class='ocrx_word' id='word_1_563' title='bbox 2026 4348 2132 4404; x_wconf 89' lang='lat' dir='ltr'><strong>hn-</strong></span> 
     </span>
    </p>
   </div>
   <div class='ocr_carea' id='block_1_74' title="bbox 541 4442 2135 4515">
    <p class='ocr_par' dir='ltr' id='par_1_74' title="bbox 541 4442 2135 4515">
     <span class='ocr_line' id='line_1_74' title="bbox 541 4442 2135 4515; baseline -0.004 -14"><span class='ocrx_word' id='word_1_564' title='bbox 541 4469 564 4494; x_wconf 81' lang='grc'><strong>‹‹</strong></span> <span class='ocrx_word' id='word_1_565' title='bbox 608 4462 762 4501; x_wconf 90' lang='lat' dir='ltr'><strong>mero</strong></span> <span class='ocrx_word' id='word_1_566' title='bbox 816 4447 937 4515; x_wconf 88' lang='lat' dir='ltr'><strong>ejus</strong></span> <span class='ocrx_word' id='word_1_567' title='bbox 973 4443 1169 4499; x_wconf 84' lang='lat' dir='ltr'><strong>dextro</strong></span> <span class='ocrx_word' id='word_1_568' title='bbox 1217 4444 1485 4511; x_wconf 85' lang='lat' dir='ltr'><strong>insidens,</strong></span> <span class='ocrx_word' id='word_1_569' title='bbox 1538 4442 1638 4497; x_wconf 91' lang='lat' dir='ltr'><strong>alis</strong></span> <span class='ocrx_word' id='word_1_570' title='bbox 1690 4443 1930 4497; x_wconf 84' lang='lat' dir='ltr'><strong>extensis</strong></span> <span class='ocrx_word' id='word_1_571' title='bbox 1973 4449 2135 4513; x_wconf 89' lang='lat' dir='ltr'><strong>caput</strong></span> 
     </span>
    </p>
   </div>
   <div class='ocr_carea' id='block_1_75' title="bbox 2229 3229 3831 3306">
    <p class='ocr_par' dir='ltr' id='par_1_75' title="bbox 2229 3229 3831 3306">
     <span class='ocr_line' id='line_1_75' title="bbox 2229 3229 3831 3306; baseline -0.002 -16"><span class='ocrx_word' id='word_1_572' title='bbox 2229 3245 2455 3306; x_wconf 88' lang='lat' dir='ltr'><strong>potence</strong></span> <span class='ocrx_word' id='word_1_573' title='bbox 2483 3234 2804 3304; x_wconf 85' lang='lat' dir='ltr'><strong>temporellc</strong></span> <span class='ocrx_word' id='word_1_574' title='bbox 2824 3234 2919 3288; x_wconf 91' lang='lat' dir='ltr'><strong>des</strong></span> <span class='ocrx_word' id='word_1_575' title='bbox 2948 3231 3183 3302; x_wconf 84' lang='lat' dir='ltr'><strong>poutifes</strong></span> <span class='ocrx_word' id='word_1_576' title='bbox 3204 3231 3274 3285; x_wconf 93' lang='lat' dir='ltr'><strong>du</strong></span> <span class='ocrx_word' id='word_1_577' title='bbox 3291 3245 3490 3300; x_wconf 75' lang='lat' dir='ltr'><strong>moyen</strong></span> <span class='ocrx_word' id='word_1_578' title='bbox 3516 3229 3637 3301; x_wconf 73' lang='lat' dir='ltr'><strong>age,</strong></span> <span class='ocrx_word' id='word_1_579' title='bbox 3667 3247 3831 3287; x_wconf 83' lang='lat' dir='ltr'><strong>exer-</strong></span> 
     </span>
    </p>
   </div>
   <div class='ocr_carea' id='block_1_76' title="bbox 2228 3325 3835 3399">
    <p class='ocr_par' dir='ltr' id='par_1_76' title="bbox 2228 3325 3835 3399">
     <span class='ocr_line' id='line_1_76' title="bbox 2228 3325 3835 3399; baseline -0.003 -14"><span class='ocrx_word' id='word_1_580' title='bbox 2228 3329 2324 3385; x_wconf 86' lang='lat' dir='ltr'><strong>cée</strong></span> <span class='ocrx_word' id='word_1_581' title='bbox 2353 3343 2450 3399; x_wconf 90' lang='lat' dir='ltr'><strong>par</strong></span> <span class='ocrx_word' id='word_1_582' title='bbox 2478 3327 2678 3383; x_wconf 83' lang='lat' dir='ltr'><strong>Benoit</strong></span> <span class='ocrx_word' id='word_1_583' title='bbox 2703 3327 2845 3381; x_wconf 80' lang='lat' dir='ltr'><strong>XIII</strong></span> <span class='ocrx_word' id='word_1_584' title='bbox 2872 3342 2942 3381; x_wconf 91' lang='lat' dir='ltr'><strong>ou</strong></span> <span class='ocrx_word' id='word_1_585' title='bbox 2967 3341 3054 3380; x_wconf 91' lang='lat' dir='ltr'><strong>ses</strong></span> <span class='ocrx_word' id='word_1_586' title='bbox 3080 3327 3464 3379; x_wconf 83' lang='lat' dir='ltr'><strong>successeurs?</strong></span> <span class='ocrx_word' id='word_1_587' title='bbox 3501 3325 3653 3380; x_wconf 85' lang='lat' dir='ltr'><strong>Nous</strong></span> <span class='ocrx_word' id='word_1_588' title='bbox 3684 3339 3835 3380; x_wconf 89' lang='lat' dir='ltr'><strong>sem-</strong></span> 
     </span>
    </p>
   </div>
   <div class='ocr_carea' id='block_1_77' title="bbox 2229 3417 3834 3493">
    <p class='ocr_par' dir='ltr' id='par_1_77' title="bbox 2229 3417 3834 3493">
     <span class='ocr_line' id='line_1_77' title="bbox 2229 3417 3834 3493; baseline -0.002 -17"><span class='ocrx_word' id='word_1_589' title='bbox 2229 3422 2428 3477; x_wconf 82' lang='lat' dir='ltr'><strong>ble-t—il</strong></span> <span class='ocrx_word' id='word_1_590' title='bbox 2470 3438 2580 3493; x_wconf 90' lang='lat' dir='ltr'><strong>que</strong></span> <span class='ocrx_word' id='word_1_591' title='bbox 2612 3421 2657 3475; x_wconf 89' lang='lat' dir='ltr'><strong>la</strong></span> <span class='ocrx_word' id='word_1_592' title='bbox 2700 3435 2980 3475; x_wconf 89' lang='lat' dir='ltr'><strong>couronne</strong></span> <span class='ocrx_word' id='word_1_593' title='bbox 3008 3419 3075 3474; x_wconf 91' lang='lat' dir='ltr'><strong>de</strong></span> <span class='ocrx_word' id='word_1_594' title='bbox 3112 3420 3353 3484; x_wconf 87' lang='lat' dir='ltr'><strong>France,</strong></span> <span class='ocrx_word' id='word_1_595' title='bbox 3393 3432 3528 3490; x_wconf 87' lang='lat' dir='ltr'><strong>pays</strong></span> <span class='ocrx_word' id='word_1_596' title='bbox 3560 3434 3632 3473; x_wconf 92' lang='lat' dir='ltr'><strong>ou</strong></span> <span class='ocrx_word' id='word_1_597' title='bbox 3672 3418 3722 3474; x_wconf 90' lang='lat' dir='ltr'><strong>la</strong></span> <span class='ocrx_word' id='word_1_598' title='bbox 3757 3417 3834 3473; x_wconf 82' lang='grc' dir='ltr'><strong>[έ-</strong></span> 
     </span>
    </p>
   </div>
   <div class='ocr_carea' id='block_1_78' title="bbox 2228 3510 3829 3585">
    <p class='ocr_par' dir='ltr' id='par_1_78' title="bbox 2228 3510 3829 3585">
     <span class='ocr_line' id='line_1_78' title="bbox 2228 3510 3829 3585; baseline -0.002 -15"><span class='ocrx_word' id='word_1_599' title='bbox 2228 3516 2393 3585; x_wconf 86' lang='lat' dir='ltr'><strong>gende</strong></span> <span class='ocrx_word' id='word_1_600' title='bbox 2423 3530 2452 3568; x_wconf 91' lang='lat' dir='ltr'><strong>a</strong></span> <span class='ocrx_word' id='word_1_601' title='bbox 2485 3515 2570 3569; x_wconf 84' lang='lat' dir='ltr'><strong>été</strong></span> <span class='ocrx_word' id='word_1_602' title='bbox 2600 3513 2886 3585; x_wconf 89' lang='lat' dir='ltr'><strong>proscrite,</strong></span> <span class='ocrx_word' id='word_1_603' title='bbox 2912 3512 2989 3567; x_wconf 90' lang='lat' dir='ltr'><strong>ait</strong></span> <span class='ocrx_word' id='word_1_604' title='bbox 3015 3512 3099 3567; x_wconf 86' lang='lat' dir='ltr'><strong>été</strong></span> <span class='ocrx_word' id='word_1_605' title='bbox 3121 3512 3305 3583; x_wconf 82' lang='lat' dir='ltr'><strong>I‘objet</strong></span> <span class='ocrx_word' id='word_1_606' title='bbox 3328 3512 3394 3567; x_wconf 89' lang='lat' dir='ltr'><strong>de</strong></span> <span class='ocrx_word' id='word_1_607' title='bbox 3426 3510 3608 3566; x_wconf 90' lang='lat' dir='ltr'><strong>moins</strong></span> <span class='ocrx_word' id='word_1_608' title='bbox 3635 3512 3829 3567; x_wconf 85' lang='lat' dir='ltr'><strong>d&#39;atta-</strong></span> 
     </span>
    </p>
   </div>
   <div class='ocr_carea' id='block_1_79' title="bbox 2231 3594 3831 3681">
    <p class='ocr_par' dir='ltr' id='par_1_79' title="bbox 2231 3594 3831 3681">
     <span class='ocr_line' id='line_1_79' title="bbox 2231 3594 3831 3681; baseline -0.002 -18"><span class='ocrx_word' id='word_1_609' title='bbox 2231 3626 2365 3681; x_wconf 90' lang='lat' dir='ltr'><strong>ques</strong></span> <span class='ocrx_word' id='word_1_610' title='bbox 2396 3625 2499 3680; x_wconf 92' lang='lat' dir='ltr'><strong>que</strong></span> <span class='ocrx_word' id='word_1_611' title='bbox 2515 3608 2644 3663; x_wconf 92' lang='lat' dir='ltr'><strong>celle</strong></span> <span class='ocrx_word' id='word_1_612' title='bbox 2668 3606 2765 3662; x_wconf 89' lang='lat' dir='ltr'><strong>des</strong></span> <span class='ocrx_word' id='word_1_613' title='bbox 2795 3606 3115 3662; x_wconf 86' lang='lat' dir='ltr'><strong>souverains</strong></span> <span class='ocrx_word' id='word_1_614' title='bbox 3135 3605 3271 3660; x_wconf 90' lang='lat' dir='ltr'><strong>dans</strong></span> <span class='ocrx_word' id='word_1_615' title='bbox 3296 3604 3374 3659; x_wconf 91' lang='lat' dir='ltr'><strong>les</strong></span> <span class='ocrx_word' id='word_1_616' title='bbox 3399 3594 3555 3661; x_wconf 80' lang='lat' dir='ltr'><strong>Etats</strong></span> <span class='ocrx_word' id='word_1_617' title='bbox 3580 3604 3831 3675; x_wconf 91' lang='lat' dir='ltr'><strong>desquels</strong></span> 
     </span>
    </p>
   </div>
   <div class='ocr_carea' id='block_1_80' title="bbox 2231 3697 3828 3772">
    <p class='ocr_par' dir='ltr' id='par_1_80' title="bbox 2231 3697 3828 3772">
     <span class='ocr_line' id='line_1_80' title="bbox 2231 3697 3828 3772; baseline -0.003 -15"><span class='ocrx_word' id='word_1_618' title='bbox 2231 3703 2332 3757; x_wconf 89' lang='lat' dir='ltr'><strong>elle</strong></span> <span class='ocrx_word' id='word_1_619' title='bbox 2361 3719 2391 3756; x_wconf 93' lang='lat' dir='ltr'><strong>a</strong></span> <span class='ocrx_word' id='word_1_620' title='bbox 2419 3702 2505 3756; x_wconf 69' lang='lat' dir='ltr'><strong>étc</strong></span> <span class='ocrx_word' id='word_1_621' title='bbox 2528 3699 2741 3755; x_wconf 89' lang='lat' dir='ltr'><strong>admise</strong></span> <span class='ocrx_word' id='word_1_622' title='bbox 2773 3715 2871 3770; x_wconf 90' lang='lat' dir='ltr'><strong>par</strong></span> <span class='ocrx_word' id='word_1_623' title='bbox 2901 3700 2949 3754; x_wconf 94' lang='lat' dir='ltr'><strong>le</strong></span> <span class='ocrx_word' id='word_1_624' title='bbox 2991 3700 3212 3772; x_wconf 82' lang='lat' dir='ltr'><strong>clergé?</strong></span> <span class='ocrx_word' id='word_1_625' title='bbox 3260 3702 3329 3753; x_wconf 85' lang='lat' dir='ltr'><strong>Et</strong></span> <span class='ocrx_word' id='word_1_626' title='bbox 3370 3698 3415 3753; x_wconf 91' lang='lat' dir='ltr'><strong>si</strong></span> <span class='ocrx_word' id='word_1_627' title='bbox 3464 3713 3564 3769; x_wconf 90' lang='lat' dir='ltr'><strong>par</strong></span> <span class='ocrx_word' id='word_1_628' title='bbox 3607 3697 3828 3766; x_wconf 87' lang='lat' dir='ltr'><strong>hasard,</strong></span> 
     </span>
    </p>
   </div>
   <div class='ocr_carea' id='block_1_81' title="bbox 2231 3791 3834 3864">
    <p class='ocr_par' dir='ltr' id='par_1_81' title="bbox 2231 3791 3834 3864">
     <span class='ocr_line' id='line_1_81' title="bbox 2231 3791 3834 3864; baseline -0.002 -14"><span class='ocrx_word' id='word_1_629' title='bbox 2231 3796 2361 3850; x_wconf 86' lang='lat' dir='ltr'><strong>chez</strong></span> <span class='ocrx_word' id='word_1_630' title='bbox 2392 3810 2553 3861; x_wconf 90' lang='lat' dir='ltr'><strong>nous,</strong></span> <span class='ocrx_word' id='word_1_631' title='bbox 2584 3793 2778 3863; x_wconf 89' lang='lat' dir='ltr'><strong>depuis</strong></span> <span class='ocrx_word' id='word_1_632' title='bbox 2804 3801 2944 3848; x_wconf 91' lang='lat' dir='ltr'><strong>cette</strong></span> <span class='ocrx_word' id='word_1_633' title='bbox 2964 3793 3198 3864; x_wconf 84' lang='lat' dir='ltr'><strong>époque,</strong></span> <span class='ocrx_word' id='word_1_634' title='bbox 3226 3793 3301 3847; x_wconf 91' lang='lat' dir='ltr'><strong>les</strong></span> <span class='ocrx_word' id='word_1_635' title='bbox 3327 3791 3443 3846; x_wconf 89' lang='lat' dir='ltr'><strong>rois</strong></span> <span class='ocrx_word' id='word_1_636' title='bbox 3473 3799 3574 3846; x_wconf 90' lang='lat' dir='ltr'><strong>ont</strong></span> <span class='ocrx_word' id='word_1_637' title='bbox 3598 3791 3834 3848; x_wconf 86' lang='lat' dir='ltr'><strong>souffert</strong></span> 
     </span>
    </p>
   </div>
   <div class='ocr_carea' id='block_1_82' title="bbox 2234 3885 3833 3956">
    <p class='ocr_par' dir='ltr' id='par_1_82' title="bbox 2234 3885 3833 3956">
     <span class='ocr_line' id='line_1_82' title="bbox 2234 3885 3833 3956; baseline -0.003 -12"><span class='ocrx_word' id='word_1_638' title='bbox 2234 3890 2284 3944; x_wconf 92' lang='lat' dir='ltr'><strong>la</strong></span> <span class='ocrx_word' id='word_1_639' title='bbox 2334 3896 2502 3953; x_wconf 87' lang='lat' dir='ltr'><strong>mort,</strong></span> <span class='ocrx_word' id='word_1_640' title='bbox 2542 3886 2685 3942; x_wconf 84' lang='lat' dir='ltr'><strong>l’exil</strong></span> <span class='ocrx_word' id='word_1_641' title='bbox 2728 3902 2799 3942; x_wconf 91' lang='lat' dir='ltr'><strong>ou</strong></span> <span class='ocrx_word' id='word_1_642' title='bbox 2860 3885 3275 3951; x_wconf 88' lang='lat' dir='ltr'><strong>l’humiliation,</strong></span> <span class='ocrx_word' id='word_1_643' title='bbox 3327 3894 3499 3940; x_wconf 90' lang='lat' dir='ltr'><strong>est-ce</strong></span> <span class='ocrx_word' id='word_1_644' title='bbox 3529 3887 3708 3941; x_wconf 79' lang='lat' dir='ltr'><strong>Rome</strong></span> <span class='ocrx_word' id='word_1_645' title='bbox 3736 3885 3833 3956; x_wconf 89' lang='lat' dir='ltr'><strong>qui</strong></span> 
     </span>
    </p>
   </div>
   <div class='ocr_carea' id='block_1_83' title="bbox 2235 3977 3833 4051">
    <p class='ocr_par' dir='ltr' id='par_1_83' title="bbox 2235 3977 3833 4051">
     <span class='ocr_line' id='line_1_83' title="bbox 2235 3977 3833 4051; baseline -0.003 -14"><span class='ocrx_word' id='word_1_646' title='bbox 2235 3983 2361 4037; x_wconf 78' lang='lat' dir='ltr'><strong>s’est</strong></span> <span class='ocrx_word' id='word_1_647' title='bbox 2389 3981 2635 4037; x_wconf 89' lang='lat' dir='ltr'><strong>montrée</strong></span> <span class='ocrx_word' id='word_1_648' title='bbox 2660 3979 2852 4035; x_wconf 86' lang='lat' dir='ltr'><strong>envers</strong></span> <span class='ocrx_word' id='word_1_649' title='bbox 2872 3996 2972 4034; x_wconf 80' lang='lat' dir='ltr'><strong>eux</strong></span> <span class='ocrx_word' id='word_1_650' title='bbox 3001 3979 3047 4034; x_wconf 93' lang='lat' dir='ltr'><strong>si</strong></span> <span class='ocrx_word' id='word_1_651' title='bbox 3072 3978 3426 4051; x_wconf 89' lang='lat' dir='ltr'><strong>impitoyable</strong></span> <span class='ocrx_word' id='word_1_652' title='bbox 3446 3982 3469 4035; x_wconf 72' lang='grc'>9</span> <span class='ocrx_word' id='word_1_653' title='bbox 3493 3979 3570 4033; x_wconf 87' lang='lat' dir='ltr'><strong>Ne</strong></span> <span class='ocrx_word' id='word_1_654' title='bbox 3597 3977 3833 4049; x_wconf 89' lang='lat' dir='ltr'><strong>perdons</strong></span> 
     </span>
    </p>
   </div>
   <div class='ocr_carea' id='block_1_84' title="bbox 2237 4069 3833 4148">
    <p class='ocr_par' dir='ltr' id='par_1_84' title="bbox 2237 4069 3833 4148">
     <span class='ocr_line' id='line_1_84' title="bbox 2237 4069 3833 4148; baseline -0.003 -17"><span class='ocrx_word' id='word_1_655' title='bbox 2237 4091 2333 4148; x_wconf 87' lang='lat' dir='ltr'><strong>pas</strong></span> <span class='ocrx_word' id='word_1_656' title='bbox 2368 4092 2429 4132; x_wconf 92' lang='lat' dir='ltr'><strong>ce</strong></span> <span class='ocrx_word' id='word_1_657' title='bbox 2458 4075 2611 4147; x_wconf 90' lang='lat' dir='ltr'><strong>point</strong></span> <span class='ocrx_word' id='word_1_658' title='bbox 2639 4074 2706 4130; x_wconf 92' lang='lat' dir='ltr'><strong>de</strong></span> <span class='ocrx_word' id='word_1_659' title='bbox 2729 4091 2827 4128; x_wconf 87' lang='lat' dir='ltr'><strong>vue</strong></span> <span class='ocrx_word' id='word_1_660' title='bbox 2853 4074 2986 4129; x_wconf 90' lang='lat' dir='ltr'><strong>dans</strong></span> <span class='ocrx_word' id='word_1_661' title='bbox 3010 4073 3089 4127; x_wconf 89' lang='lat' dir='ltr'><strong>les</strong></span> <span class='ocrx_word' id='word_1_662' title='bbox 3126 4072 3366 4127; x_wconf 75' lang='lat' dir='ltr'><strong>diversas</strong></span> <span class='ocrx_word' id='word_1_663' title='bbox 3397 4071 3600 4143; x_wconf 87' lang='lat' dir='ltr'><strong>parties</strong></span> <span class='ocrx_word' id='word_1_664' title='bbox 3636 4069 3712 4126; x_wconf 91' lang='lat' dir='ltr'><strong>du</strong></span> <span class='ocrx_word' id='word_1_665' title='bbox 3740 4071 3833 4127; x_wconf 85' lang='lat' dir='ltr'><strong>ré-</strong></span> 
     </span>
    </p>
   </div>
   <div class='ocr_carea' id='block_1_85' title="bbox 2236 4163 3835 4241">
    <p class='ocr_par' dir='ltr' id='par_1_85' title="bbox 2236 4163 3835 4241">
     <span class='ocr_line' id='line_1_85' title="bbox 2236 4163 3835 4241; baseline -0.004 -16"><span class='ocrx_word' id='word_1_666' title='bbox 2236 4170 2309 4225; x_wconf 92' lang='lat' dir='ltr'><strong>cit</strong></span> <span class='ocrx_word' id='word_1_667' title='bbox 2338 4169 2431 4241; x_wconf 89' lang='lat' dir='ltr'><strong>qui</strong></span> <span class='ocrx_word' id='word_1_668' title='bbox 2464 4185 2526 4223; x_wconf 89' lang='lat' dir='ltr'><strong>va</strong></span> <span class='ocrx_word' id='word_1_669' title='bbox 2556 4182 2926 4223; x_wconf 88' lang='lat' dir='ltr'><strong>commencer.</strong></span> <span class='ocrx_word' id='word_1_670' title='bbox 2960 4168 3251 4237; x_wconf 88' lang='lat' dir='ltr'><strong>Beaucoup</strong></span> <span class='ocrx_word' id='word_1_671' title='bbox 3285 4165 3352 4220; x_wconf 89' lang='lat' dir='ltr'><strong>de</strong></span> <span class='ocrx_word' id='word_1_672' title='bbox 3379 4179 3510 4237; x_wconf 81' lang='lat' dir='ltr'><strong>gens</strong></span> <span class='ocrx_word' id='word_1_673' title='bbox 3538 4172 3671 4219; x_wconf 86' lang='lat' dir='ltr'><strong>vont</strong></span> <span class='ocrx_word' id='word_1_674' title='bbox 3694 4163 3835 4235; x_wconf 85' lang='lat' dir='ltr'><strong>jeter</strong></span> 
     </span>
    </p>
   </div>
   <div class='ocr_carea' id='block_1_86' title="bbox 2242 4258 3834 4331">
    <p class='ocr_par' dir='ltr' id='par_1_86' title="bbox 2242 4258 3834 4331">
     <span class='ocr_line' id='line_1_86' title="bbox 2242 4258 3834 4331; baseline -0.003 -14"><span class='ocrx_word' id='word_1_675' title='bbox 2242 4263 2317 4317; x_wconf 87' lang='lat' dir='ltr'><strong>les</strong></span> <span class='ocrx_word' id='word_1_676' title='bbox 2338 4262 2500 4317; x_wconf 87' lang='lat' dir='ltr'><strong>hauts</strong></span> <span class='ocrx_word' id='word_1_677' title='bbox 2527 4262 2656 4327; x_wconf 90' lang='lat' dir='ltr'><strong>cris,</strong></span> <span class='ocrx_word' id='word_1_678' title='bbox 2684 4275 2903 4315; x_wconf 89' lang='lat' dir='ltr'><strong>comme</strong></span> <span class='ocrx_word' id='word_1_679' title='bbox 2923 4262 2967 4313; x_wconf 91' lang='lat' dir='ltr'><strong>si</strong></span> <span class='ocrx_word' id='word_1_680' title='bbox 3016 4260 3064 4313; x_wconf 88' lang='lat' dir='ltr'><strong>la</strong></span> <span class='ocrx_word' id='word_1_681' title='bbox 3088 4258 3373 4328; x_wconf 89' lang='lat' dir='ltr'><strong>puissance</strong></span> <span class='ocrx_word' id='word_1_682' title='bbox 3401 4261 3582 4331; x_wconf 87' lang='lat' dir='ltr'><strong>royale</strong></span> <span class='ocrx_word' id='word_1_683' title='bbox 3611 4258 3743 4313; x_wconf 89' lang='lat' dir='ltr'><strong>était</strong></span> <span class='ocrx_word' id='word_1_684' title='bbox 3762 4272 3834 4313; x_wconf 91' lang='lat' dir='ltr'><strong>au</strong></span> 
     </span>
    </p>
   </div>
   <div class='ocr_carea' id='block_1_87' title="bbox 2238 4349 3837 4424">
    <p class='ocr_par' dir='ltr' id='par_1_87' title="bbox 2238 4349 3837 4424">
     <span class='ocr_line' id='line_1_87' title="bbox 2238 4349 3837 4424; baseline -0.002 -14"><span class='ocrx_word' id='word_1_685' title='bbox 2238 4364 2483 4411; x_wconf 89' lang='lat' dir='ltr'><strong>moment</strong></span> <span class='ocrx_word' id='word_1_686' title='bbox 2510 4354 2781 4424; x_wconf 76' lang='lat' dir='ltr'><strong>d&#39;expirer</strong></span> <span class='ocrx_word' id='word_1_687' title='bbox 2807 4352 2942 4407; x_wconf 90' lang='lat' dir='ltr'><strong>dans</strong></span> <span class='ocrx_word' id='word_1_688' title='bbox 2984 4351 3241 4406; x_wconf 88' lang='lat' dir='ltr'><strong>I’uuivers</strong></span> <span class='ocrx_word' id='word_1_689' title='bbox 3270 4349 3463 4418; x_wconf 88' lang='lat' dir='ltr'><strong>entier,</strong></span> <span class='ocrx_word' id='word_1_690' title='bbox 3496 4365 3596 4421; x_wconf 90' lang='lat' dir='ltr'><strong>par</strong></span> <span class='ocrx_word' id='word_1_691' title='bbox 3624 4352 3671 4406; x_wconf 89' lang='lat' dir='ltr'><strong>le</strong></span> <span class='ocrx_word' id='word_1_692' title='bbox 3715 4351 3837 4407; x_wconf 89' lang='lat' dir='ltr'><strong>seul</strong></span> 
     </span>
    </p>
   </div>
   <div class='ocr_carea' id='block_1_88' title="bbox 2242 4443 3833 4516">
    <p class='ocr_par' dir='ltr' id='par_1_88' title="bbox 2242 4443 3833 4516">
     <span class='ocr_line' id='line_1_88' title="bbox 2242 4443 3833 4516; baseline -0.003 -13"><span class='ocrx_word' id='word_1_693' title='bbox 2242 4447 2342 4503; x_wconf 87' lang='lat' dir='ltr'><strong>fait</strong></span> <span class='ocrx_word' id='word_1_694' title='bbox 2368 4449 2435 4502; x_wconf 92' lang='lat' dir='ltr'><strong>de</strong></span> <span class='ocrx_word' id='word_1_695' title='bbox 2464 4447 2510 4501; x_wconf 90' lang='lat' dir='ltr'><strong>la</strong></span> <span class='ocrx_word' id='word_1_696' title='bbox 2540 4444 2782 4515; x_wconf 76' lang='lat' dir='ltr'><strong>legenda.</strong></span> <span class='ocrx_word' id='word_1_697' title='bbox 2817 4444 2887 4499; x_wconf 88' lang='lat' dir='ltr'><strong>La</strong></span> <span class='ocrx_word' id='word_1_698' title='bbox 2919 4443 3081 4499; x_wconf 88' lang='lat' dir='ltr'><strong>haine</strong></span> <span class='ocrx_word' id='word_1_699' title='bbox 3124 4445 3192 4499; x_wconf 88' lang='lat' dir='ltr'><strong>de</strong></span> <span class='ocrx_word' id='word_1_700' title='bbox 3232 4445 3412 4498; x_wconf 82' lang='lat' dir='ltr'><strong>Rome</strong></span> <span class='ocrx_word' id='word_1_701' title='bbox 3460 4445 3539 4499; x_wconf 89' lang='lat' dir='ltr'><strong>les</strong></span> <span class='ocrx_word' id='word_1_702' title='bbox 3566 4444 3791 4516; x_wconf 83' lang='lat' dir='ltr'><strong>aveugle</strong></span> <span class='ocrx_word' id='word_1_703' title='bbox 3820 4465 3833 4498; x_wconf 90' lang='lat'><strong>:</strong></span> 
     </span>
    </p>
   </div>
   <div class='ocr_carea' id='block_1_89' title="bbox 543 4535 3835 4615">
    <p class='ocr_par' dir='ltr' id='par_1_89' title="bbox 543 4535 3835 4615">
     <span class='ocr_line' id='line_1_89' title="bbox 543 4535 3835 4615; baseline -0.002 -18"><span class='ocrx_word' id='word_1_704' title='bbox 543 4564 566 4586; x_wconf 79' lang='grc' dir='ltr'>α</span> <span class='ocrx_word' id='word_1_705' title='bbox 609 4540 723 4610; x_wconf 80' lang='lat' dir='ltr'><strong>ejus</strong></span> <span class='ocrx_word' id='word_1_706' title='bbox 763 4541 966 4605; x_wconf 80' lang='lat' dir='ltr'><strong>velare,</strong></span> <span class='ocrx_word' id='word_1_707' title='bbox 1014 4553 1123 4609; x_wconf 91' lang='lat' dir='ltr'><strong>quo</strong></span> <span class='ocrx_word' id='word_1_708' title='bbox 1152 4536 1525 4609; x_wconf 77' lang='lat' dir='ltr'><strong>significatum</strong></span> <span class='ocrx_word' id='word_1_709' title='bbox 1563 4544 1664 4603; x_wconf 79' lang='lat' dir='ltr'><strong>est,</strong></span> <span class='ocrx_word' id='word_1_710' title='bbox 1696 4536 1923 4607; x_wconf 82' lang='lat' dir='ltr'><strong>Spiritus</strong></span> <span class='ocrx_word' id='word_1_711' title='bbox 1964 4536 2134 4591; x_wconf 82' lang='lat' dir='ltr'><strong>sancti</strong></span> <span class='ocrx_word' id='word_1_712' title='bbox 2166 4553 2215 4615; x_wconf 82' lang='lat' dir='ltr'><strong>D</strong></span> <span class='ocrx_word' id='word_1_713' title='bbox 2247 4550 2301 4596; x_wconf 93' lang='lat' dir='ltr'><strong>et</strong></span> <span class='ocrx_word' id='word_1_714' title='bbox 2328 4540 2466 4596; x_wconf 88' lang='lat' dir='ltr'><strong>Dieu</strong></span> <span class='ocrx_word' id='word_1_715' title='bbox 2490 4539 2566 4593; x_wconf 89' lang='lat' dir='ltr'><strong>les</strong></span> <span class='ocrx_word' id='word_1_716' title='bbox 2592 4554 2621 4591; x_wconf 90' lang='lat' dir='ltr'><strong>a</strong></span> <span class='ocrx_word' id='word_1_717' title='bbox 2654 4539 2862 4593; x_wconf 87' lang='lat' dir='ltr'><strong>donnés</strong></span> <span class='ocrx_word' id='word_1_718' title='bbox 2887 4554 2954 4592; x_wconf 88' lang='lat' dir='ltr'><strong>en</strong></span> <span class='ocrx_word' id='word_1_719' title='bbox 2981 4537 3250 4608; x_wconf 85' lang='lat' dir='ltr'><strong>spectacle</strong></span> <span class='ocrx_word' id='word_1_720' title='bbox 3279 4538 3308 4590; x_wconf 64' lang='grc' dir='ltr'><strong>ὁ</strong></span> <span class='ocrx_word' id='word_1_721' title='bbox 3339 4543 3499 4591; x_wconf 91' lang='lat' dir='ltr'><strong>notre</strong></span> <span class='ocrx_word' id='word_1_722' title='bbox 3524 4535 3706 4603; x_wconf 76' lang='lat' dir='ltr'><strong>siécle,</strong></span> <span class='ocrx_word' id='word_1_723' title='bbox 3739 4537 3835 4608; x_wconf 85' lang='lat' dir='ltr'><strong>qui</strong></span> 
     </span>
    </p>
   </div>
   <div class='ocr_carea' id='block_1_90' title="bbox 541 4629 2130 4702">
    <p class='ocr_par' dir='ltr' id='par_1_90' title="bbox 541 4629 2130 4702">
     <span class='ocr_line' id='line_1_90' title="bbox 541 4629 2130 4702; baseline -0.001 -16"><span class='ocrx_word' id='word_1_724' title='bbox 541 4656 565 4679; x_wconf 76' lang='grc' dir='ltr'>η</span> <span class='ocrx_word' id='word_1_725' title='bbox 609 4632 818 4699; x_wconf 79' lang='lat' dir='ltr'><strong>afflatu,</strong></span> <span class='ocrx_word' id='word_1_726' title='bbox 846 4648 955 4687; x_wconf 90' lang='lat' dir='ltr'><strong>non</strong></span> <span class='ocrx_word' id='word_1_727' title='bbox 984 4632 1239 4688; x_wconf 74' lang='lat' dir='ltr'><strong>humana:</strong></span> <span class='ocrx_word' id='word_1_728' title='bbox 1269 4630 1571 4702; x_wconf 72' lang='lat' dir='ltr'><strong>prudentiae</strong></span> <span class='ocrx_word' id='word_1_729' title='bbox 1607 4630 1907 4685; x_wconf 87' lang='lat' dir='ltr'><strong>rationibus</strong></span> <span class='ocrx_word' id='word_1_730' title='bbox 1950 4629 2130 4701; x_wconf 89' lang='lat' dir='ltr'><strong>ipsum</strong></span> 
     </span>
    </p>
   </div>
   <div class='ocr_carea' id='block_1_91' title="bbox 503 4723 2133 4803">
    <p class='ocr_par' dir='ltr' id='par_1_91' title="bbox 503 4723 2133 4803">
     <span class='ocr_line' id='line_1_91' title="bbox 503 4723 2133 4803; baseline -0.001 -23"><span class='ocrx_word' id='word_1_731' title='bbox 503 4764 513 4774; x_wconf 87' lang='lat'><em>.</em></span> <span class='ocrx_word' id='word_1_732' title='bbox 543 4749 567 4772; x_wconf 76' lang='grc' dir='ltr'><strong>ει</strong></span> <span class='ocrx_word' id='word_1_733' title='bbox 610 4724 734 4780; x_wconf 88' lang='lat' dir='ltr'><strong>duci</strong></span> <span class='ocrx_word' id='word_1_734' title='bbox 756 4724 815 4780; x_wconf 89' lang='lat' dir='ltr'><strong>in</strong></span> <span class='ocrx_word' id='word_1_735' title='bbox 845 4724 1096 4782; x_wconf 65' lang='lat' dir='ltr'><strong>Ecclesiae</strong></span> <span class='ocrx_word' id='word_1_736' title='bbox 1131 4724 1413 4797; x_wconf 83' lang='lat' dir='ltr'><strong>regimine.</strong></span> <span class='ocrx_word' id='word_1_737' title='bbox 1447 4726 1584 4803; x_wconf 25' lang='lat' dir='ltr'><strong>Cium</strong></span> <span class='ocrx_word' id='word_1_738' title='bbox 1610 4724 1679 4779; x_wconf 91' lang='lat' dir='ltr'><strong>ab</strong></span> <span class='ocrx_word' id='word_1_739' title='bbox 1710 4723 1884 4794; x_wconf 88' lang='lat' dir='ltr'><strong>iniqui</strong></span> <span class='ocrx_word' id='word_1_740' title='bbox 1915 4723 2133 4779; x_wconf 77' lang='lat' dir='ltr'><strong>ilenrici</strong></span> 
     </span>
    </p>
   </div>
   <div class='ocr_carea' id='block_1_92' title="bbox 543 4816 2139 4888">
    <p class='ocr_par' dir='ltr' id='par_1_92' title="bbox 543 4816 2139 4888">
     <span class='ocr_line' id='line_1_92' title="bbox 543 4816 2139 4888; baseline -0.001 -15"><span class='ocrx_word' id='word_1_741' title='bbox 543 4842 570 4867; x_wconf 82' lang='grc'><strong>‹‹</strong></span> <span class='ocrx_word' id='word_1_742' title='bbox 611 4817 853 4873; x_wconf 85' lang='lat' dir='ltr'><strong>exercitu</strong></span> <span class='ocrx_word' id='word_1_743' title='bbox 881 4821 1077 4873; x_wconf 68' lang='lat' dir='ltr'><strong>Romae</strong></span> <span class='ocrx_word' id='word_1_744' title='bbox 1106 4818 1256 4888; x_wconf 82' lang='lat' dir='ltr'><strong>gravi</strong></span> <span class='ocrx_word' id='word_1_745' title='bbox 1285 4816 1574 4873; x_wconf 90' lang='lat' dir='ltr'><strong>obsidione</strong></span> <span class='ocrx_word' id='word_1_746' title='bbox 1604 4828 1962 4887; x_wconf 86' lang='lat' dir='ltr'><strong>premeretur,</strong></span> <span class='ocrx_word' id='word_1_747' title='bbox 1993 4816 2139 4872; x_wconf 85' lang='lat' dir='ltr'><strong>exci-</strong></span> 
     </span>
    </p>
   </div>
   <div class='ocr_carea' id='block_1_93' title="bbox 544 4910 2133 4981">
    <p class='ocr_par' dir='ltr' id='par_1_93' title="bbox 544 4910 2133 4981">
     <span class='ocr_line' id='line_1_93' title="bbox 544 4910 2133 4981; baseline -0.001 -15"><span class='ocrx_word' id='word_1_748' title='bbox 544 4936 568 4959; x_wconf 83' lang='lat'><strong>«</strong></span> <span class='ocrx_word' id='word_1_749' title='bbox 609 4917 785 4966; x_wconf 88' lang='lat' dir='ltr'><strong>tatum</strong></span> <span class='ocrx_word' id='word_1_750' title='bbox 836 4911 905 4966; x_wconf 92' lang='lat' dir='ltr'><strong>ab</strong></span> <span class='ocrx_word' id='word_1_751' title='bbox 955 4910 1203 4965; x_wconf 90' lang='lat' dir='ltr'><strong>hostibus</strong></span> <span class='ocrx_word' id='word_1_752' title='bbox 1251 4910 1562 4965; x_wconf 78' lang='lat' dir='ltr'><strong>incendium</strong></span> <span class='ocrx_word' id='word_1_753' title='bbox 1612 4910 1769 4981; x_wconf 84' lang='lat' dir='ltr'><strong>signo</strong></span> <span class='ocrx_word' id='word_1_754' title='bbox 1821 4912 2004 4966; x_wconf 87' lang='lat' dir='ltr'><strong>crucis</strong></span> <span class='ocrx_word' id='word_1_755' title='bbox 2048 4926 2133 4965; x_wconf 87' lang='lat' dir='ltr'><strong>ex-</strong></span> 
     </span>
    </p>
   </div>
   <div class='ocr_carea' id='block_1_94' title="bbox 544 5001 2130 5074">
    <p class='ocr_par' dir='ltr' id='par_1_94' title="bbox 544 5001 2130 5074">
     <span class='ocr_line' id='line_1_94' title="bbox 544 5001 2130 5074; baseline -0.001 -15"><span class='ocrx_word' id='word_1_756' title='bbox 544 5028 567 5051; x_wconf 78' lang='lat'><em>«</em></span> <span class='ocrx_word' id='word_1_757' title='bbox 597 5004 806 5060; x_wconf 80' lang='lat' dir='ltr'><strong>stinxit.</strong></span> <span class='ocrx_word' id='word_1_758' title='bbox 831 5006 912 5058; x_wconf 91' lang='lat' dir='ltr'><strong>De</strong></span> <span class='ocrx_word' id='word_1_759' title='bbox 929 5002 1043 5074; x_wconf 90' lang='lat' dir='ltr'><strong>ejus</strong></span> <span class='ocrx_word' id='word_1_760' title='bbox 1066 5017 1228 5057; x_wconf 91' lang='lat' dir='ltr'><strong>manu</strong></span> <span class='ocrx_word' id='word_1_761' title='bbox 1252 5001 1472 5057; x_wconf 89' lang='lat' dir='ltr'><strong>tandem</strong></span> <span class='ocrx_word' id='word_1_762' title='bbox 1505 5021 1531 5056; x_wconf 90' lang='lat' dir='ltr'><strong>a</strong></span> <span class='ocrx_word' id='word_1_763' title='bbox 1559 5002 1803 5058; x_wconf 84' lang='lat' dir='ltr'><strong>Roberto</strong></span> <span class='ocrx_word' id='word_1_764' title='bbox 1824 5003 2130 5060; x_wconf 89' lang='lat' dir='ltr'><strong>Guiscardo</strong></span> 
     </span>
    </p>
   </div>
   <div class='ocr_carea' id='block_1_95' title="bbox 544 5096 2133 5168">
    <p class='ocr_par' dir='ltr' id='par_1_95' title="bbox 544 5096 2133 5168">
     <span class='ocr_line' id='line_1_95' title="bbox 544 5096 2133 5168; baseline -0.001 -15"><span class='ocrx_word' id='word_1_765' title='bbox 544 5122 566 5146; x_wconf 72' lang='grc' dir='ltr'><strong>α</strong></span> <span class='ocrx_word' id='word_1_766' title='bbox 604 5097 743 5153; x_wconf 89' lang='lat' dir='ltr'><strong>duce</strong></span> <span class='ocrx_word' id='word_1_767' title='bbox 773 5097 1113 5153; x_wconf 87' lang='lat' dir='ltr'><strong>Northmano</strong></span> <span class='ocrx_word' id='word_1_768' title='bbox 1139 5104 1377 5168; x_wconf 89' lang='lat' dir='ltr'><strong>ereptus,</strong></span> <span class='ocrx_word' id='word_1_769' title='bbox 1408 5096 1671 5152; x_wconf 86' lang='lat' dir='ltr'><strong>Casinum</strong></span> <span class='ocrx_word' id='word_1_770' title='bbox 1691 5113 1748 5151; x_wconf 93' lang='lat' dir='ltr'><strong>se</strong></span> <span class='ocrx_word' id='word_1_771' title='bbox 1768 5099 2025 5163; x_wconf 89' lang='lat' dir='ltr'><strong>contulit;</strong></span> <span class='ocrx_word' id='word_1_772' title='bbox 2055 5106 2133 5151; x_wconf 89' lang='lat' dir='ltr'><strong>at-</strong></span> 
     </span>
    </p>
   </div>
   <div class='ocr_carea' id='block_1_96' title="bbox 544 5188 2137 5262">
    <p class='ocr_par' dir='ltr' id='par_1_96' title="bbox 544 5188 2137 5262">
     <span class='ocr_line' id='line_1_96' title="bbox 544 5188 2137 5262; baseline 0 -17"><span class='ocrx_word' id='word_1_773' title='bbox 544 5215 569 5239; x_wconf 78' lang='grc' dir='ltr'><strong>ιι</strong></span> <span class='ocrx_word' id='word_1_774' title='bbox 613 5206 719 5262; x_wconf 91' lang='lat' dir='ltr'><strong>que</strong></span> <span class='ocrx_word' id='word_1_775' title='bbox 773 5191 898 5245; x_wconf 91' lang='lat' dir='ltr'><strong>inde</strong></span> <span class='ocrx_word' id='word_1_776' title='bbox 941 5191 1228 5245; x_wconf 85' lang='lat' dir='ltr'><strong>Salernum</strong></span> <span class='ocrx_word' id='word_1_777' title='bbox 1302 5189 1370 5244; x_wconf 90' lang='lat' dir='ltr'><strong>ad</strong></span> <span class='ocrx_word' id='word_1_778' title='bbox 1419 5188 1785 5245; x_wconf 85' lang='lat' dir='ltr'><strong>dedicandam</strong></span> <span class='ocrx_word' id='word_1_779' title='bbox 1838 5190 2137 5247; x_wconf 84' lang='lat' dir='ltr'><strong>Ecclesiam</strong></span> 
     </span>
    </p>
   </div>
   <div class='ocr_carea' id='block_1_97' title="bbox 544 5268 2131 5355">
    <p class='ocr_par' dir='ltr' id='par_1_97' title="bbox 544 5268 2131 5355">
     <span class='ocr_line' id='line_1_97' title="bbox 544 5268 2131 5355; baseline 0.004 -22"><span class='ocrx_word' id='word_1_780' title='bbox 544 5308 569 5333; x_wconf 74' lang='grc' dir='ltr'><strong>«ι</strong></span> <span class='ocrx_word' id='word_1_781' title='bbox 612 5283 784 5339; x_wconf 91' lang='lat' dir='ltr'><strong>sancti</strong></span> <span class='ocrx_word' id='word_1_782' title='bbox 814 5283 1057 5340; x_wconf 70' lang='lat' dir='ltr'><strong>Matthazi</strong></span> <span class='ocrx_word' id='word_1_783' title='bbox 1089 5282 1325 5355; x_wconf 83' lang='lat' dir='ltr'><strong>apostoli</strong></span> <span class='ocrx_word' id='word_1_784' title='bbox 1348 5283 1643 5340; x_wconf 88' lang='lat' dir='ltr'><strong>contendit.</strong></span> <span class='ocrx_word' id='word_1_785' title='bbox 1678 5284 1817 5338; x_wconf 91' lang='lat' dir='ltr'><strong>Cum</strong></span> <span class='ocrx_word' id='word_1_786' title='bbox 1836 5268 2131 5354; x_wconf 64' lang='lat' dir='ltr'><strong>aliquando</strong></span> 
     </span>
    </p>
   </div>
   <div class='ocr_carea' id='block_1_98' title="bbox 545 5376 2129 5448">
    <p class='ocr_par' dir='ltr' id='par_1_98' title="bbox 545 5376 2129 5448">
     <span class='ocr_line' id='line_1_98' title="bbox 545 5376 2129 5448; baseline 0.003 -22"><span class='ocrx_word' id='word_1_787' title='bbox 545 5401 569 5426; x_wconf 76' lang='grc' dir='ltr'><strong>α</strong></span> <span class='ocrx_word' id='word_1_788' title='bbox 612 5378 671 5431; x_wconf 92' lang='lat' dir='ltr'><strong>in</strong></span> <span class='ocrx_word' id='word_1_789' title='bbox 705 5392 766 5431; x_wconf 90' lang='lat' dir='ltr'><strong>ea</strong></span> <span class='ocrx_word' id='word_1_790' title='bbox 807 5376 1024 5432; x_wconf 89' lang='lat' dir='ltr'><strong>civitate</strong></span> <span class='ocrx_word' id='word_1_791' title='bbox 1066 5392 1375 5432; x_wconf 88' lang='lat' dir='ltr'><strong>sermonem</strong></span> <span class='ocrx_word' id='word_1_792' title='bbox 1421 5376 1696 5432; x_wconf 90' lang='lat' dir='ltr'><strong>habuisset</strong></span> <span class='ocrx_word' id='word_1_793' title='bbox 1736 5376 1806 5432; x_wconf 94' lang='lat' dir='ltr'><strong>ad</strong></span> <span class='ocrx_word' id='word_1_794' title='bbox 1847 5378 2129 5448; x_wconf 79' lang='lat' dir='ltr'><strong>ponulum,</strong></span> 
     </span>
    </p>
   </div>
   <div class='ocr_carea' id='block_1_99' title="bbox 546 5469 2133 5541">
    <p class='ocr_par' dir='ltr' id='par_1_99' title="bbox 546 5469 2133 5541">
     <span class='ocr_line' id='line_1_99' title="bbox 546 5469 2133 5541; baseline -0.001 -15"><span class='ocrx_word' id='word_1_795' title='bbox 546 5495 569 5517; x_wconf 85' lang='lat'><strong><em>«</em></strong></span> <span class='ocrx_word' id='word_1_796' title='bbox 612 5469 876 5526; x_wconf 66' lang='lat' dir='ltr'><strong>aerumnis</strong></span> <span class='ocrx_word' id='word_1_797' title='bbox 906 5469 1208 5536; x_wconf 88' lang='lat' dir='ltr'><strong>confectus,</strong></span> <span class='ocrx_word' id='word_1_798' title='bbox 1256 5470 1314 5524; x_wconf 90' lang='lat' dir='ltr'><strong>in</strong></span> <span class='ocrx_word' id='word_1_799' title='bbox 1346 5470 1607 5525; x_wconf 89' lang='lat' dir='ltr'><strong>morbum</strong></span> <span class='ocrx_word' id='word_1_800' title='bbox 1627 5470 1811 5525; x_wconf 91' lang='lat' dir='ltr'><strong>incidit</strong></span> <span class='ocrx_word' id='word_1_801' title='bbox 1837 5486 1945 5541; x_wconf 92' lang='lat' dir='ltr'><strong>quo</strong></span> <span class='ocrx_word' id='word_1_802' title='bbox 1975 5486 2032 5525; x_wconf 89' lang='lat' dir='ltr'><strong>se</strong></span> <span class='ocrx_word' id='word_1_803' title='bbox 2057 5470 2133 5525; x_wconf 91' lang='lat' dir='ltr'><strong>in-</strong></span> 
     </span>
    </p>
   </div>
   <div class='ocr_carea' id='block_1_100' title="bbox 546 5563 2136 5636">
    <p class='ocr_par' dir='ltr' id='par_1_100' title="bbox 546 5563 2136 5636">
     <span class='ocr_line' id='line_1_100' title="bbox 546 5563 2136 5636; baseline 0.001 -18"><span class='ocrx_word' id='word_1_804' title='bbox 546 5587 569 5611; x_wconf 68' lang='lat' dir='ltr'><strong><em>a</em></strong></span> <span class='ocrx_word' id='word_1_805' title='bbox 614 5564 905 5618; x_wconf 87' lang='lat' dir='ltr'><strong>teriturum</strong></span> <span class='ocrx_word' id='word_1_806' title='bbox 950 5563 1234 5633; x_wconf 79' lang='lat' dir='ltr'><strong>praescivit.</strong></span> <span class='ocrx_word' id='word_1_807' title='bbox 1266 5564 1548 5618; x_wconf 85' lang='lat' dir='ltr'><strong>Postrema</strong></span> <span class='ocrx_word' id='word_1_808' title='bbox 1589 5564 1880 5619; x_wconf 90' lang='lat' dir='ltr'><strong>morientis</strong></span> <span class='ocrx_word' id='word_1_809' title='bbox 1920 5565 2136 5636; x_wconf 82' lang='lat' dir='ltr'><strong>Grego-</strong></span> 
     </span>
    </p>
   </div>
   <div class='ocr_carea' id='block_1_101' title="bbox 538 5654 2133 5728">
    <p class='ocr_par' dir='ltr' id='par_1_101' title="bbox 538 5654 2133 5728">
     <span class='ocr_line' id='line_1_101' title="bbox 538 5654 2133 5728; baseline 0.001 -17"><span class='ocrx_word' id='word_1_810' title='bbox 538 5680 573 5725; x_wconf 35' lang='grc' dir='ltr'><strong>,α</strong></span> <span class='ocrx_word' id='word_1_811' title='bbox 614 5656 681 5712; x_wconf 89' lang='lat' dir='ltr'><strong>rii</strong></span> <span class='ocrx_word' id='word_1_812' title='bbox 703 5655 863 5712; x_wconf 89' lang='lat' dir='ltr'><strong>verba</strong></span> <span class='ocrx_word' id='word_1_813' title='bbox 893 5654 1045 5711; x_wconf 88' lang='lat' dir='ltr'><strong>fuere</strong></span> <span class='ocrx_word' id='word_1_814' title='bbox 1071 5657 1285 5713; x_wconf 75' lang='lat' dir='ltr'><strong>:Dilemi</strong></span> <span class='ocrx_word' id='word_1_815' title='bbox 1296 5658 1601 5726; x_wconf 81' lang='lat' dir='ltr'><strong>justitiam,</strong></span> <span class='ocrx_word' id='word_1_816' title='bbox 1630 5663 1679 5712; x_wconf 88' lang='lat' dir='ltr'><strong>et</strong></span> <span class='ocrx_word' id='word_1_817' title='bbox 1699 5659 1845 5713; x_wconf 84' lang='lat' dir='ltr'><strong>odivi</strong></span> <span class='ocrx_word' id='word_1_818' title='bbox 1869 5661 2133 5728; x_wconf 82' lang='lat' dir='ltr'><strong>iniquita-</strong></span> 
     </span>
    </p>
   </div>
   <div class='ocr_carea' id='block_1_102' title="bbox 547 5752 2134 5820">
    <p class='ocr_par' dir='ltr' id='par_1_102' title="bbox 547 5752 2134 5820">
     <span class='ocr_line' id='line_1_102' title="bbox 547 5752 2134 5820; baseline 0.001 -17"><span class='ocrx_word' id='word_1_819' title='bbox 547 5774 570 5797; x_wconf 86' lang='lat'><strong>«</strong></span> <span class='ocrx_word' id='word_1_820' title='bbox 615 5756 717 5805; x_wconf 80' lang='lat' dir='ltr'><strong>tem</strong></span> <span class='ocrx_word' id='word_1_821' title='bbox 748 5770 766 5801; x_wconf 88' lang='lat'><em>:</em></span> <span class='ocrx_word' id='word_1_822' title='bbox 801 5755 1085 5820; x_wconf 82' lang='lat' dir='ltr'><strong>propterea</strong></span> <span class='ocrx_word' id='word_1_823' title='bbox 1128 5752 1326 5805; x_wconf 74' lang='lat' dir='ltr'><strong>morior</strong></span> <span class='ocrx_word' id='word_1_824' title='bbox 1356 5754 1415 5804; x_wconf 85' lang='lat' dir='ltr'><strong>in</strong></span> <span class='ocrx_word' id='word_1_825' title='bbox 1453 5752 1659 5807; x_wconf 69' lang='lat' dir='ltr'><strong>exsilio.</strong></span> <span class='ocrx_word' id='word_1_826' title='bbox 1702 5752 2134 5807; x_wconf 85' lang='lat' dir='ltr'><strong>Innumerabilia</strong></span> 
     </span>
    </p>
   </div>
   <div class='ocr_carea' id='block_1_103' title="bbox 544 5841 2134 5916">
    <p class='ocr_par' dir='ltr' id='par_1_103' title="bbox 544 5841 2134 5916">
     <span class='ocr_line' id='line_1_103' title="bbox 544 5841 2134 5916; baseline 0.001 -19"><span class='ocrx_word' id='word_1_827' title='bbox 544 5867 566 5889; x_wconf 77' lang='grc' dir='ltr'><strong>κ</strong></span> <span class='ocrx_word' id='word_1_828' title='bbox 609 5853 734 5898; x_wconf 90' lang='lat' dir='ltr'><strong>sunt</strong></span> <span class='ocrx_word' id='word_1_829' title='bbox 770 5858 897 5916; x_wconf 72' lang='lat' dir='ltr'><strong>qua:</strong></span> <span class='ocrx_word' id='word_1_830' title='bbox 940 5844 1019 5899; x_wconf 92' lang='lat' dir='ltr'><strong>vel</strong></span> <span class='ocrx_word' id='word_1_831' title='bbox 1048 5841 1260 5900; x_wconf 89' lang='lat' dir='ltr'><strong>fortiter</strong></span> <span class='ocrx_word' id='word_1_832' title='bbox 1280 5844 1558 5912; x_wconf 89' lang='lat' dir='ltr'><strong>sustinuit,</strong></span> <span class='ocrx_word' id='word_1_833' title='bbox 1604 5844 1685 5899; x_wconf 90' lang='lat' dir='ltr'><strong>vel</strong></span> <span class='ocrx_word' id='word_1_834' title='bbox 1714 5845 1904 5913; x_wconf 65' lang='lat' dir='ltr'><strong>multis</strong></span> <span class='ocrx_word' id='word_1_835' title='bbox 1931 5845 2134 5900; x_wconf 89' lang='lat' dir='ltr'><strong>coactis</strong></span> 
     </span>
    </p>
   </div>
   <div class='ocr_carea' id='block_1_104' title="bbox 2241 4627 3838 4703">
    <p class='ocr_par' dir='ltr' id='par_1_104' title="bbox 2241 4627 3838 4703">
     <span class='ocr_line' id='line_1_104' title="bbox 2241 4627 3838 4703; baseline -0.004 -14"><span class='ocrx_word' id='word_1_836' title='bbox 2241 4634 2347 4690; x_wconf 92' lang='lat' dir='ltr'><strong>sait</strong></span> <span class='ocrx_word' id='word_1_837' title='bbox 2373 4632 2519 4688; x_wconf 82' lang='lat' dir='ltr'><strong>enﬁn</strong></span> <span class='ocrx_word' id='word_1_838' title='bbox 2546 4648 2651 4703; x_wconf 89' lang='lat' dir='ltr'><strong>que</strong></span> <span class='ocrx_word' id='word_1_839' title='bbox 2689 4634 2869 4687; x_wconf 86' lang='lat' dir='ltr'><strong>Rome</strong></span> <span class='ocrx_word' id='word_1_840' title='bbox 2883 4632 3008 4686; x_wconf 88' lang='lat' dir='ltr'><strong>n’en</strong></span> <span class='ocrx_word' id='word_1_841' title='bbox 3040 4638 3168 4685; x_wconf 88' lang='lat' dir='ltr'><strong>vent</strong></span> <span class='ocrx_word' id='word_1_842' title='bbox 3192 4644 3287 4701; x_wconf 91' lang='lat' dir='ltr'><strong>pas</strong></span> <span class='ocrx_word' id='word_1_843' title='bbox 3310 4627 3339 4684; x_wconf 60' lang='grc' dir='ltr'><strong>ξς</strong></span> <span class='ocrx_word' id='word_1_844' title='bbox 3362 4629 3410 4684; x_wconf 90' lang='lat' dir='ltr'><strong>la</strong></span> <span class='ocrx_word' id='word_1_845' title='bbox 3434 4629 3720 4700; x_wconf 87' lang='lat' dir='ltr'><strong>puissance</strong></span> <span class='ocrx_word' id='word_1_846' title='bbox 3740 4630 3838 4685; x_wconf 90' lang='lat' dir='ltr'><strong>des</strong></span> 
     </span>
    </p>
   </div>
   <div class='ocr_carea' id='block_1_105' title="bbox 2242 4722 3833 4799">
    <p class='ocr_par' dir='ltr' id='par_1_105' title="bbox 2242 4722 3833 4799">
     <span class='ocr_line' id='line_1_105' title="bbox 2242 4722 3833 4799; baseline -0.005 -15"><span class='ocrx_word' id='word_1_847' title='bbox 2242 4742 2599 4799; x_wconf 88' lang='lat' dir='ltr'><strong>monarques,</strong></span> <span class='ocrx_word' id='word_1_848' title='bbox 2636 4725 2731 4797; x_wconf 90' lang='lat' dir='ltr'><strong>qui</strong></span> <span class='ocrx_word' id='word_1_849' title='bbox 2760 4723 2965 4781; x_wconf 89' lang='lat' dir='ltr'><strong>semble</strong></span> <span class='ocrx_word' id='word_1_850' title='bbox 2993 4722 3179 4779; x_wconf 82' lang='lat' dir='ltr'><strong>méme</strong></span> <span class='ocrx_word' id='word_1_851' title='bbox 3220 4724 3582 4794; x_wconf 88' lang='lat' dir='ltr'><strong>comprendre</strong></span> <span class='ocrx_word' id='word_1_852' title='bbox 3611 4739 3717 4795; x_wconf 89' lang='lat' dir='ltr'><strong>que</strong></span> <span class='ocrx_word' id='word_1_853' title='bbox 3763 4723 3833 4789; x_wconf 90' lang='lat' dir='ltr'><strong>si,</strong></span> 
     </span>
    </p>
   </div>
   <div class='ocr_carea' id='block_1_106' title="bbox 2243 4815 3839 4891">
    <p class='ocr_par' dir='ltr' id='par_1_106' title="bbox 2243 4815 3839 4891">
     <span class='ocr_line' id='line_1_106' title="bbox 2243 4815 3839 4891; baseline -0.006 -13"><span class='ocrx_word' id='word_1_854' title='bbox 2243 4823 2377 4878; x_wconf 78' lang='lat' dir='ltr'><strong>dans</strong></span> <span class='ocrx_word' id='word_1_855' title='bbox 2408 4822 2486 4875; x_wconf 90' lang='lat' dir='ltr'><strong>les</strong></span> <span class='ocrx_word' id='word_1_856' title='bbox 2523 4818 2651 4890; x_wconf 68' lang='lat' dir='ltr'><strong>Ages</strong></span> <span class='ocrx_word' id='word_1_857' title='bbox 2679 4818 3050 4889; x_wconf 87' lang='lat' dir='ltr'><strong>catholiques,</strong></span> <span class='ocrx_word' id='word_1_858' title='bbox 3081 4817 3183 4872; x_wconf 88' lang='lat' dir='ltr'><strong>elle</strong></span> <span class='ocrx_word' id='word_1_859' title='bbox 3211 4832 3401 4891; x_wconf 65' lang='lat' dir='ltr'><strong>excrea</strong></span> <span class='ocrx_word' id='word_1_860' title='bbox 3431 4815 3839 4872; x_wconf 81' lang='lat' dir='ltr'><strong>effectivement</strong></span> 
     </span>
    </p>
   </div>
   <div class='ocr_carea' id='block_1_107' title="bbox 2238 4907 3839 4982">
    <p class='ocr_par' dir='ltr' id='par_1_107' title="bbox 2238 4907 3839 4982">
     <span class='ocr_line' id='line_1_107' title="bbox 2238 4907 3839 4982; baseline -0.005 -11"><span class='ocrx_word' id='word_1_861' title='bbox 2238 4931 2346 4971; x_wconf 90' lang='lat' dir='ltr'><strong>une</strong></span> <span class='ocrx_word' id='word_1_862' title='bbox 2373 4913 2644 4968; x_wconf 84' lang='lat' dir='ltr'><strong>inﬂuence</strong></span> <span class='ocrx_word' id='word_1_863' title='bbox 2666 4912 2989 4982; x_wconf 89' lang='lat' dir='ltr'><strong>temporellc</strong></span> <span class='ocrx_word' id='word_1_864' title='bbox 3010 4926 3105 4965; x_wconf 91' lang='lat' dir='ltr'><strong>sur</strong></span> <span class='ocrx_word' id='word_1_865' title='bbox 3132 4910 3178 4964; x_wconf 91' lang='lat' dir='ltr'><strong>la</strong></span> <span class='ocrx_word' id='word_1_866' title='bbox 3206 4910 3429 4975; x_wconf 86' lang='lat' dir='ltr'><strong>société,</strong></span> <span class='ocrx_word' id='word_1_867' title='bbox 3460 4911 3561 4966; x_wconf 90' lang='lat' dir='ltr'><strong>elle</strong></span> <span class='ocrx_word' id='word_1_868' title='bbox 3586 4907 3671 4965; x_wconf 86' lang='lat' dir='ltr'><strong>fut</strong></span> <span class='ocrx_word' id='word_1_869' title='bbox 3690 4910 3839 4964; x_wconf 89' lang='lat' dir='ltr'><strong>alors</strong></span> 
     </span>
    </p>
   </div>
   <div class='ocr_carea' id='block_1_108' title="bbox 2235 5003 3839 5079">
    <p class='ocr_par' dir='ltr' id='par_1_108' title="bbox 2235 5003 3839 5079">
     <span class='ocr_line' id='line_1_108' title="bbox 2235 5003 3839 5079; baseline -0.004 -16"><span class='ocrx_word' id='word_1_870' title='bbox 2235 5009 2475 5079; x_wconf 88' lang='lat' dir='ltr'><strong>l&#39;unique</strong></span> <span class='ocrx_word' id='word_1_871' title='bbox 2495 5006 2827 5075; x_wconf 85' lang='lat' dir='ltr'><strong>sauvegarde</strong></span> <span class='ocrx_word' id='word_1_872' title='bbox 2838 5004 2907 5060; x_wconf 92' lang='lat' dir='ltr'><strong>de</strong></span> <span class='ocrx_word' id='word_1_873' title='bbox 2939 5006 2987 5058; x_wconf 92' lang='lat' dir='ltr'><strong>la</strong></span> <span class='ocrx_word' id='word_1_874' title='bbox 3016 5003 3208 5058; x_wconf 87' lang='lat' dir='ltr'><strong>liberté</strong></span> <span class='ocrx_word' id='word_1_875' title='bbox 3232 5003 3328 5058; x_wconf 89' lang='lat' dir='ltr'><strong>des</strong></span> <span class='ocrx_word' id='word_1_876' title='bbox 3354 5004 3596 5075; x_wconf 87' lang='lat' dir='ltr'><strong>peuples,</strong></span> <span class='ocrx_word' id='word_1_877' title='bbox 3617 5017 3839 5057; x_wconf 90' lang='lat' dir='ltr'><strong>comme</strong></span> 
     </span>
    </p>
   </div>
   <div class='ocr_carea' id='block_1_109' title="bbox 2237 5095 3841 5171">
    <p class='ocr_par' dir='ltr' id='par_1_109' title="bbox 2237 5095 3841 5171">
     <span class='ocr_line' id='line_1_109' title="bbox 2237 5095 3841 5171; baseline -0.005 -14"><span class='ocrx_word' id='word_1_878' title='bbox 2237 5103 2286 5157; x_wconf 90' lang='lat' dir='ltr'><strong>le</strong></span> <span class='ocrx_word' id='word_1_879' title='bbox 2306 5100 2429 5171; x_wconf 90' lang='lat' dir='ltr'><strong>plus</strong></span> <span class='ocrx_word' id='word_1_880' title='bbox 2456 5100 2628 5155; x_wconf 90' lang='lat' dir='ltr'><strong>solide</strong></span> <span class='ocrx_word' id='word_1_881' title='bbox 2654 5098 2820 5169; x_wconf 88' lang='lat' dir='ltr'><strong>appui</strong></span> <span class='ocrx_word' id='word_1_882' title='bbox 2854 5098 2922 5153; x_wconf 90' lang='lat' dir='ltr'><strong>de</strong></span> <span class='ocrx_word' id='word_1_883' title='bbox 2950 5096 3223 5152; x_wconf 86' lang='lat' dir='ltr'><strong>l’autorité</strong></span> <span class='ocrx_word' id='word_1_884' title='bbox 3252 5095 3387 5151; x_wconf 91' lang='lat' dir='ltr'><strong>dont</strong></span> <span class='ocrx_word' id='word_1_885' title='bbox 3415 5095 3517 5151; x_wconf 87' lang='lat' dir='ltr'><strong>elle</strong></span> <span class='ocrx_word' id='word_1_886' title='bbox 3550 5095 3841 5166; x_wconf 86' lang='lat' dir='ltr'><strong>réprimait</strong></span> 
     </span>
    </p>
   </div>
   <div class='ocr_carea' id='block_1_110' title="bbox 2240 5188 3841 5261">
    <p class='ocr_par' dir='ltr' id='par_1_110' title="bbox 2240 5188 3841 5261">
     <span class='ocr_line' id='line_1_110' title="bbox 2240 5188 3841 5261; baseline -0.004 -12"><span class='ocrx_word' id='word_1_887' title='bbox 2240 5195 2314 5250; x_wconf 90' lang='lat' dir='ltr'><strong>les</strong></span> <span class='ocrx_word' id='word_1_888' title='bbox 2333 5193 2507 5249; x_wconf 78' lang='lat' dir='ltr'><strong>excés.</strong></span> <span class='ocrx_word' id='word_1_889' title='bbox 2550 5195 2626 5247; x_wconf 89' lang='lat' dir='ltr'><strong>La</strong></span> <span class='ocrx_word' id='word_1_890' title='bbox 2659 5192 2880 5261; x_wconf 84' lang='lat' dir='ltr'><strong>légende</strong></span> <span class='ocrx_word' id='word_1_891' title='bbox 2904 5199 2985 5245; x_wconf 88' lang='lat' dir='ltr'><strong>est</strong></span> <span class='ocrx_word' id='word_1_892' title='bbox 3026 5191 3169 5246; x_wconf 91' lang='lat' dir='ltr'><strong>donc</strong></span> <span class='ocrx_word' id='word_1_893' title='bbox 3204 5197 3326 5245; x_wconf 92' lang='lat' dir='ltr'><strong>tout</strong></span> <span class='ocrx_word' id='word_1_894' title='bbox 3374 5188 3731 5259; x_wconf 89' lang='lat' dir='ltr'><strong>simplement</strong></span> <span class='ocrx_word' id='word_1_895' title='bbox 3791 5189 3841 5243; x_wconf 91' lang='lat' dir='ltr'><strong>le</strong></span> 
     </span>
    </p>
   </div>
   <div class='ocr_carea' id='block_1_111' title="bbox 2240 5283 3836 5356">
    <p class='ocr_par' dir='ltr' id='par_1_111' title="bbox 2240 5283 3836 5356">
     <span class='ocr_line' id='line_1_111' title="bbox 2240 5283 3836 5356; baseline -0.003 -14"><span class='ocrx_word' id='word_1_896' title='bbox 2240 5288 2484 5343; x_wconf 89' lang='lat' dir='ltr'><strong>bouclier</strong></span> <span class='ocrx_word' id='word_1_897' title='bbox 2512 5301 2641 5342; x_wconf 87' lang='lat' dir='ltr'><strong>sous</strong></span> <span class='ocrx_word' id='word_1_898' title='bbox 2670 5286 2843 5356; x_wconf 87' lang='lat' dir='ltr'><strong>lequel</strong></span> <span class='ocrx_word' id='word_1_899' title='bbox 2869 5287 3051 5340; x_wconf 87' lang='lat' dir='ltr'><strong>Rome</strong></span> <span class='ocrx_word' id='word_1_900' title='bbox 3089 5291 3205 5339; x_wconf 90' lang='lat' dir='ltr'><strong>met</strong></span> <span class='ocrx_word' id='word_1_901' title='bbox 3233 5284 3260 5339; x_wconf 69' lang='grc' dir='ltr'>ὲ</span> <span class='ocrx_word' id='word_1_902' title='bbox 3304 5290 3527 5337; x_wconf 83' lang='lat' dir='ltr'><strong>convert</strong></span> <span class='ocrx_word' id='word_1_903' title='bbox 3556 5297 3657 5338; x_wconf 92' lang='lat' dir='ltr'><strong>son</strong></span> <span class='ocrx_word' id='word_1_904' title='bbox 3697 5283 3836 5337; x_wconf 89' lang='lat' dir='ltr'><strong>hon-</strong></span> 
     </span>
    </p>
   </div>
   <div class='ocr_carea' id='block_1_112' title="bbox 2240 5374 3837 5450">
    <p class='ocr_par' dir='ltr' id='par_1_112' title="bbox 2240 5374 3837 5450">
     <span class='ocr_line' id='line_1_112' title="bbox 2240 5374 3837 5450; baseline -0.003 -15"><span class='ocrx_word' id='word_1_905' title='bbox 2240 5396 2377 5435; x_wconf 85' lang='lat' dir='ltr'><strong>neur</strong></span> <span class='ocrx_word' id='word_1_906' title='bbox 2405 5378 2746 5450; x_wconf 90' lang='lat' dir='ltr'><strong>compromis</strong></span> <span class='ocrx_word' id='word_1_907' title='bbox 2779 5392 2877 5449; x_wconf 90' lang='lat' dir='ltr'><strong>par</strong></span> <span class='ocrx_word' id='word_1_908' title='bbox 2906 5385 3026 5433; x_wconf 90' lang='lat' dir='ltr'><strong>tant</strong></span> <span class='ocrx_word' id='word_1_909' title='bbox 3054 5375 3120 5431; x_wconf 91' lang='lat' dir='ltr'><strong>de</strong></span> <span class='ocrx_word' id='word_1_910' title='bbox 3148 5375 3458 5446; x_wconf 88' lang='lat' dir='ltr'><strong>sophismes</strong></span> <span class='ocrx_word' id='word_1_911' title='bbox 3481 5383 3535 5430; x_wconf 91' lang='lat' dir='ltr'><strong>et</strong></span> <span class='ocrx_word' id='word_1_912' title='bbox 3563 5375 3631 5430; x_wconf 91' lang='lat' dir='ltr'><strong>de</strong></span> <span class='ocrx_word' id='word_1_913' title='bbox 3659 5374 3837 5431; x_wconf 77' lang='lat' dir='ltr'><strong>decla-</strong></span> 
     </span>
    </p>
   </div>
   <div class='ocr_carea' id='block_1_113' title="bbox 2241 5468 3839 5534">
    <p class='ocr_par' dir='ltr' id='par_1_113' title="bbox 2241 5468 3839 5534">
     <span class='ocr_line' id='line_1_113' title="bbox 2241 5468 3839 5534; baseline -0.003 -6"><span class='ocrx_word' id='word_1_914' title='bbox 2241 5473 2502 5529; x_wconf 90' lang='lat' dir='ltr'><strong>mations.</strong></span> <span class='ocrx_word' id='word_1_915' title='bbox 2528 5475 2631 5527; x_wconf 87' lang='lat' dir='ltr'><strong>Par</strong></span> <span class='ocrx_word' id='word_1_916' title='bbox 2651 5488 2711 5527; x_wconf 89' lang='lat' dir='ltr'><strong>ce</strong></span> <span class='ocrx_word' id='word_1_917' title='bbox 2734 5471 3022 5527; x_wconf 88' lang='lat' dir='ltr'><strong>manifeste</strong></span> <span class='ocrx_word' id='word_1_918' title='bbox 3052 5468 3312 5534; x_wconf 82' lang='lat' dir='ltr'><strong>solennel,</strong></span> <span class='ocrx_word' id='word_1_919' title='bbox 3336 5468 3437 5523; x_wconf 88' lang='lat' dir='ltr'><strong>elle</strong></span> <span class='ocrx_word' id='word_1_920' title='bbox 3461 5468 3759 5523; x_wconf 89' lang='lat' dir='ltr'><strong>neutralise</strong></span> <span class='ocrx_word' id='word_1_921' title='bbox 3788 5468 3839 5524; x_wconf 87' lang='lat' dir='ltr'><strong>le</strong></span> 
     </span>
    </p>
   </div>
   <div class='ocr_carea' id='block_1_114' title="bbox 2240 5561 3838 5637">
    <p class='ocr_par' dir='ltr' id='par_1_114' title="bbox 2240 5561 3838 5637">
     <span class='ocr_line' id='line_1_114' title="bbox 2240 5561 3838 5637; baseline -0.004 -15"><span class='ocrx_word' id='word_1_922' title='bbox 2240 5577 2599 5623; x_wconf 89' lang='lat' dir='ltr'><strong>mouvement</strong></span> <span class='ocrx_word' id='word_1_923' title='bbox 2627 5566 2850 5637; x_wconf 84' lang='lat' dir='ltr'><strong>aveuglc</strong></span> <span class='ocrx_word' id='word_1_924' title='bbox 2867 5565 2961 5636; x_wconf 90' lang='lat' dir='ltr'><strong>qui</strong></span> <span class='ocrx_word' id='word_1_925' title='bbox 2993 5561 3239 5618; x_wconf 82' lang='lat' dir='ltr'><strong>entraine</strong></span> <span class='ocrx_word' id='word_1_926' title='bbox 3255 5561 3532 5617; x_wconf 88' lang='lat' dir='ltr'><strong>certaines</strong></span> <span class='ocrx_word' id='word_1_927' title='bbox 3546 5563 3723 5617; x_wconf 84' lang='lat' dir='ltr'><strong>écoles</strong></span> <span class='ocrx_word' id='word_1_928' title='bbox 3741 5577 3838 5616; x_wconf 88' lang='lat' dir='ltr'><strong>sur</strong></span> 
     </span>
    </p>
   </div>
   <div class='ocr_carea' id='block_1_115' title="bbox 2241 5654 3836 5731">
    <p class='ocr_par' dir='ltr' id='par_1_115' title="bbox 2241 5654 3836 5731">
     <span class='ocr_line' id='line_1_115' title="bbox 2241 5654 3836 5731; baseline -0.004 -16"><span class='ocrx_word' id='word_1_929' title='bbox 2241 5660 2320 5715; x_wconf 91' lang='lat' dir='ltr'><strong>Ies</strong></span> <span class='ocrx_word' id='word_1_930' title='bbox 2357 5676 2453 5731; x_wconf 90' lang='lat' dir='ltr'><strong>pas</strong></span> <span class='ocrx_word' id='word_1_931' title='bbox 2479 5660 2547 5715; x_wconf 91' lang='lat' dir='ltr'><strong>de</strong></span> <span class='ocrx_word' id='word_1_932' title='bbox 2575 5675 2665 5715; x_wconf 91' lang='lat' dir='ltr'><strong>ces</strong></span> <span class='ocrx_word' id='word_1_933' title='bbox 2695 5668 2917 5715; x_wconf 90' lang='lat' dir='ltr'><strong>auteurs</strong></span> <span class='ocrx_word' id='word_1_934' title='bbox 2958 5654 3320 5712; x_wconf 83' lang='lat' dir='ltr'><strong>hétérodoxes</strong></span> <span class='ocrx_word' id='word_1_935' title='bbox 3360 5655 3456 5726; x_wconf 89' lang='lat' dir='ltr'><strong>qui</strong></span> <span class='ocrx_word' id='word_1_936' title='bbox 3483 5655 3640 5710; x_wconf 88' lang='lat' dir='ltr'><strong>n’ont</strong></span> <span class='ocrx_word' id='word_1_937' title='bbox 3682 5656 3836 5711; x_wconf 91' lang='lat' dir='ltr'><strong>souci</strong></span> 
     </span>
    </p>
   </div>
   <div class='ocr_carea' id='block_1_116' title="bbox 2242 5747 3837 5823">
    <p class='ocr_par' dir='ltr' id='par_1_116' title="bbox 2242 5747 3837 5823">
     <span class='ocr_line' id='line_1_116' title="bbox 2242 5747 3837 5823; baseline -0.004 -14"><span class='ocrx_word' id='word_1_938' title='bbox 2242 5752 2309 5809; x_wconf 90' lang='lat' dir='ltr'><strong>de</strong></span> <span class='ocrx_word' id='word_1_939' title='bbox 2336 5753 2623 5809; x_wconf 79' lang='lat' dir='ltr'><strong>l’honneur</strong></span> <span class='ocrx_word' id='word_1_940' title='bbox 2644 5751 2739 5807; x_wconf 91' lang='lat' dir='ltr'><strong>des</strong></span> <span class='ocrx_word' id='word_1_941' title='bbox 2754 5749 2994 5823; x_wconf 87' lang='lat' dir='ltr'><strong>pontifes</strong></span> <span class='ocrx_word' id='word_1_942' title='bbox 3022 5747 3290 5810; x_wconf 82' lang='lat' dir='ltr'><strong>romnins.</strong></span> <span class='ocrx_word' id='word_1_943' title='bbox 3316 5748 3458 5803; x_wconf 85' lang='lat' dir='ltr'><strong>mais</strong></span> <span class='ocrx_word' id='word_1_944' title='bbox 3483 5755 3601 5814; x_wconf 89' lang='lat' dir='ltr'><strong>ont,</strong></span> <span class='ocrx_word' id='word_1_945' title='bbox 3623 5763 3693 5802; x_wconf 89' lang='lat' dir='ltr'><strong>au</strong></span> <span class='ocrx_word' id='word_1_946' title='bbox 3712 5763 3837 5803; x_wconf 88' lang='lat' dir='ltr'><strong>con-</strong></span> 
     </span>
    </p>
   </div>
   <div class='ocr_carea' id='block_1_117' title="bbox 2241 5840 3834 5917">
    <p class='ocr_par' dir='ltr' id='par_1_117' title="bbox 2241 5840 3834 5917">
     <span class='ocr_line' id='line_1_117' title="bbox 2241 5840 3834 5917; baseline -0.003 -17"><span class='ocrx_word' id='word_1_947' title='bbox 2241 5848 2430 5913; x_wconf 88' lang='lat' dir='ltr'><strong>traire,</strong></span> <span class='ocrx_word' id='word_1_948' title='bbox 2461 5854 2584 5902; x_wconf 93' lang='lat' dir='ltr'><strong>tout</strong></span> <span class='ocrx_word' id='word_1_949' title='bbox 2602 5846 2633 5901; x_wconf 82' lang='lat' dir='ltr'><strong>a</strong></span> <span class='ocrx_word' id='word_1_950' title='bbox 2661 5860 2888 5917; x_wconf 78' lang='lat' dir='ltr'><strong>gagner,</strong></span> <span class='ocrx_word' id='word_1_951' title='bbox 2920 5843 3035 5898; x_wconf 88' lang='lat' dir='ltr'><strong>s’ils</strong></span> <span class='ocrx_word' id='word_1_952' title='bbox 3054 5842 3134 5898; x_wconf 88' lang='lat' dir='ltr'><strong>les</strong></span> <span class='ocrx_word' id='word_1_953' title='bbox 3162 5850 3397 5912; x_wconf 85' lang='lat' dir='ltr'><strong>peuvent</strong></span> <span class='ocrx_word' id='word_1_954' title='bbox 3423 5840 3557 5896; x_wconf 90' lang='lat' dir='ltr'><strong>faire</strong></span> <span class='ocrx_word' id='word_1_955' title='bbox 3584 5840 3834 5896; x_wconf 80' lang='lat' dir='ltr'><strong>conside-</strong></span> 
     </span>
    </p>
   </div>
  </div>
