4122 6184
304 206 402 257 257

1166 210 1690 281 PROLEGOMENA.
1732 245 1802 257 —
1840 213 2237 277 DEOFFICIO
2274 223 2329 279 S.
2374 226 2717 283 GREGORII.

3586 62 3595 87 α

3489 242 3594 296 258

301 350 324 373 ιι
365 328 459 382 des
478 330 696 427 prétres
715 330 791 385 du
814 331 1038 400 diocese,
1065 335 1165 402 qui
1193 337 1412 392 recitat:
1433 337 1482 392 le
1498 340 1774 395 Brevia-ire
1799 358 1889 397 νο·
1917 347 1970 410 Α
2007 368 2031 392 α
2075 345 2123 400 la
2153 348 2336 405 sacrée
2362 349 2653 423 théologie,
2685 353 2942 426 lesquels,
2973 355 3133 427 aprés
3174 374 3282 413 une
3302 358 3456 415 mure
3479 360 3595 418 dis-

299 444 323 467 ι
364 424 575 476 remain
604 428 768 489 (323).
800 446 827 473 ι)

361 515 609 571 Pendant
644 533 750 588 que
774 533 863 574 ces
895 519 1091 576 choses
1124 536 1182 577 se
1229 523 1505 593 passaient
1540 540 1607 580 en
1644 528 1886 594 France,

290 611 491 676 Rome,
548 612 806 682 outragée
848 611 987 668 dans
1024 630 1088 670 ce
1140 615 1334 687 qu’elle
1380 633 1411 671 a
1453 617 1521 673 de
1564 619 1684 690 plus
1731 622 1884 688 cher,

290 701 583 757 l’honneur
620 704 716 760 des
762 706 934 762 saints
978 706 1176 778 qu’elle
1207 709 1465 782 invoque,
1494 720 1549 765 et
1584 728 1644 767 sa
1689 729 1887 785 propre

287 794 503 865 dignité
533 797 647 869 qui,
672 798 881 854 n’étant
906 816 1000 871 pas
1020 800 1089 857 de
1120 818 1179 857 ce
1208 804 1411 859 monde
1442 810 1565 869 (non
1593 813 1671 861 est
1700 807 1771 863 de
1788 808 1887 863 hoc

284 891 535 959 mundo),
583 907 654 947 ne
692 892 808 948 doit
844 909 937 965 pas
975 893 1092 950 étre
1128 897 1369 953 sacriﬁce
1412 914 1522 953 aux
1566 900 1885 956 considera-

283 983 433 1039 tions
463 984 752 1042 humaines
779 996 834 1042 et
868 988 1256 1059 personnelles,
1278 994 1458 1046 Rome
1486 1007 1546 1045 se
1567 994 1668 1047 mit
1697 1003 1762 1048 en
1787 993 1885 1050 de-

281 1078 401 1133 voir
427 1078 497 1134 de
511 1095 568 1135 se
597 1078 859 1137 défendre
882 1097 981 1153 par
1008 1083 1293 1152 les_armes
1316 1100 1421 1156 que
1448 1086 1497 1140 le
1519 1087 1623 1141 Roi
1651 1085 1750 1142 des
1778 1089 1888 1144 rois

278 1188 309 1227 a
340 1172 516 1228 mises
560 1183 718 1229 entre
753 1190 840 1230 ses
877 1176 1069 1231 maius.
1114 1179 1198 1231 En
1231 1178 1372 1242 vain,
1396 1178 1472 1233 les
1510 1180 1890 1237 mandements

278 1281 386 1337 que
410 1282 556 1323 nous
581 1283 749 1323 avons
772 1269 925 1335 cites,
963 1269 1041 1325 les
1064 1269 1236 1326 arréts
1260 1270 1355 1326 des
1389 1276 1719 1343 parlements
1753 1291 1883 1330 eux-

277 1358 516 1426 mémes,
543 1376 611 1416 en
637 1362 1007 1418 condamnant
1036 1364 1085 1419 la
1114 1364 1358 1436 légende,
1380 1366 1600 1421 avaient
1622 1366 1715 1421 fait
1739 1369 1883 1431 leurs

274 1454 525 1509 reserves
562 1471 657 1510 sur
687 1456 734 1511 la
774 1456 1083 1525 complicité
1113 1458 1180 1513 de
1227 1458 1423 1514 Benolt
1464 1462 1618 1528 XIII,
1658 1463 1884 1529 préten-

272 1547 412 1602 dant
456 1548 591 1619 qu’il
630 1549 777 1605 avait
802 1549 989 1621 ignoré
1028 1560 1116 1606 cet
1141 1559 1391 1617 attentat,
1424 1554 1550 1623 qu’il
1591 1554 1723 1609 etait
1758 1564 1881 1627 trop

275 1649 567 1709 vertueux,
598 1648 717 1713 trop
745 1647 920 1698 anime
950 1645 1019 1699 de
1048 1646 1255 1715 l'esprit
1281 1648 1610 1717 apostolique
1632 1648 1723 1703 des
1752 1665 1876 1719 pre-

2002 461 2027 485 α
2068 440 2314 507 cussion,
2360 458 2498 500 nous
2523 454 2622 502 ont
2648 448 2902 519 rapporté
2932 464 2993 503 ce
3019 449 3149 521 qu’il
3191 451 3311 506 Ieur
3344 453 3597 511 semblait

2001 554 2028 580 α
2065 548 2163 589 sur
2198 543 2339 590 cette
2386 537 2595 595 alfaire.
2645 544 2824 612 Ayant
2875 541 3017 598 done
3071 545 3316 600 entendu
3358 546 3434 602 les
3481 548 3595 603 avis

1999 650 2024 673 ιι
2067 626 2279 683 desdits
2308 631 2603 687 cardinaux
2630 642 2683 687 et
2706 634 2987 700 docteurs,
3008 638 3161 694 Nous
3187 637 3496 707 déclarons,
3523 640 3592 696 de

2003 741 2023 769 α
2068 720 2115 774 Ia
2146 721 2419 792 plénitude
2456 724 2524 780 de
2560 726 2836 783 l’autorité
2864 730 3228 802 apostolique,
3259 732 3335 786 les
3370 732 3588 804 injonc-

2000 836 2024 859 α
2067 812 2208 869 tions
2244 824 2544 873 contenues
2575 819 2711 875 dans
2751 820 2827 875 les
2864 822 3069 881 susdits
3098 821 3362 893 feuillets,
3394 826 3590 893 nulles,

2000 929 2025 954 «ι
2068 908 2269 975 vaines,
2309 910 2595 980 invalides,
2637 928 2763 969 sans
2793 912 2945 982 elfet,
2988 917 3390 987 attentatoires,
3428 927 3483 974 et
3523 919 3591 975 de

1999 1021 2022 1047 α
2068 1002 2212 1056 nulle
2235 1001 2381 1059 force
2412 1021 2551 1076 pour
2572 1005 2618 1061 le
2640 1006 2858 1075 présent
2884 1016 2937 1063 et
2960 1024 3101 1078 pour
3127 1009 3373 1065 l’avenir.

2072 1117 2096 1142 α
2136 1097 2207 1149 Et
2227 1098 2575 1164 néanmoins,
2600 1115 2739 1170 pour
2782 1102 2903 1169 plus
2923 1116 3056 1172 gran
3079 1102 3145 1157 de
3180 1103 3500 1173 précaution
3537 1112 3592 1161 et

1997 1209 2021 1233 οι
2064 1201 2134 1242 en
2161 1196 2280 1243 tant
2307 1206 2413 1261 que
2442 1191 2628 1247 besoin
2660 1201 2763 1263 est,
2811 1209 2951 1248 nous
2990 1194 3065 1249 les
3109 1194 3439 1267 révoquons,
3470 1213 3587 1253 cas-

1998 1305 2021 1328 «
2064 1298 2212 1349 sons,
2260 1283 2505 1353 irritons,
2551 1286 2843 1353 annulons,
2885 1287 3192 1343 destituons
3226 1289 3587 1347 entierement

1997 1396 2021 1422 α
2064 1375 2130 1430 de
2170 1385 2353 1432 toutes
2390 1378 2567 1435 forces
2609 1388 2664 1434 et
2708 1378 2861 1449 effet,
2907 1382 3131 1437 voulaut
3172 1391 3229 1437 et
3272 1385 3585 1439 ordonnant

1995 1494 2019 1517 ‹‹
2065 1470 2287 1540 qu'elles
2326 1472 2509 1527 soient
2538 1474 2567 1527 ὲ
2607 1473 2806 1544 jamais
2846 1474 3140 1546 regardées
3177 1491 3395 1532 comme
3429 1477 3586 1533 revo-

1998 1586 2021 1609 «
2059 1563 2246 1635 quées,
2289 1566 2523 1632 cassées,
2574 1566 2807 1631 irritées,
2838 1568 3036 1638 nulles,
3076 1569 3341 1625 invalides
3367 1578 3423 1624 et
3452 1570 3585 1626 abo-

1991 1680 2015 1702 ιι
2061 1657 2178 1712 lies.
2218 1657 2537 1714 Défendous
2573 1675 2638 1714 en
2668 1669 2847 1726 outre,
2892 1677 2990 1731 par
3021 1661 3069 1715 la
3110 1670 3309 1717 teneur
3342 1661 3436 1716 des
3466 1662 3585 1732 pré-

270 1737 441 1791 miers
468 1738 647 1791 siécles
668 1738 735 1792 de
762 1728 1003 1811 l‘Eglise,
1047 1754 1184 1810 pour
1226 1739 1386 1794 s’étre
1412 1740 1611 1810 permis
1639 1741 1705 1796 de
1742 1758 1873 1797 con-
1911 1747 1959 1810 B
1991 1772 2015 1797 ιι
2057 1760 2259 1819 sentes,
2282 1751 2351 1807 de
2375 1753 2473 1807 lire
2503 1769 2573 1808 ou
2604 1754 2805 1809 retenir
2829 1728 3017 1809 lesdits
3044 1752 3300 1821 feuillets,
3334 1763 3454 1810 tant
3469 1728 3583 1810 vim-

266 1828 472 1884 trarier
524 1830 568 1883 si
627 1830 977 1886 violemment
1023 1831 1099 1887 les
1138 1832 1404 1888 maximes
1450 1832 1769 1908 lranqaises,
1822 1835 1873 1891 le

262 1921 417 1977 saint
446 1922 651 1992 pontife
678 1932 771 1978 eut
801 1924 832 1979 ἐι
861 1940 1011 1981 coeur
1040 1925 1110 1981 de
1136 1925 1351 1980 donner
1379 1942 1453 1981 un
1494 1927 1735 1982 solennel
1778 1927 1876 1984 dé-

265 2015 446 2071 menti
470 2016 501 2071 a
540 2033 630 2072 ces
667 2018 911 2074 reserves
940 2017 1281 2074 infamantes.
1318 2019 1426 2075 Des
1453 2021 1502 2076 le
1536 2026 1598 2076 I7
1641 2030 1876 2092 septem-

261 2108 391 2176 bre,
425 2125 499 2165 on
532 2110 778 2167 afﬁchait
804 2113 941 2167 dans
970 2111 1017 2166 la
1051 2112 1171 2167 ville
1200 2113 1376 2169 sainte
1402 2130 1480 2169 un
1521 2112 1645 2171 bref
1668 2115 1878 2188 energi-

260 2218 376 2270 que
408 2203 506 2273 qui
531 2205 898 2281 commencait
928 2221 1023 2277 par
1055 2222 1148 2261 ces
1179 2215 1328 2261 mots
1361 2225 1373 2261 :

340 2320 367 2345 -
414 2298 650 2354 Comme
701 2299 737 2353 il
782 2309 868 2355 est
915 2315 1155 2370 parvenu
1194 2299 1225 2355 Ξι
1274 2300 1323 2354 la
1373 2301 1755 2358 connaissance
1805 2302 1875 2359 de

259 2413 288 2437 ‹‹
329 2398 503 2447 notre
526 2393 797 2462 apostolat
831 2393 961 2465 qu’il
1010 2393 1189 2449 s‘était
1226 2395 1468 2465 répandu
1503 2394 1640 2451 dans
1674 2396 1721 2452 le
1754 2396 1869 2451 vul-

257 2507 283 2533 ι
329 2484 493 2556 gaire
522 2487 759 2543 certains
787 2484 1013 2542 leuillets
1044 2526 1061 2548 ,
1094 2503 1162 2541 en
1192 2487 1388 2558 langue
1432 2486 1716 2564 francaise,
1743 2504 1871 2546 avec

261 2598 289 2627 ιε
330 2594 405 2635 ce
461 2579 588 2634 titre
642 2600 653 2633 :
708 2579 1056 2637 Mandement
1107 2581 1173 2636 de
1217 2584 1585 2651 Mmtseigneur
1641 2583 1871 2654 l’e'véque

257 2696 283 2719 «ι
328 2673 672 2742 d’AumeN'e,
696 2676 795 2744 qui
809 2674 1098 2739 defend'de
1114 2676 1303 2730 reciter
1316 2676 1504 2745 l’of/ice
1518 2678 1764 2747 imprime
1776 2693 1885 2733 sur-

328 2782 445 2820 une
481 2767 671 2833 feuille
713 2769 930 2823 volante
970 2770 1069 2837 qui
1094 2784 1384 2824 commence
1404 2785 1515 2838 par
1563 2785 1643 2824 ces
1675 2776 1813 2826 mots
1848 2790 1864 2824 :

252 2884 279 2907 ς
329 2859 447 2914 Die
476 2866 545 2916 25
577 2860 720 2915 Maii.
747 2862 806 2915 In
832 2861 996 2916 Festo
1018 2862 1183 2915 sancti
1207 2862 1454 2930 Gregorii
1476 2863 1595 2929 VII,
1630 2878 1784 2933 papae
1814 2870 1868 2917 et

255 2976 281 3001 ιι
326 2951 687 3009 confessoris.
728 2958 909 3011 Donne'
942 2957 977 3009 ἀ
1016 2957 1282 3017 Auserre,
1319 2957 1367 3011 le
1396 2958 1758 3026 vingt-quatre
1794 2957 1868 3012 du

258 3066 285 3095 ε
327 3048 475 3101 meis
494 3047 751 3117 ἀεέαὶῑίεὲ
769 3048 865 3102 mil
883 3053 998 3119 sept
1019 3054 1135 3103 cent
1158 3050 1507 3121 vingt-neuf;
1530 3051 1683 3105 Nons
1697 3065 1867 3105 avens

1988 1866 2013 1892 κ
2057 1844 2265 1915 primés
2282 1861 2387 1915 que
2414 1846 2767 1915 manuscrits,
2795 1855 2847 1900 et
2873 1862 2940 1901 en
2964 1847 3297 1903 interdisons
3318 1847 3583 1919 l’impres-
3630 1885 3642 1898 ι

1989 1960 2015 1985 ιι
2058 1937 2202 2003 sion,
2239 1940 2648 2011 transcription,
2676 1940 2903 2008 lecture,
2941 1941 3211 1997 rétention
3248 1950 3304 1996 et
3330 1957 3516 2014 usage,
3549 1942 3579 1997 Ξ]

1989 2054 2013 2079 ‹‹
2056 2040 2180 2087 tous
2205 2039 2259 2088 et
2281 2031 2491 2088 chacun
2522 2032 2622 2088 des
2662 2033 2849 2089 ﬁdeles
2874 2034 3148 2090 chrétiens
3171 2034 3360 2092 méme
3387 2036 3580 2106 dignes

1988 2148 2012 2172 ‹‹
2056 2125 2222 2181 d’une
2263 2126 2511 2182 mention
2533 2126 2762 2198 speciale
2786 2135 2841 2182 et
2862 2126 3226 2192 individuelle,
3268 2143 3397 2185 sous
3422 2128 3581 2200 peine

1988 2242 2013 2267 ιι
2054 2218 2652 2277 d‘excommunication
2686 2237 2962 2278 encourue
3008 2224 3119 2293 ipso
3164 2225 3310 2290 facto
3358 2239 3456 2293 par
3503 2223 3581 2280 les

1984 2334 2009 2360 «
2050 2322 2491 2382 contrevenants,
2521 2323 2576 2368 et
2614 2313 2684 2369 de
2720 2314 2952 2386 laquelle
2978 2317 3072 2371 nul
3112 2314 3322 2371 d’entre
3359 2331 3461 2371 eux
3508 2331 3578 2372 ne

1986 2429 2010 2453 ιι
2055 2422 2251 2476 pourra
2281 2407 2398 2462 etre
2429 2408 2630 2463 absous
2660 2423 2764 2478 que
2791 2424 2887 2477 par
2920 2410 3093 2477 Nous,
3120 2425 3194 2465 ou
3228 2425 3325 2480 par
3364 2410 3414 2464 le
3444 2424 3577 2479 pon-

1983 2520 2005 2544 υ
2051 2497 2144 2555 tife
2167 2500 2382 2556 romain
2406 2517 2543 2571 pour
2565 2501 2674 2555 lors
2695 2501 2953 2567 existant,
2976 2502 3025 2558 si
3041 2517 3101 2558 ce
3122 2501 3264 2557 n’est
3290 2503 3318 2557 ἐι
3346 2501 3575 2558 l’article

1983 2613 2009 2638 α
2050 2590 2117 2647 de
2158 2593 2205 2646 la
2238 2600 2401 2647 mort.
2448 2594 2690 2648 Voulant
2728 2603 2784 2649 et
2812 2594 3080 2650 mandant
3108 2594 3403 2651 d’autorité
3437 2610 3576 2666 apo-

1982 2708 2005 2731 ιι
2047 2684 2279 2755 stolique
2302 2701 2410 2756 que
2440 2701 2571 2741 ceux
2597 2686 2689 2757 qui
2712 2686 2964 2743 auraient
2989 2703 3081 2742 ces
3099 2685 3336 2744 feuillets
3365 2704 3431 2743 en
3460 2688 3578 2744 leur

1981 2801 2005 2824 ‹‹
2050 2777 2379 2848 possession,
2411 2772 2642 2833 aussitdt
2683 2794 2792 2849 que
2825 2781 2902 2833 les
2930 2781 3205 2851 préseutes
3232 2780 3421 2836 lettres
3449 2796 3572 2851 par-

1983 2896 2006 2918 a
2050 2869 2345 2927 viendront
2378 2872 2407 2926 ὸ
2435 2873 2554 2926 Ieur
2582 2872 2996 2938 connaissance,
3024 2872 3105 2927 les
3127 2873 3320 2928 livrent
3358 2881 3413 2928 et
3439 2889 3571 2929 cono

1980 2986 2007 3012 α
2049 2965 2268 3032 signent
2291 2980 2394 3019 aux
2433 2964 2737 3020 ordinaires
2766 2964 2863 3020 des
2893 2964 3056 3035 lieux,
3092 2981 3165 3020 ou
3203 2981 3308 3021 aux
3349 2965 3573 3035 inquisi-

1979 3078 2005 3106 (ι
2047 3066 2194 3113 teurs
2236 3057 2306 3113 de
2349 3057 2663 3130 I'hérétique
2715 3059 3033 3130 perversité,
3094 3059 3326 3130 Iesquels
3380 3066 3578 3115 auront

254 3163 279 3185 ι
325 3139 510 3195 choisi
555 3155 692 3212 pour
734 3139 868 3196 faire
911 3142 1177 3197 l’examen
1220 3142 1287 3197 de
1335 3157 1425 3198 ces
1472 3139 1707 3197 feuillets
1748 3142 1863 3213 plu-
1900 3144 1945 3206 C
1975 3176 1997 3199 «ι
2041 3151 2156 3207 soin
2181 3151 2250 3206 de
2272 3153 2347 3206 les
2369 3152 2895 3208 livrerincontinent
2920 3168 3024 3208 aux
3056 3152 3313 3210 ﬂammes
3346 3155 3512 3219 (324).
3545 3176 3571 3201 ι

255 3258 279 3279 ει
331 3233 520 3289 sieurs
558 3234 629 3289 de
656 3249 759 3289 nos
805 3233 1126 3289 vénérables
1153 3232 1327 3291 fréres
1366 3235 1442 3291 les
1470 3235 1766 3294 cardinaux
1793 3236 1861 3293 de

251 3352 277 3374 ι
327 3326 390 3381 la
415 3325 591 3383 sainte
623 3318 803 3401 Eglise
822 3329 1089 3393 romaine,
1116 3337 1170 3384 et
1196 3327 1435 3385 d’autres
1453 3328 1710 3386 docteurs
1728 3329 1864 3385 dans

330 3556 494 3620 {323)
521 3560 551 3607 7
583 3553 805 3609 octobre
844 3558 998 3611 I729.

336 3625 492 3695 (324)
520 3627 838 3683 Benedictus
868 3641 1016 3697 papa
1053 3626 1206 3688 XIII,
1248 3626 1322 3682 ad
1353 3632 1678 3698 perpetuam
1714 3631 1795 3684 rei

901 3714 1100 3755 memor
1102 3714 1229 3752 tam.

330 3767 479 3842 Cum
523 3767 591 3842 ad
626 3769 977 3842 apostolatus
1004 3769 1173 3824 nostri
1214 3768 1468 3825 notitiam
1513 3770 1861 3842 pervenerint

246 3838 522 3911 quedam
567 3838 693 3896 folia
722 3841 932 3897 Gallico
966 3841 1227 3896 idiomate
1270 3842 1413 3911 typis
1456 3838 1712 3911 inipressa
1755 3844 1859 3897 sub

244 3912 430 3965 titulo
451 3930 462 3962 :
479 3913 811 3968 Mmtdcment
824 3912 889 3967 de
902 3914 1271 3981 Monseigneur
1286 3913 1447 3983 l’eve‘q
1456 3929 1519 3967 ue
1529 3914 1853 3975 d’Aumewe,

244 3986 363 4053 qui
397 3984 590 4047 defend
624 3985 691 4039 de
715 3985 902 4038 reciter
940 3985 1129 4053 l’ofﬁce
1158 3985 1403 4052 imprime
1425 4000 1522 4039 sur
1546 4000 1649 4039 une
1674 3986 1858 4050 feuz'lle

242 4054 501 4126 solante,
525 4057 624 4126 qui
648 4070 936 4111 commence
952 4071 1060 4125 pur
1089 4070 1169 4110 ces
1198 4060 1333 4110 mots
1361 4073 1377 4108 :
1411 4056 1513 4126 Die
1542 4056 1771 4121 25Maii,
1802 4059 1857 4109 in

242 4124 406 4181 fasto
436 4124 609 4181 sancti
658 4127 907 4190 Gregorii
945 4124 1041 4180 VII
1070 4141 1223 4194 papa:
1253 4137 1306 4180 et
1335 4124 1648 4181 conifess....
1682 4131 1858 4183 Donne’

244 4200 285 4252 ἁ
314 4200 593 4262 Aul-ene,
620 4199 667 4252 le
691 4199 1170 4268 vingt-quatrie‘me
1197 4199 1263 4252 de
1271 4199 1460 4268 juz‘llet
1479 4200 1574 4252 mil
1604 4204 1720 4268 sept
1741 4204 1858 4254 cent

242 4271 601 4340 vingtneuf.
647 4273 762 4324 Nos
805 4270 1153 4339 quamplures
1190 4284 1258 4323 ex
1308 4268 1705 4325 venerabtltbns
1744 4269 1853 4324 fra-

242 4342 444 4396 tribus
485 4340 687 4395 nostris
715 4350 914 4396 sancta:
959 4342 1223 4396 Romana:
1263 4341 1522 4397 Ecclesiae
1562 4340 1856 4396 eardinali-

240 4412 390 4470 bus.
422 4410 665 4481 aliosque
690 4412 744 4466 in
768 4427 915 4466 sacra
940 4411 1206 4481 theologia
1233 4412 1526 4483 magistros
1541 4411 1608 4466 ad
1636 4411 1855 4467 illorum

2042 3244 2191 3303 Telle
2213 3244 2301 3302 fut
2321 3245 2369 3302 la
2402 3246 2668 3317 premiere
2685 3254 2944 3302 sentence
2970 3246 3043 3301 du
3070 3245 3217 3318 siege
3235 3245 3572 3318 apostolique

1967 3347 2156 3396 contre
2194 3340 2273 3395 les
2320 3338 2663 3411 oppositions
2710 3338 3007 3414 francaises
3045 3338 3075 3395 ἐι
3122 3339 3174 3395 la
3224 3338 3451 3412 légende
3499 3338 3567 3395 de

1970 3559 2246 3625 omnibus,
2278 3567 2331 3613 et
2381 3556 2610 3625 singulis
2663 3557 2864 3613 Christi
2891 3557 3168 3626 fidelibus,
3200 3558 3364 3614 etiam
3393 3558 3567 3627 speci-

1970 3633 2090 3698 lica,
2123 3639 2178 3686 et
2220 3629 2503 3685 individua
2534 3630 2839 3697 mentione,
2878 3638 2933 3685 et
2971 3630 3329 3701 expressione
3359 3628 3566 3701 dignis,

1968 3702 2069 3758 sub
2115 3717 2279 3773 pmna
2336 3701 2924 3757 exeommunicationis
2972 3699 3069 3771 per
3113 3699 3569 3773 contrafacientes

1968 3775 2091 3844 ipso
2119 3771 2288 3828 ‘facto
2336 3773 2539 3843 absque
2587 3773 2691 3828 alia
2735 3773 3099 3829 deelaratione
3142 3771 3492 3844 incurrentia,
3534 3786 3568 3828 a

1967 3842 2073 3916 quo
2107 3860 2273 3900 nemo
2320 3860 2349 3897 a
2398 3842 2699 3916 quoquam,
2741 3853 3107 3916 praeterquam
3158 3859 3187 3898 a
3234 3842 3567 3916 Nobis_,_seu

1968 3914 2222 3972 Romano
2284 3914 2540 3983 pontiﬁce
2589 3932 2686 3982 pro
2736 3924 2981 3985 tempore
3026 3914 3310 3977 existente,
3358 3914 3464 3985 nisi
3506 3914 3564 3970 in

1967 3988 2165 4043 mortis
2194 3988 2423 4042 articqu
2452 3988 2803 4051 constitutus,
2838 3985 3200 4042 absolutionis
3238 3984 3568 4041 beneﬁcium

1969 4059 2140 4136 valeat
2188 4059 2457 4123 obtinere,
2489 4059 2728 4136 puluino
2764 4073 2984 4136 quoque
3025 4056 3420 4136 interdicimus.
3468 4057 3570 4136 Vp-

1968 4130 2158 4193 lentes,
2203 4138 2257 4183 et
2291 4129 2617 4185 auctoritate
2647 4130 2939 4196 apostolica
2968 4130 3319 4189 mamlantes,
3352 4135 3411 4181 ut
3439 4129 3567 4197 qui-

1966 4217 2180 4274 cunque
2232 4198 2361 4257 folia
2414 4200 2739 4274 hujusmodi
2792 4216 3058 4274 penes‘se
3106 4198 3430 4274 habuerint,
3474 4198 3565 4253 illo

1966 4270 2178 4337 statim,
2199 4281 2363 4343 atque
2391 4270 2692 4338 praesentes
2711 4272 2904 4327 litteras
2931 4271 3015 4326 eis
3036 4272 3394 4343 ingnotuerint,
3421 4270 3566 4343 loco-

1965 4360 2089 4400 rum
2143 4340 2454 4409 ordinariis,
2499 4346 2579 4398 vel
2628 4343 2903 4400 haeretica;
2952 4341 3227 4411 pravitatis
3279 4340 3567 4408 inquisito-

1966 4416 2118 4471 ribus
2165 4416 2401 4473 tradere.
2447 4425 2617 4485 atque
2643 4410 2963 4485 consignare
3000 4420 3322 4485 teneantur;
3356 4410 3408 4464 hi
3437 4427 3565 4485 vero

241 4497 491 4565 examen
540 4483 861 4565 delegimus.
907 4484 997 4553 qui
1046 4494 1171 4565 post
1208 4481 1489 4565 maturam
1531 4484 1856 4565 eorumdem
1883 4502 1933 4565 ι)
1967 4503 2029 4543 ea
2060 4486 2160 4540 sibi
2195 4486 2279 4565 sic
2308 4485 2503 4565 tradita
2526 4481 2680 4565 illico
2727 4481 3205 4565 ﬂammisaholeri
3242 4489 3447 4565 curent
3482 4481 3569 4536 :in

241 4552 527 4610 foliorum
560 4553 975 4621 discussionem,
1011 4554 1142 4625 quid
1159 4555 1276 4626 _sibi
1315 4571 1375 4609 ea
1415 4570 1578 4626 super
1623 4571 1679 4608 re
1710 4557 1856 4610 vide-

240 4633 436 4690 retur,
482 4623 1272 4698 Nobisretulerunt—Auditis
1306 4623 1498 4698 itaque
1522 4636 1857 4683 memorato-

242 4711 388 4752 rum
419 4697 805 4760 cardinalium,
837 4699 952 4769 etin
982 4712 1136 4753 sacra
1159 4697 1429 4769 theologia
1457 4700 1854 4768 magistrorum

241 4769 559 4835 sententiis,
604 4770 671 4823 de
713 4768 1025 4837 apostolica:
1067 4768 1738 4839 potestatis’plenitudine,
1769 4785 1856 4825 or-

239 4840 562 4911 dinationes
582 4840 641 4894 in
664 4840 898 4909 praelatis
915 4839 1061 4895 foliis
1081 4846 1389 4907 contentas,
1415 4841 1614 4911 nullas,
1639 4842 1851 4909 inanes,

242 4909 542 4982 invalidas,
595 4911 797 4977 irritas,
866 4920 1178 4979 attentatas,
1241 4912 1550 4982 nulliusque
1606 4909 1854 4969 omnino

244 4980 476 5037 roboris
504 4992 571 5055 et
610 4982 878 5055 momenti
909 4998 1051 5051 esse,
1086 4991 1141 5039 et
1187 4980 1619 5055 perpetuo'fore,
1665 4992 1853 5039 tenore

244 5053 611 5124 praesentium
643 5053 1000 5109 declaramus.

324 5126 396 5179 Et
414 5126 765 5198 nihilominus
784 5124 853 5181 ad
881 5126 1154 5196 majorem
1176 5126 1463 5189 cautelam,
1490 5128 1561 5181 etl
1585 5134 1855 5198 quatenus

248 5212 395 5267 opus
436 5197 505 5253 sit
545 5198 742 5253 harum
773 5198 914 5253 serie
951 5212 1289 5263 revocamus,
1327 5197 1627 5265 cassamus’,
1674 5198 1853 5254 irrita-

246 5283 405 5332 mus,
443 5271 793 5335 annulamus,
840 5269 1174 5340 viribusque,
1219 5279 1274 5325 et
1301 5267 1504 5325 effectu
1536 5270 1768 5341 penitus,
1802 5279 1855 5325 et

248 5341 483 5395 omnino
505 5412 508 5413 ν
531 5358 842 5409 vacuamus,
898 5357 962 5396 ac
992 5357 1088 5413 pro
1120 5342 1407 5409 revocatis,
1453 5342 1698 5407 cassatis,
1732 5341 1853 5397 irri-

249 5413 345 5469 tis.
378 5412 565 5475 nullis,
592 5413 840 5468 invalidis
860 5421 913 5467 et
934 5412 1182 5479 abolitis,
1207 5414 1552 5485 viribusque,
1576 5422 1630 5468 et
1650 5412 1852 5469 effectu

247 5485 476 5555 penitus
520 5485 751 5556 omnino
787 5485 974 5541 vacuis
1019 5500 1232 5556 semper
1275 5485 1461 5542 haberi
1492 5486 1769 5553 volumus,
1798 5493 1853 5541 et

248 5556 613 5623 mandamus;
633 5555 762 5611 folia
787 5572 914 5611 vero
934 5555 1192 5627 praedicta
1218 5565 1329 5611 tam
1365 5557 1647 5627 impressa,
1680 5572 1850 5628 quam

249 5627 420 5683 etiam
469 5628 837 5699 manuscripts
879 5628 1000 5699 legi,
1028 5644 1124 5684 seu
1162 5629 1380 5685 retineri
1420 5638 1611 5685 tenore
1648 5627 1849 5699 pariter

250 5700 611 5773 praecanum
636 5698 1008 5773 prohibemus,
1033 5701 1366 5773 illorumque
1403 5701 1846 5770 impressionem,

249 5769 701 5843 descriptionem,
756 5771 1063 5839 lectionem,
1130 5769 1510 5839 retentionem,
1568 5781 1626 5828 et
1687 5788 1850 5831 usum

1964 4557 2310 4614 contrarium
2382 4554 2706 4614 facientibus
2762 4571 2878 4611 non
2928 4553 3271 4611 obstantibus
3334 4553 3565 4625 quibus-

1966 4646 2197 4685 CUIIOUB.

2038 4646 2341 4758 lI‘thmzaa'utem
2381 4695 2587 4754 eaedem
2633 4705 2926 4765 praesentes
2970 4695 3162 4752 litterze
3206 4694 3274 4752 ad
3314 4694 3565 4754 omnium

1965 4771 2219 4826 notitiam
2256 4768 2469 4825 facilius
2508 4767 2841 4841 perveniant,
2889 4783 2987 4823 nec
3034 4768 3325 4841 quisquam
3350 4767 3565 4825 illarum

1965 4841 2333 4915 ignorantiam
2371 4842 2608 4915 allegare
2636 4840 2827 4915 possit,
2859 4839 3116 4915 volumus
3149 4839 3340 4915 etiam,
3376 4848 3431 4894 et
3463 4854 3567 4915 au:

1965 4909 2216 4971 ctoritate
2249 4909 2480 4983 praefata
2508 4909 2881 4976 decernimus,
2923 4921 2985 4967 ut
3012 4911 3120 4967 illa:
3152 4910 3221 4967 ad
3250 4911 3431 4983 valvas
3463 4910 3565 4967 ha-

1963 4988 2131 5045 silice:
2163 4982 2418 5058 principis
2458 4986 2858 5058 apostolorum,
2892 4999 2954 5037 ac
2989 4982 3320 5058 cancellarim
3350 4991 3567 5058 aposto-

1966 5058 2101 5122 lica),
2144 5054 2417 5126 curiaque
2446 5054 2713 5125 generalis
2760 5055 2813 5109 in
2851 5064 3041 5111 monte
3080 5054 3366 5119 Citatorio,
3406 5062 3462 5108 et
3508 5054 3567 5109 in

1962 5131 2078 5185 acie
2098 5128 2287 5198 Campi
2307 5125 2480 5183 Florae
2500 5127 2567 5181 de
2591 5127 2743 5181 Urbe
2768 5142 2869 5196 per
2897 5126 3134 5197 aliquem
3160 5141 3223 5180 ex
3248 5125 3565 5181 cursoribus

1961 5204 2183 5264 nostris,
2215 5208 2277 5255 ut
2307 5200 2481 5256 moris
2497 5206 2597 5263 est,
2632 5198 3002 5268 publicentur,
3024 5198 3565 5268 illarumquegexem-

1962 5273 2047 5345 pla
2105 5272 2307 5328 ibidem
2353 5270 2525 5345 afﬁxa
2580 5267 2977 5341 relinquantur,
3040 5277 3094 5325 et
3149 5270 3225 5324 sic
3268 5267 3566 5345 publicata:

1961 5338 2176 5411 omnes,
2224 5351 2278 5397 et
2320 5342 2568 5410 singulos
2608 5338 2749 5412 quos
2794 5350 3133 5397 concernunt
3176 5339 3416 5412 perinde
3442 5338 3565 5392 alti-

1958 5417 2132 5479 ciant,
2152 5410 2217 5471 ac
2242 5414 2283 5469 si
2310 5414 2607 5485 unicuique
2628 5410 2859 5468 illorum
2886 5413 3247 5485 personaliter
3265 5410 3567 5467 notilicatze

1959 5496 2015 5545 et
2047 5487 2315 5543 intimataa
2340 5484 2594 5541 fuissent.

2031 5560 2219 5635 thue
2259 5560 2502 5635 ipsarum
2544 5554 2905 5635 praesentium
2946 5554 3253 5635 litterarum
3292 5563 3565 5635 transum-

1958 5631 2086 5702 ptis,
2128 5626 2226 5702 seu
2259 5626 2535 5702 exemplis
2557 5626 2746 5702 etiam
2775 5627 3288 5702 impressis,__manu
3329 5626 3561 5700 alicujus

1957 5696 2164 5775 notarii
2212 5696 2805 5775 p‘ublici'subscriptis,
2856 5696 2917 5756 et
2966 5697 3143 5775 sigillo
3195 5696 3559 5775 personatum

1958 5768 2485 5844 Ecclesia‘dignitate
2508 5769 2825 5825 constitutae
2848 5768 3092 5831 munitis,
3119 5768 3318 5826 eadem
3340 5771 3562 5832 prorsus
