4122 6184
304 217 400 270 261

1178 211 1711 269 ΡΗΟΕΕΕΟΜΕΝΑ.,
1738 243 1809 254 -
1850 214 1934 270 DE
1972 213 2238 272 OFFICIO
2275 215 2330 270 S.
2371 214 2717 271 GREGORII.

3507 221 3610 273 262

306 357 334 389 ι
370 337 507 394 cella
560 334 632 393 de
659 326 898 409 l'Eglise,
946 335 1228 409 attaquées
1254 336 1392 393 dans
1419 338 1497 393 les
1540 336 1906 409 pernicieuses
1930 343 1988 406 Α
2090 340 2171 395 La
2194 338 2450 395 nouvelle
2476 336 2543 394 de
2567 354 2629 395 ce
2646 336 2774 394 bref
2789 339 2966 395 arriva
2998 336 3214 396 bientot
3232 355 3303 396 en
3322 341 3531 398 France
3557 350 3613 395 et

303 454 327 478 ι
371 431 709 503 entreprises
724 428 791 486 de
806 445 895 486 ces
906 429 1144 502 laiques,
1164 438 1220 485 et
1236 437 1403 504 ayant
1422 431 1673 504 présente
1688 429 1717 487 ὲ
1740 438 1900 488 notre

301 548 327 571 α
369 524 547 597 esprit
590 532 745 581 toute
782 523 831 579 la
870 524 1015 581 suite
1052 522 1123 580 de
1166 532 1348 581 toutes
1391 532 1446 581 et
1492 524 1763 581 chacunes
1803 523 1901 582 des

302 643 325 666 ι
370 617 568 674 choses
603 618 695 691 qui
746 633 805 674 se
847 625 975 674 sont
1008 617 1414 688 passées....;..;
1457 616 1533 674 du
1588 618 1792 675 conseil
1831 617 1899 675 de

301 736 327 760 ι
370 712 646 784 plusieurs
680 709 751 768 de
786 726 888 767 nos
929 710 1240 768 vénérables
1281 711 1455 769 freres
1494 712 1571 769 les
1603 712 1900 769 cardinaux

300 830 325 853 σι
368 806 439 863 de
465 807 517 862 la
545 805 723 862 sainte
748 797 930 877 Eglise
952 804 1224 872 romaine,
1257 821 1353 878 par
1383 806 1652 862 l‘autorité
1672 815 1900 879 aposto-

298 924 323 947 ιι
368 900 539 972 lique,
568 898 636 955 de
669 899 720 954 la
753 908 947 955 teneur
976 898 1073 955 des
1107 899 1410 971 présentes,
1444 916 1581 957 nous
1617 899 1899 956 déclarons

296 1017 322 1041 ει
366 994 448 1050 les
466 992 627 1059 édits,
644 992 843 1061 arréts,
863 992 1216 1061 résolutions,
1241 991 1478 1061 décrets,
1496 992 1894 1063 ordonnances,

293 1112 317 1133 -
366 1087 723 1159 promulgués
764 1102 862 1158 par
902 1085 983 1142 les
1019 1085 1340 1157 magistrats
1380 1085 1565 1143 méme
1592 1085 1897 1159 suprémes,

297 1206 319 1229 ο
364 1190 424 1237 et
448 1188 576 1237 tous
604 1179 845 1236 ofﬁciers
873 1196 946 1236 ou
978 1180 1264 1236 ministres
1292 1180 1549 1237 séculiers
1569 1179 1638 1238 de
1665 1181 1898 1254 quelque

298 1296 326 1327 α
372 1276 660 1345 puissance
688 1274 872 1346 laique
912 1289 1021 1347 que
1049 1289 1111 1330 ce
1154 1273 1283 1342 soit,
1307 1282 1497 1329 contre
1538 1284 1700 1330 notre
1722 1273 1899 1330 susdit

297 1392 323 1417 α
363 1367 557 1424 décret
632 1366 970 1423 d’extension
1029 1367 1096 1424 de
1166 1366 1367 1425 l’ofﬁce
1430 1367 1499 1423 de
1545 1367 1690 1424 saint
1751 1368 1898 1425 Gré-

299 1486 323 1510 -
364 1462 520 1532 goire
551 1462 791 1530 VII.....,
826 1460 975 1526 nuls,
1012 1460 1191 1529 vains,
1221 1460 1499 1531 invalides,
1529 1460 1838 1533 dépourvus
1866 1462 1897 1518 ἐι

296 1579 321 1605 ι
367 1554 680 1628 perpétuité
719 1554 788 1611 de
833 1562 990 1611 toute
1045 1553 1226 1623 force,
1269 1555 1323 1610 ni
1366 1554 1570 1623 valeur,
1617 1556 1753 1612 ainsi
1791 1572 1898 1630 que

290 1671 315 1697 ε
356 1657 549 1705 toutes
604 1648 684 1705 les
730 1647 927 1704 choses
975 1648 1069 1720 qui
1115 1664 1183 1705 en
1229 1656 1356 1704 sont
1402 1648 1605 1706 suivies
1655 1664 1728 1705 ou
1780 1650 1895 1706 sui-

287 1766 311 1789 ι
361 1741 610 1812 vraient;

356 1860 384 1884 ι
430 1838 500 1892 Et
532 1836 601 1893 de
630 1836 778 1909 plus,
808 1851 951 1909 pour
979 1834 1102 1908 plus
1132 1834 1338 1909 grande
1369 1835 1655 1905 silreté,‘et
1677 1852 1747 1893 en
1777 1845 1898 1895 tant

286 1952 311 1981 ει
349 1946 461 2004 que
483 1929 677 1987 besoin
706 1937 810 1996 est,
850 1945 952 2001 par
981 1929 1058 1985 les
1098 1929 1398 2001 présentes,
1452 1946 1593 1987 nous
1630 1930 1708 1987 les
1741 1930 1899 1989 revo-

280 2051 304 2074 .
350 2040 558 2097 quons,
605 2038 851 2090 cassons,
895 2023 1142 2091 irritons,
1189 2024 1458 2081 annulons
1498 2032 1557 2080 et
1592 2025 1898 2081 abolissons

284 2143 310 2167 ι
350 2120 384 2175 ii
413 2116 744 2192 perpétuité,
771 2119 852 2173 les
889 2117 1107 2189 privant
1129 2118 1197 2175 de
1222 2125 1377 2176 toute
1406 2116 1559 2175 force
1584 2128 1640 2175 et
1666 2116 1820 2186 effet,
1844 2127 1899 2175 et

283 2238 308 2261 α
350 2214 591 2270 voulons
631 2210 789 2286 qu’ils
827 2212 1005 2267 soient
1050 2212 1079 2267 ὸ
1103 2212 1308 2285 jamais
1351 2220 1516 2269 tenus
1556 2228 1697 2285 pour
1733 2214 1894 2270 τόνο-

284 2328 309 2357 σ
353 2307 516 2381 ques,
563 2306 763 2375 casses,
805 2305 1009 2372 irrités,
1059 2305 1309 2373 annulés,
1360 2305 1647 2375 invalidés,
1698 2306 1895 2381 abolis,

282 2425 306 2449 -
352 2409 417 2459 et
470 2400 654 2473 privés
694 2402 1070 2460 entierement
1115 2398 1186 2456 de
1242 2408 1396 2456 toute
1442 2398 1591 2458 force
1635 2408 1694 2456 et
1737 2399 1895 2469 effer,

280 2515 308 2543 ιι
350 2504 465 2551 etc.
505 2500 671 2562 (325).
724 2517 748 2545 ιι

341 2703 503 2776 (325)
544 2703 869 2761 Benedictus
901 2718 1066 2776 :papa
1093 2703 1240 2764 XIII,
1283 2700 1363 2757 ad
1400 2706 1722 2773 perpetuam
1756 2705 1838 2758 rei
1893 2702 1897 2707 ’

934 2789 1271 2830 τπεπκηταηα.

349 2846 505 2903 Cum
542 2845 612 2902 ad
654 2861 816 2904 aures
852 2855 1071 2901 nostras
1106 2844 1418 2913 pervenerit
1447 2843 1745 2899 nonnullos
1779 2860 1895 2901 ma-

314 2919 574 2983 istratus,
605 2920 707 2974 seu
734 2916 995 2973 ofﬁciales
1013 2925 1080 2988 et
1109 2916 1394 2972 ministros
1420 2916 1727 2988 saaculares,
1770 2917 1896 2988 qui-

369 2935 574 2983 Iratus,
605 2935 701 2974 seu
734 2935 995 2973 OlllClaIBS
1026 2935 1080 2972 θῐ
1109 2935 1394 2972 ωιωδιτοε
1420 2935 1727 2980 εωοωθτθδ,
1770 2935 1895 2988 qut-

269 2935 533 3046 ﬁissdam
563 2988 778 3058 edictis,
823 2987 1076 3053 decretis,
1117 2986 1634 3053 senatusconsultis,
1686 3002 1895 3058 praece-

272 3061 428 3140 ptis,
458 3061 771 3140 mandatisr
782 3068 879 3118 aut
990 3075 1200 3140 genus,_
1217 3058 1402 3115 aliisve
1426 3073 1893 3140 quocunqueOno-

272 3129 444 3189 inine
479 3132 807 3202 nuncupatis
842 3129 1460 3202 ordinationibus,qu
1489 3129 1893 3202 provisionibus

275 3204 562 3260 adversus
585 3200 871 3260 decretum
905 3201 1244 3259 extensionis
1272 3200 1343 3257 ad
1370 3200 1659 3257 universos
1688 3200 1890 3258 Christi

276 3275 508 3338 ﬁdeles,
540 3275 631 3346 qui
682 3273 753 3331 ad
782 3275 947 3331 horas
975 3274 1268 3346 canonicas
1309 3280 1583 3346 tenentur,
1616 3271 1785 3346 ofﬁcii
1830 3274 1890 3329 S.

272 3344 736 3417 Gregorii'papaa
766 3348 894 3413 Vll,
926 3346 1070 3417 quod
1088 3345 1350 3417 prius_ex
1389 3344 1616 3400 indultis
1655 3344 1744 3417 fel.
1777 3359 1888 3401 rec.

274 3417 450 3476 Pauli
482 3419 548 3477 V,
582 3414 885 3473 Clementis
910 3414 991 3483 Χ,
1037 3414 1329 3473 Alexandri
1360 3417 1511 3480 Vlll,
1541 3423 1598 3471 et
1639 3416 1894 3473 Clemen-

282 3491 368 3546 tis
398 3491 499 3553 Xl,
531 3491 916 3546 Romanorum
942 3486 1269 3556 pontiﬁcum
1296 3486 1761 3557 praadecessorum
1788 3502 1891 3543 no-

272 3570 564 3625 strortun,
608 3559 667 3615 in
704 3560 954 3686 pluribus
973 3559 1096 3632 jam
1125 3557 1421 3613 Christiani
1453 3558 1603 3613 orbis
1634 3558 1894 3615 Ecclesiis

273 3632 507 3686 nassim
534 3632 698 3686 recita
742 3640 883 3686 atur.
914 3639 1079 3686 atauo
1125 3629 1340 3686 publica
1366 3636 1423 3685 et
1456 3630 1777 3685 solemniter
1803 3645 1891 3685 ce-

318 3632 507 3687 assim
534 3629 883 3696 recitabatur,
914 3629 1079 3703 atque
1125 3629 1340 3703 publica
1366 3636 1423 3703 et
1456 3630 1777 3685 solemniter
1803 3645 1891 3685 ce-

318 3649 507 3687 aSSlm
534 3649 883 3696 recitabatur,
914 3649 1079 3703 atque
1125 3649 1340 3701 pumice
1366 3649 1423 3685 et
1456 3649 1777 3685 smemnlter
1803 3649 1891 3685 ce-

273 3649 633 3769 rebrabatur,
654 3719 682 3757 a
698 3703 869 3759 Nobis
884 3702 952 3759 ad
972 3700 1288 3772 augendum
1308 3701 1519 3757 cultum
1541 3703 1596 3760 S.
1624 3703 1894 3772 pontiﬁcis

276 3781 339 3832 et
384 3772 736 3845 confessoris,
771 3775 864 3844 qui
899 3775 955 3830 in
985 3772 1365 3845 exstirpandis
1384 3773 1684 3845 erroribus,
1715 3775 1893 3829 eccle-

279 3844 522 3903 siastica
553 3845 839 3917 disciplina
869 3844 1235 3917 restituenda,
1269 3852 1325 3899 et
1354 3844 1742 3917 instauranda,
1765 3861 1894 3917 ‘cor-

278 3917 584 3988 ruptisque
609 3912 859 3973 moribus
882 3915 1252 3988 reformandis
1285 3922 1505 3988 strenue
1533 3932 1597 3972 ac
1623 3912 1896 3972 indefesse

275 3986 612 4051 elaboravit,
635 3988 927 4045 novissime
947 3989 1181 4053 editum,
1207 3986 1571 4042 insurrexisse
1594 4005 1609 4042 :

365 4060 518 4132 Hinc
564 4067 678 4132 est,
715 4059 863 4132 quod
894 4075 993 4115 nos
1020 4076 1084 4115 ex
1126 4057 1321 4132 debito
1358 4058 1651 4132 pastoralis
1697 4056 1893 4132 ofﬁcii,

324 4131 448 4187 uod
494 4128 792 4187 humilitati
860 4139 1089 4197 nostra},
1141 4128 1356 4185 meritis
1405 4128 1531 4183 licet
1579 4136 1634 4185 et
1688 4129 1895 4185 viribus

324 4148 448 4187 ιιοα
495 4148 792 4187 nummtau
860 4148 1089 4197 ηοεῑνω,
1141 4148 1356 4185 merlIlS
1405 4148 1531 4183 ιιοει
1579 4148 1634 4185 et
1688 4148 1894 4185 VlrlDllS

277 4148 462 4273 gonge
491 4202 705 4273 impari,
748 4203 1031 4259 commisit
1079 4201 1265 4257 divina
1305 4200 1572 4273 dignatio,
1618 4209 1894 4273 nostram,

276 4284 345 4331 et
377 4271 809 4331 ecclesiasticam
844 4273 1237 4330 auctoritatem
1264 4288 1295 4327 a
1335 4271 1660 4343 perniciosis
1704 4271 1896 4343 hujus-

279 4344 456 4404 modi
475 4344 741 4402 laicorum
760 4345 1051 4402 conatibus
1076 4342 1410 4418 illmsam,’et
1435 4342 1705 4418 illibatam
1726 4342 1890 4418 tueri,

276 4424 345 4496 et
380 4432 702 4473 conservare
727 4418 996 4496 volentes,
1020 4431 1135 4496 _ne_c
1162 4430 1278 4471 non
1306 4414 1583 4481 omnium,
1615 4424 1668 4469 et
1698 4414 1894 4496 singu-

2010 447 2081 488 ne
2109 430 2268 489 tarda
2301 447 2397 504 pas
2419 430 2448 487 ὲ
2476 432 2681 488 exciter
2702 432 2753 489 la
2783 430 2972 488 fureur
2999 431 3096 488 des
3120 430 3348 505 supputa
3372 432 3447 487 du
3465 433 3612 506 galli-

2009 526 2270 583 canisme.
2302 528 2381 582 Le
2400 526 2698 596 parlement
2726 524 2793 582 de
2831 525 2988 583 Paris
3031 526 3235 593 rendit,
3267 542 3338 583 en
3368 525 3498 583 date
3535 525 3608 607 du

2009 623 2076 677 23
2098 618 2299 675 février
2328 625 2483 685 1730,
2505 636 2582 675 un
2605 618 2754 676 arrét
2774 628 2962 676 contre
2981 621 3029 675 la
3051 620 3415 691 publication,
3434 619 3612 676 distri-

2009 711 2202 770 bution
2243 722 2298 769 et
2342 713 2633 769 execution
2661 713 2729 769 de
2780 730 2842 769 ce
2871 712 3012 783 bref,
3066 713 3207 770 ainsi
3238 729 3343 785 que
3370 714 3437 770 de
3468 729 3610 770 ceux

2009 808 2102 879 qui
2150 807 2373 864 avaient
2421 807 2507 862 été
2549 807 2733 863 lancés
2779 815 2973 864 contra
3033 809 3110 864 les
3158 805 3407 879 évéques.
3453 808 3608 865 Cette

2008 918 2143 957 cour
2178 900 2419 974 exhalait
2460 917 2559 956 son
2586 900 2937 974 indignation
2971 917 3072 972 par
3110 900 3163 957 1e
3213 901 3497 957 ministére
3539 900 3608 957 de

2009 1011 2113 1050 son
2156 972 2327 1050 ﬁdele?
2346 1010 2575 1066 organe,
2615 972 2837 1051 Gilbert
2863 992 2933 1051 de
2964 994 3203 1059 Voisins,
3248 995 3343 1066 qui
3381 992 3605 1065 s‘expri-

2008 1088 2147 1145 mait
2172 1087 2317 1143 ainsi
2346 1087 2490 1145 dans
2519 1087 2569 1143 le
2610 1086 2782 1144 de’but
2804 1086 2872 1144 de
2900 1103 3004 1144 son
3029 1087 3379 1160 réquisitoire
3411 1106 3423 1143 :

2078 1206 2103 1230 α
2150 1181 2323 1254 Apres
2371 1181 2559 1239 l’arrét
2596 1181 2841 1238 solennel
2879 1196 2985 1254 que
3038 1181 3087 1238 la
3119 1197 3254 1237 cour
3288 1181 3495 1249 rendit,
3536 1199 3606 1238 au

2011 1300 2035 1324 «ι
2079 1276 2223 1333 mois
2264 1275 2335 1332 de
2357 1275 2544 1349 juillet
2585 1275 2830 1344 dernier,
2871 1292 2964 1331 sur
3018 1291 3121 1331 nos
3158 1275 3533 1343 conclusions,
3575 1275 3605 1331 ὲ

2011 1394 2035 1417 ιι
2078 1370 2375 1427 l’occasion
2399 1370 2467 1425 de
2497 1367 2691 1427 l’ofﬁce
2718 1370 2785 1426 de
2810 1369 3065 1441 Gregoire
3086 1371 3209 1437 Vl],
3240 1385 3384 1425 nous
3415 1369 3608 1425 avions

2009 1487 2033 1511 α
2076 1464 2183 1519 lieu
2215 1462 2284 1519 de
2320 1463 2499 1519 croire
2558 1480 2663 1533 que
2701 1479 2843 1519 nous
2877 1462 3167 1519 n’aurions
3218 1462 3342 1534 plus
3389 1461 3606 1518 d’autre

2011 1580 2036 1605 α
2075 1557 2263 1613 devoir
2304 1557 2334 1613 ὲ
2376 1557 2604 1629 remplir
2647 1574 2741 1613 sur
2770 1565 2858 1613 cet
2902 1556 3071 1628 objet,
3122 1563 3179 1612 et
3223 1570 3332 1627 que
3374 1554 3425 1612 la
3470 1571 3605 1611 cour

2010 1673 2034 1700 «ι
2077 1650 2144 1707 de
2169 1654 2349 1708 Rome
2374 1667 2516 1707 nous
2538 1667 2607 1707 en
2636 1650 2902 1706 laisserait
2931 1649 3382 1706 insensiblement
3410 1647 3606 1719 perdre

1924 1721 1971 1785 Β
2012 1769 2036 1793 ιι
2080 1745 2127 1799 la
2153 1745 2443 1801 mémoire.

2080 1862 2105 1888 ι
2146 1839 2290 1896 Mais
2302 1854 2445 1894 nous
2463 1837 2907 1905 reconnaissons,
2929 1853 3061 1894 avec
3074 1835 3326 1904 douleur,
3344 1834 3604 1893 combien

2010 1957 2035 1982 «ι
2078 1949 2181 1990 nos
2219 1932 2545 2006 espérances
2590 1940 2692 1988 ont
2731 1932 2816 1988 été
2857 1931 3157 2004 trompées,
3200 1929 3231 1987 ὲ
3257 1931 3306 1985 la
3337 1945 3439 1986 vue
3473 1931 3605 1986 d’un

2009 2051 2034 2076 α
2075 2026 2203 2084 bref
2224 2026 2293 2084 de
2319 2030 2521 2092 Rome,
2551 2042 2658 2098 que
2690 2043 2831 2082 nous
2862 2041 3034 2082 avons
3076 2033 3232 2081 entre
3269 2025 3350 2081 les
3396 2024 3602 2089 maius,

2011 2142 2038 2173 «
2075 2126 2125 2178 et
2161 2123 2297 2178 dant
2336 2138 2403 2178 on
2422 2125 2556 2193 peut
2596 2121 2722 2177 dire
2760 2120 2896 2191 qu’il
2932 2120 3119 2175 réduit
3146 2136 3212 2175 en
3247 2120 3507 2190 pratique
3548 2117 3605 2172 la

2008 2235 2037 2268 α
2073 2216 2319 2272 doctrina
2348 2216 2621 2287 repandus
2638 2215 2774 2273 dans
2794 2215 2987 2286 l’ofﬁce
3009 2213 3079 2269 de
3101 2214 3300 2283 (ἰνόσοί
3306 2228 3369 2267 re
3395 2214 3516 2275 VII,
3535 2224 3604 2266 en

2010 2333 2033 2358 α
2077 2318 2319 2377 cassant,
2372 2326 2470 2381 par
2526 2308 2805 2365 l’autorité
2863 2306 3201 2380 pontiﬁcale,
3256 2314 3386 2363 tous
3434 2304 3600 2370 édits,

2008 2427 2033 2453 α
2079 2403 2272 2466 arréts,
2298 2402 2708 2472 ordonnances,
2741 2410 2795 2457 et
2823 2409 3011 2459 autres
3045 2409 3197 2458 actes
3224 2398 3448 2457 émanés
3477 2396 3508 2454 ‘a
3538 2410 3602 2453 ce

2009 2520 2034 2546 α
2075 2497 2217 2570 sujet
2230 2496 2327 2554 des
2347 2495 2663 2571 puissances
2680 2493 2994 2565 séculiéres,
3019 2493 3205 2552 méme
3228 2491 3599 2550 souveraines.

2004 2702 2262 2768 invalida,
2305 2702 2468 2761 irrita
2511 2710 2568 2759 et
2602 2701 2670 2759 de
2703 2700 2851 2775 facto
2888 2709 3245 2775 praesumpta,
3289 2701 3602 2775 nulliusque

2004 2791 2232 2846 prorsus
2257 2775 2474 2831 roboris
2504 2783 2570 2846 et
2586 2774 2858 2830 momenti
2888 2770 3032 2838 esse,
3073 2770 3599 2846 et’perpetuofofre,

2004 2842 2303 2918 apostolica
2365 2845 2694 2902 auctoritate
2752 2853 2944 2901 tenore
3008 2842 3362 2917 praesentium
3414 2842 3599 2898 decla-

2073 2934 2162 2972 mu
2202 2958 2215 2973 .

2007 2934 2147 3046 raEt
2160 2934 2527 3045 :ihilominus
2546 2985 2616 3043 ad
2642 2986 2913 3059 majorem
2929 2986 3227 3059 cautelam,
3247 2994 3303 3042 et
3329 2996 3603 3059 quatenus

2004 3077 2144 3133 opus
2172 3061 2264 3128 sit,
2304 3061 2393 3115 illa
2423 3059 2633 3126 omnia,
2678 3054 2747 3114 et'
2767 3058 2981 3128 singula
3013 3058 3211 3133 barum
3241 3054 3379 3115 serie
3407 3054 3599 3133 itidem

1926 3110 1971 3174 (ἶ
2006 3110 2270 3206 perpetuo
2299 3110 2649 3206 revocamus,
2678 3110 2986 3206 cessamus,
3024 3130 3331 3206 irritamus,
3364 3127 3602 3206 annula-

2001 3198 2149 3267 mus,
2180 3213 2235 3259 et
2262 3202 2567 3269 abolemus,
2599 3202 2912 3273 viribusque
2945 3208 3000 3255 et
3030 3198 3238 3273 effectu
3269 3201 3507 3273 penitus,
3549 3209 3603 3256 et

2001 3276 2233 3332 omnino
2250 3290 2566 3337 vacuamus,
2589 3290 2654 3328 ac
2673 3289 2769 3342 pro
2800 3272 3092 3339 revocatis,
3117 3272 3369 3339 cassatis,
3406 3274 3533 3333 irrit
3560 3273 3605 3328 is

2000 3347 2184 3413 nullis,
2228 3344 2507 3410 invalidis,
2555 3352 2609 3397 et
2660 3343 2900 3407 abolitis,
2950 3343 3265 3414 viribusque
3295 3352 3352 3399 et
3403 3344 3601 3403 effectu

2002 3417 2241 3495 penitus,
2276 3424 2332 3471 et
2359 3415 2592 3495 omnino
2621 3415 2810 3495 vacuis
2832 3429 3051 3495 semper
3078 3414 3268 3471 haberi
3302 3415 3557 3475 volumus
3582 3436 3601 3471 .-

2004 3485 2189 3572 sicque
2230 3495 2285 3543 et
2320 3502 2437 3572 non
2480 3486 2639 3568 aliter
2667 3485 3079 3572 lin_plrzemissis
3120 3501 3213 3572 per
3249 3501 3604 3561 quoscunque

1997 3556 2211 3632 judices
2265 3558 2577 3632 ordinarios
2609 3564 2689 3632 __et
2736 3556 3059 3632 delegatos,_
3089 3556 3283 3632 etiam'
3310 3556 3600 3632 causarum

2003 3626 2188 3702 palatii
2213 3629 2501 3702 apostolici
2518 3628 2828 3702 auditores,
2850 3643 2914 3683 ac
2940 3630 2997 3683 S.
3026 3630 3097 3683 Β.
3123 3631 3191 3702 l5.
3225 3626 3468 3699 prafatze
3492 3647 3605 3685 car-

2005 3698 2266 3768 dinalesf
2290 3701 2461 3758 etiam
2499 3699 2570 3771 de
2610 3700 2777 3755 latere
2817 3698 3049 3770 legatos,
3088 3698 3288 3771 aliosve
3329 3702 3604 3771 quoslibet

2040 3788 2324 3844 uacunque
2355 3770 2786 3844 praaentinentia,
2819 3768 2895 3825 et‘
2911 3778 3186 3841 potestate
3216 3768 3530 3844 fungentes,
3552 3780 3608 3829 et

2030 3841 2322 3913 uncturos,
2361 3841 2591 3915 sublata
2641 3842 2748 3909 eis,
2798 3849 2854 3896 et
2900 3856 3095 3915 eorum
3130 3841 3366 3915 cuilibet
3412 3844 3604 3915 quavis

2004 3918 2167 3989 aliter
2174 3911 2462 3989 judicandi
2484 3921 2540 3989 e_t
2565 3911 2968 3989 interpretandi
2995 3911 3260 3989 facultate
3281 3921 3335 3969 et
3364 3911 3605 3989 auctori-

2003 3995 2137 4053 tate,
2151 3983 2387 4059 judicari
2411 3994 2467 4041 et
2486 3983 2705 4059 deﬁniri
2729 3984 2959 4052 debere;
2987 4000 3053 4041 ac
3070 3984 3293 4059 irritum
3318 4026 3333 4049 ,
3360 3994 3417 4041 et
3438 3987 3605 4044 inane

2005 4059 2051 4114 si
2069 4055 2239 4138 secus
2284 4073 2450 4138 super
2494 4055 2582 4111 his
2625 4071 2982 4138 aquoquam
3027 4056 3219 4138 quavis
3266 4059 3604 4138 auctoritate

2006 4131 2273 4208 scienter,
2299 4131 2382 4184 vel
2431 4129 2759 4208 ignorantel;
2781 4128 3079 4208 contigerit
3107 4128 3391 4208 attentari,
3422 4129 3607 4208 decer-

2003 4196 2317 4270 nimus,,'in
2357 4196 2699 4255 contrarium
2731 4196 3059 4254 facientibus
3104 4214 3218 4253 non
3255 4197 3605 4256 obstantibus

2005 4273 2443 4345 quibuscunque.

2078 4346 2157 4401 Ut
2185 4341 2371 4400 autem
2404 4342 2614 4399 eaedem
2653 4341 3182 4411 prasenteslitterae
3229 4341 3302 4397 ad
3344 4341 3601 4399 omnium

2004 4415 2261 4471 notitiam
2290 4412 2508 4471 facilius
2544 4411 2858 4477 deveniant,
2890 4428 2995 4467 nec
3031 4412 3327 4483 quisquam
3379 4413 3603 4468 illarum

275 4473 504 4555 lorum,
545 4503 669 4558 quae
723 4488 783 4544 in
837 4473 1164 4560 praemissis,
1195 4501 1305 4560 seu
1356 4473 1893 4560 eorum_'occasi_5ne
1921 4473 1972 4536 D
2006 4486 2379 4560 ignorantiam
2430 4486 2667 4560 allegare
2720 4473 2917 4560 possit,
2970 4473 3247 4560 volumus,
3293 4499 3356 4538 ac
3402 4484 3604 4560 pariter

276 4560 492 4632 quovis
518 4555 707 4624 modo,
738 4555 883 4627 acta,
917 4567 1149 4632 etgesta
1189 4555 1678 4632 fuerunt,_seriem,
1718 4557 1892 4632 aliave

272 4628 634 4705 qumque
659 4632 829 4705 etiam
851 4630 1193 4705 speciﬁcam,
1218 4636 1273 4684 et
1293 4628 1891 4705 individuammentio-

279 4699 451 4767 nem,
489 4699 975 4773 et'expressionEm
1014 4699 1373 4773 requirentia,
1400 4700 1763 4773 prasentibus
1792 4716 1891 4773 pro

324 4774 476 4837 lene,
508 4781 563 4828 et
591 4771 927 4830 sufﬁcienter
952 4771 1242 4843 expressis,
1273 4779 1329 4827 et
1355 4780 1543 4843 exacte
1568 4771 1891 4843 Spe-pilleatis

368 4845 589 4908 bentes,
637 4845 709 4919 de
749 4840 1163 4919 quamplurium
1210 4840 1613 4919 venerabiliuni
1652 4840 1891 4919 fratrum

284 4924 644 4981 nostrorum,
684 4918 741 4973 S.
764 4914 856 4974 Ἦ.
888 4914 955 4972 Ε.
1003 4914 1372 4974 cardinalium
1401 4915 1657 4979 consilio,
1687 4914 1891 4982 edicta,

280 4989 545 5055 decreta,
597 4988 1097 5056 senatusconsulta,
1145 4994 1437 5059 praecepta,
1498 4984 1786 5059 mandata,
1838 4988 1893 5041 et

278 5060 515 5132 quasvis
537 5059 674 5132 alias
697 5075 1029 5131 quocunque
1053 5057 1279 5114 nomine
1298 5065 1646 5132 nuncupatas
1663 5057 1891 5132 ordina-

281 5127 501 5196 tiones,
531 5131 645 5187 sive
688 5127 1034 5202 provisiones
1061 5146 1159 5201 per
1194 5128 1574 5202 magistratus,
1605 5127 1770 5202 etiam
1800 5144 1892 5183 su-

285 5217 545 5276 premos,
589 5199 703 5258 seu'
728 5201 996 5276 ofﬁciales
1023 5199 1102 5276 __e't
1136 5199 1756 5276 ministrossaeculares
1798 5206 1895 5276 aut

280 5271 430 5346 alias
459 5290 491 5329 a
516 5289 848 5346 quacunque
878 5273 1059 5330 laicali
1089 5279 1395 5346 potestate,‘
1407 5272 1633 5346 ejusque
1666 5271 1894 5346 nomine

284 5341 559 5403 adversus
605 5341 887 5402 decretum
944 5341 1282 5400 extensionis
1331 5341 1499 5399 ofﬁcii
1542 5341 1793 5413 ejusdem
1835 5343 1890 5397 S.

288 5417 551 5490 Gregorii
565 5432 720 5489 papae
734 5418 776 5469 V
786 5420 831 5473 ll
842 5458 857 5485 ,
872 5432 968 5487 per
982 5418 1030 5490 Ν
1034 5430 1118 5490 os,
1136 5414 1275 5471 sicut
1291 5414 1669 5490 praemittitur,
1681 5413 1895 5469 editum

288 5486 826 5562 quomodocunque,
855 5486 929 5562 at
949 5488 1265 5562 ubicunque
1294 5486 1643 5562 promulgata
1673 5492 1729 5540 et
1778 5502 1895 5556 pro-

290 5557 624 5632 iniuganda,
656 5557 731 5615 ac'
760 5560 964 5632 qumvis
994 5559 1101 5615 alia
1130 5557 1187 5613 in
1216 5557 1539 5629 praemissis,
1579 5572 1674 5611 seu
1687 5572 1895 5632 eorum

289 5628 588 5688 occasione
624 5628 1043 5703 quomodolibet
1096 5628 1249 5703 acta}
1296 5638 1467 5703 gesta
1505 5636 1559 5683 et
1606 5628 1894 5703 ordinata,

291 5718 432 5760 cum
463 5700 726 5758 omnibus
752 5709 807 5757 et
851 5702 1080 5773 singulis
1126 5702 1254 5761 inde
1298 5700 1523 5768 Secutis,
1564 5708 1621 5773 et
1645 5700 1900 5773 quando-

294 5774 526 5847 carique
548 5773 840 5841 secuturis,
870 5770 1085 5845 penitus
1115 5785 1169 5833 et
1209 5775 1445 5832 omnino
1483 5770 1896 5838 nulla,’inania,

2005 4554 2380 4624 decernimus,
2427 4565 2490 4611 ut
2531 4554 2643 4612 illa:
2695 4554 2762 4627 ad
2818 4555 3005 4627 valvas
3056 4554 3297 4627 basilica:
3343 4554 3604 4627 principis

2000 4630 2404 4700 apostolorum,
2436 4645 2501 4684 ac
2546 4624 2888 4700 cancellarim
2929 4625 3265 4700 apostolicae,
3319 4624 3606 4700 curiasque

2038 4695 2267 4755 eneralis
2293 4701 2349 4755 in
2374 4707 2563 4753 monte
2590 4695 2851 4753 Citatorio
2865 4737 2883 4765 ,
2910 4695 2975 4768 et
2992 4697 3048 4751 in
3074 4696 3184 4752 acie
3207 4698 3397 4768 Campi
3428 4695 3604 4755 Flora

2038 4718 2267 4755 eneralls
2293 4718 2349 4755 In
2374 4718 2563 4753 monte
2590 4718 2883 4765 ωιδιοῐιυ,
2910 4718 2963 4750 ει
2992 4718 3048 4751 In
3074 4718 3184 4752 acre
3207 4718 3397 4768 uuan
3428 4718 3460 4755 Γ
3477 4718 3604 4755 ιοτω

2001 4718 2067 4827 se
2090 4772 2242 4829 Urbe
2269 4787 2363 4842 per
2384 4771 2626 4840 aliquem
2649 4783 2712 4823 ex
2726 4767 3048 4823 cursoribus
3095 4768 3317 4842 nostris,
3352 4777 3413 4826 ut
3438 4771 3607 4842 moris

2000 4851 2103 4904 est,
2152 4837 2511 4913 publicentur,
2544 4842 2873 4913 illarumque
2902 4840 3152 4910 exempla
3198 4837 3409 4913 ibidem
3439 4841 3605 4897 afﬁxa

2001 4909 2406 4985 relinquantur,
2454 4920 2511 4967 et
2539 4912 2620 4969 sic
2662 4909 3213 4985 publicatreomnes,
3246 4921 3302 4985 et
3358 4912 3606 4985 singulos

2042 4980 2537 5041 uod—concernunt
2579 4980 2805 5055 perinde
2834 4980 3095 5055 afﬁciant,
3131 4998 3196 5055 ac
3223 4983 3266 5036 si
3315 4980 3606 5055 unicuique

2042 5001 2149 5040 uoa
2191 5001 2537 5041 concernunt
2579 5001 2805 5054 pennae
2834 5001 3095 5048 amotam,
3131 5001 3196 5038 ac
3223 5001 3266 5036 sn
3315 5001 3606 5055 unicuique

2001 5001 2220 5112 illorum
2266 5055 2620 5128 personaliter
2652 5053 2945 5128 notiﬁcalae
2974 5063 3038 5128 et
3062 5054 3335 5112 intimam
3361 5054 3606 5112 fuissent.

2082 5124 2280 5199 thue
2302 5128 2548 5199 ipsarum
2578 5124 2931 5199 praesentium
2973 5126 3280 5199 litterarum
3322 5134 3607 5199 transum-

2006 5199 2133 5270 ptis,
2165 5195 2263 5254 seu
2312 5195 2595 5270 exemplis,
2639 5195 2803 5270 etiam
2833 5196 3116 5270 impressis
3161 5213 3331 5254 manu
3376 5197 3607 5270 alicuius
3670 5234 3675 5237 -

2003 5267 2203 5351 notarii
2226 5270 2432 5351 publici
2469 5267 2815 5351 subscriptis,
2860 5267 3386 5351 etsigillopersouae
3429 5267 3485 5323 in
3513 5267 3607 5325 ec-

2004 5339 2306 5397 clesiastica
2336 5341 2597 5410 dignitate
2621 5340 2931 5396 constitutae
2958 5339 3208 5405 munitis,
3235 5339 3426 5396 eadem
3452 5355 3609 5410 pror-

2005 5429 2099 5469 sus
2151 5414 2287 5469 ﬁdes
2318 5422 2430 5467 tam
2476 5413 2530 5467 in
2567 5410 3000 5483 judicio,rquam
3032 5419 3181 5465 extra
3217 5411 3375 5475 illud,
3401 5410 3609 5482 ubique

2005 5484 2251 5540 locorum
2283 5482 2577 5545 habeatur,
2621 5498 2743 5552 qua:
2782 5482 2988 5539 eisdem
3030 5483 3393 5554 praesentibus
3438 5483 3608 5538 habe-

2005 5564 2185 5621 retur,
2207 5555 2259 5627 εἰ
2294 5555 2484 5612 forent
2512 5553 2786 5627 exhibitas,
2817 5556 2896 5610 vel
2926 5553 3181 5611 ostensae.
3316 5602 3321 5607 .

2079 5620 2286 5701 Datum
2316 5631 2513 5701 Romae
2537 5624 2681 5701 apud
2712 5620 2781 5681 S,
2805 5626 3174 5701 Petrum_,‘sub
3203 5625 3407 5681 annulo
3424 5620 3609 5701 pisca-

2006 5699 2167 5762 toris,
2194 5698 2284 5754 die
2321 5705 2387 5755 19
2412 5695 2675 5755 Decemb.
2724 5703 2861 5756 I729
2885 5695 3237 5773 pontiﬁcatus
3266 5695 3435 5752 nostri
3462 5704 3607 5743 anno

2009 5778 2180 5826 sexto.
