4106 6182
529 256 632 307 279

1751 250 1825 306 S.‘
1849 249 2231 307 GREGORIUS
2270 250 2359 307 Vll
2398 251 2596 307 PAPA.

3719 258 3826 313 280

530 386 684 435 ment
707 394 782 434 nn
803 376 1004 450 clergé,
1032 374 1165 431 isolé
1185 372 1252 429 de
1280 375 1483 441 Rome,
1513 371 1696 430 meme
1720 371 1856 430 dans
1883 374 1979 432 des
1999 374 2126 431 cho-
2156 382 2207 443 Α
2236 374 2438 433 lement
2477 391 2573 432 sur
2608 375 2687 433 les
2739 375 2931 433 choses
2986 376 3054 433 de
3099 377 3150 433 la
3200 378 3434 451 litnrgie,
3486 378 3535 435 le
3594 381 3828 453 ponvoir

533 489 622 530 ses
666 472 827 529 d’nne
873 472 1203 541 importance
1235 464 1571 535 secondaire,
1602 476 1756 538 porte
1803 469 2049 542 tonjonrs
2076 470 2125 525 la

537 568 694 641 peine
723 566 789 621 de
810 574 894 620 cet
920 563 1202 619 isolement
1234 576 1330 633 par
1373 561 1453 618 les
1481 561 1903 619 contradictions
1928 579 1995 618 en
2030 565 2129 620 les-

539 660 742 732 quelles
772 657 805 712 il
848 673 905 712 se
949 654 1227 726 précipite,
1264 654 1477 711 victime
1497 654 1564 713 de
1601 655 1650 712 la
1691 656 1923 729 position
1955 656 2130 714 fausse

538 752 608 808 οὺ
633 752 665 806 il
688 750 815 806 s’est
836 750 1004 822 placé.

610 847 695 900 En
724 845 1023 917 quatrieme
1055 845 1184 914 lien,
1209 845 1343 901 c’est
1369 860 1446 899 un
1471 845 1738 917 spectacle
1757 844 2038 902 instructif
2062 844 2132 902 de

544 939 660 995 voir
690 938 768 995 les
809 939 1118 1012 magistrats
1152 939 1407 996 séculiers
1447 938 1717 1012 s’arroger
1752 946 1874 997 tont
1896 940 2132 997 nature]-

2233 470 2387 542 qn’ils
2426 468 2668 526 refusent
2709 469 2739 526 ἑ
2784 473 2965 526 Rome
3014 487 3107 527 sur
3150 486 3211 527 ce
3259 472 3430 543 point,
3460 483 3516 530 et
3550 474 3831 531 raisonner

2234 562 2504 621 d’ailleurs
2529 580 2657 620 avec
2684 564 2917 637 jnstesse
2945 581 3040 620 sur
3063 565 3336 622 l’autorité
3375 582 3479 639 que
3516 566 3696 624 donne
3725 568 3828 624 im-

2238 658 2716 729 manquablement
2766 656 2797 713 a
2843 674 2917 714 un
2961 657 3060 714 fait
3109 668 3163 714 et
3211 657 3240 714 ὲ
3290 675 3396 716 une
3439 661 3673 717 maxime
3719 677 3825 717 son

2236 751 2496 807 insertion
2539 750 2675 807 dans
2723 752 2798 809 les
2832 752 2991 808 livres
3020 752 3336 825 litnrgiqnes
3375 752 3443 810 de
3484 743 3697 828 I’Eglise
3736 771 3834 812 ro-

2239 862 2421 902 matne
2439 888 2452 903 .

1468 1358 1987 1527 NOTlTIAV
2029 1433 2897 1525 DIPLOMATICA.

1315 1708 1319 1714 ~
1399 1676 1694 1749 (Philippus
1729 1676 1947 1745 Iuni,
1983 1681 2207 1747 Regesta
2247 1679 2560 1748 pontiﬁcum
2590 1681 2992 1744 Romanorum.)

616 2075 678 2128 In
705 2070 1032 2128 adornandis
1060 2070 1308 2142 Gregorii
1338 2071 1441 2125 VII
1471 2070 1694 2142 regestis
1719 2068 1855 2126 mihi
1880 2070 2129 2142 contigit,
2170 2075 2216 2137 Β
2316 2074 2409 2128 W.
2456 2070 2830 2128 Giesebrechti
2860 2079 3040 2128 autem
3068 2073 3473 2142 commentatio,
3504 2072 3571 2130 de
3601 2088 3705 2145 qua
3744 2090 3841 2130 su-

546 2175 606 2222 nt
629 2166 967 2238 optatissimo
1010 2164 1083 2220 uti
1117 2163 1367 2236 praesidio
1396 2165 1601 2230 liceret,
1631 2163 1779 2237 quod
1807 2164 2025 2236 quidem
2064 2164 2136 2221 si-

549 2269 667 2315 tum
727 2260 781 2314 in
844 2258 1137 2315 veterrimo
1202 2257 1417 2329 registri
1476 2258 1663 2315 codice
1726 2260 1989 2313 Vaticano
2059 2266 2141 2314 est

549 2353 799 2409 omnium
838 2352 931 2425 qui
980 2360 1195 2407 exstant
1232 2360 1286 2407 et
1324 2368 1492 2407 mann
1528 2352 1856 2424 scriptorum
1885 2351 2141 2407 codicum

549 2455 604 2503 et
649 2446 947 2503 editionum
978 2444 1145 2501 fonte.
1189 2445 1500 2502 Willelmus
1519 2446 1667 2501 enim
1695 2445 2046 2503 Giesebrecht
2070 2447 2137 2501 V.

548 2524 640 2607 cl.,
675 2555 803 2595 cum
839 2539 1102 2595 thesauris
1148 2539 1602 2596 bibliorhecarum
1649 2548 1705 2595 et
1742 2539 2139 2595 tabulariorum

552 2633 867 2690 Italicorum
918 2642 1041 2689 ante
1091 2634 1301 2704 aliquot
1352 2648 1526 2689 annos
1584 2632 1785 2689 frnenti
1840 2632 2017 2689 aditus
2073 2632 2142 2689 ad

551 2726 1055 2799 praestantissimum
1105 2726 1255 2782 illum
1302 2726 1549 2783 codicem
1600 2735 1829 2799 pateret,
1881 2727 2144 2798 genuinas

551 2821 668 2893 ejus
714 2820 993 2889 lectiones,
1037 2836 1066 2875 a
1094 2820 1288 2892 quibus
1330 2819 1475 2876 haud
1528 2837 1650 2876 raro
1700 2820 1961 2877 editiones
2003 2821 2143 2876 male

549 2913 827 2985 recedunt,
858 2913 1140 2987 diligenter
1172 2914 1499 2986 prescripsit,
1530 2924 1849 2987 posteaque,
1900 2923 1960 2969 ut
1999 2914 2144 2970 locn-

553 3008 815 3081 pletarem
856 3023 1042 3063 meum
1076 3007 1297 3075 librum,
1345 3009 1573 3080 benigne
1616 3024 1678 3063 ac
1717 3008 2007 3063 liberaliter
2035 3023 2143 3063 me-

551 3118 677 3157 cum
709 3100 1153 3156 communicavit.
1196 3101 1363 3156 Auxit
1394 3100 1558 3156 etiam
1592 3100 1900 3174 largitatem
1945 3116 2137 3156 mune-

552 3198 646 3264 ris,
693 3194 842 3267 quod
875 3210 1001 3250 cum
1032 3194 1099 3249 ab
1148 3209 1214 3249 eo
1246 3193 1543 3265 petiissem,
1583 3194 1651 3251 de
1684 3195 2013 3267 proprietate
2054 3211 2143 3251 co-

553 3288 686 3346 dicis
738 3288 1044 3360 virtuteque
1082 3295 1144 3343 ut
1184 3286 1238 3343 in
1275 3303 1462 3343 meum
1514 3304 1677 3343 nsum
1735 3298 2143 3360 persequeretur

552 3382 838 3454 scriptura,
869 3398 972 3453 qua
1003 3389 1085 3438 est
1126 3383 1383 3437 comitate
1413 3398 1523 3436 non
1559 3380 1841 3449 dubitavit,
1881 3382 2011 3453 quin
2047 3390 2147 3438 nti-

552 3476 660 3533 lem
685 3476 1046 3548 gratiamque,
1091 3491 1214 3547 quae
1238 3474 1470 3531 habetur
1495 3474 1653 3543 infra,
1685 3475 1752 3532 ad
1791 3491 1880 3531 me
1908 3476 2151 3533 mitteret

553 3571 1094 3627 commentationem.
1133 3570 1400 3641 Equidem
1443 3570 1684 3625 codicem
1711 3570 2056 3639 Vaticanum,
2088 3579 2152 3626 nt

557 3679 654 3735 par
708 3662 828 3730 fuit,
879 3678 1149 3735 nusquam
1198 3679 1308 3719 non
1358 3672 1600 3731 secutus,
1648 3663 1742 3719 ubi
1790 3664 2050 3721 editiones
2097 3665 2150 3719 in

556 3755 823 3811 chronicis
864 3756 1033 3825 signis
1084 3757 1281 3812 menda
1311 3756 1608 3821 continent,
1642 3766 1931 3830 utramque
1959 3758 2145 3814 lectio-

556 3863 683 3903 nem
739 3848 879 3903 inter
949 3864 1121 3904 uncos
1186 3850 1442 3920 apposui;
1509 3866 1684 3921 neque
1755 3867 1918 3922 quam
1976 3851 2149 3906 Mansi

557 3939 718 3997 affert
770 3941 971 3997 codicis
1023 3941 1351 3998 Mutinensis
1415 3942 1752 4011 varietatem,
1813 3958 1882 3999 ne
1942 3943 2151 4000 deesset

558 4034 744 4090 lectori
765 4076 780 4100 ,
805 4034 1322 4105 praetermittendam
1354 4035 1554 4106 putavi.

629 4128 877 4201 Gregorii
933 4127 1096 4184 bullae
1152 4128 1381 4183 nomina
1434 4129 1658 4185 testium
1714 4144 1825 4184 non
1882 4130 2145 4203 praebent.

559 4220 836 4278 Sententia
868 4220 923 4275 in
959 4220 1022 4275 iis
1057 4220 1253 4292 legitur
1286 4220 1403 4278 haec
1436 4240 1449 4276 :
1490 4225 1958 4281 MISEBATIONBS
1988 4240 2147 4294 τοι,

559 4318 831 4382 Donusa,
871 4329 1059 4371 supsn
1098 4330 1295 4373 OMNIA
1332 4331 1456 4372 τω
1503 4316 1611 4388 (ιο,
1655 4321 1741 4388 29,
1792 4320 1882 4387 32,
1915 4323 2009 4387 4o,
2056 4325 2147 4387 60,

557 4414 648 4477 62,
688 4415 778 4479 71,
807 4414 915 4475 74).

630 4504 855 4574 Scriptze
907 4518 1004 4573 per
1049 4501 1205 4574 cujus
1248 4518 1477 4559 manum
1508 4502 1672 4561 bullae
1715 4504 1840 4570 sint,
1882 4520 1997 4562 non
2030 4505 2150 4578 plus

557 4612 721 4668 quam
753 4596 919 4651 semel
952 4595 1225 4650 indicatur
1254 4613 1269 4649 :

696 4705 751 4760 p.
780 4704 857 4743 m.
892 4688 1172 4760 Benjamin
1200 4690 1399 4746 notarii
1430 4693 1570 4748 sacri
1601 4692 1781 4765 palatii
1812 4698 2017 4761 (3987).

700 4783 857 4838 Datae
885 4789 1016 4837 sunt

2248 2181 2341 2237 pra
2371 2164 2501 2232 dixi,
2532 2165 2728 2237 scripta
2754 2166 2835 2222 his
2860 2165 3039 2222 verbis
3066 2175 3146 2222 est
3177 2187 3193 2221 :

2323 2277 2348 2301 α
2390 2254 2638 2327 Gregorii
2669 2257 2789 2310 VII.
2820 2255 3153 2327 Registrnm,
3182 2256 3326 2328 quod
3355 2271 3523 2327 usque
3561 2254 3631 2312 ad
3656 2264 3845 2312 nostra

2249 2356 2497 2419 tempora
2538 2348 2801 2420 pervenit,
2840 2365 2949 2404 non
2982 2349 3126 2405 idem
3160 2365 3279 2406 esse
3306 2366 3370 2405 ac
3398 2365 3587 2406 verum
3618 2350 3747 2406 illud
3788 2359 3845 2406 et

2249 2440 2572 2511 genuinum,
2613 2441 2760 2512 quod
2810 2441 3019 2513 publica
3063 2443 3387 2499 auctoritate
3435 2444 3567 2498 olim
3618 2452 3841 2515 recepto

2250 2532 2304 2588 in
2325 2533 2471 2588 curia
2502 2535 2759 2590 Romana
2782 2549 2933 2590 more
2951 2535 3317 2606 compositum
3345 2543 3480 2602 erat,
3507 2552 3631 2590 cum
3661 2536 3847 2594 multat

2250 2626 2517 2700 epistolae,
2547 2643 2680 2698 quas
2704 2628 2921 2685 aliunde
2940 2636 3097 2684 notas
3129 2628 3325 2685 frustra
3348 2629 3681 2701 quaesiveris,
3713 2630 3847 2687 satis

2250 2720 2569 2789 ostendunt,
2619 2729 2738 2777 tum
2770 2738 2831 2777 ex
2878 2738 2944 2778 eo
2986 2722 3320 2796 intelligitur,
3370 2723 3518 2796 quod
3560 2739 3683 2794 qua:
3731 2724 3848 2796 ipse

2251 2814 2548 2887 Gregorius
2590 2816 2643 2870 in
2683 2815 2772 2871 illo
2819 2816 3019 2889 scripta
3052 2832 3170 2873 esse
3213 2819 3416 2890 apertis
3446 2817 3624 2873 verbis
3655 2816 3842 2888 refert,

2248 2923 2523 2981 nusquam
2554 2910 2904 2980 reperiuntur
2935 2910 3052 2979 (lib.
3107 2925 3211 2973 vn,
3238 2927 3322 2983 ep.
3366 2916 3471 2978 l6).
3512 2913 3843 2967 Persuasum

2251 3001 2415 3073 igitur
2466 3001 2754 3071 habemus,
2800 3003 2854 3059 id
2901 3003 3049 3075 quod
3094 3013 3292 3061 vocant
3336 3005 3647 3077 Registrnm
3706 3006 3843 3061 nihil

2251 3110 2370 3150 esse
2394 3095 2567 3163 aliud,
2598 3096 2703 3151 nisi
2734 3098 3109 3153 collectionem
3132 3099 3487 3170 epistolarnm
3517 3116 3545 3154 a
3582 3099 3850 3167 scriptore

2253 3188 2435 3244 nescio
2464 3205 2573 3261 quo
2611 3189 2917 3247 confectam
2952 3200 3118 3265 atque
3160 3193 3215 3248 in
3248 3193 3425 3249 lucem
3470 3195 3759 3265 prolatam,
3786 3204 3851 3250 ut

2253 3297 2439 3337 rerum
2465 3292 2738 3352 gestarum
2765 3284 2992 3340 curiosis
3018 3302 3114 3357 pro
3149 3285 3290 3341 virili
3325 3296 3477 3357 parte
3514 3286 3842 3355 consuleret,

2260 3391 2631 3448 magnumque
2648 3377 2895 3450 Gregorii
2927 3395 3129 3434 nomen
3160 3380 3456 3450 posteritati
3490 3380 3845 3437 commenda-

2259 3477 2361 3525 ret.
2402 3470 2581 3539 Quam
2616 3470 2991 3527 collectionem
3005 3472 3120 3544 jam
3160 3473 3324 3545 paulo
3355 3482 3476 3545 post
3503 3473 3712 3529 obitum
3743 3473 3849 3530 hn-

2250 3562 2343 3634 jus
2391 3579 2542 3635 papae
2590 3565 2979 3637 conscriptam,
3028 3582 3261 3638 moxque
3299 3574 3351 3621 et
3398 3568 3453 3622 in
3502 3568 3657 3623 Italia
3687 3576 3742 3622 et
3790 3568 3847 3623 in

2258 3656 2549 3712 Germania
2576 3658 2898 3727 innotuisse,
2923 3659 3227 3715 Deusdedit
3256 3660 3540 3715 cardinalis
3570 3663 3850 3716 Romanus

2261 3749 2313 3803 in
2339 3750 2550 3806 collect.
2592 3766 2710 3806 can.
2762 3752 2970 3824 (Steph.
3026 3754 3216 3827 Borgia
3250 3754 3337 3807 del
3365 3754 3600 3808 dominio
3640 3759 3848 3825 tempo-

2257 3844 2391 3898 rale.
2432 3850 2575 3915 App.
2616 3862 2668 3915 p.
2716 3851 2778 3901 13
2810 3847 2985 3919 sequ.)
3035 3856 3090 3902 et
3119 3846 3424 3903 Bernoldus
3468 3849 3848 3905 Constantien-

2258 3936 2333 3991 sis
2361 3936 2413 3990 in
2444 3936 2651 3993 Chron.
2687 3938 2756 3995 ad
2785 3955 2989 3995 annum
3020 3946 3155 3997 1085
3177 3950 3346 3997 testes
3375 3950 3520 3998 sunt.

2334 4049 2361 4083 α
2396 4032 2459 4086 In
2513 4031 2772 4089 undecim
2821 4034 3010 4101 libros,
3064 4050 3300 4107 quorum
3354 4034 3602 4090 decimus
3648 4035 3849 4107 injuria

2254 4132 2567 4196 temporum
2594 4126 2879 4197 interierit,
2910 4144 3048 4199 opus
3068 4128 3394 4199 dispositum
3421 4127 3591 4184 fuisse
3614 4128 3854 4186 editores

2258 4233 2368 4273 uno
2399 4234 2493 4273 ore
2526 4220 2871 4288 confirmant,
2906 4237 3081 4293 neque
3124 4221 3373 4277 dubitare
3418 4222 3684 4289 videntur,
3716 4223 3851 4295 quin

2258 4320 2579 4369 conservato
2628 4313 2777 4385 justo
2839 4314 3029 4371 ordine
3084 4324 3399 4387 temporum
3457 4316 3693 4389 epistola:
3744 4333 3851 4374 suo

2257 4420 2491 4477 quaeque
2531 4407 2651 4461 loco
2696 4407 2891 4478 posita:
2936 4409 3062 4464 sint.
3095 4414 3377 4481 Attamen,
3414 4411 3456 4465 si
3482 4411 3642 4482 paulo
3683 4426 3849 4467 accn-

2257 4503 2426 4557 ratius
2474 4501 2907 4573 perlustraveris,
2965 4500 3115 4558 facile
3157 4502 3571 4571 animadvertes,
3625 4504 3749 4560 inde
3779 4505 3851 4561 ab

2257 4597 2409 4652 initio
2463 4595 2582 4651 libri
2621 4610 2705 4651 vlt
2733 4611 2926 4651 omnes
2955 4595 3069 4652 fere
3098 4597 3305 4653 litteras
3346 4597 3650 4653 indictione
3679 4599 3851 4669 pluri-

2257 4705 2379 4746 mas
2408 4691 2488 4745 vel
2529 4690 2636 4757 die,
2676 4705 2783 4761 quo
2829 4690 2969 4747 datae
3008 4690 3136 4759 sint,
3184 4706 3397 4759 carere;
3431 4707 3742 4763 quanquam
3789 4691 3851 4747 in

2262 4783 2531 4855 prioribus
2564 4791 2772 4854 septem
2805 4783 2959 4838 libris
2994 4782 3212 4838 indictio
3256 4792 3310 4838 et
3348 4784 3462 4840 dies
3492 4784 3603 4840 fere
3634 4800 3852 4856 semper

702 4890 743 4943 p
813 4891 866 4927 m
941 4878 1095 4929 Petri
1124 4878 1180 4932 S.
1217 4880 1279 4933 R.
1324 4882 1387 4933 E.
1418 4880 1729 4949 presbyteri
1756 4882 2057 4936 cardinalis
2091 4898 2151 4937 ac
2178 4862 2228 4924 D
2257 4877 2543 4948 diligenter
2568 4875 2939 4932 difﬁniuntur.
2966 4875 3104 4932 Fieri
3134 4885 3279 4933 certe
3304 4877 3516 4950 nequit,
3543 4879 3673 4950 quin
3706 4893 3768 4933 ea
3793 4895 3853 4934 re

930 4967 1317 5023 bibliothecam
1353 4972 1429 5037 (ες,
1466 4976 1520 5038 6,
1566 4974 1619 5035 9,
1655 4976 1741 5036 10,
1796 4976 1879 5041 18,
1927 4977 2016 5042 20,
2058 4981 2148 5045 21,

1006 5065 1096 5127 22,
1143 5065 1233 5125 23,
1264 5067 1356 5130 24,
1389 5065 1478 5131 29,
1527 5067 1617 5133 32,
1658 5068 1746 5128 36,
1780 5068 1868 5129 37,
1920 5068 2008 5130 4ο,
2058 5069 2147 5137 54,

1015 5156 1102 5222 61,
1132 5154 1256 5225 62);

703 5270 730 5295 ι
812 5270 837 5295 ι
918 5249 1069 5302 Petri
1092 5246 1402 5302 cancellariz'
1426 5253 1586 5319 atque
1609 5250 1906 5307 cardinalis
1934 5255 2075 5321 (39);

703 5364 728 5388 ν
809 5362 835 5389 ι
913 5340 1137 5396 Cononis
1166 5342 1464 5397 cardinalis
1486 5344 1794 5413 presbyteri
1825 5348 1991 5416 (35);
2068 5369 2072 5375 υ

709 5454 734 5481 ι
815 5456 840 5482 υ
916 5435 1135 5488 Joannis
1159 5438 1225 5491 Β.
1250 5438 1314 5491 Ε.
1347 5436 1565 5491 diaconi
1584 5438 1870 5493 cardinali
1900 5442 2039 5507 (38);

702 5550 726 5575 υ
810 5550 833 5576 ι
910 5527 1192 5597 Benjamin
1226 5532 1508 5598 fungentt's
1546 5533 1659 5585 vice
1698 5534 1850 5587 Petri
1884 5535 1935 5590 S.
1975 5537 2036 5591 Β.
2080 5538 2142 5591 Ε.

980 5622 1283 5692 presbyteri
1319 5623 1611 5678 cardinalis
1652 5630 1707 5680 et
1758 5626 2154 5684 bibliothecam?

985 5715 1095 5786 (60)
1118 5732 1131 5783 ;

702 5832 725 5855 υ
802 5827 831 5857 ι
909 5809 1168 5881 Gregorii
1200 5812 1255 5867 S.
1282 5814 1347 5868 Β.
1373 5814 1436 5868 Ε.
1468 5812 1684 5868 diaconi
1708 5814 1839 5885 (65).

2260 4969 2579 5042 scrupulum
2619 4968 2778 5025 nobis
2806 4969 3091 5042 injiciatur,
3140 4980 3195 5026 et
3234 4971 3414 5026 critica
3445 4981 3561 5027 arte
3600 4971 3850 5027 adhibita

2258 5064 2618 5132 inveniemus,
2654 5079 2995 5137 nequaquam
3026 5079 3115 5131 eo,
3155 5081 3263 5137 quo
3292 5080 3437 5121 nunc
3471 5064 3724 5137 leguntur
3761 5082 3856 5122 or-

2258 5159 2409 5227 dine,
2451 5157 2548 5213 sed
2591 5156 2816 5213 diversis
2863 5158 3200 5229 temporibus
3242 5174 3332 5214 eas
3371 5159 3576 5214 litteras
3618 5160 3854 5230 scriptas

2257 5267 2374 5307 esse
2401 5259 2454 5305 et
2491 5266 2633 5323 saepe
2678 5249 2992 5306 inferiorem
3032 5268 3177 5308 nunc
3202 5253 3384 5308 locum
3410 5251 3676 5321 obtinere,
3723 5268 3855 5325 quae

2257 5354 2382 5400 ante
2423 5344 2597 5416 posita
2635 5347 2816 5399 multo
2846 5345 3050 5417 priores
3091 5346 3405 5401 exstiterint.
3451 5347 3701 5418 Neglexit
3742 5346 3851 5418 igi-

2259 5447 2365 5500 tur,
2405 5439 2494 5510 qui
2541 5438 2853 5510 Registrum
2897 5440 3224 5511 composuit,
3270 5438 3326 5494 in
3377 5450 3618 5496 extrema
3667 5441 3857 5512 operis

2256 5540 2409 5605 parte
2440 5540 2754 5604 temporum
2783 5532 3054 5601 ordinem,
3079 5548 3242 5603 quem
3277 5549 3371 5605 per
3399 5543 3609 5606 septem
3640 5534 3854 5605 priores

2259 5625 2426 5682 libros
2466 5626 2752 5698 diligenter
2801 5627 2970 5683 tuitus
3009 5635 3139 5683 erat.
3186 5627 3347 5698 Quod
3394 5644 3527 5684 sane
3569 5644 3682 5683 non
3735 5630 3855 5686 sine

2256 5719 2401 5792 gravi
2450 5735 2610 5775 causa
2657 5720 2899 5788 admisit,
2950 5721 3213 5791 quamvis,
3261 5737 3385 5794 qua:
3435 5720 3616 5789 fuerit,
3666 5720 3856 5793 conje-

2254 5821 2406 5869 ctura
2444 5813 2611 5870 modo
2652 5813 2901 5885 augurari
2948 5814 3236 5885 possimus.
3282 5818 3356 5871 Ex
3411 5831 3531 5872 mea
3577 5817 3852 5873 sententia
