4106 6182
288 283 386 335 281

1219 282 1741 367 PROLEGOMEl‘iA.
1782 311 1846 321 —
1885 281 2158 338 NOTITIA
2199 282 2665 340 DlPLOMATlCA.

3484 300 3585 353 282

286 420 463 477 usque
503 404 571 460 ad
610 403 777 460 ﬁnem
807 405 1025 477 septimi
1061 406 1181 462 libri
1223 422 1352 463 vero
1380 416 1432 462 et
1461 407 1697 479 genuino
1742 408 1885 463 Gre-
1912 410 1965 473 Α
1993 406 2137 462 hunc
2180 407 2320 463 diem
2369 424 2559 464 omnes
2600 410 2836 480 Registri
2874 412 3141 471 editiones
3176 417 3428 489 plurimis
3459 436 3585 492 gra-

283 499 549 571 goriigV'Il
578 498 835 570 Registro
866 516 999 555 usus
1045 516 1129 565 ea,
1160 516 1283 571 qua
1320 509 1513 557 notatu
1544 501 1704 573 digna
1736 501 1879 557 vide-

284 593 504 656 bantur,
539 592 666 648 inde
710 591 976 664 decerpsit
1022 611 1035 649 :
1095 594 1264 665 ipsius
1312 611 1465 667 papa
1496 595 1717 661 litteras,
1761 603 1878 651 acta

284 687 665 756 conciliorum,
725 686 978 758 epistolas
1036 687 1104 743 ad
1157 704 1351 760 papam
1403 688 1578 756 datas,
1607 698 1764 745 notas
1811 689 1879 745 de

282 780 629 836 ordinatione
664 781 1066 852 episcoporum,
1111 790 1243 849 etc.,
1286 798 1406 854 qua
1448 783 1631 838 omnia
1660 783 1875 851 eodem,

285 889 393 945 quo
433 874 491 928 in
533 875 790 946 Registro
819 884 1001 944 erant,
1035 874 1229 931 ordine
1268 876 1325 931 in
1357 893 1519 932 suum
1553 877 1752 933 librum
1783 877 1877 933 de-

286 968 575 1024 scribenda
614 969 845 1023 curavit.
876 968 1091 1025 Deinde
1135 985 1261 1024 vero
1289 970 1356 1025 ab
1401 970 1559 1027 initio
1592 971 1716 1026 libri
1753 987 1872 1027 vm

282 1061 387 1117 hoc
414 1061 595 1118 valido
614 1061 874 1134 prasidio
896 1061 1215 1132 destitutus,
1240 1064 1354 1119 sive
1384 1064 1700 1136 Registrum
1728 1081 1878 1137 papa

283 1156 626 1227 gravissimis
679 1155 785 1211 illis
848 1156 1191 1228 temporibus
1252 1163 1610 1224 (1080-1085)
1652 1160 1877 1215 omnino

286 1266 394 1306 non
424 1249 763 1318 confectum,
812 1250 924 1306 sive
953 1251 1222 1322 Gregorio
1252 1261 1473 1307 mortuo
1513 1252 1725 1308 Salerni
1756 1254 1878 1309 reli-

287 1352 439 1400 ctum
466 1352 610 1415 erat,
643 1343 758 1400 sine
796 1343 1006 1414 ordine,
1038 1360 1389 1417 quascunque
1424 1344 1537 1401 fors
1575 1355 1628 1402 et
1652 1344 1874 1403 fortuna

287 1454 314 1495 e
340 1438 570 1495 diversis
607 1438 742 1494 locis
772 1437 819 1494 ei
849 1437 1141 1507 obtulerat,
1176 1438 1430 1510 epistolas
1456 1441 1751 1512 compegit.
1796 1444 1874 1497 Ita

281 1531 535 1587 accidisse
575 1531 810 1599 videtur,
866 1541 926 1586 ut
970 1548 1097 1587 cum
1148 1532 1203 1586 in
1249 1532 1427 1603 priore
1474 1542 1623 1604 parte
1656 1534 1877 1607 singulis

282 1625 634 1697 pontiﬁcatus
658 1625 811 1680 annis
841 1625 1037 1696 singuli
1076 1626 1201 1681 libri
1239 1626 1647 1698 responderent,
1684 1638 1740 1684 et
1766 1629 1875 1702 epi-

281 1720 436 1775 stola
474 1718 672 1775 eodem
702 1734 844 1774 anno
886 1718 1027 1775 data
1074 1719 1267 1776 eodem
1320 1736 1536 1792 quoque
1567 1721 1706 1777 libro
1744 1739 1876 1778 con-

1994 501 2340 573 vissimisque
2408 502 2549 558 vitiis
2605 512 2892 569 scaterent.
2948 509 3084 577 Qua
3130 526 3258 567 cum
3311 512 3387 568 ita
3447 514 3584 583 sint,

1990 593 2144 649 facile
2190 596 2321 650 artis
2371 597 2573 652 critica
2625 598 2979 668 peritissimus
3018 602 3247 675 quisque
3303 607 3583 677 concedet,

1988 703 2177 743 omnes
2207 689 2551 760 quaestiones,
2578 706 2701 762 qua
2731 690 2797 747 de
2827 693 3007 750 indole
3033 711 3096 751 ac
3126 697 3436 755 conditione
3468 704 3578 757 Re—

1985 781 2142 852 gistri
2174 791 2562 853 proponantur,
2594 792 2735 840 totas
2760 786 2814 840 in
2851 786 2958 843 hoc
2982 789 3097 860 ipso
3127 791 3313 848 codice
3356 794 3578 863 versari,

1986 890 2160 946 neque
2206 875 2385 931 dirimi
2416 893 2595 948 posse,
2650 878 2750 933 nisi
2792 890 3037 937 accurate
3081 886 3427 942 examinatus
3468 885 3581 944 lue-

1987 969 2074 1024 rit.

2061 1086 2087 1110 α
2132 1065 2228 1118 Est
2239 1078 2363 1119 vero
2382 1064 2824 1122 membranaceus
2835 1064 2887 1120 in
2900 1072 2958 1121 4°
2973 1068 3129 1137 min.,
3148 1070 3336 1128 litteris
3350 1074 3580 1145 Latinis,

1987 1172 2095 1228 quo
2124 1172 2317 1229 genere
2338 1158 2435 1212 sub
2463 1156 2568 1213 ﬁne
2600 1174 2725 1215 sae.
2760 1176 2827 1216 xr
2859 1159 2911 1214 in
2963 1177 3063 1217 usu
3090 1174 3261 1232 erant,
3292 1176 3574 1239 exaratus;

1986 1256 2092 1305 258
2122 1249 2247 1306 folia
2282 1252 2538 1307 continet.
2571 1254 2632 1307 In
2672 1253 2849 1324 primo
2888 1257 3246 1327 quaternione
3282 1269 3405 1330 post
3433 1277 3578 1333 pra-

1986 1344 2101 1399 Iixo
2138 1359 2301 1400 manu
2329 1360 2453 1401 sae.
2494 1362 2595 1401 x1v
2625 1348 2830 1419 scripta
2878 1348 3227 1406 inveniuntur
3264 1362 3318 1406 et
3366 1354 3579 1424 privile-

1985 1438 2130 1510 gium
2160 1438 2435 1511 quoddam
2476 1441 2789 1496 monasterii
2838 1443 2980 1514 apud
3023 1445 3277 1500 Bantium
3319 1454 3373 1501 et
3412 1446 3578 1504 docu-

1985 1540 2190 1600 menta,
2220 1533 2305 1589 die
2334 1539 2398 1588 10
2430 1534 2629 1589 mensis
2662 1535 2886 1591 Octobr.
2921 1552 3009 1591 an.
3044 1544 3201 1606 1369,
3227 1539 3351 1595 data
3371 1555 3494 1612 qua
3512 1542 3582 1598 ad

1980 1628 2247 1682 Joannem
2296 1628 2661 1699 Palaologum
2692 1629 2761 1685 ad
2810 1630 3103 1687 Ecclesiam
3144 1636 3453 1690 Romanam
3491 1652 3578 1691 re-

1986 1735 2199 1775 versum
2216 1721 2504 1792 pertinent.
2531 1725 2675 1777 Tum
2700 1723 3014 1794 Registrum
3042 1725 3238 1797 excipit
3256 1726 3336 1783 his
3363 1728 3537 1784 verbis
3563 1750 3576 1784 :

272 1812 656 1885 iungerentur,
686 1813 743 1868 in
792 1812 1092 1885 posteriore
1125 1822 1276 1885 parte
1306 1813 1391 1870 hic
1429 1814 1566 1871 ordo
1604 1816 1757 1887 plane
1794 1832 1879 1873 ne-
1907 1813 1954 1875 B
1986 1816 2045 1868 In
2073 1817 2168 1869 Dei
2205 1816 2433 1869 nomine.
2470 1818 2664 1885 Incipit
2692 1817 2827 1871 liber
2848 1821 3061 1887 primus
3090 1821 3338 1889 Registri
3363 1824 3579 1893 septimi

282 1907 487 1980 gligere
497 1915 604 1962 tur.

351 2024 377 2050 ι
422 2000 790 2056 Vehementer
822 2016 949 2057 vero
995 1999 1364 2057 dubitandum
1393 2010 1495 2070 est,
1545 2019 1679 2059 num
1710 2018 1770 2059 ea
1810 2004 1871 2059 li-

277 2096 505 2151 brorum
534 2093 848 2166 descriptio,
890 2110 1053 2167 quam
1091 2111 1236 2150 nunc
1283 2094 1550 2152 editiones
1592 2096 1872 2166 exhibent,

275 2190 661 2245 auctoritatem
697 2188 894 2244 habeat
921 2189 1222 2244 vetustatis.
1259 2192 1387 2244 Jam
1420 2190 1476 2245 id
1505 2190 1870 2261 suspicionem

276 2292 492 2347 movet,
518 2282 663 2354 quod
690 2281 994 2338 Deusdedit
1019 2282 1311 2338 cardinalis
1338 2299 1404 2338 ex
1429 2284 1660 2354 septimo
1690 2284 1829 2341 libro
1852 2328 1869 2353 ,

276 2378 368 2448 qui
399 2375 552 2449 apud
598 2392 699 2432 nos
728 2376 956 2432 omnino
985 2382 1055 2431 28
1085 2376 1343 2447 epistolas
1372 2377 1616 2432 continet
1655 2384 1790 2433 70un
1816 2387 1871 2434 et

274 2475 437 2537 75³⁸³,
484 2480 540 2526 et
580 2487 645 2525 ex
691 2479 885 2525 octavo
915 2486 1251 2542 quamquam
1293 2471 1347 2525 in
1386 2470 1716 2527 editionibus
1760 2488 1869 2528 non

275 2581 438 2636 supra
490 2567 635 2619 23"n
688 2563 1054 2635 progreditur,
1126 2570 1263 2619 29ΜΙΕι
1332 2573 1384 2619 et
1457 2571 1593 2619 30Mn
1664 2566 1862 2623 laudat.

274 2658 436 2729 Quod
477 2658 545 2714 ad
578 2658 876 2729 septimum
913 2658 1133 2729 quidem
1163 2658 1384 2726 librum,
1417 2667 1515 2713 aut
1544 2660 1738 2732 aliquis
1777 2676 1866 2715 er-

269 2770 362 2809 ror
390 2756 450 2808 in
488 2752 734 2808 numeris
766 2752 919 2818 latet,
958 2759 1054 2806 aut
1100 2751 1402 2807 Deusdedit
1431 2753 1729 2824 exemplari
1767 2770 1863 2809 no-

272 2848 371 2902 stri
431 2846 784 2917 locupletiore
842 2845 1125 2913 utebatur;
1186 2860 1319 2900 nam
1387 2861 1509 2918 qua
1581 2846 1870 2902 laudantur

272 2940 513 3012 epistola
545 2940 600 2994 in
646 2939 852 2995 nostris
898 2945 991 2993 19⁸
1025 2947 1080 2993 et
1130 2944 1226 2992 24a
1270 2938 1519 3009 ejusdem
1551 2938 1668 2993 libri
1716 2951 1864 2996 sunt.

273 3034 449 3090 Aliter
475 3033 544 3089 de
574 3040 766 3088 octavo
801 3032 936 3087 libro
973 3031 1324 3087 sentiendum
1349 3040 1449 3099 est,
1479 3048 1558 3088 ea
1579 3034 1723 3088 enim
1749 3035 1868 3104 epi-

271 3129 457 3193 stola,
507 3142 645 3198 quas
685 3142 749 3181 ex
780 3126 881 3181 hoc
912 3133 1313 3181 commemorat
1355 3141 1498 3180 nunc
1537 3126 1590 3180 in
1624 3142 1769 3182 nono
1800 3128 1863 3182 li-

1983 1909 2226 1976 Gregorii
2248 1925 2430 1979 papa.
2471 1910 2632 1964 Anno
2668 1913 2961 1967 Dominica
2988 1914 3377 1970 incarnationis
3405 1916 3575 1970 mille-

1977 2003 2111 2055 simo
2140 2003 2407 2069 LXXIII,
2435 2002 2729 2059 indictione
2772 2020 2861 2072 x1,
2894 2009 3173 2074 Regnante
3215 2008 3430 2064 domino
3475 2026 3577 2064 no—

1979 2099 2109 2157 stro,
2152 2098 2259 2150 etc.
2311 2096 2551 2152 Diversis
2602 2098 2855 2154 manibus
2905 2108 3181 2155 exaratum
3225 2109 3328 2168 est,
3374 2103 3574 2159 coavis

1980 2196 2161 2244 tamen
2187 2197 2241 2244 et
2273 2197 2421 2244 tanta
2446 2190 2814 2259 similitudine,
2838 2200 2897 2247 ut
2920 2208 3010 2249 eas
3039 2193 3308 2250 subtiliter
3340 2193 3572 2251 discerni

1979 2281 2123 2337 haud
2165 2283 2309 2354 parvi
2338 2284 2539 2356 negotii
2569 2284 2670 2351 sit;
2716 2301 2814 2340 nec
2852 2302 2965 2341 non
2999 2287 3199 2358 sapius
3227 2287 3421 2344 eadem
3458 2305 3572 2345 ma-

1976 2392 2102 2444 nus,
2143 2392 2303 2448 quam
2328 2377 2446 2449 jam
2490 2378 2542 2432 in
2573 2378 2750 2449 priore
2781 2380 2958 2450 operis
3002 2389 3153 2451 parte
3195 2380 3570 2453 deprehende-

1976 2470 2069 2535 ris,
2104 2480 2286 2541 postea
2326 2470 2521 2527 iterum
2549 2471 2853 2544 iterumque
2900 2475 3148 2530 recurrit.
3181 2474 3423 2545 Littera,
3450 2493 3572 2549 qua

1975 2578 2121 2617 nunc
2197 2564 2385 2634 prima
2449 2574 2727 2636 ponuntur
2794 2566 2849 2621 in
2910 2568 3045 2623 libro
3102 2568 3410 2637 undecimo,
3471 2571 3569 2627 alia

1977 2671 2139 2711 manu
2205 2658 2417 2728 scripta
2489 2667 2615 2713 sunt
2679 2675 2740 2714 ac
2812 2661 3199 2730 pracedentes,
3267 2679 3563 2736 rursusque

1977 2765 2140 2804 manu
2171 2749 2325 2821 plane
2353 2752 2422 2807 ab
2465 2752 2552 2807 illa
2598 2752 2809 2808 diversa
2848 2769 2957 2822 ea,
3020 2770 3141 2827 qua
3168 2766 3472 2827 sequuntur
3517 2767 3570 2813 et

1979 2842 2144 2897 linem
2196 2844 2447 2915 Registro
2505 2844 2810 2916 imponunt.
2876 2847 3043 2901 Multa
3094 2848 3287 2917 deleta,
3334 2859 3562 2920 mutata,

1977 2945 2218 2992 correcta
2248 2937 2509 3005 invenies,
2535 2946 2595 2993 ut
2620 2936 2780 2993 facile
2803 2940 2855 2994 in
2876 2955 2995 2995 eam
3021 2942 3347 2996 sententiam
3371 2942 3569 2999 adduci

1979 3031 2148 3102 possis
2174 3030 2415 3086 codicem
2447 3032 2617 3102 ipsius
2658 3030 2845 3101 fuisse,
2879 3034 2969 3105 qui
2998 3034 3375 3090 collectionem
3415 3036 3566 3091 insti-

1975 3124 2155 3178 tuerit.
2201 3124 2363 3193 Quod
2412 3140 2512 3197 ego
2545 3142 2656 3181 non
2704 3126 2869 3182 enixe
2918 3126 3324 3195 contenderim,
3369 3128 3569 3185 iterum

272 3222 369 3276 bro
420 3196 785 3292 reperiuntur,
835 3218 923 3274 ubi
963 3222 1027 3275 6al
1074 3216 1127 3273 et
1178 3222 1235 3273 7a
1284 3226 1659 3274 numerantur.
1706 3220 1867 3277 Unde
1895 3196 1938 3259 Ο
1970 3233 2204 3273 monens
2245 3217 2359 3273 fieri
2403 3196 2662 3290 potuis:e,
2710 3228 2770 3275 ut
2816 3220 3113 3276 Deusdedit
3160 3221 3447 3277 cardinalis
3484 3223 3565 3279 lo-

272 3317 323 3371 in
370 3314 626 3385 exemplo
654 3313 775 3386 ejus
817 3321 1069 3368 octavum
1108 3320 1161 3368 et
1188 3328 1397 3368 nonum
1429 3312 1628 3368 librum
1644 3314 1866 3387 conjun-

272 3418 426 3464 ctum
456 3406 652 3473 fuisse,
685 3406 960 3479 probabile
990 3414 1043 3462 et
1076 3406 1360 3462 verisimile
1390 3405 1633 3462 videatur

347 3522 373 3553 α
413 3501 518 3558 Sed
543 3510 603 3557 ut
626 3501 757 3557 certi
787 3500 995 3572 aliquid
1020 3500 1087 3556 de
1115 3499 1215 3556 hac
1243 3516 1302 3556 re
1324 3509 1650 3569 statuamus,
1678 3499 1745 3556 ad
1776 3516 1865 3557 co-

268 3594 418 3651 dices
456 3595 689 3667 Registri
725 3611 893 3651 manu
936 3595 1171 3666 scriptos
1208 3609 1308 3649 nos
1338 3603 1614 3650 vertamus
1646 3610 1865 3651 necesse

272 3698 369 3744 est.
414 3689 573 3745 Haud
604 3704 731 3743 raro
768 3689 826 3743 in
868 3688 1209 3743 bibliothecis
1259 3687 1456 3742 Italicis
1497 3686 1861 3743 inveniuntur.

274 3785 391 3855 Ipse
434 3782 537 3837 iter
577 3798 673 3854 per
714 3782 922 3836 Italiam
964 3780 1184 3848 faciens,
1218 3782 1408 3835 Roma
1436 3780 1576 3835 duos
1616 3781 1669 3833 in
1699 3781 1865 3836 archi-

271 3876 357 3931 vio
432 3876 709 3945 Vaticano,
783 3874 1049 3947 quinque,
1092 3875 1148 3929 in
1212 3873 1537 3929 bibliotheca
1614 3875 1863 3931 Vaticana

276 3968 462 4039 (Codd.
494 3975 655 4037 3797,
693 3974 857 4036 4579,
896 3974 1060 4037 4907,
1093 3974 1276 4036 5638),
1321 3983 1496 4023 unum
1536 3968 1862 4024 Vallicellia—

270 4080 403 4120 num
432 4063 589 4130 (Cod.
638 4063 697 4119 C.
736 4067 822 4131 17)
848 4062 1080 4127 revolvi;
1118 4061 1358 4117 Venetiis
1384 4077 1551 4116 unum
1584 4061 1641 4116 in
1671 4063 1862 4119 biblio-

273 4156 427 4212 theca
456 4156 632 4212 sancti
658 4155 827 4210 Marci
862 4155 1089 4227 inspexi,
1125 4155 1491 4211 Mutinensem
1522 4154 1703 4210 laudat
1730 4164 1782 4211 et
1808 4157 1863 4211 in

269 4267 427 4306 usum
455 4266 618 4306 suum
673 4250 832 4305 vertit
884 4253 1118 4305 Joannes
1162 4249 1478 4304 Dominicus
1516 4250 1706 4303 Mansi.
1758 4250 1864 4305 Sed

270 4361 461 4402 omnes
501 4344 555 4400 hi
612 4343 734 4400 libri
781 4344 1103 4400 recentioris
1146 4353 1274 4399 sunt
1326 4344 1537 4409 atatis,
1583 4359 1695 4397 non
1737 4352 1862 4398 ante

268 4455 392 4495 sac.
426 4455 534 4495 xvi
571 4439 651 4494 vel
685 4454 816 4494 xvn
859 4436 1089 4494 confecti
1122 4447 1317 4510 prater
1347 4453 1516 4492 unum
1547 4436 1723 4504 illum,
1768 4437 1861 4509 qui

268 4532 540 4605 antiquior
575 4532 628 4586 in
653 4531 893 4587 archivio
931 4530 1191 4587 Vaticano
1222 4538 1429 4597 exstat,
1462 4545 1734 4602 quemque
1769 4546 1858 4584 re—
1888 4571 1939 4632 Β

266 4628 545 4699 quuorum
578 4626 829 4682 omnium
864 4634 1129 4698 tanquam
1172 4624 1375 4680 fontem
1406 4634 1460 4680 et
1481 4625 1744 4696 originem
1777 4624 1861 4678 hac

262 4720 505 4777 bendum
535 4736 673 4787 esse,
708 4720 863 4775 facile
894 4720 1110 4791 probari
1145 4727 1338 4791 potest.
1380 4720 1459 4772 Ex
1497 4719 1687 4774 eodem
1718 4734 1853 4790 quo-

269 4831 376 4886 que
419 4815 685 4871 Antonius
720 4812 935 4871 Caral'fa
980 4814 1185 4884 primus
1228 4811 1547 4883 Registrum
1590 4812 1727 4883 typis
1767 4828 1858 4867 ex-

265 4907 618 4963 scribendum
643 4911 873 4975 curavit,
903 4916 958 4961 et
982 4921 1196 4974 omnes,
1225 4906 1317 4976 qui
1348 4912 1470 4976 post
1500 4920 1626 4959 eum
1657 4922 1858 4960 novam

266 5001 564 5058 editionem
639 4999 1023 5056 instituendam
1092 5007 1459 5071 susceperant,
1528 4998 1658 5054 nihil
1713 4998 1860 5054 aliud

267 5105 512 5167 egerant,
543 5110 706 5167 quam
733 5102 794 5149 ut
830 5092 1059 5150 Caral'fa
1108 5094 1421 5161 lectionem,
1454 5093 1579 5148 licet
1617 5092 1859 5164 plurimis

267 5190 403 5244 locis
434 5188 583 5243 valde
610 5186 954 5256 mendosam,
986 5187 1289 5242 inconsulte
1328 5186 1398 5241 ad
1430 5187 1670 5241 litteram
1700 5201 1858 5255 repe-

269 5292 464 5349 terent,
492 5282 595 5337 nisi
636 5280 779 5336 forte
808 5280 983 5335 lenior
1011 5280 1276 5335 sententia
1328 5279 1547 5334 ferenda
1582 5287 1666 5333 est
1706 5288 1760 5333 et
1788 5278 1857 5333 de

267 5375 571 5442 Harduino,
598 5374 860 5429 nonnulla
892 5373 958 5429 de
984 5374 1291 5445 conjectura
1331 5371 1477 5427 haud
1508 5371 1645 5427 male
1675 5387 1859 5426 emen-

268 5469 448 5533 dante,
466 5477 522 5523 et
538 5467 608 5523 de
632 5468 921 5523 Dominico
942 5468 1117 5522 Mansi
1134 5508 1149 5530 ,
1172 5482 1334 5537 quem
1357 5465 1539 5520 codice
1566 5464 1854 5520 Mutinensi

267 5579 422 5618 usum
453 5576 568 5616 esse
600 5562 721 5632 jam
771 5576 932 5633 supra
978 5560 1158 5627 retuli.
1210 5559 1675 5630 Antiquissimum
1728 5574 1855 5614 vero

263 5657 585 5710 Vaticanum
628 5655 843 5721 librum,
879 5654 969 5725 qui
1007 5670 1226 5710 summa
1255 5669 1379 5708 cum
1424 5669 1553 5708 cura
1595 5652 1728 5707 adiri
1758 5652 1854 5707 de-

266 5749 446 5815 bebat,
468 5764 596 5803 cum
623 5749 803 5803 nullus
837 5757 981 5804 esset
1028 5749 1131 5803 fide
1162 5746 1396 5819 dignior,
1429 5756 1551 5818 post
1582 5744 1853 5801 Caral'fam

266 5857 428 5898 nemo
468 5857 581 5897 non
617 5842 872 5912 neglexit.
904 5839 1068 5897 Unde
1110 5839 1313 5896 laetum
1355 5850 1469 5908 est,
1500 5849 1559 5895 ut
1581 5855 1749 5910 usque
1786 5839 1853 5896 ad

1970 3311 2260 3382 cupletiore
2284 3313 2531 3383 exemplo
2561 3321 2821 3369 uteretur.
2855 3314 3014 3383 Quod
3055 3313 3121 3369 ad
3151 3314 3566 3386 descriptionem

1972 3404 2260 3473 librorum,
2293 3420 2426 3460 suus
2489 3406 2681 3477 cuique
2729 3407 2919 3462 titulus
2963 3407 3132 3462 rubro
3200 3408 3381 3464 colore
3430 3425 3565 3481 pra-

1971 3498 2202 3569 Scriptus
2231 3508 2333 3565 est,
2365 3514 2427 3553 ac
2467 3499 2686 3570 quidem
2718 3499 2911 3555 iisdem
2940 3500 3215 3568 manibus,
3255 3518 3378 3573 qua
3423 3502 3566 3574 ipsas

1972 3592 2224 3663 epistolas
2244 3601 2551 3661 exararunt,
2582 3608 2751 3664 usque
2783 3593 2851 3648 ad
2892 3594 3089 3650 librum
3120 3596 3363 3661 Sextum,
3391 3611 3569 3667 neque

1973 3694 2279 3741 memoratu
2336 3687 2619 3758 indignum
2680 3686 2945 3755 videatur,
2991 3687 3235 3743 codicem
3294 3690 3567 3745 Venetum

1971 3778 2072 3834 hos
2102 3779 2482 3835 tantummodo
2515 3796 2607 3835 sex
2663 3781 2909 3851 priorum
2956 3780 3219 3835 librorum
3264 3797 3559 3852 agnoscere

1971 3874 2180 3929 titulos.
2213 3873 2374 3928 Liber
2404 3889 2491 3929 vu
2531 3883 2584 3928 et
2615 3890 2733 3929 vm
2763 3875 2813 3928 in
2843 3873 3028 3929 codice
3059 3874 3314 3930 Vaticano
3339 3876 3562 3932 eosdem

1970 3967 2210 4039 quidem,
2259 3982 2397 4040 quos
2425 3967 2477 4022 in
2526 3967 2868 4039 editionibus,
2918 3968 3106 4023 titulos
3136 3966 3337 4035 ferunt,
3370 3985 3569 4041 eosque

1971 4061 2138 4117 rubro
2168 4062 2349 4116 colore
2396 4061 2698 4132 insignitos,
2742 4061 2837 4117 sed
2882 4061 3080 4117 relictis
3120 4062 3326 4118 lacunis
3371 4077 3566 4119 manus

1971 4156 2133 4227 paulo
2164 4155 2456 4221 recentior,
2492 4156 2543 4209 ni
2581 4154 2739 4209 fallor
2782 4170 2905 4211 sac.
2942 4171 3038 4210 xu
3069 4156 3312 4211 exeuntis
3357 4171 3451 4212 eos
3479 4156 3567 4212 in-

1971 4248 2201 4319 scripsit.
2260 4249 2500 4319 Denique
2548 4247 2798 4304 librarius
2826 4248 3069 4320 quidam,
3118 4249 3209 4319 qui
3240 4249 3416 4305 multo
3446 4257 3568 4321 post

1969 4340 2279 4396 confectum
2311 4341 2505 4396 librum
2547 4357 2771 4397 manum
2808 4342 3085 4412 imposuit,
3133 4352 3257 4413 post
3284 4343 3563 4413 epistolam

1970 4440 2037 4490 23
2061 4434 2177 4489 libri
2212 4450 2351 4503 vm,
2399 4435 2488 4489 ubi
2519 4436 2732 4489 nullum
2761 4450 2890 4489 sane
2932 4434 3191 4490 indicium
3222 4435 3304 4490 vel
3346 4436 3561 4507 signum

1970 4528 2095 4583 novi
2127 4528 2248 4583 libri
2275 4529 2496 4595 exstitit,
2538 4528 2653 4584 hac
2682 4527 2840 4582 verba
2870 4535 3171 4583 atramento
3202 4529 3521 4599 interposuit
3548 4551 3559 4587 :

1969 4627 2054 4677 Ea:
2076 4624 2208 4677 libro
2237 4639 2352 4678 vru
2374 4624 2612 4692 Registri
2628 4621 2864 4691 ejusdem
2892 4622 3307 4691 Gregoriipapce
3322 4625 3555 4691 septimi.

1968 4716 2225 4787 Idemque
2255 4725 2375 4787 post
2401 4715 2683 4786 epistolam
2705 4714 2771 4769 ad
2796 4712 3152 4770 Flandrenses
3186 4715 3399 4785 (Mansi,
3430 4717 3558 4772 Coll.

1967 4826 2108 4864 conc.
2154 4825 2259 4877 xx,
2296 4825 2345 4880 p.
2378 4809 2499 4879 370)
2540 4823 2736 4862 novam
2769 4807 3170 4879 inscriptionem
3201 4806 3395 4880 adjecit
3426 4826 3438 4863 :
3472 4813 3563 4864 In-

1966 4906 2096 4973 cipit
2124 4903 2260 4957 liber
2282 4918 2344 4969 x,
2373 4910 2491 4957 tum
2522 4917 2646 4956 vero
2677 4901 2914 4956 correxit
2936 4917 3023 4956 x1.
3065 4901 3294 4973 Singulis
3322 4902 3566 4973 epistolis

1965 4998 2180 5064 scriba,
2208 5012 2334 5052 cum
2365 4995 2541 5067 ipsum
2565 4995 2879 5066 Registrum
2909 4994 3260 5061 conﬁcerent,
3286 5010 3462 5066 neque
3488 4996 3565 5050 in—
3598 5016 3621 5055 ι

1964 5091 2285 5162 scriptiones
2333 5105 2507 5161 neque
2555 5104 2815 5145 numeros
2860 5088 3241 5161 adjunxerunt.
3289 5089 3384 5145 llle
3436 5105 3563 5144 vero

1967 5185 2058 5255 qui
2088 5185 2278 5240 titulos
2307 5199 2395 5240 vn
2431 5192 2485 5238 et
2505 5198 2623 5238 vm
2653 5182 2941 5255 supplevit,
2977 5183 3144 5237 etiam
3174 5182 3560 5253 inscriptiones

1966 5278 2209 5349 epistolis
2249 5293 2418 5349 usque
2445 5276 2513 5332 ad
2562 5277 2725 5332 ﬁnem
2774 5276 3005 5348 Registri
3035 5284 3089 5332 et
3116 5290 3372 5330 numeros
3416 5276 3562 5331 Lati-

1964 5387 2066 5427 nos
2108 5387 2279 5443 usque
2309 5370 2375 5425 ad
2406 5386 2489 5441 ep.
2525 5377 2589 5424 47
2624 5370 2748 5425 libri
2778 5368 3005 5424 secundi
3046 5368 3214 5424 rubro
3256 5368 3438 5424 colore
3466 5367 3561 5425 ad-

1959 5466 2109 5537 jecit.
2150 5468 2282 5520 Post
2328 5472 2631 5519 atramento
2676 5478 2938 5518 numeros
2976 5462 3199 5518 Latinos
3239 5470 3560 5533 prosecutus

1964 5569 2045 5614 est
2064 5574 2234 5631 usque
2261 5557 2329 5612 ad
2354 5574 2437 5630 ep.
2467 5564 2502 5613 9
2529 5557 2655 5612 libri
2684 5556 2829 5611 tertii
2856 5556 3108 5612 librarius
3131 5555 3247 5619 ille,
3268 5556 3364 5626 qui
3388 5570 3561 5611 novos

1962 5653 2149 5708 titulos
2179 5651 2299 5706 libri
2324 5667 2439 5707 vm
2460 5659 2513 5706 et
2541 5666 2608 5706 χι
2627 5658 2975 5706 commentus
3002 5658 3131 5704 erat.
3165 5648 3301 5716 Qua
3325 5663 3559 5717 sequun-

1963 5756 2052 5801 tur
2090 5746 2335 5818 epistola
2367 5746 2577 5801 decimo
2604 5753 2794 5816 quarto
2820 5744 3044 5799 demum
3071 5743 3272 5796 saculo
3308 5740 3561 5796 Arabicis

1963 5840 2103 5896 notis
2130 5841 2355 5911 signata
2378 5848 2503 5893 sunt
2536 5837 2685 5893 haud
2730 5834 2891 5891 dubie
2929 5834 2999 5887 ab
3036 5832 3231 5888 eodem
3272 5832 3557 5902 scriptore,
