4122 6184
526 285 627 339 283

525 407 615 480 qui
641 406 875 463 indicem
899 403 1130 477 Registri
1167 402 1494 473 composuit.
1526 401 1788 472 Epistolis
1815 399 1961 456 enim
1993 399 2125 455 Gre-
2152 403 2204 465 Α

525 499 784 573 gorianis,
818 497 853 553 f.
897 504 997 553 237
1034 495 1101 551 ad
1131 493 1296 550 ﬁnem
1331 495 1624 566 perductis,
1669 494 1724 549 in
1766 494 1856 562 iis,
1887 507 2008 564 quae
2034 508 2120 547 re-

525 601 677 650 stant
704 591 847 648 foliis
888 604 1015 646 saac.
1050 601 1161 644 xxv
1197 586 1355 643 index
1406 586 1625 644 additus
1677 596 1778 654 est,
1812 587 1919 642 hoc
1952 585 2121 641 modo

533 685 751 742 initium
786 696 1008 739 sumens
1042 699 1056 737 :

531 819 535 824 .
601 800 626 825 α
659 778 853 846 Incipit
878 778 1185 845 Registrum
1205 774 1555 846 epistolarum
1579 779 1629 830 et
1656 775 2004 830 conciliorum
2031 774 2123 828 do.

527 872 663 925 mini
691 872 942 939 Gregorii
965 872 1183 940 septimi
1202 871 1525 923 sanctissimi
1548 874 1599 923 et
1624 869 1998 937 gloriosissimi
2017 871 2123 925 Ro-

528 980 808 1019 manorum
834 966 1120 1034 pontiﬁcis,
1152 965 1251 1032 qui
1272 964 1464 1017 electus
1484 964 1600 1030 fuit
1640 966 1762 1033 post
1782 967 2001 1017 mortem
2026 962 2124 1017 do-

524 1060 665 1113 mini
688 1058 1001 1113 Alexandri
1026 1058 1081 1112 Π
1098 1058 1154 1110 in
1175 1057 1389 1110 ecclesia
1423 1058 1609 1122 Sancti
1635 1057 1960 1125 Saluatoris,
1984 1071 2125 1111 anno

528 1153 817 1207 Dominicce
844 1151 1242 1204 incarnationis
1266 1150 1589 1205 MLXXIII.

600 1267 625 1291 α
651 1245 895 1299 Habetur
906 1246 1085 1296 autem
1104 1245 1163 1297 in
1178 1243 1274 1297 hoc
1291 1243 1429 1297 libro
1445 1243 1559 1313 ejus
1570 1245 1829 1298 memoria
1834 1260 1935 1314 per
1948 1260 2015 1300 x1
2026 1260 2123 1298 an-

527 1352 621 1391 nos
645 1341 878 1405 tantum,
900 1337 1194 1391 secundum
1222 1351 1353 1406 quos
1394 1337 1638 1391 volumen
1670 1337 1766 1391 hoc
1788 1341 1845 1391 in
1866 1353 1931 1392 χι
1963 1338 2126 1392 libros

522 1432 769 1499 partitus
799 1435 897 1496 est,
929 1433 1095 1497 gestis
1125 1430 1241 1499 ejus
1264 1431 1501 1497 singulis
1526 1431 1745 1485 illorum
1778 1447 2039 1487 annorum
2068 1434 2125 1486 in

526 1539 630 1577 uno
670 1523 808 1577 libro
835 1526 1112 1578 contentis.

1212 280 1269 335 S.
1310 276 1631 333 GREGORII
1671 277 1764 331 Vll
1804 275 2000 330 PAPIE
2040 273 2313 331 OPERUM
2352 271 2524 327 PARS
2560 271 2601 326 1.
2639 299 2712 312 -—
2746 269 3149 326 REGISTRUM.

3719 269 3826 326 284

2383 397 2699 453 Undecimus
2727 395 2886 451 habet
2915 396 3167 465 epistolas
3196 395 3363 450 duas.

2304 516 2327 538 ιι
2370 494 2433 547 In
2466 491 2699 560 quolibet
2722 490 2857 544 libro
2884 494 2962 544 est
2985 491 3289 558 Registrum
3317 488 3687 543 celebrationis
3708 503 3828 544 cono

2230 586 2372 653 cilii,
2399 585 2543 655 quod
2572 586 2629 637 in
2655 583 2894 654 quolibet
2930 585 3157 638 istorum
3179 597 3443 637 annorum
3484 581 3682 651 legitur
3708 582 3827 636 cele-

2230 681 2433 735 brasse.
2488 680 2625 734 Sunt
2675 678 2847 731 multa
2918 679 3077 731 etiam
3127 678 3439 747 principum
3479 675 3823 745 juramenta,

2228 775 2416 843 aliqua
2464 772 2675 827 decreta
2722 776 2773 826 et
2820 770 3145 840 hujusmodi,
3189 786 3310 841 qua:
3358 773 3416 825 in
3462 771 3582 840 ipsa
3639 769 3828 824 tabula

2224 870 2511 938 pateﬁunt.

2305 979 2334 1013 «
2373 960 2452 1014 Ex
2482 959 2571 1027 iis,
2603 973 2725 1030 quae
2754 956 3017 1014 hactenus
3040 956 3107 1013 de
3134 956 3320 1013 codice
3358 957 3623 1013 Vaticano
3647 956 3829 1029 dispu-

2231 1054 2361 1123 tavi,
2390 1051 2682 1109 manifesto
2711 1052 2813 1107 nisi
2856 1051 3031 1120 fallor,
3080 1059 3246 1124 patet,
3272 1051 3522 1123 Gregorii
3566 1051 3827 1123 epistolas

2231 1148 2531 1220 antiquitus
2556 1147 2613 1201 in
2637 1154 2787 1216 octo,
2813 1161 2923 1203 non
2957 1146 3010 1201 in
3035 1145 3297 1202 undecim
3326 1145 3495 1201 libros
3513 1143 3828 1201 distributas

2231 1241 2421 1310 fuisse,
2458 1248 2513 1296 et
2540 1239 2612 1296 ita
2642 1239 2883 1311 quidem,
2918 1249 2977 1296 ut
3010 1240 3221 1311 priores
3246 1247 3452 1311 septem
3490 1239 3608 1295 libri
3636 1254 3702 1294 ex
3729 1254 3825 1293 or-

2232 1335 2359 1390 dine
2405 1335 2514 1390 veri
2573 1334 2811 1406 Registri
2866 1333 2936 1390 ad
2971 1334 3218 1405 singulos
3258 1348 3431 1389 annos
3476 1332 3826 1405 pontiﬁcatus

2234 1427 2649 1501 responderent,
2690 1428 2747 1483 in
2795 1436 3053 1484 octavum
3107 1442 3237 1483 vero
3286 1427 3522 1498 reliquas
3570 1425 3826 1498 epistolas

2233 1538 2505 1579 annorum
2534 1522 2743 1578 ratione
2786 1536 2895 1577 non
2927 1520 3108 1577 habita
3136 1521 3368 1593 scriptor
3396 1520 3657 1591 rejiceret.
3683 1521 3827 1574 Tan-

2235 1626 2355 1672 tum
2386 1632 2514 1688 ergo
2543 1616 2717 1683 abest,
2744 1624 2807 1671 ut
2843 1614 3090 1671 decimus
3120 1614 3255 1671 liber
3287 1614 3481 1687 injuria
3514 1623 3824 1686 temporum

2233 1710 2520 1774 interierit,
2546 1718 2607 1765 ut
2632 1725 2757 1765 vere
2786 1723 3063 1779 nunquam
3095 1707 3382 1763 exstiterit.
3420 1708 3604 1763 Prima
3643 1707 3824 1762 since-

2152 1780 2200 1842 Β
2236 1819 2404 1877 raque
2442 1802 2676 1877 Registri
2707 1802 2988 1874 dispositio
3021 1810 3206 1874 postea
3241 1802 3357 1874 jam
3396 1801 3450 1856 in
3490 1802 3605 1872 ipso
3633 1798 3827 1857 codice

2235 1898 2495 1953 Vaticano
2533 1913 2563 1952 a
2602 1896 2818 1952 librario
2855 1895 3093 1967 quodam
3126 1903 3330 1951 mutata
3358 1904 3462 1963 est,
3494 1894 3587 1967 qui
3614 1893 3826 1949 ratione
3873 1947 3893 1957 ,

2231 1992 2412 2062 operis
2466 1990 2691 2046 minime
2741 1996 3057 2061 perspecta,
3117 2004 3313 2045 omnes
3379 1989 3496 2060 ejus
3545 1987 3715 2044 libros
3770 1987 3826 2042 in

2230 2084 2467 2156 singulos
2495 2083 2844 2155 pontiﬁcatus
2890 2098 3064 2138 annos
3100 2082 3387 2138 convenire
3416 2080 3584 2137 voluit
3608 2089 3663 2136 et
3687 2080 3827 2136 hanc

666 2178 933 2246 Septimus
972 2178 1193 2246 quidem
1234 2178 1393 2233 habet
1420 2178 1671 2247 epistolas
1711 2184 1799 2234 27.
2229 2178 2301 2232 ob
2327 2192 2550 2233 causam
2577 2184 2829 2232 octavum
2858 2176 3057 2232 librum
3096 2176 3152 2231 in
3184 2175 3365 2247 plures
3398 2175 3599 2232 dividit.
3644 2175 3825 2244 Quam

670 2262 894 2326 octavus
920 2275 1099 2325 autem
1127 2271 1289 2325 habet
1324 2272 1573 2341 epistolas
1602 2276 1691 2327 23.
2230 2285 2431 2326 novam
2461 2269 2728 2326 librorum
2760 2270 3202 2326 distributionem
3230 2268 3425 2326 deinde
3456 2269 3700 2341 plerique
3728 2284 3824 2323 co-

666 2366 850 2421 Nonus
895 2379 1019 2418 vero
1050 2364 1210 2419 habet
1246 2366 1504 2432 epistolas
1533 2368 1622 2420 35.
1952 2390 1957 2395 -
2233 2364 2380 2420 dices
2409 2372 2462 2419 et
2506 2380 2701 2419 omnes
2727 2362 2994 2420 editiones
3039 2380 3107 2421 ex
3136 2362 3320 2420 codice
3366 2363 3631 2419 Vaticano
3676 2377 3825 2418 rece-

668 2460 909 2513 Decimus
938 2473 1060 2511 vero
1090 2458 1225 2512 liber
1246 2473 1351 2511 non
1381 2462 1478 2521 est,
1507 2460 1588 2513 vel
1620 2463 1695 2513 est
1723 2474 1873 2513 error
1894 2460 1966 2530 ;in
1987 2458 2125 2513 libro
2233 2465 2449 2531 perunt.

740 2554 791 2605 et
810 2553 1109 2621 particione
1133 2550 1415 2606 librorum.

664 1616 836 1672 Habet
861 1619 1078 1686 primus
1100 1617 1235 1671 liber
1258 1618 1510 1687 epistolas
1528 1632 1748 1671 nume-ro
1774 1622 1864 1674 84.

664 1710 935 1766 Secundus
962 1725 1080 1765 vero
1108 1711 1268 1765 habet
1295 1711 1547 1782 epistolas
1578 1726 1796 1767 numero
1817 1714 1906 1767 76.

669 1806 883 1859 Tertius
908 1819 1030 1858 vero
1068 1804 1226 1858 habet
1256 1803 1505 1873 epistolas
1525 1820 1744 1860 numero
1782 1810 1873 1861 21.

667 1898 906 1965 Quartus
936 1897 1093 1952 habet
1117 1899 1372 1968 epistolas
1400 1914 1618 1953 numero
1640 1904 1729 1954 28.

670 1993 899 2058 Quintus
930 1990 1088 2045 habet
1107 1992 1355 2061 epistolas
1382 2006 1600 2046 numero
1636 1998 1723 2048 23.

669 2085 866 2139 Sea'tus
893 2084 1051 2138 habet
1081 2085 1335 2154 epistolas
1359 2099 1578 2139 numero
1601 2090 1692 2140 40.

1134 2925 1822 3085 SANCTI
1923 2930 2854 3088 GREGORII
2945 2933 3222 3086 VII

1838 3194 2211 3251 PONTIFICIS
2247 3196 2511 3252 ROMANI

967 3384 1397 3505 0l’lillllll
1481 3386 1762 3506 PARS
1850 3388 2223 3506 Pllllll.
2315 3439 2446 3454 —
2537 3389 3167 3510 REGISTBUM
3222 3380 3388 3459 (³η)

1571 3618 1814 3685 (ΜΑΝει,
1868 3618 2127 3681 Concilia,
2159 3625 2295 3673 tom.
2338 3621 2474 3687 XX,
2518 3619 2623 3675 col.
2655 3625 2777 3685 60.)

592 3926 756 3978 Anno
786 3923 1086 3980 Dominicte
1121 3924 1511 3982 incarnationis
1548 3926 1838 3984 millesimo
1872 3930 2276 4002 septuagesimo
2299 3930 2487 4000 tertio,
2517 3929 2807 3987 indictione
2841 3930 3150 3988 undecima.

593 4017 881 4087 Regnante
933 4016 1171 4072 Domino
1222 4020 1351 4072 Jesu
1399 4018 1640 4086 Christo,
1672 4035 1815 4077 anno
1852 4022 2286 4080 clementissimae
2322 4023 2705 4080 incarnationis
2733 4024 2849 4098 ejus
2876 4025 3165 4081 millesimo
3207 4026 3609 4098 septuagesimo
3640 4027 3827 4095 tertio,

520 4103 811 4160 indictione
831 4113 886 4159 et
924 4104 1048 4160 luna
1078 4104 1387 4175 undecima,
1412 4122 1449 4162 x
1478 4108 1757 4164 Kalendas
1782 4111 1930 4178 Maii,
1963 4108 2097 4167 feria
2127 4117 2383 4185 secunda,
2406 4116 2491 4173 die
2519 4118 2810 4189 sepulturae
2838 4116 3044 4174 domini
3078 4118 3369 4174 Alexandri
3414 4121 3571 4176 bona:
3604 4134 3831 4175 memo-

519 4197 614 4255 riae
659 4196 884 4253 secundi
929 4212 1102 4269 papm,
1149 4212 1219 4253 ne
1266 4198 1423 4255 sedes
1463 4202 1754 4272 apostolica
1802 4202 1895 4259 diu
1926 4204 2104 4277 lugeat
2149 4210 2369 4281 pr0prio
2393 4209 2654 4268 destituta
2707 4220 2941 4284 pastore,
2978 4213 3286 4286 congregati
3321 4214 3374 4268 in
3412 4213 3634 4269 basilica
3671 4214 3829 4271 Beati

520 4291 668 4347 Petri
694 4290 764 4347 ad
795 4290 1035 4358 Vincula,
1065 4308 1166 4349 nos
1194 4301 1396 4350 sanctae
1426 4296 1691 4352 Romanae
1732 4298 2011 4356 catholicae
2058 4308 2110 4355 et
2147 4304 2454 4374 apostolicae
2496 4305 2751 4362 Ecclesiae
2789 4305 3121 4373 cardinales,
3164 4306 3373 4374 clerici,
3405 4305 3662 4381 acolythi,
3696 4307 3826 4363 sub-

418 4454 419 4457 η
519 4384 758 4452 diaconi,
795 4383 1034 4454 diaconi,
1057 4386 1375 4460 presbyteri,
1419 4390 1780 4461 praesentibus
1808 4393 2200 4451 venerabilibus
2223 4398 2486 4470 episcopis
2520 4408 2577 4454 et
2613 4399 2920 4469 abbatibus,
2962 4401 3171 4457 clericis
3207 4410 3262 4457 et
3285 4402 3573 4458 monachis
3596 4418 3825 4459 consen-

519 4479 807 4547 tientibus,
838 4480 1083 4553 plurimis
1122 4483 1299 4538 turbis
1324 4485 1607 4556 utriusque
1644 4500 1804 4542 sexus
1843 4486 2148 4560 diversique
2175 4490 2379 4547 ordinis
2413 4494 2869 4561 acclamantibus,
2906 4494 3159 4567 eligimus
3190 4496 3349 4552 nobis
3383 4496 3437 4551 in
3467 4504 3739 4568 pastorem
3771 4506 3827 4553 et

519 4588 800 4630 summum
849 4575 1160 4646 pontiﬁcem
1195 4576 1374 4632 virum
1411 4578 1745 4650 religiosum,
1776 4581 2009 4652 geminae
2046 4583 2285 4639 scientiae
2325 4586 2611 4655 prudentia
2659 4588 2971 4659 pollentem,
3004 4589 3275 4660 aequitatis
3317 4599 3373 4646 et
3393 4590 3623 4663 justitim
3683 4606 3822 4662 prai-

519 4667 914 4722 stantissimum
943 4678 1270 4734 amatorem,
1320 4670 1377 4725 in
1430 4670 1671 4727 adversis
1720 4670 1940 4741 fortem,
1970 4675 2022 4729 in
2072 4678 2344 4749 prosperis
2380 4687 2767 4752 temperatum,
2810 4691 2884 4750 et,
2907 4683 3062 4755 juxta
3092 4683 3339 4754 Apostoli
3385 4683 3615 4753 dictum,
3664 4684 3823 4740 bonis

520 4758 765 4815 moribus
798 4770 1080 4831 ornatum,
1110 4762 1389 4835 pudicum,
1417 4765 1748 4833 modestum,
1782 4766 2047 4838 sobrium,
2087 4780 2327 4837 castum,
2359 4773 2713 4847 hospitalem,
2746 4775 2978 4833 domum
3008 4793 3161 4832 suam
3185 4777 3323 4833 bene
3352 4786 3625 4850 regentem
3651 4784 3817 4845 (343),

518 4852 572 4905 in
606 4852 814 4924 gremio
842 4851 1003 4923 hujus
1026 4856 1219 4911 matris
1247 4857 1501 4914 Ecclesia:
1538 4874 1569 4914 a
1608 4860 1835 4931 pueritia
1864 4864 1997 4918 satis
2018 4864 2268 4920 nobiliter
2293 4866 2580 4924 educatum
2610 4877 2663 4924 et
2691 4868 2941 4937 doctum,
2968 4878 3129 4940 atque
3160 4886 3256 4941 pro
3285 4871 3410 4927 vitae
3432 4871 3626 4927 merito
3647 4872 3702 4926 in
3729 4888 3819 4927 ar-

519 4944 930 5001 chidiaconatus
972 4946 1238 5004 honorem
1271 4965 1437 5021 usque
1486 4951 1646 5007 hodie
1690 4954 2079 5025 sublimatum,
2127 4959 2563 5018 Hildebrandum
2596 4962 2841 5020 videlicet
2865 4962 3330 5034 archidiaconum,
3381 4981 3543 5038 quem
3575 4982 3605 5021 a
3651 4966 3819 5021 modo

522 5042 574 5107 [e
622 5039 810 5108 modo]
846 5055 1020 5112 usque
1061 5042 1114 5096 in
1146 5043 1536 5114 sempiternum
1568 5054 1622 5101 et
1649 5062 1765 5102 esse
1802 5057 1857 5104 et
1894 5049 1997 5104 dici
2045 5052 2375 5124 Gregorium
2411 5071 2606 5127 papam
2630 5066 2685 5112 et
2708 5057 3063 5128 apostolicum
3093 5058 3344 5115 volumus
3370 5068 3423 5114 et
3450 5059 3819 5131 approbamus

515 5132 846 5204 [approbatis
875 5150 1000 5189 eum
1019 5137 1044 5189 ?
1091 5135 1499 5206 approbamus].
1548 5139 1730 5195 Placet
1776 5141 1964 5198 vobis?
1994 5144 2188 5215 placet.
2216 5149 2395 5203 Vultis
2423 5152 2585 5204 eum?
2616 5150 2886 5206 volumus.
2933 5148 3189 5206 Laudatis
3217 5156 3384 5209 eum?
3414 5151 3716 5209 laudamus.

591 5233 727 5283 Acta
768 5229 994 5295 Romae,
1041 5229 1256 5285 decimo
1298 5230 1577 5289 Kalendas
1622 5234 1780 5303 Maii,
1825 5236 2113 5296 indictione
2140 5239 2439 5299 undecima.

556 5381 1239 5470 Aliasta‘tGrego‘rii
1397 5384 1706 5470 .Regi’s‘trum
1752 5388 1803 5470 in_
1853 5390 2110 5470 vaticana
2146 5396 2189 5458 (ζ
2219 5392 2505 5470 sanctitate
2558 5401 2614 5448 et
2653 5391 2862 5449 ordinis
2904 5394 3166 5470 dignitate
3215 5398 3616 5470 praemineret,
3662 5396 3813 5470 quod

515 5448 1133 5541 biblgithecaLdeﬂquo
1156 5448 1980 5541 BertlioldusvConstantiensis,
2015 5464 2107 5541 qui
2151 5448 2189 5458 υ
2218 5462 2387 5541 illum.
2416 5464 2583 5541 latere
2632 5448 2745 5519 non
2793 5448 3630 5541 pcieii‘iﬁ'ﬁi'éuxldie"Ej'ﬁéiéiﬁ
3666 5448 3806 5541 3,363

515 5528 1424 5619 epl'vizijfitenlpprezﬁanno‘98§,
1457 5528 1689 5619 loquens
1726 5531 1793 5612 de
1819 5528 2107 5619 rGregorio
2216 5534 2748 5619 stoliciA‘Re‘gistrum
2777 5528 3067 5619 diligentgr
3088 5528 3470 5613 perlegerit.'»

516 5594 1000 5682 Xll,4aitr:J«f‘Elrat
1024 5596 1169 5682 enim
1198 5597 1480 5682 cathplicai
1507 5594 1790 5682 religionis
1818 5594 2105 5682 fervevutis-
2288 5610 2432 5671 (343)
2480 5594 2695 5682 Dpntur
2742 5594 3022 5666 variauntes'
3060 5594 3627 5682 q'uosrgirltlutinensi
3684 5610 3807 5682 cod.

513 5670 686 5757 simus
715 5670 1015 5757 inist'itutor,
1053 5678 1106 5757 et
1142 5670 1522 5757 ecclesiasticae
1553 5670 2108 5757 libertatisstrenui‘s-
2214 5689 2318 5755 ms.
2348 5670 2529 5757 saeculi
2562 5678 2782 5748 quidem
2812 5696 2943 5749 XVI,
2969 5670 3154 5737 sed'ex
3185 5684 3476 5757 antiquiori
3504 5686 3663 5738 bona?
3697 5680 3811 5738 fru-

514 5737 689 5819 simus
734 5734 1007 5819 defensor.
1050 5739 1237 5819 Noluit
1283 5755 1415 5819 sane
1445 5748 1501 5794 ut
1526 5743 1939 5819 ecclesiasticus
1966 5744 2103 5799 ordo
2211 5746 2293 5816 gis
2328 5734 2599 5819 descripto
2638 5734 3476 5819 eruit,7eta1d‘Vmemtransrﬁsit—
3500 5734 3806 5810 biﬁdas.

516 5805 770 5863 manibus
796 5808 1061 5865 laieorum
1088 5810 1415 5882 subjaceret,
1447 5810 1542 5866 sed
1570 5811 1777 5867 eisdem
1804 5820 1860 5868 et
1880 5827 2102 5871 morum
2211 5805 2416 5873 Knton.
2450 5805 2709 5878 Zécharia
2730 5805 2878 5878 S.'J'.i
2898 5805 3124 5881 mihi.
