4122 6184
270 270 373 322 285

1424 267 1623 322 LIBER
1664 267 1929 324 PRIMUS.
1970 298 2039 309 —
2078 269 2285 325 EPIST.
2325 270 2413 324 ΙΙΙ.

3462 276 3567 329 286

1129 511 1717 601 REGISTRI
1788 513 2155 602 LIBER
2234 511 2709 599 PRIMUS.

698 632 701 633 ί
740 671 1095 728 EPISTOLA
1132 672 1393 728 PRIMA.

598 798 683 842 AD
718 798 1100 840 DESIDBBIUM
1139 798 1451 841 ABBATEM.

870 882 1056 955 (Anno
1073 887 1257 950 1073.)

258 980 489 1051 Nuntiat
517 992 573 1031 se
608 979 835 1051 inpitum
862 979 923 1032 in
961 977 1232 1032 demortui
1260 978 1574 1034 Alemandri
1594 980 1862 1051 pontiﬁcis

330 1050 503 1103 locum
551 1038 866 1121 suffectum.
912 1052 1089 1118 Rogat
1120 1054 1183 1103 ut
1211 1053 1378 1104 Deum
1413 1065 1514 1119 pro
1538 1038 1861 1121 se-depr'ece-

329 1126 441 1183 tur,
482 1125 534 1175 et
560 1120 636 1175 ad
660 1136 714 1175 se
739 1122 1055 1191 quantocius
1082 1123 1286 1175 veniat.

328 1232 689 1289 Gnaeonms
716 1232 770 1286 in
792 1234 1109 1287 Romanum
1130 1230 1444 1304 pontiﬁcem
1474 1230 1675 1287 electus
1698 1234 1864 1289 Dssr-

256 1340 443 1382 DRBIO
469 1327 613 1397 (344)
626 1325 809 1381 abbati
833 1324 1148 1381 monasterii
1166 1325 1343 1381 Sancti
1358 1324 1637 1381 Benedicti
1659 1326 1865 1382 Montis

259 1420 461 1475 Cassini
492 1420 723 1476 salutem
754 1419 807 1474 in
835 1419 1050 1476 Christo
1078 1421 1227 1475 Jesu.

326 1513 598 1569 Dominus
658 1521 845 1569 noster
892 1529 1032 1586 papa
1087 1510 1393 1569 Alexander
1443 1521 1696 1569 mortuus
1750 1520 1861 1583 est,

259 1606 417 1679 cujus
468 1622 622 1663 mors
669 1622 833 1679 super
895 1623 985 1663 me
1033 1607 1263 1672 cedidit,
1311 1615 1367 1663 et
1415 1607 1602 1662 omnia
1660 1606 1865 1663 viscera

256 1716 377 1757 mea
409 1700 757 1767 concutiens,
789 1701 1001 1772 penitus
1030 1700 1394 1756 conturbavit.
1427 1703 1573 1757 Nam
1608 1700 1663 1755 in
1689 1709 1866 1757 morte

258 1794 474 1868 quidem
506 1794 623 1866 eius
646 1798 938 1851 Romanus
977 1794 1232 1867 populus,
1270 1801 1459 1850 contra
1511 1810 1747 1863 morem,
1790 1793 1866 1849 ita

260 1889 479 1961 quievit,
529 1890 584 1944 in
627 1904 797 1945 manu
847 1898 1038 1945 nostra
1090 1887 1297 1944 consilii
1352 1887 1502 1943 frena
1554 1887 1760 1944 dimisit
1806 1896 1867 1944 ut

263 1982 542 2039 evidenter
566 1991 848 2056 appareret
875 1999 943 2039 ex
984 1983 1085 2038 Dei
1120 1980 1494 2038 misericordia
1532 1981 1638 2037 hoc
1665 1998 1864 2053 prove—

263 2076 427 2133 nisse.
460 2076 626 2133 Unde
654 2084 877 2149 accepto
921 2076 1148 2132 consilio
1179 2074 1284 2131 hoc
1320 2074 1608 2131 statuimus
1633 2084 1715 2143 ut,
1748 2082 1869 2147 post

264 2170 579 2225 triduanum
617 2170 935 2243 jejunium,
984 2179 1109 2241 post
1157 2168 1404 2237 litanias,
1459 2175 1513 2223 et
1565 2169 1868 2224 multorum

264 2264 571 2320 orationem
598 2262 965 2336 eleemosynis
982 2261 1485 2329 conditam,divino
1514 2260 1632 2317 fulti
1663 2262 1868 2317 auxilio

263 2367 632 2413 statueremus
646 2355 792 2428 quod
813 2355 1008 2411 melius
1027 2354 1094 2412 de
1112 2355 1373 2411 electione
1388 2354 1627 2411 Romani
1652 2353 1869 2427 pontiﬁ-

268 2450 343 2505 cis
364 2449 661 2505 videretur.
678 2449 785 2506 Sed
807 2449 990 2505 subito
1014 2464 1139 2504 cum
1174 2448 1460 2519 praedictus
1483 2448 1740 2504 dominus
1769 2462 1868 2503 no-

268 2552 374 2597 ster
386 2559 525 2614 papa
542 2543 601 2597 in
618 2542 866 2605 ecclesia,
888 2541 1016 2610 [Ad.
1036 2541 1244 2609 Sancti,
1259 2541 1558 2612 sicubique]
1576 2540 1870 2597 Salvatoris

267 2637 556 2708 sepultum
604 2636 934 2703 traderetur,
992 2644 1150 2692 ortus
1196 2642 1279 2690 est
1322 2650 1554 2707 magnus
1599 2634 1869 2690 tumultus

269 2730 449 2801 p0puli
499 2738 555 2785 et
594 2728 876 2805 fremitus,
910 2736 965 2783 et
1020 2728 1070 2783 in
1126 2743 1216 2783 me
1267 2726 1420 2800 quasi
1469 2727 1652 2782 vesani
1691 2724 1905 2783 insur—’

270 2831 541 2889 rexerunt,
571 2823 642 2877 ita
688 2830 747 2878 ut
776 2838 903 2877 cum
932 2821 1202 2893 Propheta
1236 2822 1437 2893 possim
1472 2820 1651 2877 dicere
1683 2841 1696 2874 ε
1734 2822 1872 2875 Veni

272 2920 325 2970 in
375 2917 722 2971 altitudinem
773 2918 971 2979 maris,
1022 2920 1071 2970 et
1139 2919 1422 2985 tempestas
1469 2915 1718 2969 demersit
1764 2930 1866 2969 me.

278 3012 535 3065 laboravi
571 3009 841 3077 clamans,
883 3025 1063 3063 raucce
1102 3010 1264 3076 facta
1314 3012 1441 3062 sunt
1494 3009 1682 3075 fauces
1739 3023 1867 3062 mea:

276 3105 431 3167 (Psal.
474 3102 686 3175 vam)
722 3111 777 3157 et
811 3121 826 3155 :
880 3105 1058 3158 Timor
1097 3106 1147 3156 et
1184 3106 1382 3157 tremor
1412 3105 1669 3155 venerunt
1707 3117 1869 3171 super

273 3213 365 3263 me,
400 3202 452 3251 et
487 3200 835 3251 contexerant
863 3211 946 3250 me
976 3195 1207 3250 tenebrae
1234 3195 1401 3262 (Psal.
1435 3193 1578 3264 LIV).
1611 3192 1713 3249 Sed
1743 3193 1867 3265 quia

272 3290 321 3345 in
370 3291 511 3345 lecto
545 3290 769 3362 jacens,
812 3288 964 3344 valde
1016 3286 1302 3360 fatigatus,
1347 3285 1481 3342 satis
1519 3285 1719 3342 dictare
1769 3302 1866 3343 ne-

1891 678 1945 740 Α
1972 679 2198 729 caeteros
2222 670 2505 743 religiosos
2522 670 2731 728 virosin
2753 672 2999 743 partibus
3019 672 3121 729 illis
3138 681 3571 747 commorantes,

1969 765 2037 822 ad
2066 764 2410 822 exorandum
2440 767 2621 820 Deum
2668 780 2768 837 pro
2797 780 2889 820 me
2928 781 2993 822 ex
3029 780 3154 822 vera
3178 766 3448 824 charitate
3482 769 3573 823 in-

1968 859 2125 927 vites,
2156 868 2217 915 ut
2241 860 2417 916 oratio
2440 873 2563 930 quae
2590 873 2682 913 me
2716 857 2948 915 liberare
2986 858 3197 926 debuit,
3228 874 3298 915 ne
3326 860 3571 917 incurre-

1968 968 2086 1009 rem
2117 952 2444 1023 periculum,
2477 952 2669 1008 saltem
2701 959 2922 1007 tueatur
2947 951 3000 1006 in
3032 952 3271 1024 periculo
3305 953 3572 1025 positum.

1968 1050 2053 1104 Tu
2078 1054 2263 1103 autem
2290 1046 2406 1117 ipse
2447 1044 2777 1117 quantocius
2816 1044 2885 1101 ad
2909 1060 3013 1100 nos
3059 1045 3244 1102 venire
3284 1061 3397 1101 non
3425 1062 3573 1118 prm-

1967 1140 2247 1196 termittas
2279 1139 2367 1211 qui
2398 1147 2666 1211 quantum
2695 1141 2947 1194 Romana
2978 1138 3211 1194 Ecclesia
3247 1148 3300 1195 te
3331 1139 3572 1212 indigeat

1970 1242 2023 1290 et
2073 1233 2131 1289 in
2178 1232 2464 1305 prudentia
2500 1241 2597 1288 tua
2625 1230 2886 1289 ﬁduciam
2931 1230 3131 1287 habeat
3169 1247 3278 1288 non
3325 1232 3568 1305 ignoras.

2043 1330 2182 1383 Data
2211 1329 2411 1384 Romae
2446 1340 2513 1383 χι
2560 1328 2720 1394 [VIII]
2748 1324 3030 1381 Kalendas
3071 1324 3223 1390 Maii,
3276 1324 3571 1381 indictione

1972 1420 2275 1478 undecima.

2524 1512 2875 1569 EPISTOLA
2914 1514 3010 1569 IIl.

2008 1622 2091 1663 AD
2123 1622 2486 1664 GUIBBBTUM
2518 1621 2941 1664 BAVENNATRK
2972 1618 3536 1662 ABCHIEPISCOPUI.

2576 1706 2756 1767 (Anno
2780 1701 2967 1768 1073.)

1972 1796 2227 1866 Eiusdem
2264 1796 2605 1863 argumenti;
2641 1798 2794 1862 rogat
2838 1796 3001 1848 etiam
3027 1797 3091 1847 ut
3132 1791 3334 1861 legatos
3364 1793 3571 1847 mittat.

2046 1895 2399 1950 Gnaeoaws
2428 1893 2484 1947 in
2508 1895 2827 1947 Romanum
2858 1890 3173 1962 pontiﬁcem
3195 1890 3399 1945 electus
3424 1889 3577 1945 Gnt-

1977 2002 2168 2045 BBBTO
2198 1986 2509 2043 Ravennati
2551 1985 2962 2058 archiepiscopo
3002 1985 3235 2041 salutem
3266 1983 3322 2038 in
3355 1981 3573 2039 Christo

1975 2085 2008 2137 J
2012 2098 2125 2139 esu.

2046 2179 2171 2233 Non
2210 2174 2528 2231 dubitamus
2572 2172 2778 2229 famam
2829 2172 3037 2228 litteras
3080 2179 3298 2227 nostras
3344 2178 3574 2227 antevo-

1975 2271 2133 2336 lasse,
2164 2276 2220 2324 et
2247 2277 2363 2323 tam
2388 2265 2541 2323 vobis
2565 2281 2734 2337 quam
2770 2265 2962 2321 multis
2990 2264 3134 2333 aliis,
3160 2263 3371 2319 domini
3397 2263 3575 2319 nostri

1976 2361 2277 2420 Alexandri
2331 2375 2487 2433 papae
2527 2359 2743 2415 obitum
2812 2358 3120 2414 nuntiasse.
3171 2356 3334 2427 Quod
3391 2364 3577 2413 autem

1975 2455 2110 2511 mihi
2152 2454 2305 2511 valde
2346 2452 2683 2528 gemendum
2741 2461 2853 2519 est;
2903 2467 3055 2533 mors
3101 2451 3221 2523 ejus
3268 2465 3431 2521 super
3486 2465 3578 2506 me

1974 2548 2205 2615 cedidit,
2251 2556 2307 2603 et
2348 2547 2535 2603 omnia
2584 2546 2789 2602 viscera
2839 2560 2963 2601 mea
3003 2543 3325 2601 concutiens
3364 2543 3581 2616 penitus

1975 2640 2340 2698 conturbavit.
2372 2643 2513 2697 Nam
2543 2640 2603 2694 in
2635 2646 2816 2696 morte
2841 2638 2958 2710 ejus
2986 2638 3170 2709 primo
3199 2635 3426 2709 quidem
3458 2639 3581 2693 Ro-

1974 2750 2172 2791 manus
2197 2734 2425 2806 p0pulus
2453 2741 2644 2789 contra
2670 2746 2889 2787 morem
2911 2731 2984 2785 ita
3007 2730 3213 2802 quievit
3240 2736 3295 2785 et
3316 2730 3375 2786 in
3406 2746 3578 2787 manu

1974 2836 2160 2885 nostra
2180 2826 2392 2883 consilii
2414 2825 2563 2881 frena
2577 2824 2785 2880 dimisit
2806 2832 2869 2877 ut
2885 2822 3176 2880 evidenter
3199 2830 3490 2894 appareret
3510 2838 3577 2878 ex

1974 2922 2073 2976 Dei
2099 2918 2480 2977 misericordia
2504 2918 2609 2973 hoc
2632 2916 2968 2988 provenisse.
3009 2914 3175 2972 Unde
3202 2924 3423 2987 accepto
3450 2930 3579 2971 con-

1974 3015 2095 3070 silio
2124 3014 2231 3069 hoc
2256 3012 2552 3083 statuimus
2578 3018 2638 3066 ut
2667 3018 2791 3082 post
2807 3009 3131 3066 triduanum
3148 3007 3431 3081 jejunium,
3456 3016 3581 3080 post

1974 3108 2210 3177 litanias,
2236 3115 2291 3163 et
2319 3107 2619 3162 multorum
2647 3103 2957 3160 orationem
2996 3101 3360 3174 eleemosynis
3383 3100 3582 3157 condi-

1973 3212 2111 3270 tam,
2141 3201 2324 3257 divino
2369 3198 2489 3255 fulti
2520 3198 2726 3254 auxilio
2771 3205 3141 3253 statueremus
3181 3193 3329 3267 quod
3366 3194 3434 3250 de
3466 3194 3583 3250 ele-

1975 3296 2159 3352 ctione
2173 3293 2416 3349 Romani
2432 3292 2706 3365 pontiﬁcis
2719 3290 3005 3346 videretur
3018 3289 3238 3345 melius.
3254 3287 3359 3345 Sed
3375 3287 3579 3356 subito,

270 3399 436 3455 queo,
513 3382 787 3455 angustias
849 3397 1003 3437 meas
1063 3395 1320 3436 enarrare
1378 3379 1725 3451 supersedeo.
1789 3381 1866 3434 Te

1976 3405 2102 3445 cum
2149 3387 2443 3461 praedictus
2504 3385 2770 3441 dominus
2824 3390 3013 3439 noster
3059 3398 3197 3455 papa
3247 3382 3304 3437 in
3354 3381 3581 3437 ecclesia

263 3475 441 3548 itaque
493 3491 592 3547 per
627 3474 1059 3547 omnipotentem
1087 3474 1387 3529 Dominum
1441 3488 1596 3545 rogo,
1634 3480 1695 3527 ut
1743 3470 1865 3528 suf-

260 3569 549 3643 fraganeos
596 3566 794 3624 fratres
838 3576 893 3623 et
940 3566 1107 3634 ﬁlios,
1140 3582 1280 3639 quos
1309 3567 1361 3622 in
1404 3564 1618 3621 Christo
1670 3566 1864 3635 nutris,

259 3664 324 3720 ad
356 3661 704 3719 exorandum
750 3665 928 3717 Deum
960 3676 1059 3735 pro
1101 3675 1191 3715 me
1228 3674 1511 3732 provoces,
1542 3666 1596 3715 et
1637 3674 1702 3714 ex
1738 3674 1866 3714 vera

258 3757 523 3813 charitate
563 3755 757 3810 invites
805 3762 1073 3826 quatenus
1101 3752 1297 3822 oratio,
1347 3767 1470 3824 quae
1524 3767 1614 3807 me
1641 3751 1869 3808 liberare

258 3848 448 3905 debuit
477 3865 548 3904 ne
580 3848 912 3903 incurrerem
955 3846 1278 3919 periculum,
1326 3846 1521 3901 saltem
1548 3853 1770 3901 tueatur
1813 3844 1867 3900 in

258 3944 509 4015 periculo
569 3941 834 4013 positum.
872 3942 955 3995 Tu
1006 3946 1191 3995 autem
1236 3938 1351 4010 ipse
1415 3939 1744 4010 quantocius
1798 3937 1869 3994 ad

252 4052 359 4092 nos
385 4035 579 4092 venire
607 4050 720 4090 non
753 4033 1163 4105 praetermittas,
1195 4031 1287 4104 qui
1315 4038 1585 4102 quantum
1614 4033 1866 4086 Romana

254 4129 503 4185 Ecclesia
550 4136 604 4183 te
650 4127 893 4199 indigeat
938 4134 993 4181 et
1023 4125 1077 4180 in
1130 4124 1419 4197 prudentia
1473 4132 1565 4179 tua
1609 4124 1866 4180 ﬁduciam

256 4221 464 4279 habeat
489 4237 604 4277 non
646 4221 884 4294 ignoras.
928 4218 1228 4275 Dominam
1258 4221 1529 4290 Agnetem
1559 4217 1867 4289 imperatri-

259 4332 387 4372 cem
430 4324 487 4371 et
528 4312 861 4371 Bainaldum
905 4312 1269 4368 venerabilem
1310 4312 1619 4367 Cumanum
1666 4310 1869 4384 episco-

267 4425 401 4478 pum
451 4423 518 4463 ex
556 4415 740 4462 nostra
784 4413 936 4477 parte
972 4405 1145 4461 saluta
1191 4414 1248 4461 et
1285 4413 1556 4476 quantum
1598 4420 1724 4477 erga
1770 4420 1870 4460 nos

269 4500 587 4557 dilectionis
612 4499 901 4555 habuerint
928 4515 1077 4555 nunc
1110 4506 1172 4554 ut
1200 4497 1495 4554 ostendant
1535 4507 1723 4563 nostra
1757 4498 1870 4554 vice

276 4594 499 4650 ﬁdeliter
525 4594 773 4649 obsecra.

350 4691 484 4743 Data
522 4690 773 4757 [Datum,
812 4690 862 4741 et
906 4690 981 4741 sic
1021 4688 1245 4756 semper]
1273 4687 1470 4742 Romaa
1507 4688 1724 4754 x1[tx].
1760 4688 1871 4742 Ka-

280 4780 459 4837 lendas
485 4781 638 4847 Maii,
662 4780 957 4836 indictione
969 4795 1057 4835 x1.

810 4880 1168 4936 EPISTOLA
1192 4881 1263 4935 ll.

396 4990 475 5030 AD
511 4989 822 5032 GISULFUM
854 4988 1198 5031 PBINCIPBM
1240 4986 1743 5029 εΑιΕειΝιτΑΝυιί.

879 5072 1064 5136 (Anno
1109 5065 1292 5139 1073.)

774 5162 1030 5232 Ejusdem
1056 5162 1378 5229 argumenti.

358 5256 703 5314 Gnmonms
730 5257 787 5311 in
832 5257 1145 5310 Romanum
1176 5254 1490 5325 pontiﬁcem
1518 5253 1720 5309 electus
1766 5253 1873 5309 GI-

292 5363 468 5406 sntro
493 5350 835 5407 Salernitano
862 5347 1114 5421 principi,
1141 5348 1377 5403 salutem
1405 5347 1457 5401 in
1484 5346 1701 5402 Christo
1725 5349 1877 5402 Jesu.

356 5444 622 5499 Dominus
650 5452 836 5498 noster
866 5440 1175 5497 Alexander
1202 5456 1339 5511 papa
1366 5448 1619 5495 mortuus
1648 5449 1750 5508 est,
1788 5457 1878 5496 cu-

281 5537 369 5607 jus
414 5553 566 5593 mors
601 5553 765 5609 super
811 5552 899 5592 me
928 5534 1144 5591 cedidit.
1183 5534 1397 5600 (Omnia
1432 5539 1494 5587 ut
1519 5549 1689 5605 supra
1712 5550 1880 5604 usque

288 5630 359 5686 ad
390 5632 452 5686 id
492 5631 641 5702 quod
668 5632 767 5700 ait)
810 5649 828 5681 .·
860 5631 937 5684 Te
974 5628 1153 5700 itaque
1176 5643 1275 5699 per
1304 5626 1733 5697 omnipotentem
1749 5630 1877 5683 'Do-

286 5724 499 5779 minum
542 5739 707 5796 rogo,
755 5731 816 5777 ut
858 5720 1222 5777 venerabilem
1270 5722 1493 5775 Patrem
1535 5722 1778 5776 Leonem
1824 5727 1880 5776 et

1978 3482 2164 3539 Sancti
2201 3479 2506 3537 Salvatoris
2561 3478 2858 3553 sepultura:
2910 3475 3244 3544 traderetur,
3292 3483 3449 3530 ortus
3497 3482 3583 3530 est

1978 3562 2212 3647 magnus
2240 3572 2509 3629 tumultus
2528 3570 2713 3643 populi
2744 3578 2799 3626 et
2822 3554 3100 3638 fﬁmitus,
3134 3577 3189 3625 et
3217 3569 3277 3623 in
3304 3583 3397 3624 me
3426 3567 3581 3640 quasi

1978 3668 2176 3724 vesani
2225 3667 2675 3731 insurrexerunt,
2717 3663 2793 3719 nil
2843 3662 3091 3729 dicendi,
3136 3662 3211 3717 nil
3260 3659 3583 3717 consulendi

1976 3760 2258 3818 facultatis
2285 3768 2381 3815 aut
2420 3758 2575 3831 spatii
2607 3757 3003 3829 relinquentes.
3033 3754 3297 3811 Violentis
3324 3753 3585 3810 manibus

1979 3871 2068 3911 me
2095 3856 2153 3910 in
2188 3854 2372 3910 locum
2432 3852 2717 3925 apostolici
2742 3849 3046 3922 regiminis,
3077 3850 3167 3904 cui
3207 3844 3367 3920 longe
3406 3848 3586 3920 impar

1976 3964 2123 4016 sum,
2151 3954 2469 4020 rapuerunt.
2500 3950 2578 4001 Ita
2606 3950 2752 4001 recte
2776 3959 2876 4016 ego
2898 3960 3023 3999 cum
3058 3942 3321 4015 propheta
3351 3956 3577 4013 possum

1976 4028 2211 4098 dicere:
2250 4043 2388 4098 Veni
2414 4043 2473 4094 in
2503 4039 2853 4094 altitudinem
2877 4040 3047 4092 maris
3077 4041 3127 4091 et
3165 4040 3445 4107 tempestas
3480 4035 3582 4089 de-

1976 4139 2160 4192 mersit
2217 4151 2332 4200 me;
2386 4134 2632 4187 laboravi
2689 4131 2963 4195 clamans,
3013 4145 3189 4185 raucae
3237 4131 3398 4197 factae
3455 4132 3581 4182 sunt

1977 4232 2157 4297 fauces
2195 4244 2323 4283 meae
2352 4228 2516 4293 (Psal.
2550 4228 2794 4293 vam).
2840 4223 3083 4294 Denique
3114 4226 3275 4277 timor
3304 4227 3353 4276 et
3382 4225 3579 4275 tremor

1976 4326 2233 4378 venerunt
2260 4336 2423 4391 super
2445 4336 2545 4386 me,
2579 4324 2628 4374 et
2658 4322 3008 4373 contexerant
3046 4332 3129 4371 me
3154 4315 3383 4371 tenebra:
3404 4316 3577 4382 (Psal.

1982 4415 2126 4486 LIV).
2187 4413 2296 4470 Sed
2356 4413 2482 4485 quia
2532 4411 2719 4467 multis
2775 4418 2828 4465 et
2872 4408 3086 4481 magnis
3133 4408 3276 4462 curis
3320 4405 3583 4478 fatigatus

1979 4508 2110 4565 satis
2147 4506 2355 4564 dictare
2387 4521 2622 4579 nequeo,
2668 4503 2918 4560 miserias
2959 4517 3114 4558 meas
3146 4514 3469 4556 enumerare
3494 4516 3585 4555 su-

1980 4600 2261 4675 persedeo.
2290 4604 2448 4672 Rogo
2471 4599 2650 4671 itaque
2672 4613 2767 4654 vos
2790 4612 2882 4669 per
2907 4595 3349 4666 omnipotentem
3376 4594 3579 4663 Deum,

1980 4704 2044 4751 ut
2088 4694 2442 4761 charitatem,
2490 4706 2655 4762 quam
2697 4705 2827 4760 erga
2897 4690 3218 4744 Romanam
3277 4686 3583 4743 Ecclesiam

1906 4800 1958 4861 1)
1985 4787 2231 4844 maxime
2254 4786 2357 4841 hoc
2380 4794 2651 4855 tempore,
2679 4791 2754 4849 et,
2782 4790 2843 4838 ut
2866 4781 3186 4837 meminisse
3206 4778 3439 4848 debetis,
3460 4794 3585 4853 erga

1988 4897 2079 4938 me
2106 4879 2416 4953 specialiter
2446 4894 2541 4934 vos
2568 4892 2757 4949 gerere
2786 4875 3136 4948 promisistis,
3168 4874 3431 4946 quoniam
3460 4874 3585 4947 qui-

1985 4975 2114 5031 dem
2146 4982 2386 5046 tempus,
2417 4980 2473 5027 et
2514 4987 2698 5028 rerum
2737 4969 2969 5043 qualitas
3010 4969 3126 5042 ejus
3153 4969 3317 5039 [eam]
3362 4968 3583 5039 probari

1985 5068 2225 5140 postulat
2245 5081 2395 5122 nunc
2418 5065 2641 5138 quidem
2666 5066 2720 5121 in
2751 5079 2860 5133 me,
2892 5073 2946 5119 et
2980 5063 3024 5119 si
3045 5078 3157 5118 non
3181 5062 3323 5118 meis
3353 5060 3584 5127 meritis,

1986 5162 2179 5217 saltem
2231 5175 2420 5215 amore
2475 5158 2850 5231 apostolorum
2888 5155 3178 5212 ostendere
3244 5154 3472 5222 curetis;
3532 5162 3587 5209 et

1989 5254 2366 5327 suffraganeos
2388 5269 2451 5309 ac
2473 5251 2616 5308 ﬁlios
2650 5250 2906 5307 Ecclesiae
2931 5258 3122 5306 vestrae
3149 5248 3217 5305 ad
3245 5248 3583 5304 exorandum

1987 5351 2167 5403 Deum
2197 5364 2297 5420 pro
2324 5362 2413 5403 me
2449 5345 2709 5413 invitetis,
2757 5360 2820 5400 ac
2848 5342 3271 5410 commoneatis,
3314 5349 3588 5413 quatenus

1987 5440 2056 5497 ad
2087 5439 2375 5497 ferendum
2413 5454 2573 5506 onus,
2603 5437 2749 5510 quod
2785 5436 2923 5493 mihi
2954 5437 3127 5492 invito
3164 5443 3219 5491 et
3250 5435 3405 5491 valde
3446 5436 3588 5489 relu-

1988 5534 2158 5589 ctanti
2185 5533 2505 5605 impositum
2530 5539 2634 5598 est,
2656 5530 2795 5585 vires
2823 5529 3050 5597 tribuat,
3070 5542 3298 5584 manum
3320 5527 3583 5599 porrigat,

1990 5634 2048 5683 ut
2075 5627 2118 5682 si
2150 5641 2238 5681 me
2270 5633 2450 5681 totum
2486 5627 2665 5693 [forte,
2693 5631 2895 5679 tutum.
2927 5624 3129 5679 Hann.
3157 5624 3241 5677 Ita
3284 5626 3338 5675 et
3378 5622 3585 5675 Murr-

1989 5724 2152 5789 am.)
2180 5720 2236 5774 in
2263 5727 2422 5792 portu
2448 5727 2591 5775 stare
2618 5716 2828 5786 noluit,
2857 5716 3054 5772 saltem
3085 5715 3143 5768 in
3162 5720 3279 5769 tam
3303 5714 3413 5769 alta
3438 5712 3585 5781 peri-

356 5853 503 5920 (344)
530 5850 613 5905 De
649 5845 936 5904 Desiderio
963 5846 1159 5905 abbate
1187 5848 1302 5904 Leo
1332 5844 1600 5901 Ostiensis
1627 5844 1766 5902 libro
1802 5860 1880 5904 ιιι
1918 5842 2176 5902 Cbronici
2200 5844 2413 5901 Cassin.
