4106 6182
539 250 645 301 287

531 371 652 427 cula
684 371 989 444 projectum
1024 386 1139 427 non
1171 367 1472 438 relinquat;
1501 380 1602 437 ego
1632 364 1781 420 enim
1806 363 1943 420 sicut
1973 364 2029 419 in
2067 379 2127 418 ea
2156 372 2208 431 Α

532 464 796 521 charitate
832 482 947 520 non
976 464 1099 519 ficta
1140 477 1237 517 vos
1270 458 1457 531 diligo,
1498 459 1571 513 ita
1600 459 1875 525 eamdem,
1912 467 1966 514 et
1992 474 2131 529 qua:-

531 574 744 630 cunque
777 559 891 630 ejus
926 556 1103 613 ofﬁcia
1132 562 1281 622 sunt,
1312 570 1341 609 a
1368 553 1517 608 vobis
1552 550 1922 608 indubitanter
1950 553 2128 624 exigo.

533 654 721 723 Neque
750 666 878 706 vero
906 649 1188 705 dilectioni
1234 656 1427 704 vestra:
1456 646 1813 703 dubitandum
1851 655 1953 715 est,
1995 647 2131 720 quin
2184 654 2187 663 ‘

531 746 844 799 Romanam
870 742 1189 809 Ecclesiam,
1219 751 1273 798 et
1296 758 1438 810 eam,
1470 741 1558 795 cui
1598 746 1712 797 Deo
1741 749 1962 797 auctore
1991 758 2129 813 prae-

531 835 740 904 sidetis,
776 852 839 891 ea
886 835 1207 904 concordia,
1250 843 1307 890 et
1346 842 1619 907 quantum
1667 850 1795 890 cum
1844 837 2130 891 communi

532 929 818 1001 utriusque
864 929 1075 986 honore
1122 929 1455 1000 poterimus,
1509 927 1826 983 omnimoda
1867 928 2132 986 charitate

531 1023 786 1094 copulare
822 1022 1226 1089 desideremus,
1268 1030 1330 1078 ut
1374 1022 1434 1077 in
1478 1023 1683 1078 nostris
1726 1022 1888 1078 etiam
1933 1024 2131 1079 animis

530 1131 750 1187 semper
778 1116 1074 1189 conjuncta
1107 1133 1207 1189 pax
1235 1124 1289 1171 et
1319 1116 1479 1188 plena
1498 1115 1718 1171 dilectio
1746 1126 2124 1174 connectatur.

533 1209 685 1265 Sicut
726 1210 894 1282 igitur
924 1210 1271 1281 prudentiam
1302 1218 1539 1265 vestram
1571 1208 1771 1265 hortati
1800 1226 2010 1279 sumus,
2054 1212 2129 1267 ita

532 1302 701 1358 etiam
737 1320 834 1375 per
880 1304 1150 1359 elementa
1187 1312 1375 1359 nostra
1422 1318 1525 1359 nos
1557 1304 1689 1359 velle
1722 1319 1784 1359 ac
1820 1303 2133 1362 desiderare

532 1397 867 1467 cognoscite,
900 1396 1148 1453 videlicet
1176 1405 1237 1453 ut
1265 1395 1575 1469 frequenter
1604 1397 1751 1451 inter
1791 1413 1893 1453 nos
1938 1397 2132 1470 legatis

532 1488 961 1545 discurrentibus
992 1491 1269 1559 collaetari,
1296 1498 1351 1546 et
1389 1499 1579 1547 mutua
1599 1490 1975 1547 consolatione
2003 1508 2133 1563 gau-

532 1582 659 1637 dere
682 1584 980 1653 possimus.

604 1677 745 1730 Data
790 1678 987 1733 Romae
1040 1693 1101 1733 vr
1144 1676 1425 1733 Kalendas
1465 1678 1635 1747 Maii,
1677 1677 1978 1736 indictione
2021 1697 2128 1736 un-

532 1767 764 1824 decima.

1098 1842 1446 1898 EPISTOLA
1485 1842 1579 1897 IV.

674 1965 755 2007 AD
794 1967 1150 2009 BEATBICBM
1190 1967 1516 2020 DUCISSAM,
1562 1967 1849 2022 UGONEI,
1882 1962 1986 2011 etc.

1134 2058 1315 2123 (Anno
1339 2060 1517 2122 1073).

601 2158 960 2215 Gnnoonws
980 2158 1038 2212 in
1068 2160 1388 2213 Romanum
1414 2156 1725 2228 pontiﬁcem
1751 2158 1951 2213 electus
1980 2161 2132 2215 Bs»

531 2259 699 2307 TBICI
756 2251 989 2309 ducissaa
1020 2252 1217 2322 [duci],
1269 2251 1476 2308 Ucom
1530 2250 1714 2307 abbati
1760 2252 2125 2320 Cluniacensi,

533 2347 587 2398 M
600 2362 626 2397 Α
644 2359 840 2401 mssa:
851 2344 1258 2417 archiepiscopo
1277 2344 1535 2401 Remensi
1551 2346 1681 2411 [Ad.
1709 2347 1948 2401 Suauou
1960 2350 2002 2413 ι]
2018 2347 2128 2419 regi

531 2438 849 2506 Danorum,
880 2438 1068 2495 abbati
1098 2438 1452 2494 Massiliensi.

603 2532 864 2603 Incmptis
892 2533 971 2599 [in
1007 2532 1239 2600 ceteris]
1278 2531 1503 2604 quidem
1532 2548 1560 2588 a
1591 2532 1837 2604 paribus,
1868 2532 1963 2589 sed
1986 2534 2128 2589 circa

532 2626 699 2680 linem
723 2626 948 2698 singulis
972 2626 1214 2698 epistolis
1231 2626 1387 2697 juxta
1413 2626 1661 2682 locorum
1687 2635 1740 2683 et
1766 2642 2127 2698 personarum

530 2720 960 2789 competentiam
995 2719 1449 2790 discrepantibus.

604 2814 739 2867 Data
790 2815 988 2869 Romae
1031 2829 1094 2869 1v
1126 2813 1405 2870 Kalendas
1456 2814 1622 2883 Maii,
1672 2814 1975 2872 indictione
2028 2834 2133 2873 un-

530 2904 761 2961 decima.

1102 3003 1454 3057 EPISTOLA
1497 3004 1565 3056 V.

679 3125 759 3165 AD
784 3124 1132 3166 BAINBBIUM
1161 3126 1589 3167 FLOBENTINUM
1622 3126 1981 3167 BPISCOPUI.

1117 3210 1298 3270 (Anno
1332 3203 1511 3273 1073.)

537 3306 788 3375 Praecipit
816 3312 890 3379 fut
918 3307 1102 3368 vidua,
1154 3324 1273 3379 qua:
1302 3310 1689 3374 consanguineo
1718 3324 1810 3363 suo
1850 3315 2130 3379 nupserat,

793 3378 944 3432 donis
973 3384 1024 3432 et
1050 3379 1171 3434 dote
1200 3378 1268 3431 ab
1289 3395 1344 3433 eo
1366 3380 1565 3433 relictis
1588 3381 1865 3449 privetur.

605 3480 953 3538 Gnsoonms
983 3482 1033 3537 in
1061 3485 1379 3538 Romanum
1412 3481 1728 3555 pontiﬁcem
1755 3483 1955 3539 electus
1978 3487 2129 3540 Ru-

538 3588 721 3631 NEBIO
783 3576 1104 3632 Florentino
1170 3577 1460 3647 episcopo,
1512 3576 1749 3632 salutem
1805 3577 1860 3632 in
1910 3576 2129 3634 Christo

534 3669 565 3719 J
570 3681 664 3721 esu
673 3708 685 3720 .

606 3761 969 3816 Prwsentium
1022 3762 1260 3832 portitor
1317 3762 1540 3833 apicum
1582 3763 1785 3819 nostris
1836 3764 2134 3819 insinuavit

533 3852 756 3907 auribus
786 3852 1011 3908 fratrem
1055 3870 1238 3922 suum,
1278 3863 1469 3910 contra
1509 3854 1751 3911 divinum
1782 3857 1896 3927 jus,
1937 3867 2127 3913 contra

535 3952 854 4000 sanctorum
884 3949 1116 4002 Patrum
1165 3946 1484 4003 institutum
1504 3989 1519 4014 ,
1551 3950 1975 4020 consanguinea:
2017 3966 2130 4006 sua:

532 4036 790 4092 thalamis
832 4039 1147 4107 adhaesisse,
1186 4041 1470 4096 canonicis
1507 4040 1835 4097 Florentiuae
1873 4044 2130 4099 Ecclesiae

534 4146 601 4185 ne
649 4129 752 4185 hoc
779 4130 994 4188 facinus
1030 4140 1371 4204 perpetraret
1410 4133 1831 4204 prohibentibus
1871 4151 1997 4192 eum
2042 4153 2133 4192 ca-

534 4223 751 4278 nonice.
784 4225 904 4293 Quo
934 4225 1078 4281 viam
1115 4226 1383 4282 universae
1410 4228 1593 4282 carnis
1632 4227 1898 4300 ingresso,
1942 4231 2130 4285 relicta

534 4315 680 4371 illius
718 4319 1123 4391 consanguinea
1164 4305 1374 4375 scilicet
1413 4337 1541 4376 cum
1584 4320 1733 4377 dono
1771 4332 1934 4395 atque
1974 4322 2125 4391 dote,

533 4426 699 4481 quam
728 4410 927 4483 injuria
949 4412 1262 4468 divinarum
1293 4430 1393 4469 nec
1422 4430 1535 4469 non
1566 4423 1619 4469 et
1651 4414 2011 4471 humanarum
2046 4416 2127 4471 le-

1226 246 1282 300 S.
1325 240 1645 297 GBEGORII
1685 240 1774 295 VII
1811 240 2005 295 ΡΑΡᾸΞ
2044 240 2317 296 OPERUM
2354 240 2527 296 PARS
2566 241 2605 297 l.
2648 271 2719 282 —
2754 240 3155 296 REGISTRUM.

3732 242 3837 297 288

2790 366 3149 421 EPISTOLA
3190 366 3278 420 VI.

2241 477 2321 517 AD
2372 476 2697 521 GIBALDUH
2737 475 3075 517 οετιεηςιω
3130 472 3502 529 EPISCOPUM,
3543 474 3614 517 ΕΤ
3651 474 3836 517 BA“!-

2647 566 2908 607 BALDUM
2945 564 3407 608 SUBDIACONUM.

2880 645 3057 715 (Anno
3104 649 3282 712 1073.)

2242 746 2499 812 Legatum
2527 743 2719 809 mittit,
2762 744 2860 812 qui
2889 744 2961 796 eis
3000 740 3309 796 Alexandri
3346 741 3546 795 obitum
3594 745 3644 795 et
3684 755 3841 795 suam

2312 816 2609 869 electionem
2647 819 2853 868 narret.
2887 815 3064 868 Monet
3094 819 3156 866 ut
3182 813 3464 866 monachos
3513 816 3564 866 et
3594 812 3842 866 abbatem

2313 888 2707 942 Cluniacensem
2751 885 2825 938 ad
2848 900 3034 954 pacem
3073 887 3306 953 ﬂectant.
3348 886 3419 939 Et
3448 885 3497 937 si
3553 899 3717 937 comes
3775 884 3844 938 de

2312 962 2483 1026 Rocyo
2523 959 2747 1024 [Roceio]
2768 996 2782 1022 ,
2820 959 2958 1010 sicut
2992 958 3104 1025 ipse
3122 957 3388 1025 jusserat,
3412 956 3473 1025 in
3522 957 3842 1025 Hispaniam

2312 1045 2415 1083 non
2460 1031 2635 1095 fuerit
2677 1033 2863 1081 contra
2896 1043 3142 1098 paganos
3180 1028 3475 1097 profectus,
3529 1027 3611 1080 vel
3655 1029 3706 1080 si
3739 1028 3846 1080 alii

2305 1103 2578 1171 principes
2613 1101 2742 1152 illuc
2772 1106 2958 1154 contra
3004 1098 3209 1152 eosdem
3237 1099 3502 1171 proﬁcisci
3527 1098 3720 1159 velint,
3762 1098 3839 1151 le-

2312 1168 2539 1241 gatus'a
2580 1186 2632 1225 se
2658 1174 2854 1225 missus
2896 1172 3021 1224 illuc
3058 1171 3261 1225 tendat.
3302 1168 3531 1224 Tandem
3561 1174 3734 1224 monet
3780 1174 3843 1223 ut

2312 1246 2711 1314 quamprimum
2737 1242 2983 1296 redeant.

2313 1340 2668 1395 Gnaoonws
2694 1337 2746 1391 in
2786 1339 3109 1392 Romanum
3139 1334 3456 1405 pontiﬁcem
3487 1333 3693 1390 electus
3740 1335 3845 1390 GI-

2242 1447 2446 1489 RALDO
2478 1431 2690 1489 Ostieni
2721 1431 2972 1502 episcopo
2999 1438 3053 1484 et
3086 1432 3465 1484 Rumnxnoo
3488 1427 3841 1493 subdiacono,

2241 1526 2292 1581 in
2324 1526 2587 1599 legatione
2617 1523 2809 1582 Gallia:
2850 1523 3184 1591 constitutis,
3216 1522 3451 1579 salutem
3500 1523 3553 1577 in
3592 1521 3838 1579 Domino

2239 1622 2269 1674 J
2274 1637 2368 1675 esu
2400 1619 2639 1676 Christo.

2167 1730 2213 1792 Β
2304 1718 2611 1770 Rumorem
2643 1713 2825 1769 obitus
2865 1712 3069 1768 domini
3112 1711 3286 1767 nostri
3330 1709 3623 1767 Alexandri
3664 1725 3840 1782 papa},

2242 1808 2334 1881 qui
2364 1823 2429 1864 χι
2461 1807 2735 1863 Kalendas
2765 1806 2889 1863 Maii
2923 1804 3169 1877 spiritum
3201 1808 3317 1860 Deo
3347 1803 3608 1871 reddidit,
3646 1812 3703 1860 et
3738 1820 3843 1859 no-

2240 1910 2366 1959 stra
2396 1902 2751 1973 promotionis
2780 1900 2978 1956 famam
2999 1899 3118 1970 jam
3157 1897 3227 1954 ad
3260 1913 3357 1953 vos
3387 1898 3694 1970 pervenisse
3725 1914 3843 1953 cre-

2240 1996 2446 2063 dimus,
2497 1995 2591 2051 sed
2633 1994 2822 2050 eadem
2862 1994 3018 2065 plene
3062 2008 3160 2048 vos
3200 2007 3525 2065 cognoscere
3566 1992 3843 2063 cupientes

2239 2090 2305 2145 ad
2342 2090 2642 2145 certissima
2686 2104 2880 2163 eorum
2930 2087 3129 2143 indicia
3175 2087 3445 2159 aptiorem
3500 2085 3605 2142 hoc
3642 2085 3841 2142 dilecto

2239 2183 2349 2239 filio
2391 2192 2443 2238 et
2477 2182 2732 2239 cardinali
2781 2189 2982 2237 sancta“:
3026 2184 3293 2236 Romanae
3322 2180 3578 2235 Ecclesia:
3625 2180 3845 2252 presby-

2237 2286 2385 2345 tero,
2434 2277 2525 2347 qui
2572 2275 2840 2331 ambobus
2883 2272 3157 2343 interfuit,
3209 2275 3267 2329 in
3308 2282 3487 2345 partes
3541 2274 3661 2328 illas
3710 2273 3839 2327 mit-

2237 2370 2467 2426 tendum
2518 2380 2835 2425 nostrorum
2892 2369 3115 2424 nomine
3166 2369 3486 2436 [neminem
3541 2370 3624 2423 Ita
3667 2373 3716 2421 et
3782 2371 3841 2422 in

2237 2467 2483 2532 Murum]
2542 2464 2923 2536 judicavimus.
2972 2466 3159 2533 Itaque
3213 2460 3341 2533 quid
3389 2469 3442 2517 et
3489 2460 3719 2533 qualiter
3773 2460 3843 2516 de

2236 2567 2468 2629 utroque
2510 2556 2717 2613 factum
2753 2557 2825 2612 sit
2864 2572 2957 2629 per
3002 2555 3145 2611 hunc
3183 2570 3332 2611 mera
3384 2555 3607 2610 veritate
3654 2569 3842 2625 perco-

2234 2653 2405 2723 gnita,
2436 2661 2494 2707 ut
2528 2651 2799 2707 orationes
2824 2650 2892 2706 ad
2924 2655 3099 2706 Deum
3135 2648 3250 2704 ﬁeri
3282 2648 3511 2705 sollicite
3543 2648 3842 2720 procuretis

2234 2746 2551 2802 charitatem
2605 2754 2837 2801 vestram
2909 2745 3061 2800 valde
3116 2758 3404 2813 rogamus,
3464 2750 3731 2814 quatenus
3786 2751 3842 2798 et

2245 2841 2390 2896 illius
2417 2842 2661 2895 animam
2702 2838 2769 2894 ad
2801 2838 2993 2911 gaudia
3022 2846 3223 2895 aeterna
3266 2835 3617 2892 beatitudinis
3657 2845 3837 2892 trans-

2242 2933 2379 2989 ferat
2419 2942 2473 2989 et
2508 2934 2667 2989 nobis
2699 2934 2765 2989 ad
2809 2931 3094 2988 ferendum
3126 2947 3271 2986 onus
3321 2931 3637 3001 impositum
3682 2931 3839 2985 auxi-

2244 3028 2373 3083 lium
2408 3043 2520 3083 sua:
2558 3027 2925 3083 miserationis
2982 3026 3276 3096 impendat.
3336 3025 3477 3094 Quia
3527 3039 3650 3079 vero
3694 3022 3842 3079 hunc

2161 3129 2205 3191 (ζ
2238 3120 2567 3177 confratrem
2612 3130 2890 3204 nostrum,
2925 3119 3166 3174 videlicet
3201 3121 3463 3190 Ugonem
3503 3121 3843 3188 [Hugonem]

2239 3214 2565 3282 Candidum,
2614 3216 2671 3270 in
2704 3224 2881 3286 partes
2926 3214 3041 3269 illas
3084 3212 3245 3286 dirigi
3296 3221 3510 3281 tempus
3553 3216 3605 3265 et
3652 3226 3841 3271 rerum

2239 3309 2601 3380 competentia
2650 3308 2951 3379 postulasse
2997 3306 3305 3372 videbatur,
3356 3303 3694 3376 prudentiam
3745 3320 3838 3359 ve-

2238 3412 2409 3459 stram
2461 3402 2685 3457 omnino
2738 3409 3017 3457 exoratam
3067 3415 3185 3456 esse
3239 3398 3517 3465 volumus,
3551 3396 3843 3471 quatenus

2238 3497 2493 3568 I'gonem
2519 3498 2856 3568 [Hugoneml
2881 3494 3291 3552 Cluniacensem
3312 3492 3562 3546 abbatem
3588 3500 3641 3546 et
3664 3500 3840 3547 totam

2236 3590 2711 3663 congregationem
2743 3587 2972 3644 fratrum
3019 3588 3088 3643 ita
3135 3586 3203 3642 ad
3253 3601 3445 3659 pacem
3475 3592 3532 3639 et
3574 3585 3840 3657 integram

2238 3682 2396 3754 hujus
2448 3682 2790 3739 dilectionem
2832 3682 3048 3737 ﬂectere
3094 3688 3149 3735 et
3202 3679 3532 3752 conjungere
3582 3678 3842 3734 studeatis

2240 3784 2299 3831 ut
2343 3776 2628 3832 auxiliante
2681 3780 2796 3832 Deo
2846 3774 2980 3829 nihil
3026 3774 3082 3828 in
3128 3788 3316 3828 eorum
3368 3772 3641 3827 mentibus
3690 3772 3841 3844 quod

2238 3868 2508 3937 invisum,
2557 3878 2653 3925 aut
2693 3868 3047 3924 dissensionis
3092 3867 3237 3921 nube
3295 3867 3367 3921 sit
3414 3866 3690 3922 obtectum
3750 3882 3838 3922 re.

2238 3962 2515 4033 linquatis.
2546 3966 2685 4019 Nam
2715 3971 2770 4019 et
2804 3962 2913 4029 hic,
2943 3960 3155 4032 abjecto
3193 3960 3339 4016 omni
3366 3960 3589 4016 arbitrio
3615 3976 3734 4026 suo,
3768 3962 3840 4017 ad

2237 4072 2333 4112 cor
2370 4065 2618 4113 nostrum
2659 4064 2956 4126 nostraque
2998 4054 3222 4111 consilia
3262 4053 3503 4123 rediens,
3543 4054 3597 4109 in
3644 4052 3841 4110 eodem

2238 4166 2398 4205 sensu
2440 4150 2741 4222 eademque
2773 4149 3049 4205 voluntate
3102 4163 3165 4202 ac
3195 4148 3374 4202 studio
3411 4146 3567 4202 nobis
3598 4156 3679 4203 est
3702 4163 3842 4203 con-

2236 4259 2440 4310 nexus;
2471 4252 2524 4299 et
2537 4260 2601 4299 ea
2625 4259 2748 4315 quas
2768 4241 2995 4298 antehac
3024 4240 3124 4297 sibi
3151 4239 3403 4311 imposita
3443 4250 3591 4307 sunt,
3624 4241 3841 4297 vivente

2238 4336 2415 4391 adhuc
2444 4335 2671 4393 domino
2700 4344 2890 4392 nostro
2922 4351 3079 4407 papa,
3107 4350 3167 4389 ex
3199 4334 3427 4389 aliorum
3456 4333 3648 4405 magis,
3673 4349 3842 4404 quam

2236 4444 2299 4484 ex
2341 4429 2508 4496 [deest
2546 4446 2609 4485 ex
2653 4434 2709 4485 in
2748 4434 2899 4485 Rom.
2937 4430 3070 4497 edit]
3103 4428 3216 4499 ejus
3245 4428 3401 4498 culpa
3439 4428 3705 4499 prodiisse
3740 4444 3842 4485 co-

534 4519 664 4575 δυσὶ
711 4515 794 4561 θεῖ
846 4506 1009 4561 verita
1053 4506 1354 4579 suseipel‘e:
1408 4507 1479 4563 ad
1535 4508 1761 4563 alterius
1801 4510 1901 4563 νίτί
1946 4518 2124 4565 torum
2158 4523 2204 4585 D
2235 4521 2542 4594 gnovimus.
2581 4527 2843 4579 Praeterea
2870 4522 2989 4579 haec
3018 4522 3331 4576 meminisse
3362 4520 3574 4577 debetis
3612 4520 3759 4593 quod
3785 4522 3843 4578 in

533 4595 774 4668 disponit
837 4600 1254 4672 transmigrare,
1319 4617 1446 4656 cum
1509 4602 1690 4672 potius
1762 4604 1935 4657 scelus
1983 4604 2129 4674 quod

532 4690 812 4745 commisit
836 4701 1099 4763 perpetuo
1137 4702 1415 4765 oporteret
1443 4710 1565 4749 eam
1604 4695 1753 4750 ﬂere.
1784 4697 1903 4751 Tua
1944 4696 2129 4768 itaque

532 4779 845 4838 fraternitas
873 4787 1363 4858 consanguinitatis
1390 4788 1587 4843 lineam
1613 4804 1642 4843 a
1668 4789 1973 4861 majoribus
1993 4798 2127 4845 natu

532 4875 775 4946 ejusdem
805 4875 905 4931 loci
935 4877 1215 4949 diligenter
1245 4880 1512 4951 inquirat;
1556 4897 1725 4952 quam
1763 4883 1805 4937 si
1851 4881 1991 4937 inter
2030 4882 2123 4937 de-

531 4966 780 5024 functum
839 4970 1014 5025 virum
1044 4972 1399 5043 eamdemque
1442 4973 1612 5027 vivam
1656 4975 1941 5030 mulierem
1979 4977 2126 5031 inve-

530 5063 709 5128 nerit,
762 5062 831 5119 ad
874 5064 1105 5120 aliarum
1142 5066 1454 5138 exemplum
1488 5066 1559 5119 ita
1606 5067 1820 5123 studeat
1871 5070 2127 5125 canonica

532 5156 849 5212 auctoritate
878 5157 1065 5212 omnia
1107 5158 1695 5227 dotalialinstrumenta
1736 5175 1945 5217 cassare
1974 5170 2028 5216 et
2059 5162 2127 5218 ad

532 5246 763 5304 nihilum
799 5249 1067 5322 redigere,
1099 5267 1167 5306 ne
1209 5251 1275 5307 de
1302 5251 1482 5307 illicito
1513 5251 1661 5322 quod
1689 5255 1957 5310 contraxit
1995 5271 2126 5311 con-

525 5341 677 5413 jugio
720 5342 956 5414 aliquam
995 5344 1305 5400 mercedem
1350 5344 1592 5417 recipiat,
1635 5362 1739 5417 qua
1783 5346 1950 5403 laetari
2001 5364 2127 5420 pos-

531 5434 602 5489 sit
650 5434 703 5489 in
756 5445 1050 5506 posterum.
1083 5436 1231 5494 Sicut
1266 5455 1365 5495 nos
1394 5439 1566 5511 diligis
1587 5482 1602 5508 ,
1660 5440 1733 5497 ita
1784 5449 1986 5497 nostra:
2008 5442 2125 5514 jus-

530 5527 702 5583 sionis
767 5529 1027 5599 primitias
1092 5531 1161 5587 ad
1234 5532 1493 5589 effectum
1548 5534 1844 5607 perducere
1902 5543 1991 5591 tua
2058 5552 2127 5592 ne

530 5620 741 5677 insistat
764 5621 1020 5679 charitas.

606 5718 745 5770 Data
793 5719 987 5773 Romae
1037 5733 1111 5774 ιιι
1158 5719 1433 5776 Kalendas
1487 5722 1646 5790 Maii,
1694 5723 1984 5780 indictione
2023 5741 2123 5781 un-

536 5805 770 5865 decima.

2238 4615 2429 4670 litteris
2458 4614 2665 4671 domini
2695 4615 2863 4671 nostri
2905 4615 3077 4671 beatas
3113 4614 3393 4670 memoriae
3438 4614 3747 4680 Alexandri,
3784 4624 3846 4671 et

2237 4717 2421 4764 nostra
2451 4725 2668 4780 quoque
2698 4709 2961 4780 legatione
3006 4708 3141 4763 orati
3190 4716 3243 4763 et
3271 4708 3601 4763 commoniti
3631 4706 3845 4777 fuistis,

2239 4810 2508 4872 quatenus
2537 4818 2712 4857 causa:
2742 4802 2895 4857 Evuli
2927 4801 3124 4869 [Eboli.
3160 4804 3388 4857 MUTIN.
3419 4802 3586 4869 Evoli]
3615 4801 3845 4857 comitis

2239 4894 2305 4950 de
2332 4895 2536 4951 Roceio
2568 4910 2661 4966 per
2685 4910 2803 4963 vos,
2828 4904 2883 4950 et
2910 4911 3002 4967 per
3032 4894 3373 4950 antedictum
3412 4895 3665 4950 abbatem
3688 4894 3846 4951 favo-

2239 5004 2354 5043 rem
2397 4988 2594 5044 addere
2634 4989 2984 5056 insisteretis;
3016 4998 3071 5044 et
3116 4990 3337 5062 cognita
3384 4990 3631 5061 pactione
3669 5005 3844 5060 quam

2238 5080 2524 5137 nobiscum
2552 5081 2619 5138 de
2656 5090 2796 5138 terra
2828 5082 3109 5154 Hispaniae
3138 5084 3343 5156 pepigit
3371 5082 3427 5137 in
3457 5082 3657 5154 scripto
3688 5084 3841 5154 quod

2239 5173 2342 5229 sibi
2383 5174 2648 5244 dedimus,
2701 5192 2808 5231 una
2838 5192 2964 5231 cum
2992 5176 3222 5232 consilio
3252 5175 3484 5245 abbatis,
3520 5176 3654 5232 tales
3708 5177 3842 5235 illuc

2238 5284 2495 5338 personas
2543 5268 2697 5342 dirigi
2732 5270 3096 5340 procuraretis
3135 5270 3229 5341 qui
3287 5278 3341 5325 et
3385 5285 3628 5325 errorem
3675 5270 3839 5327 Chri-

2236 5360 2536 5417 stianorum
2583 5362 2678 5434 qui
2718 5362 2791 5416 ibi
2837 5365 3181 5435 reperiuntur
3222 5363 3279 5416 in
3321 5362 3688 5433 spiritualibus
3717 5380 3841 5421 cor-

2235 5453 2405 5525 rigere
2465 5463 2747 5526 saperent,
2799 5464 2855 5510 et
2902 5456 2958 5510 in
3023 5454 3372 5527 exquirendis
3418 5458 3593 5513 causis
3649 5459 3840 5514 Sancti

2235 5548 2375 5601 Petri
2403 5548 2553 5620 juxta
2597 5557 2843 5604 tenorem
2874 5549 3155 5620 pactionis,
3187 5549 3233 5605 si
3276 5564 3365 5605 res
3394 5552 3529 5606 bene
3569 5549 3837 5622 procede-

2233 5647 2338 5707 ret,
2369 5648 2452 5695 sat
2479 5639 2663 5697 idonei
2692 5640 2892 5698 forent.
2922 5642 3081 5713 Quod
3110 5643 3154 5697 si
3194 5643 3269 5698 ita
3298 5643 3505 5699 factum
3528 5651 3629 5707 est.
3673 5643 3863 5713 nobis,

2236 5732 2472 5786 multum
2529 5734 2734 5804 placet;
2787 5735 2872 5790 sin
2922 5752 3047 5790 vero
3095 5735 3275 5791 adhuc
3319 5736 3496 5806 aliqua
3547 5735 3840 5791 occasione

2234 5826 2665 5893 praetermissum
2696 5837 2799 5896 est,
2830 5837 2923 5883 aut
2950 5833 3113 5884 etlam
3145 5829 3191 5884 si
3219 5827 3408 5885 eadem
3436 5829 3726 5885 conventio
3765 5830 3835 5885 ab
