4106 6182
237 282 336 334 289

1376 280 1575 334 LIBER
1612 278 1874 335 PRIMUS.
1916 307 1985 320 -—
2025 279 2233 335 EPIST.
2276 281 2406 336 Vill.

3434 291 3539 342 290

236 402 351 457 aliis
375 400 704 473 quibusdam
735 400 1065 473 principibus
1093 417 1228 474 quos
1254 402 1309 458 in
1339 402 1590 459 eamdem
1619 411 1827 476 partem
1856 407 1909 469 Α
1938 412 2113 460 strum
2139 404 2241 461 sibi
2271 404 2554 461 adliarere
2581 404 2839 473 voluerit,
2869 404 3020 461 omni
3043 406 3318 463 charitatis
3338 407 3540 467 affectu

234 511 480 551 seorsum
527 495 596 550 ab
654 494 827 551 Evulo
874 496 986 551 suis
1026 496 1192 567 copiis
1244 496 1417 553 ituros
1467 497 1829 554 intelleximus

234 589 475 645 nondum
506 589 769 661 exquisita
795 598 894 658 est,
943 589 1193 646 volumus
1222 597 1283 645 ut
1310 607 1433 646 cum
1482 600 1661 647 vestro
1707 608 1827 648 con-

234 683 345 739 silio
396 692 453 738 et
504 684 715 738 abbatis
778 686 938 756 Hugo
990 684 1274 740 cardinalis
1323 684 1446 741 illuc
1502 686 1717 753 tendat,
1773 694 1829 741 et

232 792 447 849 aquam
477 776 548 831 ab
578 777 829 832 omnibus
860 794 923 833 ex
959 786 1108 851 parte
1132 778 1312 835 Sancti
1346 779 1486 835 Petri
1524 780 1828 852 pactionem

232 880 281 926 et
306 870 553 926 debitum
596 871 791 941 exigat.
841 874 951 927 Vos
977 881 1158 927 autem
1209 889 1270 928 ex
1318 882 1505 929 nostra
1548 882 1697 945 parte
1738 890 1825 929 ro-

231 972 350 1035 gate
378 964 635 1019 abbatem
686 972 745 1019 ut
789 965 926 1019 tales
948 964 1045 1020 sibi
1094 966 1355 1038 adjungat
1378 967 1469 1037 qui
1499 982 1625 1022 eum
1656 967 1826 1023 comi-

229 1065 435 1123 tentur,
467 1072 705 1129 quorum
735 1058 958 1113 consilio
988 1066 1042 1113 et
1075 1058 1343 1129 adjutorio
1375 1060 1475 1115 iter
1503 1069 1558 1116 et
1583 1060 1826 1116 laborem

229 1152 378 1206 illum
416 1150 741 1206 ﬁducialiter
769 1151 983 1224 aggredi
1019 1153 1223 1223 possit,
1259 1153 1526 1224 legatione
1552 1162 1734 1209 tamen
1772 1154 1825 1209 in

226 1260 289 1300 eo
318 1244 685 1316 principaliter
736 1245 929 1315 posita.
974 1249 1141 1301 Extra
1183 1247 1499 1317 Hispaniam
1545 1262 1672 1302 vero
1703 1248 1824 1302 nul-

226 1339 327 1393 lius
354 1352 598 1409 unquam
647 1338 848 1410 publici
886 1354 1070 1394 rerum
1106 1340 1594 1396 ecclesiasticarum
1625 1340 1826 1413 negotii

228 1433 339 1487 sine
377 1440 561 1488 vestro
586 1447 884 1499 consensu,
906 1432 1144 1504 quandiu
1168 1449 1263 1489 vos
1292 1433 1345 1488 in
1378 1434 1549 1491 Gallia
1583 1434 1823 1500 fueritis,

226 1526 497 1581 licentiam
537 1525 637 1580 sibi
695 1525 947 1581 dedimus
983 1525 1231 1582 faciendi.
1268 1529 1538 1584 Caterum
1568 1527 1636 1583 de
1672 1544 1825 1583 mora

228 1628 421 1675 vestra
471 1619 796 1675 reversionis
842 1620 997 1676 valde
1047 1620 1310 1676 miramur
1352 1622 1653 1692 praesertim
1698 1637 1824 1677 cum

226 1715 339 1784 jam
376 1713 555 1769 redire
603 1713 955 1782 commoniti,
989 1713 1044 1767 in
1083 1721 1230 1769 tanta
1276 1714 1438 1769 vestri
1484 1713 1685 1770 reditus
1731 1730 1829 1771 ex-

1934 499 2301 555 commonitus
2339 514 2462 571 erga
2498 498 2765 555 honorem
2818 500 2989 555 sancti
3032 501 3175 556 Petri
3209 502 3374 558 talem
3424 504 3544 559 ani-

1936 608 2092 647 mum
2121 601 2298 665 gerat,
2340 601 2404 648 ut
2431 593 2498 647 ab
2523 608 2587 648 eo
2617 601 2671 648 et
2702 592 3023 649 munitionis
3054 595 3249 650 auxilia
3300 596 3354 651 in
3407 597 3544 669 peri-

1938 685 2071 741 culis
2117 693 2171 740 et
2196 686 2384 741 merita
2432 686 2713 742 ﬁdelitatis
2762 686 2980 757 pramia
3032 703 3255 744 securus
3291 690 3536 761 accipiat.

1936 778 1989 833 Si
2030 786 2215 834 autem
2248 779 2409 851 aliqui
2449 795 2513 834 ex
2552 780 2707 835 vobis
2751 796 2997 835 seorsum
3049 781 3117 836 ab
3173 780 3262 837 illo
3313 784 3543 855 propriis

1936 873 2103 944 copiis
2130 873 2380 928 eamdem
2414 881 2617 928 terram
2647 872 2823 945 aliqua
2855 874 2907 930 in
2945 881 3105 945 parte
3138 875 3343 932 intrare
3391 893 3545 948 para-

1938 966 2147 1030 verint,
2172 965 2329 1021 decet
2377 972 2439 1021 ut
2476 966 2685 1021 militia
2714 982 2935 1021 causam
2970 983 3032 1022 ex
3064 968 3231 1023 animi
3260 968 3544 1027 devotione

1937 1074 2102 1130 quam
2136 1059 2506 1131 justissimam
2544 1060 2648 1115 sibi
2705 1069 3033 1131 proponant,
3059 1061 3178 1132 jam
3211 1079 3356 1119 nunc
3387 1064 3535 1120 omni

1937 1162 2064 1209 voto
2091 1154 2460 1226 concipientes
2501 1162 2557 1209 et
2594 1170 2660 1209 ex
2705 1153 2871 1209 corde
2911 1162 3211 1211 statuentes
3248 1170 3352 1229 ne,
3386 1167 3541 1230 capta

1936 1255 2104 1316 terra,
2155 1247 2370 1303 easdem
2411 1263 2545 1318 quas
2587 1248 2661 1302 illi
2709 1247 2801 1319 qui
2832 1264 2977 1303 nunc
3006 1251 3185 1303 Deum
3233 1249 3545 1321 ignorantes

1936 1356 2057 1397 eam
2102 1349 2371 1413 occupant
2415 1340 2638 1412 injurias
2690 1350 2880 1397 sancto
2923 1345 3084 1397 Petro
3156 1341 3381 1401 iaciant.
3420 1346 3540 1399 Hoc

1938 1433 2083 1489 enim
2155 1434 2431 1490 neminem
2484 1443 2724 1490 vestrum
2788 1435 3041 1506 ignorare
3084 1435 3357 1491 volumus.
3396 1452 3537 1509 quo—

1937 1527 2110 1592 niam,
2150 1527 2250 1583 nisi
2295 1542 2455 1598 aqua
2503 1527 2745 1599 pactione
2793 1526 3129 1599 persolvendi
3176 1526 3311 1599 iuris
3360 1529 3545 1585 Sancti

1938 1621 2079 1676 Petri
2109 1622 2161 1675 in
2205 1637 2436 1693 regnum
2468 1620 2598 1677 illud
2623 1620 3053 1677 animadvertere
3080 1621 3415 1689 statueritis,
3441 1638 3541 1693 ρος

1942 1712 2047 1769 tius
2091 1714 2247 1770 vobis
2290 1715 2585 1785 apostolica
2617 1714 2981 1781 auctoritate,
3036 1730 3104 1769 ne
3138 1714 3265 1771 illuc
3309 1714 3544 1773 tendatis

228 1806 559 1877 spectatione
608 1823 678 1863 ne
711 1823 991 1863 morarum
1021 1807 1240 1879 quidem
1268 1808 1427 1864 nobis
1469 1824 1658 1864 causas
1698 1808 1837 1864 indi-
1870 1795 1917 1856 Β
1947 1806 2346 1874 interdicendo,
2380 1807 2814 1864 contral'eremur
2862 1824 3027 1878 quam
3070 1816 3259 1864 sancta
3318 1816 3373 1864 et
3417 1810 3545 1865 uni-

229 1902 408 1957 castis.
459 1900 624 1957 Unde
673 1900 1021 1957 dilectionem
1069 1911 1307 1957 vestram
1370 1902 1731 1958 admonemus
1779 1911 1836 1959 ut

229 1995 546 2068 quantocius
577 1994 791 2066 possitis
830 1994 895 2050 ad
925 2011 1025 2051 nos
1070 1995 1416 2052 revertamini
1436 2037 1454 2065 ,
1485 1986 1752 2068 quatenus
1782 2004 1838 2052 et

228 2089 354 2160 quid
382 2088 597 2161 egeritis
626 2104 1049 2161 cognoscamus,
1074 2098 1130 2145 et
1171 2090 1238 2146 de
1264 2098 1464 2146 caetero
1511 2090 1835 2159 consultius,

227 2181 518 2256 adjuvante
570 2185 690 2238 Deo
735 2191 969 2239 statuere
1005 2183 1295 2239 valeamus.
1335 2187 1540 2240 Prater
1566 2183 1688 2240 hac
1718 2184 1834 2256 jam

226 2292 365 2349 sape
408 2285 781 2333 memoratum
830 2276 1084 2333 abbatem
1131 2278 1434 2350 specialiter
1495 2277 1840 2334 commoneri

229 2378 279 2424 et
321 2370 623 2441 plurimum
666 2386 698 2425 a
746 2370 900 2426 vobis
943 2370 1055 2425 vice
1096 2380 1283 2427 nostra
1334 2371 1546 2427 exorari
1591 2370 1838 2443 cupimus

227 2472 490 2534 quatenus
516 2463 835 2520 charitatem
872 2480 1034 2536 quam
1076 2463 1347 2521 hactenus
1393 2465 1447 2520 in
1506 2481 1608 2521 nos
1650 2464 1839 2520 habuit

228 2572 389 2623 nunc,
418 2573 548 2613 cum
599 2558 835 2613 maxime
884 2574 1020 2629 opus
1048 2566 1149 2625 est,
1191 2558 1461 2615 indefessa
1509 2557 1838 2615 exhibitione

230 2650 487 2715 conferat,
521 2660 577 2707 et
607 2651 980 2707 inﬁrmitatem
1018 2660 1269 2708 nostram
1310 2651 1422 2708 suis
1475 2660 1529 2709 et
1556 2652 1835 2708 sanctissi-

230 2761 333 2802 ma
357 2745 796 2818 congregationis
821 2761 933 2801 sua
980 2745 1316 2802 orationibus
1360 2754 1510 2802 tanto
1556 2745 1838 2802 subnixius

230 2838 479 2910 adjuvare
504 2839 723 2894 studeat
741 2847 946 2911 quanto
984 2838 1417 2895 imbecillitatem
1450 2847 1694 2895 nostram
1735 2838 1837 2895 sub

234 2932 572 2989 accumulato
601 2931 840 3003 pondere
868 2932 1082 3005 gravius
1100 2933 1269 3004 premi
1292 2948 1402 2988 non
1426 2932 1657 3004 ignorat.

298 3030 440 3083 Data
485 3028 689 3081 Roma
734 3025 972 3082 secundo
1026 3025 1306 3083 Kalendas
1355 3025 1512 3095 Maii,
1544 3026 1837 3083 indictione

234 3119 539 3175 undecima.

806 3214 1155 3270 EPISTOLA
1172 3216 1288 3269 VII.

622 3331 704 3372 AD
734 3330 1068 3373 PBINCIPBS
1093 3330 1436 3372 HISPANIA-1.

835 3418 1016 3505 (anno
1047 3413 1227 3484 1073.)

237 3517 509 3584 Signiﬁcat
538 3516 723 3570 comiti
768 3516 835 3570 de
874 3518 1060 3571 Roceio
1109 3517 1205 3569 sub
1254 3515 1488 3585 quadam
1534 3517 1829 3570 conditione

301 3602 418 3640 eam
475 3589 747 3657 Hispania:
789 3592 1003 3656 partem
1048 3590 1389 3649 concessisse,
1418 3602 1579 3655 quam
1602 3603 1635 3641 a
1671 3590 1831 3643 Sara-

302 3674 548 3712 cenorum
576 3660 826 3713 manibus
846 3662 1093 3727 eriperet.
1124 3660 1362 3713 Prohibet
1392 3660 1527 3713 alios
1557 3661 1829 3729 principes

304 3732 355 3783 in
372 3730 613 3783 eamdem
638 3733 901 3798 regionem
921 3746 1038 3783 cum
1070 3733 1233 3799 copiis
1264 3730 1501 3798 ingredi,
1516 3736 1831 3800 partemque

306 3801 473 3854 ullam
503 3802 657 3855 illius
680 3803 977 3871 provincia
1009 3802 1115 3854 sibi
1131 3801 1434 3863 vindicare,
1467 3803 1579 3855 nisi
1600 3803 1829 3855 alterve-

306 3874 425 3926 niat
457 3888 619 3942 aqua
650 3876 831 3940 pactio
855 3873 1193 3941 persolvendi
1236 3872 1371 3941 jura
1418 3873 1600 3928 Sancti
1653 3874 1827 3938 Petri;

307 3959 413 4012 qua
442 3943 507 3999 de
531 3960 590 3999 re
618 3944 819 4012 legatos
848 3946 1035 3997 mittit.

308 4053 642 4109 Gnaeonus
666 4053 721 4107 in
746 4056 1059 4108 Romanum
1083 4052 1395 4123 pontiﬁcem
1416 4052 1638 4121 electus,
1655 4052 1830 4109 omni-

232 4143 334 4200 bus
360 4146 689 4217 principibus
721 4147 779 4203 in
826 4155 1030 4202 terram
1060 4145 1335 4218 Hispania
1364 4145 1629 4218 proﬁcisci
1655 4146 1831 4202 volen-

234 4238 401 4305 tibus,
432 4248 747 4311 perpetuam
779 4240 1014 4296 salutem
1055 4240 1109 4295 in
1164 4239 1407 4296 Domino
1437 4240 1565 4295 Jesu
1597 4239 1827 4295 Christo.

302 4334 429 4388 Non
469 4333 640 4389 latere
689 4349 786 4389 vos
836 4332 1112 4389 credimus
1170 4348 1401 4405 regnum
1447 4333 1718 4405 Hispania
1763 4333 1831 4389 ab

234 4427 455 4498 antiquo
493 4426 693 4499 proprii
718 4427 859 4499 juris
897 4426 1076 4483 Sancti
1126 4427 1269 4483 Petri
1324 4426 1522 4495 fuisse,
1571 4434 1627 4482 et
1658 4425 1833 4482 adhuc

1944 1900 2162 1957 versalis
2195 1908 2370 1956 mater
2426 1901 2687 1967 Ecclesia,
2740 1902 2885 1957 idem
2913 1917 2942 1956 a
2980 1901 3106 1957 ﬁliis
3131 1902 3241 1957 suis
3281 1901 3426 1973 quod
3482 1903 3551 1957 ab

1942 1994 2188 2051 hostibus
2217 1993 2497 2066 patiendo,
2529 2011 2640 2050 non
2660 1995 2778 2065 jam
2806 1994 3151 2066 proprietatis
3176 2010 3313 2063 sua,
3356 1994 3452 2052 sed
3478 1996 3542 2051 ﬁ-

1942 2088 2139 2144 liorum
2165 2088 2495 2145 detrimento
2539 2088 2832 2144 saucietur.
2868 2088 3244 2157 Quamobrem
3279 2088 3423 2144 hunc
3461 2088 3540 2143 di-

1944 2183 2148 2238 lectum
2204 2181 2375 2237 ﬁlium
2424 2184 2711 2254 Hugonem
2742 2190 2793 2237 et
2824 2180 3151 2237 cardinalem
3194 2189 3397 2238 sancta
3424 2183 3544 2238 Ro-

1942 2291 2122 2332 mana
2168 2275 2422 2331 Ecclesia
2474 2275 2849 2347 presbyterum
2901 2274 2957 2329 in
2998 2282 3180 2345 partes
3221 2275 3341 2331 illas
3385 2276 3537 2332 misi-

1942 2388 2087 2440 mus,
2116 2372 2170 2426 in
2206 2372 2361 2444 cujus
2390 2386 2487 2429 ore
2517 2381 2703 2427 nostra
2735 2371 2805 2428 ad
2833 2387 2928 2427 vos
2952 2371 3177 2427 consilia
3228 2379 3288 2427 et
3326 2371 3540 2428 decreta

1942 2465 2155 2537 plenius
2191 2464 2535 2537 apertiusque
2583 2464 2893 2521 disserenda
2927 2480 2990 2521 ac
3036 2464 3149 2521 vice
3196 2473 3383 2521 nostra
3431 2465 3541 2522 dis-

1945 2557 2190 2631 ponenda
2219 2559 2518 2629 posuimus.

2015 2654 2152 2707 Data
2166 2653 2363 2708 Roma
2380 2667 2431 2709 11
2454 2649 2733 2706 Kalendas
2745 2650 2893 2719 Maii,
2908 2652 3210 2709 indictione
3231 2651 3538 2709 undecima.

2444 2753 2797 2810 EPISTOLA
2817 2753 2969 2808 VIII.

2018 2869 2101 2909 AD
2115 2869 2318 2911 UBBBT
2330 2869 2413 2910 UM
2429 2867 2745 2910 CLEBICUM
2764 2867 2836 2908 ΕΤ
2854 2866 3185 2909 Αιβιειιτυη
3202 2867 3539 2909 DIACONUM.

2545 2948 2725 3011 (Anno
2755 2944 2933 3017 1073.)

1946 3045 2143 3098 Eorum
2192 3043 2506 3110 legationem
2548 3042 2844 3109 conﬁrmat,
2888 3038 3135 3093 hortatur
3177 3043 3237 3093 ut
3277 3042 3539 3095 orationes

2464 3128 2567 3182 pro
2586 3128 2639 3167 se
2662 3113 2784 3181 ﬁeri
2812 3114 3019 3165 curent.

2016 3212 2368 3269 Gnmoutns
2430 3209 2483 3264 in
2555 3212 2874 3265 Romanum
2934 3206 3250 3279 pontiﬁcem
3306 3206 3542 3274 electus,

1937 3304 2485 3371 Unsnroclerico,et
2509 3306 2798 3359 Annnnro
2812 3302 3062 3369 diacono,
3087 3300 3389 3356 salutemin
3429 3303 3541 3356 Do-

1942 3397 2091 3453 mino
2128 3400 2161 3452 J
2165 3413 2259 3452 esu
2301 3396 2541 3453 Christo.

2006 3490 2234 3546 Obitum
2260 3488 2471 3545 domini
2507 3487 2804 3545 Alexandri
2829 3504 2983 3560 papa
3004 3486 3122 3559 jam
3149 3502 3248 3542 vos
3272 3486 3547 3558 accepisse

1941 3582 2085 3639 fama
2116 3583 2398 3638 nuntiante
2429 3582 2725 3649 credimus,
2756 3589 2811 3637 et
2846 3595 3016 3653 quam
3044 3587 3285 3651 repente,
3321 3588 3548 3651 quanta-

1938 3692 2042 3748 que
2094 3676 2280 3748 populi
2314 3676 2562 3731 violentia
2605 3692 2707 3730 nos
2749 3674 2950 3746 indigni
2996 3683 3052 3729 et
3096 3675 3434 3729 reluctantes
3476 3672 3544 3727 ad

1936 3770 2188 3842 regimen
2216 3769 2526 3841 apostolica
2548 3767 2694 3825 sedis
2724 3767 2817 3822 lati
2848 3766 3005 3839 [forte
3035 3766 3162 3821 elati
3189 3807 3205 3835 ,
3260 3766 3463 3821 Hann.
3494 3770 3546 3819 et

1939 3866 2164 3920 MU'rlN.
2193 3862 2408 3935 sublati]
2449 3878 2660 3918 sumus.
2700 3860 2805 3917 Sed
2849 3875 2919 3916 ne
2959 3867 3186 3915 eventus
3233 3857 3431 3913 harum
3461 3874 3546 3913 re-

1938 3974 2062 4013 rum
2108 3958 2323 4014 animos
2360 3965 2572 4012 vestros
2599 3955 2653 4010 in
2695 3953 3037 4025 exsequenda
3064 3952 3218 4008 vobis
3251 3951 3544 4013 commissa

1939 4050 2207 4123 legatione
2235 4058 2327 4106 aut
2355 4050 2551 4106 timore
2591 4064 2687 4104 seu
2717 4047 2900 4119 aliqua
2941 4045 3297 4119 ambiguitate
3328 4051 3543 4115 perten-

1942 4152 2041 4212 tet,
2082 4144 2153 4201 ad
2187 4142 2607 4200 confortandam
2633 4141 2961 4197 charitatem
2987 4148 3224 4195 vestram
3253 4137 3373 4194 hac
3417 4153 3543 4193 suc-

1941 4238 2117 4294 cincte
2136 4238 2290 4294 vobis
2316 4238 2656 4309 scripsimus,
2684 4243 2743 4291 ut
2775 4248 3003 4290 omnem
3036 4233 3092 4288 in
3121 4235 3242 4288 Deo
3266 4240 3321 4287 et
3356 4238 3545 4287 sancto

1941 4334 2106 4388 Petro
2126 4330 2317 4403 ,cujus
2356 4330 2451 4385 ﬁlii
2483 4340 2540 4387 et
2583 4329 2743 4401 legati
2768 4327 2922 4393 estis,
2954 4326 3213 4381 ﬁduciam
3247 4324 3542 4391 habentes,

1941 4424 2008 4481 ad
2038 4440 2162 4496 qua
2200 4424 2352 4480 missi
2386 4424 2538 4491 estis,
2570 4421 2793 4477 viriliter
2821 4428 2878 4476 et
2908 4419 3291 4474 incunctanter
3328 4424 3545 4488 aposto-

236 4519 377 4585 (licet
405 4520 497 4575 diu
526 4535 557 4575 a
586 4521 807 4592 paganis
840 4520 912 4575 sit
957 4524 1311 4591 occupatum)
1362 4520 1479 4592 lege
1532 4527 1715 4575 tamen
1737 4519 1828 4591 ju-
1857 4506 1912 4573 Ι)
1942 4518 2039 4574 lica
2093 4518 2207 4574 vice
2256 4516 2579 4584 iulciamini,
2633 4522 2690 4571 et
2744 4514 2802 4568 in
2849 4510 3094 4568 facienda
3141 4509 3351 4583 justitia
3402 4508 3546 4563 ﬁdeli

233 4613 396 4669 stitia
433 4629 550 4668 non
578 4621 829 4669 evacuata
848 4655 863 4681 ,
908 4614 1040 4669 nulli
1062 4614 1409 4681 mortalium,
1439 4612 1537 4670 sed
1564 4613 1662 4668 soli
1694 4628 1827 4684 apo-

233 4706 445 4763 stolica
469 4707 585 4762 sedi
615 4722 681 4762 ex
709 4721 871 4780 aquo
900 4707 1187 4779 pertinere.
1221 4706 1381 4779 Quod
1411 4708 1558 4764 enim
1605 4714 1831 4762 auctore

239 4803 357 4856 Deo
405 4799 573 4855 semel
612 4800 669 4855 in
706 4800 1052 4873 proprietatis
1080 4800 1426 4857 ecclesiarum
1465 4800 1616 4872 juste
1641 4815 1828 4872 perve-

238 4894 405 4959 nerit,
456 4902 710 4950 manente
750 4910 848 4962 eo,
873 4895 939 4950 ab
971 4910 1073 4950 usu
1108 4893 1361 4965 quidem,
1409 4893 1505 4950 sed
1532 4893 1600 4950 ab
1643 4908 1832 4949 earum

234 4986 387 5057 jure,
420 4987 703 5043 occasione
742 4988 1067 5043 transeuntis
1109 4986 1404 5059 temporis,
1447 4987 1564 5044 sine
1592 4987 1832 5061 legitima

236 5081 587 5136 concessione
626 5080 807 5137 divelli
836 5097 953 5137 non
994 5081 1209 5152 poterit.
1243 5083 1435 5153 Itaque
1466 5097 1653 5138 comes
1696 5082 1837 5136 Evn-

238 5172 319 5227 lus
344 5172 587 5246 [Evolus]
617 5173 686 5229 de
718 5174 946 5242 Roceio,
983 5174 1137 5244 cujus
1165 5173 1365 5230 famam
1397 5175 1541 5246 apud
1569 5190 1664 5229 vos
1690 5172 1833 5229 haud

241 5266 533 5323 obscuram
578 5282 698 5324 esse
747 5277 1033 5339 putamus,
1059 5276 1263 5323 terram
1293 5268 1437 5323 illam
1467 5268 1534 5324 ad
1565 5268 1833 5323 honorem

242 5362 406 5416 sancti
450 5359 595 5417 Petri
633 5360 836 5433 ingredi
883 5368 936 5417 et
972 5376 1301 5432 paganorum
1332 5360 1581 5417 manibus
1626 5361 1834 5433 eripere

240 5454 492 5524 cupiens,
518 5454 662 5510 hanc
700 5454 1112 5510 concessionem
1152 5456 1218 5509 ab
1246 5454 1539 5525 apostolica
1568 5454 1691 5510 sede
1730 5454 1830 5509 ob-

243 5547 399 5603 tinnit
428 5556 487 5603 ut
515 5556 728 5619 partem
766 5548 916 5603 illam
944 5546 1088 5602 unde
1133 5562 1370 5619 paganos
1412 5563 1512 5603 suo
1561 5546 1741 5605 studio
1779 5554 1835 5604 et

240 5637 493 5710 adjuncto
547 5641 649 5698 sibi
677 5641 904 5697 aliorum
932 5640 1130 5696 auxilio
1183 5640 1449 5712 expellere
1474 5650 1683 5713 posset,
1731 5641 1832 5697 sub

243 5732 549 5790 conditione
585 5734 726 5791 inter
748 5750 849 5791 nos
881 5733 1037 5791 facta
1079 5734 1343 5807 pactionis
1365 5750 1431 5790 ex
1460 5742 1606 5806 parte
1650 5736 1832 5791 Sancti

248 5826 389 5883 Petri
421 5826 753 5899 possideret.
789 5830 907 5900 Qua
942 5827 995 5883 in
1024 5843 1083 5884 re
1107 5838 1162 5884 et
1204 5827 1389 5884 labore
1415 5826 1720 5899 quicunque
1749 5844 1834 5884 ve-

1938 4612 2241 4667 constantia
2304 4608 2680 4682 accingamini.
2728 4609 2870 4661 Nam
2921 4613 2978 4659 et
3015 4619 3080 4659 ea
3126 4617 3250 4675 qua
3278 4618 3309 4658 a
3368 4601 3543 4657 beata

1939 4705 2219 4762 memoria
2263 4703 2512 4774 domino;
2535 4710 2729 4757 nostro
2777 4697 3086 4754 Alexandro
3117 4712 3253 4768 papa
3301 4694 3544 4767 injuncta

1940 4798 2092 4854 vobis
2134 4807 2191 4854 et
2235 4796 2533 4853 commissa
2562 4801 2725 4860 sunt,
2760 4808 2861 4848 nos
2892 4806 3112 4864 quoque
3164 4789 3419 4861 prasenti
3453 4804 3549 4845 au-

1939 4892 2191 4949 ctoritate
2221 4889 2593 4963 injungimus,
2642 4886 2983 4957 ﬁrmiterque
3012 4883 3444 4949 committimus,
3488 4882 3546 4937 in

1941 4985 2136 5058 quibus
2164 4982 2484 5056 peragendis
2514 4990 2574 5037 ut
2619 4980 2827 5037 monita
2877 4977 3076 5035 damus
3098 5020 3113 5045 ,
3154 4978 3228 5033 ita
3253 4976 3547 5033 auxiliante

1944 5084 2060 5136 Deo
2078 5120 2093 5147 ,
2118 5076 2432 5149 apostolica
2460 5073 2854 5132 consolationis
2893 5082 2951 5129 et
2979 5071 3325 5127 auctoritatis
3374 5068 3549 5125 subsi-

1941 5172 2033 5228 dia
2061 5170 2296 5245 vigilanti
2332 5168 2516 5225 studio
2556 5168 2807 5225 conferre
2855 5164 3291 5238 procurabimus.
3321 5164 3405 5217 De
3441 5176 3547 5219 ca-

1944 5273 2062 5323 tero
2117 5281 2213 5321 vos
2256 5277 2549 5320 monemus
2592 5270 2653 5317 ut
2714 5262 2770 5316 in
2809 5260 2945 5315 locis
2991 5256 3417 5320 venerabilibus,
3479 5253 3547 5311 ad

1941 5375 2080 5431 quos
2125 5357 2389 5415 veneritis
2412 5397 2428 5423 ,
2467 5354 2750 5411 orationes
2799 5368 2897 5425 pro
2933 5367 3024 5407 me
3068 5350 3186 5406 ﬁeri
3217 5347 3546 5415 obsecretis,

1941 5462 2209 5525 quatenus
2243 5451 2594 5521 omnipotens
2630 5451 2801 5514 Deus,
2863 5445 2954 5517 qui
2998 5441 3332 5499 desiderium
3362 5456 3547 5496 meum

1940 5562 2220 5617 nunquam
2264 5544 2334 5601 ad
2370 5544 2636 5599 honorem
2674 5541 2845 5597 istum
2894 5537 3180 5594 anhelasse
3223 5534 3547 5605 cognoscit,

1943 5640 2016 5697 ad
2046 5638 2339 5695 ferendum
2370 5646 2485 5693 tam
2520 5651 2685 5708 grave
2714 5649 2880 5702 onus,
2913 5629 3061 5703 quod
3082 5627 3401 5698 impositum
3429 5627 3551 5696 ejus

1942 5736 2140 5792 timore
2177 5746 2425 5790 recusare
2450 5745 2567 5787 non
2604 5727 2880 5785 audebam
2913 5736 3104 5779 omnes
3142 5718 3433 5775 facultates
3461 5717 3548 5771 in-

1946 5826 2189 5883 ﬁrmitati
2255 5840 2390 5882 mea
2431 5822 2557 5896 pius
2595 5818 2895 5893 impendat.
