4106 6182
543 267 637 317 2υι
1220 256 1276 311 s.
1318 238 1643 311 cascoan
1678 254 1767 309 νη
1808 254 1999 309 ρΑΡΑε
2038 251 2310 308 cessum
2348 250 2522 307 PARS
2562 252 2599 304 l.
2644 278 2713 289 -
2748 248 3164 305 REGISTRUM.
3220 234 3221 237 ‘

615 388 757 443 Data
783 387 977 442 Roma
1014 398 1060 440 II
1113 377 1393 437 Kalendas
1424 379 1579 447 Maii,
1621 377 1923 435 indictione
1957 376 2133 435 unde-
2158 381 2213 445 Α
2242 375 2546 443 dilectione,
2570 372 2933 445 omnipotenti
2962 381 3146 430 autem
3183 373 3301 428 Deo
3323 386 3420 441 pro
3454 376 3604 426 tanto
3633 369 3845 426 honore

544 480 705 537 cima.

672 588 675 589 '
776 568 780 573 ’
1116 565 1471 621 EPISTOLA
1500 566 1604 619 IX.

925 664 1019 715 An
1057 673 1495 716 GOTTIFBEDUH
1537 671 1766 714 DUCBM.

1146 756 1331 818 (Anno
1364 756 1545 818 1073.)

546 852 770 907 Gratum
796 848 903 903 sibi
932 848 1105 913 fuisse
1139 848 1328 901 scribit
1352 847 1496 917 quod
1526 847 1723 900 litteris
1756 847 1929 912 fuerit
1952 845 2017 899 de
2047 859 2143 899 sua

609 922 943 991 promotione
999 919 1332 991 gratulatus;
1365 919 1632 985 signiﬁcat
1653 922 1830 991 tamen
1870 931 1923 971 se
1970 917 2145 971 dolere

615 988 679 1046 de
706 995 943 1059 suscepto
963 988 1269 1058 pontiﬁcali
1294 1005 1528 1051 munere,
1558 989 1788 1042 ostendit
1816 1002 1972 1041 suam
2014 1004 2144 1057 erga

616 1080 733 1118 eum
764 1067 812 1116 et
842 1077 1016 1130 regem
1044 1062 1395 1123 dilectionem,
1422 1064 1574 1130 optat
1604 1064 1661 1113 ut
1692 1076 1789 1113 rea:
1812 1062 1923 1114 suis
1974 1062 2145 1113 moni-

618 1138 689 1189 tis
747 1135 1063 1203 acquiescat.

615 1230 972 1285 Gnaeosius
996 1225 1052 1279 in
1074 1227 1397 1281 Romanum
1417 1223 1734 1297 pontiﬁcem
1759 1223 1963 1279 electus
1983 1224 2141 1281 Gor-

544 1334 808 1378 neasno
825 1317 1233 1392 [Gorsrnsno]
1247 1318 1392 1387 duci,
1412 1318 1643 1375 salutem
1663 1318 1719 1374 in
1743 1316 1989 1374 Domino
2008 1319 2040 1373 J
2045 1333 2140 1374 esu

543 1414 779 1472 Christo.

616 1510 783 1567 Grata
806 1508 965 1565 nobis
980 1514 1062 1563 est
1082 1507 1269 1563 latitia
1290 1516 1405 1575 tua,
1431 1522 1598 1579 quam
1630 1506 1683 1562 in
1710 1506 1899 1563 litteris
1923 1506 2039 1563 tuis
2075 1505 2146 1563 de

546 1602 890 1675 promotione
918 1610 1103 1657 nostra
1165 1609 1219 1657 te
1249 1600 1451 1657 habere
1498 1601 1890 1673 cognovimus,
1927 1616 2039 1657 non
2086 1608 2148 1656 ut

548 1697 654 1753 hoc
700 1695 881 1766 aliqua
938 1686 1126 1751 causa
1193 1703 1395 1751 nostra
1455 1693 1738 1751 delectatio
1807 1694 1998 1762 faciat,
2046 1693 2144 1751 ed

546 1790 693 1863 quod
716 1803 835 1844 eam
862 1804 926 1844 ex
951 1787 1097 1844 fonte
1114 1788 1341 1844 sincera
1367 1787 1680 1844 dilectionis
1698 1797 1753 1845 et
1782 1788 1927 1845 ﬁdeli
1954 1796 2138 1845 mente
2176 1766 2223 1828 Β

541 1883 840 1941 derivatam
893 1896 1007 1938 esse
1036 1896 1149 1937 non
1192 1879 1531 1938 dubitamus.
1586 1883 1787 1938 Nostra
1838 1882 1986 1938 enim
2019 1897 2136 1954 pro-

548 1977 717 2034 motio
766 1976 1012 2049 quartibi
1054 1976 1370 2047 caterisque
1398 1976 1649 2031 ﬁdelibus
1677 1975 1821 2048 piam
1868 1975 1937 2032 de
1981 1975 2142 2032 nobis

546 2070 998 2128 existimationem
1041 2078 1094 2126 et
1134 2070 1399 2142 gaudium
1442 2070 1817 2139 administrat,
1862 2070 2019 2125 nobis
2062 2070 2139 2124 in~

544 2165 680 2221 terni
721 2164 925 2222 doloris
951 2161 1374 2220 amaritudinem
1389 2172 1455 2220 iet
1486 2164 1669 2220 nimia
1709 2163 2005 2220 anxietatis
2043 2179 2141 2219 an-

543 2259 747 2331 gustias
775 2266 1012 2332 generat.
1063 2256 1328 2313 Videmus
1376 2257 1524 2313 enim
1553 2266 1757 2331 quanta
1796 2273 1900 2313 nos
1935 2256 2141 2313 sollici-

547 2351 684 2409 tudo
740 2352 1088 2419 circumstat,
1135 2351 1403 2407 sentimus
1454 2358 1723 2423 quantum
1770 2367 1871 2406 nos
1908 2351 2140 2422 suscepti

541 2447 723 2502 oneris
759 2447 970 2502 sarcina
996 2453 1211 2518 gravat;
1254 2445 1356 2501 sub
1404 2445 1599 2516 quibus
1628 2444 1765 2501 dum
1803 2453 2012 2503 nostra
2064 2445 2143 2500 in-

548 2539 819 2595 ﬁrmitatis
846 2538 1173 2595 conscientia
1204 2538 1413 2605 tremit,
1456 2539 1637 2594 anima
1665 2547 1853 2595 nostra
1885 2540 1939 2594 in
1979 2538 2145 2596 Chri-

546 2641 633 2690 sto
672 2634 851 2704 potius
880 2632 1253 2689 dissolutionis
1297 2631 1547 2703 requiem
1577 2648 1742 2704 quam
1769 2633 1824 2687 in
1854 2632 2021 2689 tantis
2052 2648 2144 2705 pe-

548 2726 728 2782 riculis
775 2727 947 2783 vitam
991 2728 1160 2799 cupit.
1212 2728 1271 2781 In
1321 2734 1537 2782 tantum
1592 2726 1795 2799 quippe
1862 2727 2144 2782 commissi

549 2819 705 2876 nobis
748 2819 915 2875 of‘jcii
969 2819 1333 2876 consideratio
1376 2836 1477 2876 nos
1505 2820 1792 2889 sollicitat,
1837 2829 1898 2876 ut
1946 2820 2049 2876 nisi
2087 2820 2144 2876 in

550 2913 886 2969 orationibus
929 2913 1288 2985 spiritualium
1338 2913 1630 2970 hominum
1660 2922 1782 2986 post
1817 2918 1995 2969 Deum
2039 2914 2144 2969 ali-

550 3022 656 3079 qua
700 3005 903 3063 ﬁducia
950 3023 1055 3063 nos
1081 3015 1436 3072 sustentaret,
1486 3023 1741 3062 curarum
1788 3007 2151 3063 immensitate

2250 470 2349 526 sibi
2383 468 2580 525 collato
2601 465 2997 523 dissimulando
3023 464 3287 539 justitiam
3307 462 3425 537 ejus
3461 471 3845 535 contemptum

2249 578 2361 619 non
2398 578 2465 617 ex
2507 577 2666 634 aquo
2698 559 3017 625 reddiderit,
3048 557 3417 614 interminatio
3466 572 3575 629 qua
3602 555 3801 612 dicitur
3830 575 3844 609 :

2250 657 2571 725 Maledith
2605 657 2775 723 homo,
2806 656 2905 725 qui
2926 654 3174 724 prohibet
3201 652 3445 722 gladium
3468 667 3624 706 suum
3654 667 3689 705 a
3716 667 3847 707 san-

2248 754 2556 821 guineUer.
2600 752 2839 813 XLVIII),
2886 763 3049 819 super
3088 762 3209 813 nos,
3238 745 3353 801 Deo
3388 743 3705 815 providente
3729 761 3847 800 non

2251 845 2448 900 veniet.
2467 846 2655 915 Neque
2672 843 2822 898 enim
2843 840 3073 897 liberum
3110 840 3271 896 nobis
3286 848 3369 895 est
3386 838 3617 910 alicujus
3658 854 3847 910 perso-

2249 938 2359 994 nali
2409 937 2583 1011 gratia
2627 936 2805 1009 legem
2846 935 2942 991 Dei
2991 943 3352 1006 postponere,
3408 941 3501 988 aut
3540 947 3571 988 a
3624 932 3847 987 tramite

2252 1029 2593 1089 rectitudinis
2638 1046 2736 1102 pro
2787 1029 3030 1085 humano
3076 1027 3259 1084 favore
3300 1026 3586 1092 recedere,
3631 1024 3851 1082 dicente

2248 1125 2555 1198 Apostolo:
2599 1127 2662 1182 Si
2682 1124 2979 1179 hominibus
3014 1125 3232 1194 placere
3280 1122 3486 1183 vellem,
3540 1136 3720 1175 servus
3750 1122 3854 1175 Dei

2250 1237 2352 1275 non
2372 1235 2532 1275 essem
2555 1220 2694 1288 (Gal.
2720 1224 2783 1284 ι).
2832 1204 2841 1213 ’

2322 1317 2463 1369 Data
2493 1316 2691 1369 Roma
2716 1328 2763 1368 II
2790 1312 2977 1367 Nonas
2994 1308 3144 1377 Maii,
3194 1307 3499 1365 indictione
3531 1306 3843 1365 undecima.

2803 1451 3157 1507 EPISTULA
3190 1450 3247 1504 Χ
3260 1490 3274 1504 .

2639 1593 2721 1633 ΔΙ)
2742 1592 2826 1633 GU
2837 1592 2855 1633 Ι
2866 1592 3085 1635 DONBM
3113 1588 3467 1633 IHOLBNSEM
3477 1616 3489 1629 .

2852 1702 3033 1766 (Anno
3068 1701 3245 1764 1073.)

2259 1818 2326 1871 Ut
2376 1813 2700 1869 discordiam
2748 1815 2892 1867 inter
2917 1812 3369 1881 archiepiscopum
3416 1811 3773 1864 Ravennatem
3799 1810 3854 1860 et

2320 1888 2455 1941 cives
2500 1886 2778 1940 Imolenses
2821 1884 2985 1937 sedet.
3026 1884 3096 1937 Et
3134 1884 3184 1937 si
3227 1882 3655 1950 archiepiscopus
3686 1893 3769 1933 eos
3812 1894 3853 1930 α

2321 1957 2460 2012 sedis
2507 1956 2807 2026 apostolicae
2854 1955 3057 2009 ditione
3088 1957 3339 2026 conatur
3393 1951 3643 2026 avellere,
3698 1951 3852 2004 illius

2322 2022 2596 2084 auxilium
2612 2026 2875 2098 prcebeat,
2903 2026 3062 2081 donec
3078 2025 3245 2094 legati
3275 2022 3404 2077 illuc
3418 2024 3846 2092 proﬁciscantur.

2324 2168 2686 2223 Gnseonms
2714 2162 2771 2219 in
2802 2167 3121 2220 Romanum
3149 2160 3461 2233 pontiﬁcem
3490 2160 3691 2215 electus
3709 2160 3857 2215 Gur-

2253 2276 2396 2317 DONI
2460 2257 2716 2316 lmolensi
2772 2258 3001 2325 comiti,
3051 2256 3287 2311 salutem
3337 2255 3389 2309 in
3444 2253 3683 2309 Domino
3715 2254 3852 2307 Jesu

2252 2354 2468 2412 Christo
2484 2395 2497 2410 .

2322 2447 2553 2518 Quidam
2584 2447 2883 2502 Imolenses
2912 2454 3157 2499 nostram
3186 2441 3449 2499 adeuntes
3500 2438 3851 2513 prasentiam

2252 2540 2640 2613 conquerenda
2675 2539 2832 2595 nobis
2861 2537 3163 2594 indicavere
3192 2535 3338 2608 quod
3367 2532 3645 2591 confrater
3663 2540 3856 2588 noster

2253 2634 2550 2691 Guibertus
2590 2622 2905 2706 [Gibertus,
2946 2636 2999 2687 et
3034 2634 3109 2687 sic
3148 2633 3371 2701 semper]
3411 2626 3857 2698 archiepiscOpus

2254 2716 2542 2784 Ravennas
2584 2743 2678 2783 eos
2702 2735 2896 2782 contra
2936 2725 3204 2781 honorem
3248 2722 3418 2779 sancti
3454 2721 3630 2787 Petri,
3669 2719 3757 2776 cui
3787 2719 3854 2772 ﬁ-

2252 2823 2532 2881 delitatem
2553 2822 2842 2894 juravere,
2876 2834 2990 2876 sua
3021 2818 3246 2874 omnino
3276 2816 3465 2873 ditioni
3487 2815 3767 2888 subigere,
3796 2820 3856 2867 et

2252 2917 2320 2973 ad
2354 2915 2592 2988 juranda
2630 2915 2728 2970 sibi
2756 2913 3032 2970 ﬁdelitatis
3059 2918 3292 2967 attentet
3315 2917 3663 2966 sacramenta
3696 2918 3856 2963 com-

2260 3011 2478 3081 pellere.
2520 3012 2723 3064 Verum
2755 3007 2873 3063 hac
2911 3006 3098 3062 relatio
3126 3012 3283 3061 tanto
3307 3006 3427 3076 plus
3474 3000 3856 3059 admirationis

549 3116 707 3157 mens
751 3109 939 3157 nostra
981 3100 1379 3157 succumberet.
1432 3100 1667 3155 Peccatis
1713 3100 1858 3154 enim
1896 3098 2141 3155 facienti-
2174 3127 2218 3189 ρ
2258 3103 2414 3159 nobis
2445 3102 2627 3158 attulit
2669 3110 2871 3172 quanto
2914 3107 3191 3171 perspecta
3227 3097 3436 3154 dudum
3468 3098 3525 3152 in
3550 3113 3614 3152 eo
3642 3105 3697 3152 et
3736 3095 3853 3151 fra—

551 3192 652 3249 bus
694 3194 765 3248 ita
806 3209 942 3265 pene
977 3201 1127 3248 totus
1168 3192 1406 3248 mundus
1442 3193 1501 3247 in
1541 3191 1779 3263 maligno
1825 3201 1907 3249 est
1939 3194 2147 3265 positus

550 3294 611 3341 ut
634 3302 857 3355 omnes,
898 3295 954 3341 et
981 3286 1251 3357 praecipue
1280 3286 1371 3357 qui
1403 3285 1456 3340 in
1482 3285 1725 3341 Ecclesia
1746 3286 1953 3358 praelati
1996 3295 2144 3355 sunt,

550 3394 669 3434 eam
700 3379 879 3451 potius
929 3379 1259 3435 conturbare
1314 3395 1475 3449 quam
1524 3378 1669 3435 ﬁdeli
1722 3378 2022 3435 devotione
2061 3380 2151 3438 de-

550 3471 771 3529 fendere
821 3473 901 3529 vel
948 3472 1219 3529 celebrare
1257 3472 1609 3542 contendant,
1641 3480 1696 3529 et
1744 3472 1878 3529 dum
1924 3474 2033 3530 suis
2057 3482 2151 3529 aut

549 3565 713 3621 lucris
742 3575 836 3622 aut
878 3566 1158 3638 prasentis
1187 3566 1373 3639 gloria
1401 3564 1688 3622 desideriis
1712 3566 1940 3634 inhiant,
1969 3567 2146 3623 omni-

550 3657 651 3713 bus
679 3674 801 3729 qua
828 3658 897 3713 ad
920 3659 1241 3731 religionem
1271 3659 1612 3732 etjustitiam
1637 3660 1734 3716 Dei
1766 3662 2035 3731 pertinent
2059 3677 2143 3730 se,

550 3752 698 3807 velut
744 3751 953 3815 hostes,
984 3761 1278 3824 Opponant.
1310 3755 1433 3824 Quo
1462 3754 1636 3826 magis
1663 3754 1821 3811 nobis
1857 3754 2151 3812 dolendum

552 3852 655 3910 est,
683 3844 773 3916 qui
800 3853 1112 3917 susceptum
1159 3847 1482 3903 universalis
1531 3848 1777 3905 ecclesia
1818 3849 2062 3921 regimen
2096 3849 2149 3904 in

550 3944 701 3993 tanta
733 3935 1061 3994 difﬁcultate
1086 3956 1187 3995 nec
1213 3941 1315 3995 rite
1338 3940 1737 4009 administrare,
1769 3957 1868 3997 nec
1897 3950 2015 3998 tuto
2050 3943 2149 3998 de-
2176 3964 2181 3969 τ

551 4046 728 4088 serere
772 4048 1086 4101 possumus.
1129 4035 1404 4090 Caterum
1433 4035 1558 4106 quia
1583 4033 1712 4090 ﬁdei
1736 4044 1792 4090 et
1828 4037 2149 4092 constantia

551 4125 810 4182 virtutem
834 4169 848 4194 ,
878 4126 1117 4182 donante
1160 4130 1302 4195 Deo,
1342 4127 1400 4182 in
1448 4135 1503 4183 te
1547 4127 1709 4184 sitam
1739 4143 1858 4184 esse
1887 4130 2149 4201 cognovi-

551 4234 707 4285 mus,
754 4235 977 4275 omnem
1034 4235 1203 4291 quam
1251 4227 1473 4292 oportet
1508 4220 1563 4276 in
1612 4221 1933 4278 charissima
1976 4223 2147 4279 sancti

552 4312 702 4367 Petri
728 4312 839 4368 ﬁlio
883 4313 941 4368 in
968 4321 1021 4369 te
1046 4312 1308 4371 ﬁduciam
1337 4313 1618 4381 habentes,
1664 4316 1909 4373 animum
1940 4324 2058 4373 tum
2081 4316 2149 4373 de

2258 3206 2407 3253 terna
2449 3195 2681 3251 charitas
2716 3203 2771 3250 et
2799 3193 3152 3250 sacerdotalis
3203 3192 3459 3248 honestas
3523 3190 3856 3261 suSpicionis

2259 3291 2314 3345 in
2360 3290 2516 3345 illum
2552 3288 2948 3344 indubitantius
2973 3301 3165 3343 causas
3204 3285 3464 3341 excludit.
3495 3285 3681 3355 Neque
3702 3283 3854 3337 enim

2256 3382 2475 3440 credere
2504 3397 2798 3455 possumus
2823 3390 2938 3437 tam
2971 3379 3297 3452 prudentem
3324 3378 3497 3433 virum
3518 3379 3593 3432 ita
3636 3384 3729 3432 aut
3749 3393 3854 3429 na-

2256 3486 2392 3533 tura
2420 3485 2515 3533 aut
2539 3475 2815 3548 dignitatis
2842 3474 3068 3531 sualoci
3092 3473 3327 3529 oblitum
3349 3486 3467 3527 esse
3484 3479 3547 3525 ut
3567 3468 3659 3541 qui
3687 3484 3855 3540 apos-

2257 3573 2500 3627 tolorum
2548 3569 2771 3642 principi
2802 3568 3124 3624 ﬁdelitatem
3168 3567 3282 3638 ipse
3315 3563 3678 3637 jurejurando
3728 3578 3855 3634 pro-

2258 3665 2437 3733 misit,
2462 3663 2709 3736 neglecto
2739 3662 2977 3735 periculo
2998 3677 3099 3716 suo
3115 3702 3130 3729 ,
3166 3660 3301 3715 alios
3323 3659 3416 3731 qui
3438 3657 3579 3713 idem
3601 3656 3857 3713 fecerunt

2255 3757 2324 3814 ad
2364 3756 2665 3829 perjurium
2703 3755 2907 3812 nitatur
2955 3770 3049 3826 per
3102 3752 3375 3825 exquisita
3422 3751 3489 3807 ab
3535 3751 3614 3807 eis
3663 3766 3855 3806 sacra—

2252 3860 2435 3907 menta
2488 3849 2829 3921 pertrahere.
2874 3855 3140 3903 Attamen
3178 3860 3524 3919 quacunque
3554 3845 3697 3900 inter
3757 3860 3857 3899 eos

2256 3942 2527 3999 discordia
2548 3952 2643 3999 aut
2675 3942 3054 3998 molestiarum
3078 3941 3149 3996 sit
3170 3939 3406 4007 occasio,
3436 3947 3701 4010 quatenus
3730 3953 3857 3991 eam

2258 4036 2465 4104 sedare,
2496 4046 2549 4093 et
2579 4037 2623 4093 si
2650 4037 2852 4109 possis,
2890 4035 3039 4091 salvo
3066 4034 3273 4090 honore
3292 4032 3463 4089 sancti
3490 4030 3656 4098 Petri,
3687 4029 3851 4085 ﬁrma

2255 4131 2475 4188 studeas
2513 4146 2641 4202 pace
2692 4129 2961 4197 decidere,
3012 4127 3355 4199 prudentiam
3383 4134 3535 4181 tuam
3564 4123 3718 4179 valde
3764 4138 3856 4178 ro-

2257 4239 2469 4296 gamus.
2504 4222 2667 4292 Quod
2696 4224 2743 4278 si
2774 4222 3050 4295 aliquibus
3091 4220 3251 4277 malis
3278 4218 3705 4292 impedientibus
3737 4231 3858 4271 non

2258 4317 2429 4387 possis
2455 4315 2691 4383 efﬁcere,
2723 4325 2776 4371 et
2813 4316 3105 4388 praedictus
3132 4313 3411 4371 confrater
3444 4319 3633 4368 noster
3667 4308 3851 4366 archi-

552 4412 736 4461 nostra
768 4403 915 4462 idem
952 4406 1390 4464 constantissime
1447 4407 1757 4477 dilectione,
1782 4417 1837 4465 et
1876 4426 2002 4483 erga
2053 4410 2148 4465 ho-
2200 4476 2223 4483 ν,
2257 4410 2545 4481 episcopus
2587 4417 2681 4465 aut
2707 4410 2807 4464 alia
2843 4409 3101 4481 qualibet
3150 4423 3379 4479 persona
3421 4404 3677 4477 praefatos
3708 4402 3856 4459 cives

551 4513 712 4554 nores
736 4507 859 4555 tuos
907 4500 1307 4571 promptissima
1344 4501 1625 4557 voluntate
1662 4476 2011 4575 nequaquam
2041 4502 2135 4559 du~
2255 4476 2304 4559 δ’
2326 4476 2580 4558 ﬁdelitate
2628 4502 2770 4557 sedis
2799 4476 3111 4573 apostolica
3150 4476 3274 4557 non
3313 4476 3525 4556 desinat
3578 4495 3852 4553 obstinata

552 4589 727 4646 bitare
757 4593 1027 4649 volumus.
1069 4596 1153 4649 De
1183 4609 1310 4667 rege
1359 4611 1487 4652 vero
1526 4603 1766 4652 mentem
1812 4606 2059 4653 nostram
2093 4606 2148 4652 et

468 4720 503 4746 ί
552 4680 889 4740 desiderium
911 4686 1071 4757 pleno
1095 4704 1426 4760 cognoscere
1458 4697 1626 4761 potes,
1681 4689 1853 4763 quod,
1883 4697 2148 4762 quantum

555 4774 610 4829 in
662 4777 899 4833 Domino
927 4780 1197 4851 sapimus,
1228 4783 1509 4838 neminem
1539 4781 1607 4838 de
1636 4783 1752 4856 ejus
1782 4783 2033 4856 prasenti
2084 4800 2147 4839 ac

556 4866 739 4924 futura
766 4870 936 4941 gloria
984 4880 1080 4927 aut
1100 4872 1469 4932 sollicitiorem
1498 4885 1593 4931 aut
1620 4878 1914 4948 copiosiori
1936 4876 2146 4934 deside-

555 4960 636 5017 rio
678 4961 834 5017 nobis
863 4964 1107 5034 praferri
1134 4967 1427 5023 credimus.
1452 4970 1549 5023 Est
1584 4970 1732 5026 enim
1784 4970 1904 5027 hac
1944 4971 2145 5026 volun-

556 5062 645 5111 tas
688 5064 875 5112 nostra
923 5066 985 5113 ut
1028 5057 1269 5129 primum
1308 5059 1489 5117 oblata
1532 5062 1691 5118 nobis
1743 5064 2145 5135 Opportunitate

554 5163 652 5221 per
710 5150 933 5206 nuntios
970 5160 1189 5207 nostros
1230 5169 1395 5225 super
1432 5153 1515 5209 his
1562 5170 1684 5225 qua
1723 5156 1793 5212 ad
1840 5154 2143 5227 profectum

556 5244 827 5307 Ecclesia,
852 5254 906 5300 et
936 5248 1203 5300 honorem
1226 5246 1392 5318 regia
1417 5246 1696 5318 dignitatis
1742 5264 1854 5305 sua
1875 5250 2145 5320 pertinere

553 5334 908 5405 arbitramur,
940 5346 1161 5409 paterna
1186 5354 1315 5395 cum
1346 5340 1629 5396 dilectione
1675 5350 1731 5398 et
1769 5342 2144 5401 admonitione

553 5430 962 5487 conveniamus.
1002 5430 1163 5501 Quod
1203 5432 1247 5488 si
1288 5450 1390 5489 nos
1432 5433 1692 5503 audierit,
1734 5451 1846 5491 non
1890 5435 2042 5492 aliter
2076 5437 2145 5494 de

553 5521 670 5594 ejus
714 5539 879 5596 quam
930 5526 1084 5592 [add
1149 5525 1236 5599 de]
1292 5535 1482 5584 nostra
1531 5528 1703 5585 salute
1747 5530 2142 5602 gaudebimus;

554 5631 718 5687 quam
755 5625 890 5675 tunc
934 5619 1235 5676 certissime
1278 5621 1378 5677 sibi
1404 5622 1598 5679 lucrari
1630 5625 1853 5696 poterit,
1878 5624 1923 5679 si
1969 5626 2022 5680 in
2057 5633 2141 5681 te-

553 5709 735 5766 nenda
763 5711 971 5782 justitia
1001 5713 1205 5770 nostris
1244 5713 1465 5772 monitis
1491 5723 1545 5772 et
1585 5717 1829 5775 consiliis
1856 5718 2144 5790 acquieve-

550 5803 647 5872 rit;
677 5804 763 5861 sin
785 5821 911 5864 vero
949 5806 1118 5879 (quod
1155 5823 1268 5865 non
1312 5814 1587 5882 optamus)
1616 5810 1774 5869 nobis
1820 5811 2015 5869 odium
2042 5828 2143 5885 pro

2254 4597 2643 4653 coercitatione
2692 4595 2854 4669 [forte
2908 4595 3262 4662 coercitione,
3316 4592 3383 4666 Il]
3438 4591 3718 4657 divellere,
3774 4589 3854 4645 si-

2255 4698 2349 4746 cut
2385 4676 2762 4762 apostolorum
2802 4687 2903 4744 tibi
2950 4687 3204 4759 prasidia
3234 4686 3382 4759 apud
3410 4674 3851 4757 omnipotentem

2256 4788 2433 4840 Deum
2460 4782 2739 4856 prodesse,
2760 4790 2814 4839 et
2854 4782 2911 4837 in
2939 4781 3038 4837 hac
3073 4782 3183 4836 vita
3213 4797 3326 4836 non
3362 4780 3477 4836 sine
3518 4777 3851 4835 meritorum

2254 4878 2587 4950 compendio
2636 4876 2927 4949 prasidere
2955 4874 3112 4947 cupis
3160 4874 3233 4929 ita
3269 4874 3344 4929 eis
3372 4872 3605 4947 [cupias,
3640 4870 3714 4926 ita
3754 4870 3848 4942 sit]

2255 4958 2503 5044 praesenti
2546 4958 2869 5027 auctoritate
2910 4977 3168 5041 rogatus,
3226 4980 3282 5024 et
3309 4965 3711 5031 commonitus,
3755 4962 3853 5019 de-

2253 5064 2516 5121 fensionis
2555 5064 2778 5132 auxilia,
2820 5062 2998 5119 donec
3026 5062 3185 5135 legati
3216 5060 3391 5117 nostri
3440 5061 3495 5115 in
3520 5066 3701 5130 partes
3727 5056 3851 5111 illas

2254 5158 2488 5228 veniant,
2534 5157 2778 5214 conferre
2822 5172 2936 5212 non
2977 5155 3209 5212 desinas.
3268 5156 3381 5209 Nos
3431 5151 3682 5224 equidem
3715 5165 3851 5205 cum

2252 5251 2543 5319 omnibus,
2569 5252 2614 5307 si
2644 5250 2756 5306 ﬁeri
2780 5258 2981 5322 potest,
3016 5264 3205 5320 pacem
3229 5247 3428 5301 habere
3459 5245 3709 5300 ardenter
3751 5259 3853 5301 cu-

2254 5345 2458 5417 pimus,
2488 5343 2582 5400 sed
2621 5359 2815 5400 eorum
2850 5343 3141 5399 conatibus
3178 5340 3269 5411 qui
3293 5338 3359 5394 ad
3380 5335 3638 5411 in'juriam
3668 5338 3847 5393 sancti

2252 5439 2418 5507 Petri,
2473 5438 2631 5510 cujus
2676 5437 2814 5493 servi
2844 5453 3066 5503 sumus,
3106 5432 3398 5491 extendere
3435 5448 3493 5487 se
3522 5431 3846 5499 moliuntur,

2250 5528 2431 5588 divina
2471 5531 2644 5604 adjuti
2666 5540 2785 5588 tam
2828 5532 3027 5588 virtute
3052 5541 3217 5601 quam
3238 5524 3448 5599 justitia
3483 5525 3702 5582 obviare
3730 5538 3849 5580 non

2254 5625 2577 5699 refugimus.

2322 5722 2461 5775 Data
2522 5722 2720 5776 Roma
2778 5716 3041 5774 Kalendis
3091 5715 3269 5785 Junii,
3329 5713 3625 5772 indictione
3673 5710 3847 5768 unde-

2249 5828 2388 5870 eima
2397 5855 2407 5868 .

3739 250 3843 300 ⁵292
3900 266 3915 267 ί
