4106 6182
259 240 365 291 293

816 362 1162 419 EPISTOLA
1202 366 1305 420 X1.

333 468 419 509 AD
457 468 810 511 BEA'IBICEM
849 470 923 511 ΕΤ
966 471 1335 517 MATHILDBM
1374 474 1517 517 EJUS
1554 476 1785 518 FILIAM.

861 548 1043 621 (Anno
1077 558 1256 618 1073.)

265 643 532 696 Hortatur
574 646 633 697 ut
682 644 1007 700 Simoniacos
1049 648 1267 701 evitent.
1320 650 1396 703 De
1445 650 1673 704 Lucensi
1704 651 1859 705 electo

331 714 519 782 aliqua
558 720 955 769 commemorat.
1004 718 1288 785 Signiﬁcat
1349 734 1403 773 se
1453 722 1663 775 mittere
1716 724 1858 776 viros

337 785 613 853 religiosos
647 786 722 839 ad
745 802 941 856 regem,
967 790 1065 857 qui
1088 790 1243 844 illum
1273 791 1345 843 ad
1368 793 1657 846 Romanam
1681 791 1856 848 Eccle-

332 860 475 910 siam
504 862 763 912 revocent.

332 950 684 1007 Gnnoonms
708 950 763 1005 in
788 954 1101 1009 Romanum
1122 953 1436 1025 pontiﬁcem
1465 954 1670 1012 electus
1701 959 1857 1012 BEA-

260 1058 448 1107 rarcr,
500 1051 555 1099 et
593 1044 709 1117 ejus
740 1044 862 1101 ﬁliae
892 1048 1235 1118 MATBILDI,
1264 1048 1495 1105 salutem
1522 1049 1577 1104 in
1616 1052 1857 1106 Domino

258 1138 289 1191 ,Ι
291 1152 390 1192 esu
423 1137 664 1194 Christo.

327 1232 480 1288 Sicut
519 1231 711 1288 beatus
736 1234 1038 1306 Gregorius
1066 1235 1123 1291 in
1156 1235 1399 1307 quodam
1428 1252 1593 1308 super
1626 1237 1853 1294 moralia

259 1326 362 1381 Job
390 1326 835 1397 explanationum
864 1328 1003 1384 libro
1035 1330 1111 1385 ait
1137 1349 1149 1384 :
1182 1331 1465 1386 Statutum
1492 1339 1577 1386 est
1601 1332 1743 1402 apud
1772 1349 1855 1388 su-

257 1436 490 1491 pernum
509 1419 761 1491 judicem
797 1430 994 1494 quanta
1050 1439 1497 1497 unumquemque
1542 1433 1640 1480 aut
1688 1422 1854 1482 ferire

258 1514 576 1580 adversitas,
609 1522 706 1571 aut
738 1515 935 1573 debeat
968 1517 1206 1574 mulcere
1232 1518 1582 1590 prosperitas.
1615 1519 1853 1590 Quicun-

256 1623 357 1680 que
382 1624 517 1682 ergo
545 1609 658 1665 sive
681 1625 776 1682 spe
804 1609 986 1683 hujus,
1018 1613 1102 1667 vel
1125 1612 1326 1668 timore
1352 1612 1498 1668 illius
1526 1612 1581 1668 in
1608 1621 1852 1685 tempore

254 1702 573 1758 tentationis
620 1703 688 1759 ab
733 1703 815 1759 his
854 1720 978 1776 quae
1015 1714 1159 1760 recta
1188 1715 1317 1762 sunt
1346 1705 1542 1772 deviat,
1600 1721 1701 1762 nec
1727 1722 1850 1777 spe-

256 1810 374 1850 rare
410 1794 467 1850 in
517 1798 721 1866 Deum,
769 1812 868 1853 nec
912 1797 1227 1855 divinarum
1275 1799 1502 1870 eloquiis
1542 1799 1851 1871 Scriptura-

254 1905 377 1944 rum
404 1904 463 1944 se
484 1888 766 1947 adhaerere
778 1890 1106 1946 manifestat.
1133 1894 1255 1947 Hoc
1279 1901 1463 1947 autem
1478 1890 1601 1947 ideo
1620 1890 1852 1949 dicimus

255 1982 381 2053 quia
430 1981 598 2038 nobis
655 1992 708 2039 et
754 1982 927 2049 vobis,
978 1986 1089 2039 imo
1128 1984 1389 2040 omnibus
1439 1984 1530 2057 qui
1572 1984 1852 2041 confortes

254 2074 569 2146 adoptionis
600 2075 841 2132 ﬁliorum
872 2077 973 2133 Dei
1018 2093 1134 2133 esse
1163 2079 1439 2150 cupimus,
1467 2094 1579 2134 non
1606 2086 1716 2133 tam
1755 2094 1851 2134 oc—

252 2169 503 2225 casiones
536 2178 740 2226 nostra:
778 2170 1221 2237 existimationis,
1264 2171 1512 2227 videlicet
1553 2170 1687 2244 quid
1726 2172 1851 2227 hinc

252 2263 452 2334 prosit,
485 2263 611 2319 inde
647 2273 862 2332 noceat,
894 2264 1174 2320 intuenda:
1212 2274 1372 2331 sunt,
1410 2280 1574 2337 quam
1610 2265 1743 2321 illud
1791 2273 1852 2321 ut

244 2355 515 2426 justitiam
547 2355 666 2421 Dei,
701 2372 825 2428 quae
860 2374 1144 2429 nunquam
1183 2357 1530 2413 beatitudinis
1559 2357 1667 2413 ﬁne
1694 2374 1849 2414 care-

252 2448 355 2519 bit,
388 2448 611 2506 fortiter
630 2458 935 2515 teneamus,
954 2451 1177 2506 sollicite
1208 2451 1543 2523 pensandum
1564 2460 1617 2507 et
1648 2452 1853 2507 eniten-

249 2542 383 2598 dum
426 2552 533 2598 est.
573 2542 844 2615 Scriptum
878 2552 960 2599 est
998 2545 1140 2600 enim
1174 2563 1188 2598 :
1222 2546 1324 2601 Sed
1362 2551 1412 2600 et
1451 2547 1503 2599 si
1539 2546 1678 2615 quid
1700 2548 1851 2615 pati-

254 2640 388 2690 mini
436 2643 663 2708 propter
697 2637 993 2706 justitiam,
1040 2639 1182 2693 beati
1224 2640 1299 2704 (Π
1337 2641 1480 2693 Petr.
1529 2639 1850 2706 m).Nostis,

250 2730 625 2786 dilectissimae
652 2730 823 2785 sancti
855 2731 998 2786 Petri
1037 2730 1179 2800 ﬁliae,
1216 2748 1381 2803 quam
1414 2741 1601 2803 aperte
1628 2734 1851 2802 Longo-

251 2823 553 2879 bardorum
578 2824 815 2895 episcopi
854 2823 1223 2880 Simoniacam
1263 2823 1517 2880 haeresim
1554 2823 1852 2880 defendere

249 2933 309 2973 ac
338 2916 530 2972 fovere
573 2918 1044 2988 praesumpserint,
1097 2934 1223 2973 cum
1263 2916 1625 2974 Gotefredum
1681 2919 1851 2986 [Goti-

250 3010 485 3079 Iredum]
534 3008 927 3077 Simoniacam,
958 3020 1011 3066 et
1050 3010 1120 3066 ob
1150 3010 1254 3067 hoc
1294 3010 1850 3081 excommunicatum,

1415 244 1607 297 LIBER
1647 244 1911 315 PRIMUS.
1952 276 2022 287 —
2063 250 2266 305 EPIST.
2309 253 2416 308 XII.

1888 375 1941 438 Α
1970 370 2087 428 haec
2111 382 2195 431 est
2225 374 2478 433 voluntas
2506 384 2715 444 nostra,
2762 386 2822 433 ut
2848 376 2917 433 ad
2951 394 3078 436 eum
3108 380 3389 454 religiosos
3415 383 3559 441 viros

3458 264 3564 318 294

1968 465 2270 531 mittamus,
2301 484 2535 539 quorum
2571 469 3051 541 admonitionibus,
3084 472 3383 546 inspirante
3425 479 3561 545 Deo,

1966 558 2038 614 ad
2066 558 2315 617 amarem
2339 572 2544 619 sanctae
2575 565 2842 622 Romana:
2875 572 2931 621 et
2958 581 3072 623 suae
3098 569 3287 624 matris
3310 570 3566 628 Ecclesiae

1966 666 2089 707 eum
2125 668 2401 725 revocare,
2433 666 2487 713 et
2519 656 2586 713 ad
2611 658 2937 731 condignam
2964 657 3200 717 formam
3231 663 3562 735 suscipiendi

1967 744 2180 817 imperii
2210 746 2476 804 instruere
2504 758 2558 805 et
2581 751 2824 822 expolire
2853 752 3143 810 valeamus.
3178 755 3339 824 Quod
3364 756 3407 812 si
3436 772 3560 824 nos,

1964 838 2113 909 quod
2152 855 2264 895 non
2310 851 2592 913 optamus,
2642 843 2828 900 audire
2867 848 3284 918 contempserit,
3329 865 3432 905 nos
3474 858 3561 906 ta-

1966 946 2093 986 men
2130 948 2162 988 a
2191 942 2364 990 matre
2392 943 2573 991 nostra
2604 939 2854 992 Romana
2883 940 3145 1011 Ecclesia,
3175 956 3296 1012 qua
3323 957 3423 998 nos
3457 958 3558 999 nu-

1964 1024 2129 1094 trivit,
2164 1035 2218 1082 et
2260 1042 2404 1100 saepe
2446 1027 2685 1085 ﬁliorum
2725 1045 2951 1086 suorum
2995 1033 3250 1105 sanguine
3282 1034 3416 1091 alios
3468 1052 3560 1107 ge-

1963 1118 2176 1175 neravit
2206 1119 2362 1188 ﬁlios,
2412 1122 2759 1179 custodiente
2788 1126 2926 1193 Deo,
2960 1125 3265 1183 exorbitare
3293 1143 3395 1183 nec
3423 1144 3553 1200 pos-

1962 1226 2150 1268 sumus
2180 1229 2279 1269 nec
2308 1212 2591 1271 debemus.
2632 1218 2704 1272 Et
2720 1225 2866 1272 certe
2890 1217 3057 1273 tutius
3081 1219 3237 1275 nobis
3262 1229 3350 1275 est
3369 1220 3559 1277 defen-

1961 1304 2141 1360 dendo
2183 1307 2462 1362 veritatem
2507 1324 2605 1378 pro
2649 1310 2729 1365 sui
2760 1309 2927 1381 ipsius
2969 1311 3143 1367 salute
3175 1311 3416 1383 adusque
3446 1329 3562 1368 san-

1961 1397 2185 1470 guinem
2230 1410 2480 1456 nostrum
2524 1402 2627 1457 sibi
2672 1404 2941 1470 resistere,
2999 1420 3166 1475 quam
3214 1404 3285 1460 ad
3330 1405 3557 1477 explen-

1958 1490 2088 1546 dam
2115 1492 2230 1565 ejus
2268 1494 2601 1551 voluntatem
2627 1496 2899 1567 iniquitati
2928 1498 3318 1553 consentiendo
3344 1514 3556 1568 secum,

1961 1580 2109 1650 quod
2130 1581 2351 1638 absitad
2367 1582 2650 1641 interitum
2672 1601 2849 1641 ruere.
2878 1586 3063 1641 Valete
3086 1585 3144 1641 in
3168 1585 3406 1653 Christo,
3431 1586 3558 1644 cha-

1961 1674 2211 1740 rissima,
2259 1684 2311 1731 et
2341 1676 2395 1732 in
2432 1687 2620 1734 nostro
2649 1677 2936 1734 dilectione
2967 1679 3132 1735 corde
3157 1687 3312 1736 tenus
3337 1695 3431 1736 vos
3460 1697 3556 1735 an-

1966 1782 2133 1823 nexas
2161 1784 2278 1824 esse
2309 1770 2522 1827 scitote.
3326 1786 3329 1789 ’

2040 1864 2178 1917 Data
2213 1866 2405 1919 Romae
2432 1880 2548 1920 vm
2588 1866 2818 1923 Kalend.
2852 1865 2996 1923 Junii
3032 1866 3223 1935 [Julii],
3258 1866 3559 1923 indictione

1960 1954 2271 2011 undecima.

2495 2054 2852 2110 EPISTOLA
2885 2055 3019 2111 XII.

2112 2165 2193 2205 AD
2233 2168 2610 2212 GULIBLIUM
2650 2171 2998 2212 PAPIENSEM
3040 2171 3403 2213 EPISCOPUM.

2561 2254 2740 2313 (Anno
2786 2250 2963 2321 1078.)

1959 2343 2205 2399 Ostendit
2229 2362 2281 2402 se
2298 2350 2469 2417 ipsius
2500 2349 2698 2402 litteris
2718 2354 3038 2403 commotum
3058 2350 3182 2403 bene
3196 2348 3315 2417 jam
3344 2348 3408 2404 de
3436 2350 3550 2418 ipso

2028 2423 2370 2487 existimare;
2402 2424 2462 2473 ut
2491 2427 2672 2473 autem
2701 2421 2841 2473 hanc
2877 2422 3181 2489 opinionem
3218 2421 3283 2474 de
3325 2435 3381 2474 eo
3423 2422 3549 2475 reti-

2028 2497 2171 2553 neat,
2224 2495 2383 2558 rogat
2424 2494 2601 2559 ipsum
2644 2496 2708 2544 ut
2758 2492 2986 2546 ecclesia:
3028 2494 3280 2547 Romana;
3342 2495 3553 2545 statuta

2037 2562 2356 2633 amplectens
2400 2567 2593 2617 contra
2635 2563 2751 2632 ejus
2810 2562 3151 2618 adversarios
3195 2578 3299 2633 pro
3344 2562 3551 2617 viribus

2028 2639 2211 2692 certet.

2030 2739 2381 2795 Gnsoonws
2402 2735 2460 2789 in
2488 2738 2805 2791 Romanum
2838 2733 3151 2806 pontiﬁcem
3181 2734 3381 2791 electus
3408 2736 3551 2793 Gur-

1957 2845 2188 2888 LIELMO
2229 2827 2470 2899 Papiensi
2501 2828 2752 2899 episc0po
2803 2827 3034 2883 salutem
3062 2828 3116 2882 in
3153 2828 3390 2884 Domino
3423 2830 3555 2884 Jesu

1963 2923 2200 2981 Christo.

2032 3013 2308 3073 Nonnulla
2350 3012 2506 3070 nobis
2551 3012 2719 3069 frater
2748 3011 2815 3069 de
2855 3022 2909 3069 te
2944 3012 3175 3070 antehac
3213 3013 3380 3069 relata
3421 3021 3553 3070 sunt

248 3112 417 3177 atque
475 3103 805 3160 damnatum
859 3104 959 3160 sub
1007 3104 1184 3175 specie
1224 3104 1621 3161 benedictioni
1678 3105 1853 3161 male-
1882 3142 1928 3207 ο
1961 3126 1991 3167 e
2019 3109 2217 3181 quibus
2261 3106 2475 3163 animus
2516 3116 2704 3163 noster
2738 3123 2848 3162 non
2888 3106 3165 3163 immerito
3197 3106 3403 3163 turbari
3452 3106 3550 3163 de-

247 3197 504 3266 dixerint,
569 3206 627 3254 et
682 3197 786 3253 sub
845 3198 1039 3253 umbra
1097 3197 1457 3254 ordinationis
1511 3208 1854 3255 exsecratum
1888 3197 1928 3207 “”
1961 3204 2109 3274 buit;
2141 3201 2240 3259 sed
2285 3202 2342 3257 in
2388 3200 2615 3273 epistola
2664 3209 2754 3257 tua
2800 3200 2962 3274 longe
3002 3201 3106 3257 alia
3142 3206 3553 3272 cognoscentes,

250 3290 577 3348 hzereticum
606 3291 1009 3347 constituerint.
1056 3293 1262 3363 Nempe
1297 3291 1386 3363 qui
1437 3291 1698 3348 hactenus
1727 3292 1855 3364 lapi-

252 3384 349 3442 des
383 3393 441 3441 et
480 3384 708 3457 sagittas
745 3385 978 3440 latenter
1002 3395 1194 3442 contra
1228 3386 1532 3441 Dominum
1556 3386 1852 3457 jactarunt,

245 3480 358 3551 jam
391 3495 541 3535 nunc
580 3478 646 3533 ad
679 3477 1104 3535 subvertendam
1131 3478 1470 3551 religionem,
1513 3488 1567 3535 et
1592 3478 1856 3534 immobi-

253 3574 359 3630 lem
409 3580 623 3629 sanctae
672 3575 939 3628 Romana:
996 3573 1249 3628 Ecclesia:
1289 3580 1504 3643 petram
1534 3566 1854 3628 concutiené

254 3667 411 3734 dam,
458 3680 573 3721 non
603 3664 763 3721 dubie
788 3682 1155 3738 prmcursores
1178 3664 1519 3734 Antichristi,
1551 3675 1604 3721 et
1647 3663 1855 3737 antiqui

255 3759 428 3816 hostis
452 3758 707 3815 satellites
736 3760 788 3815 in
823 3768 1079 3832 apertum
1106 3758 1305 3816 furoris
1333 3759 1417 3815 sui
1445 3775 1702 3830 campum
1741 3774 1859 3831 pro-

258 3852 543 3910 luerunt.
585 3852 800 3922 Quibus
827 3851 1012 3909 favere
1058 3854 1147 3909 vel
1176 3854 1482 3909 consentire
1510 3868 1675 3925 quam
1714 3853 1854 3924 peri-

256 3947 508 4003 culosum
562 3946 652 4013 sit,
726 3945 1010 4017 prudentia
1078 3954 1259 4003 vestra
1327 3947 1453 4002 inde
1522 3945 1851 4019 perpendat;

256 4039 399 4111 quod
427 4038 627 4095 beatus
667 4040 963 4112 Gregorius
1000 4039 1133 4096 dicit
1166 4058 1179 4095 :
1244 4064 1268 4087 α
1293 4039 1517 4095 Talibus
1541 4056 1652 4095 non
1699 4054 1856 4094 sum-

257 4148 478 4205 mopere
502 4131 745 4200 obviare,
773 4132 911 4205 quid
930 4132 1072 4189 aliud
1100 4140 1204 4201 est,
1239 4132 1338 4187 nisi
1369 4131 1539 4188 ﬁdem
1564 4136 1792 4205 negare?
1826 4154 1850 4181 ν

258 4226 414 4283 Unde
453 4226 791 4282 nobilitatem
823 4236 1059 4282 vestram
1097 4226 1388 4282 hortamur
1420 4233 1474 4283 et
1522 4225 1672 4282 valde
1700 4241 1854 4299 roga-

257 4334 377 4376 mus
408 4329 471 4375 ut
512 4320 966 4375 communionem
997 4320 1219 4376 illorum
1262 4318 1460 4375 evitare
1506 4328 1561 4375 et
1588 4318 1858 4376 declinare

258 4413 493 4481 studeat,
548 4428 615 4468 ne
661 4412 993 4470 factionibus
1053 4429 1246 4469 eorum
1299 4412 1525 4469 consilia
1569 4413 1648 4468 vel
1697 4412 1855 4484 adju-

1959 3298 2029 3354 ad
2063 3296 2347 3352 meliorem
2376 3295 2711 3366 opinionem,
2739 3302 2795 3349 et
2818 3309 2971 3366 spem
2999 3294 3179 3369 gaudii
3207 3293 3426 3350 adducti
3467 3309 3557 3349 su-

1962 3407 2108 3459 mus,
2134 3388 2412 3460 cupientes
2450 3394 2505 3443 et
2539 3387 2627 3443 illa
2672 3402 2811 3443 vana
2845 3385 3034 3456 fuisse,
3064 3396 3116 3443 et
3166 3386 3329 3443 ﬁdem
3358 3401 3551 3443 eorum

1961 3499 2083 3556 qua:
2111 3490 2204 3539 tua
2226 3479 2445 3537 dilectio
2473 3480 2705 3551 spondet
2734 3494 2966 3551 operum
2993 3481 3340 3536 attestatione
3380 3478 3553 3550 perci-

1961 3592 2119 3649 pere;
2152 3574 2309 3646 cuius
2328 3573 2405 3629 rei
2434 3584 2674 3644 praesens
2702 3582 2756 3628 et
2784 3572 3009 3643 copiosa
3040 3572 3135 3627 tibi
3165 3572 3393 3628 materia
3415 3588 3548 3643 sup-

1962 3670 2114 3743 petit,
2142 3678 2203 3724 ut
2239 3676 2295 3723 et
2334 3666 2419 3723 his
2446 3682 2567 3738 quae
2604 3665 2674 3721 de
2702 3673 2756 3721 te
2794 3665 3064 3722 credenda
3093 3665 3307 3734 suades,
3338 3666 3552 3722 exclusa

1959 3761 2296 3819 dubitatione
2322 3761 2632 3824 credamus,
2658 3768 2713 3815 et
2730 3757 3128 3827 fraternitatem
3159 3766 3314 3815 tuam
3341 3759 3551 3831 integra

1961 3856 2228 3912 charitate
2250 3854 2427 3922 nobis,
2482 3853 2595 3909 imo
2624 3861 2827 3909 sanctae
2873 3857 3142 3910 Romanae
3176 3852 3433 3909 Ecclesiae
3461 3850 3553 3907 ad-

1961 3950 2208 4008 strictam
2273 3946 2392 4003 fore
2450 3946 2895 4023 comprobemus.
2954 3946 3073 4001 Fiat
3142 3946 3325 4018 itaque
3393 3944 3554 4001 nobis

1960 4042 2247 4108 indicium,
2294 4056 2461 4112 quam
2509 4038 2750 4096 unanimi
2786 4038 2972 4096 studio
3022 4038 3222 4095 eadem
3266 4038 3553 4096 nobiscum

1960 4137 2121 4203 velle,
2150 4142 2209 4191 et
2248 4150 2347 4207 pro
2396 4133 2650 4189 libertate
2689 4141 2890 4189 sancta:
2921 4132 3181 4189 Ecclesiae
3218 4133 3415 4203 quibus
3452 4147 3555 4187 nos

1962 4243 2332 4302 repugnamus
2373 4234 2490 4282 toto
2519 4226 2639 4285 nisu
2681 4226 2934 4282 resistere
2965 4233 3182 4298 paratus
3211 4226 3440 4295 existas,
3469 4224 3554 4279 vi-

1970 4322 2167 4379 delicet
2195 4330 2253 4377 ut
2278 4319 2361 4377 his
2398 4319 2491 4393 qui
2534 4319 2857 4375 catholicam
2888 4318 3054 4374 ﬁdem
3087 4326 3141 4373 et
3178 4318 3553 4375 ecclesiasticae

1962 4412 2241 4488 religionis
2304 4413 2518 4483 regulas
2570 4420 2838 4468 conantur
2887 4418 3149 4479 evertere,
3203 4426 3315 4466 non
3371 4411 3553 4466 solum

256 4516 439 4562 menta
490 4507 753 4577 praebeat.
780 4510 970 4578 Neque
1001 4523 1128 4562 vero
1159 4506 1212 4563 in
1244 4506 1346 4562 hac
1389 4522 1447 4562 re
1483 4505 1663 4579 aliqua
1694 4504 1855 4577 huius
1882 4521 1935 4585 ι)
1964 4523 2075 4565 non
2116 4506 2451 4574 consentire,
2494 4504 2591 4562 sed
2637 4520 2699 4560 ea
2748 4512 2922 4576 parte,
2967 4518 3089 4575 quae
3120 4518 3217 4573 pro
3251 4503 3553 4558 reverentia

257 4599 445 4655 mundi
479 4600 636 4667 ratio,
676 4616 797 4671 quae
837 4600 1061 4672 quidem
1106 4615 1262 4667 vana,
1301 4600 1635 4668 transitoria,
1668 4608 1725 4656 et
1760 4599 1853 4656 de-

257 4694 459 4763 ceptiva
495 4700 600 4759 est,
637 4708 739 4748 vos
773 4700 1153 4760 commoveat;
1195 4692 1453 4764 quoniam
1500 4708 1593 4763 per
1640 4692 1849 4747 miseri-

257 4786 497 4841 cordiam
549 4786 671 4853 Dei,
712 4794 769 4841 et
790 4788 960 4842 sancti
1000 4786 1165 4855 Petri,
1194 4786 1343 4841 nulla
1380 4801 1476 4841 vos
1504 4785 1848 4841 inimicorum

258 4879 484 4934 versutia
520 4877 721 4935 laedere
773 4879 994 4951 poterit,
1039 4880 1083 4937 si
1116 4888 1351 4937 mentem
1400 4888 1637 4935 vestram
1688 4879 1850 4934 libera

255 4972 587 5027 conscientia
629 4971 887 5029 defendit.
928 4976 1012 5029 De
1045 4973 1219 5031 electo
1259 4988 1389 5029 vero
1438 4972 1691 5039 Lucensi,
1740 4987 1852 5028 non

254 5064 398 5120 aliud
447 5064 603 5121 vobis
656 5066 1100 5137 respondendum
1159 5082 1276 5123 esse
1323 5066 1655 5137 pervidimus
1704 5068 1851 5136 [pro-

182 5168 185 5169 '
258 5159 533 5228 vidimus],
576 5158 676 5215 nisi
706 5158 853 5231 quod
882 5159 935 5213 in
970 5174 1033 5214 eo
1065 5166 1271 5213 tantam
1300 5158 1611 5215 divinarum
1643 5159 1850 5215 littera-

258 5268 379 5308 rum
432 5252 735 5321 scientiam,
783 5260 839 5308 et
874 5252 1143 5308 rationem
1190 5251 1528 5309 discretionis
1564 5268 1679 5308 esse
1730 5267 1849 5325 per-

257 5348 519 5416 cepimus,
560 5354 623 5401 ut
665 5360 786 5416 qua
810 5345 1063 5413 sinistra,
1096 5361 1218 5417 quas
1265 5346 1335 5402 sit
1363 5345 1557 5402 dextra
1588 5345 1703 5417 ipse
1738 5361 1851 5401 non

258 5439 489 5512 ignoret.
540 5437 704 5508 Quod
744 5439 789 5496 si
842 5438 914 5495 ad
965 5438 1245 5495 dexteram
1288 5440 1639 5507 inclinaverit,
1694 5437 1850 5495 valde

256 5531 591 5604 gaudemus;
657 5532 743 5589 sin
794 5548 945 5600 vero,
999 5531 1146 5604 quod
1208 5532 1347 5591 absit
1403 5531 1471 5589 ad
1540 5533 1847 5600 sinistram,

258 5626 442 5698 utique
486 5625 736 5684 dolemus
784 5645 797 5682 :
852 5624 950 5683 sed
997 5625 1197 5683 nullius
1244 5642 1491 5698 personae
1544 5627 1717 5700 gratia
1766 5625 1850 5683 vel

257 5716 438 5775 favore
521 5719 786 5793 impietati
874 5734 1154 5777 assensum
1225 5720 1495 5776 dabimus.
1572 5724 1655 5776 De
1724 5735 1849 5792 rege

262 5821 470 5881 autem,
535 5821 599 5869 ut
663 5821 825 5870 antea
892 5813 948 5870 in
1007 5812 1199 5869 litteris
1273 5814 1477 5871 nostris
1547 5814 1844 5886 accepistis,

1960 4601 2125 4674 hujus
2147 4608 2351 4659 sancta:
2376 4598 2519 4655 sedis
2543 4606 2598 4655 et
2622 4596 2807 4654 debito
2832 4606 3099 4669 perceptae
3121 4595 3247 4652 ﬁdei
3277 4596 3426 4651 cultu
3451 4595 3555 4651 illis

1954 4694 2222 4751 contrarie
2271 4691 2531 4759 decrevit,
2578 4690 2685 4747 tuis
2732 4689 2968 4747 consiliis
3012 4688 3394 4761 adjutorioque
3437 4686 3553 4745 suf-

1957 4787 2115 4855 fulta,
2146 4802 2243 4859 pro
2272 4786 2384 4842 tuis
2410 4784 2607 4840 viribus
2632 4791 2687 4840 te
2724 4798 2940 4855 quoque
2957 4797 3255 4854 repugnare
3274 4781 3551 4839 ostendas.

1958 4884 2081 4936 Hoc
2104 4888 2288 4936 autem
2322 4877 2691 4934 indubitanter
2716 4876 2876 4945 scias,
2906 4876 3188 4947 quoniam,
3217 4875 3261 4931 si
3287 4874 3557 4933 Mediola-

1957 4989 2152 5029 nenses
2180 4971 2431 5029 catholici
2465 4970 2627 5043 hujus
2656 4970 2733 5025 rei
2780 4968 3159 5025 testimonium
3188 4968 3256 5025 de
3308 4976 3364 5025 te
3394 4967 3555 5024 nobis

1958 5065 2226 5133 dederint,
2256 5074 2319 5120 ut
2345 5062 2647 5122 Gotefredo
2678 5062 3177 5129 excommunicato,
3209 5069 3263 5117 et
3290 5061 3555 5133 episcopis

1958 5160 2052 5233 qui
2108 5158 2228 5233 ejus
2271 5173 2434 5214 causa
2487 5156 3075 5213 excommunicationis
3124 5154 3427 5226 periculum
3475 5153 3552 5208 in-

1957 5260 2274 5321 currerunt,
2320 5250 2614 5324 prudenter
2660 5248 2912 5317 obsistas,
2947 5257 3003 5305 et
3039 5247 3116 5304 eis
3162 5248 3252 5321 qui
3285 5248 3340 5303 in
3377 5256 3551 5303 certa-

1958 5347 2103 5403 mine
2141 5345 2348 5403 Christi
2391 5352 2518 5401 sunt
2566 5332 2801 5399 ﬁdeliter
2836 5342 3089 5398 solatium
3136 5341 3396 5412 praebeas,
3442 5356 3555 5397 non

1958 5456 2155 5496 aurum
2208 5439 2290 5495 vel
2321 5446 2631 5510 argentum,
2680 5453 2781 5492 nec
2828 5435 3007 5508 aliqua
3050 5434 3400 5490 fraternitatis
3447 5442 3556 5491 tuae

1958 5533 2139 5590 studia
2181 5531 2266 5588 vel
2302 5531 2567 5603 obsequia
2601 5538 2805 5587 nostrae
2851 5538 2906 5586 et
2948 5529 3117 5585 totius
3145 5531 3414 5585 Romanae
3446 5531 3558 5584 Ec—

1958 5628 2136 5683 clesiae
2164 5624 2412 5682 charitati
2449 5640 2603 5697 aeque
2642 5633 2695 5680 te
2725 5632 2779 5680 et
2806 5639 2994 5680 causas
3021 5630 3140 5678 tuas
3170 5620 3558 5677 commendare

1963 5730 2017 5777 et
2042 5718 2404 5777 indissolubili
2436 5734 2563 5775 cura
2594 5726 2881 5774 annectere
2920 5721 3194 5787 poterunt.
3230 5717 3293 5768 1n
3322 5712 3427 5766 hoc
3453 5721 3560 5767 ete-

1962 5815 2078 5871 nim
2124 5813 2512 5870 charissimum
2556 5810 2756 5877 ﬁlium,
2812 5817 2866 5864 et
2921 5805 3093 5864 ﬁdum
3145 5810 3555 5873 occperatorem
