4106 6182
523 261 625 314 2ὶὸ

1207 256 1262 310 S.
1302 252 1622 310 GREGORII
1662 255 1748 307 VII
1788 253 1981 307 PAP/E
2020 252 2294 307 OPERUM
2335 250 2505 305 PARS
2542 251 2578 304 1.
2626 281 2686 289 -
2727 250 3129 304 REGISTRUM.

3708 250 3813 302 296

523 388 726 439 sancta:
746 382 1013 437 Romanae
1036 378 1289 435 Ecclesiae
1311 378 1652 449 potissimum
1674 386 1726 432 te
1747 377 2123 432 demonstrare
2152 380 2205 443 Α
2231 383 2314 431 ter
2351 374 2727 441 dilectissime,
2772 381 2827 429 et
2869 374 3005 428 miti
3029 372 3270 428 oratione
3316 371 3563 428 animum
3601 371 3818 428 flectere

528 476 748 547 poteris,
792 475 835 531 si
875 475 991 546 ejus
1029 479 1249 535 statuta,
1296 487 1416 543 qua:
1463 488 1493 527 a
1537 471 1752 526 tramite
1798 480 2115 528 sanctorum

525 572 749 625 Patrum
792 584 903 623 non
938 566 1161 633 recedit,
1202 564 1560 637 amplexando
1593 565 1802 621 fortiter
1850 574 1904 620 et
1934 563 2117 620 defen-

524 661 706 718 dendo
743 659 1003 716 tenueris.
1036 659 1197 729 Quod
1236 658 1462 731 quidem
1505 674 1615 731 prae
1651 659 1865 714 caeteris
1901 660 2115 731 Longo-

526 754 823 810 bardorum
864 754 1127 825 episcopis
1169 761 1222 808 te
1266 760 1481 825 oportet
1521 769 1699 825 agere,
1731 760 1790 807 ut
1817 752 1955 807 sicut
1984 768 2114 823 apo-

523 848 714 904 stolica
757 857 809 904 et
847 847 1161 904 universalis
1208 848 1440 902 Ecclesia
1480 863 1601 902 eam
1633 846 1717 902 cui
1746 849 1864 902 Deo
1906 847 2115 902 volente

521 957 753 1013 pree‘sse
793 940 1147 1013 dignosceris,
1174 942 1383 1013 speciali
1424 940 1592 1013 gratia
1621 949 1675 997 et
1704 940 1912 996 honore
1949 940 2115 995 subli-

523 1036 723 1103 mavit;
756 1037 851 1102 ita,
882 1051 1008 1091 cum
1045 1035 1334 1091 necessitas
1378 1043 1431 1090 et
1460 1050 1747 1091 causarum
1791 1034 1946 1089 labor
1991 1050 2113 1090 exe-

522 1130 677 1201 gerit,
703 1130 757 1185 in
784 1129 1139 1185 sollicitudine
1164 1129 1351 1184 matris
1378 1129 1603 1185 desudet
1622 1129 1816 1195 acrius,
1848 1144 1967 1200 quae
1993 1128 2116 1183 cha-

520 1218 699 1279 ritatis
730 1223 847 1294 ejus
867 1231 923 1278 et
954 1222 1160 1278 vicariae
1204 1222 1628 1295 dispensationis
1657 1238 1859 1280 munus
1889 1222 2116 1278 sortitur

525 1317 780 1389 Opimius.

594 1414 733 1467 Data
774 1412 969 1467 Romae
1015 1426 1089 1468 ιιι
1117 1412 1223 1483 [ιν]
1260 1411 1380 1466 Kal.
1416 1411 1577 1481 Julii,
1611 1410 1899 1469 indictione
1938 1410 2113 1467 unde-

525 1518 683 1560 CIIDa.
1195 1521 1199 1524 ’

1047 1619 1399 1674 EPISTOLA
1431 1619 1593 1673 XIII.

625 1743 705 1783 AD
737 1743 1058 1784 MANASSEM
1090 1745 1423 1785 BEMENSEM
1456 1746 2015 1788 ARCHIBPISCOPUM.

1134 1826 1321 1887 (Anno
1370 1829 1549 1890 1073.)

526 1937 602 1991 Ne
630 1934 907 1989 monachos
932 1935 1115 1989 Sancti
1144 1937 1375 2003 Remigii
1402 1936 1635 2004 amplius
1675 1941 1852 2000 ueniet,
1882 1940 1934 1989 et
1950 1936 2121 2005 juxta

588 2007 872 2130 οαηοέιίαιης
936 2008 1229 2060 sanctiones
1292 2007 1534 2061 abbatem
1602 2008 1688 2061 ibi
1753 2008 2116 2062 ordinandum

598 2091 759 2130 mre.

598 2091 740 2130 curet
748 2116 759 2127 .

597 2186 955 2243 Gesconws
983 2188 1267 2259 episcopus
1305 2203 1495 2244 servus
1531 2204 1814 2245 servorum
1843 2189 1943 2244 Dei
1984 2193 2118 2245 MA-

526 2294 739 2337 NASSAE
780 2282 1037 2337 Remensi
1066 2281 1476 2355 archiepiscopo
1502 2283 1736 2339 salutem
1766 2291 1821 2338 et
1856 2284 2119 2354 apostoli-

525 2389 647 2430 cam
679 2374 1125 2433 benedictionem.

596 2469 650 2525 Si
681 2469 784 2525 Ioci
816 2469 912 2537 tui,
947 2470 1111 2526 frater
1154 2470 1525 2540 dilectissime,
1571 2470 1907 2542 dignitatem,
1942 2471 1986 2526 si
2034 2470 2111 2527 of-

529 2563 599 2617 cii
648 2562 913 2629 debitum,
963 2563 1006 2618 si
1054 2571 1252 2619 statuta
1288 2564 1592 2620 divinarum
1634 2564 1835 2636 legum,
1885 2564 2118 2635 denique

526 2655 569 2711 si
598 2671 715 2711 eam
742 2671 906 2728 quam
938 2666 1138 2713 sancta:
1168 2660 1440 2713 Romanae
1474 2657 1723 2713 Ecclesiae.
1761 2659 2118 2713 reverentiam

529 2756 585 2803 et
621 2748 940 2805 charitatem
967 2749 1136 2807 debes
1166 2751 1450 2823 diligenter
1494 2750 1826 2816 attenderes,
1872 2750 2117 2823 profecto

525 2851 746 2914 rogatus
775 2852 831 2898 et
867 2844 1070 2899 monita
1100 2844 1240 2899 sedis
1277 2845 1591 2916 apostolica:
1630 2861 1741 2899 non
1769 2845 1928 2901 toties
1972 2844 2117 2917 apud

525 2941 578 2991 te
606 2934 855 2993 frustrari
877 2937 1243 3008 permitteres;
1275 2939 1572 3010 praesertim
1605 2954 1729 2993 cum
1758 2939 1933 3010 gravis
1962 2942 2117 3010 culpa

528 3028 597 3084 sit
626 3029 681 3084 in
722 3030 1037 3102 hujusmodi
1062 3047 1222 3087 causa
1264 3040 1315 3086 te
1358 3031 1643 3087 monitoris
1683 3048 1870 3087 vocem
1918 3048 2114 3102 provo-

522 3137 676 3178 casse
730 3124 809 3178 vel
869 3133 1229 3195 exspectasse.
1286 3126 1427 3178 Nam
1483 3139 1820 3196 quaecunque
1868 3125 2026 3180 nobis
2086 3141 2115 3179 e

525 3214 819 3270 commissa
842 3216 1243 3287 dispensatione
1262 3214 1571 3283 imminent,
1600 3218 1871 3288 negligere
1892 3216 2117 3288 quidem

525 3323 589 3363 ea
631 3308 831 3378 absque
880 3310 1120 3379 periculo
1155 3318 1342 3364 nostro
1388 3325 1499 3364 non
1550 3324 1873 3381 possumus,
1914 3310 2116 3366 nedum

525 3400 799 3458 voluntate
833 3410 885 3457 et
926 3401 1106 3458 studio
1148 3401 1481 3458 confundere
1521 3418 1775 3458 securum
1812 3404 1970 3459 nobis
2001 3421 2117 3460 esse

525 3503 814 3565 putemus:
842 3495 1113 3567 siquidem
1149 3496 1464 3552 meminisse
1502 3496 1664 3552 debet
1694 3497 1975 3569 prudentia
2004 3507 2114 3566 tua,

525 3588 734 3658 quoties
775 3587 1032 3644 dominus
1075 3598 1129 3645 et
1168 3590 1533 3661 praedecessor
1572 3599 1760 3646 noster
1805 3591 2117 3647 Alexander

523 3681 845 3738 veneranda:
878 3684 1159 3739 memoriae
1201 3700 1355 3755 papa,
1387 3693 1443 3740 et
1464 3700 1586 3751 nos,
1632 3693 1751 3740 tum
1792 3700 1887 3755 per
1914 3684 2114 3755 episto-

523 3774 602 3830 las
641 3783 761 3830 tum
814 3792 906 3847 per
957 3775 1182 3849 legatos,
1231 3776 1302 3832 de
1350 3793 1513 3833 causa
1561 3778 1872 3834 monasterii
1931 3780 2113 3835 Sancti

522 3868 760 3941 Remigii
802 3869 1042 3941 rogando
1070 3879 1123 3925 et
1168 3869 1443 3926 hortando
1490 3880 1543 3926 te
1583 3872 1992 3939 admonuimus,
2046 3888 2114 3927 ne

525 3963 685 4019 toties
732 3963 1089 4035 apostolicam
1137 3964 1465 4020 audientiam
1512 3962 1740 4020 fratrum
1785 3965 2113 4021 clamoribus

521 4055 732 4129 fatigari
780 4066 1003 4129 urgente
1044 4058 1363 4114 necessitate
1401 4058 1623 4125 sineres,
1663 4074 1731 4113 ne
1777 4075 2111 4130 quemquam

522 4150 614 4219 ibi,
648 4152 731 4207 cui
773 4152 910 4207 sacri
939 4166 1178 4206 canones
1204 4150 1662 4219 contradicerent,
1710 4152 1764 4207 in
1793 4152 1913 4207 loco
1951 4151 2111 4209 abba-

520 4244 589 4300 tis
617 4259 935 4316 apponeres,
974 4260 1101 4312 neu,
1128 4244 1270 4300 bona
1308 4245 1616 4300 monasterii
1642 4245 1709 4301 ab
1748 4262 1849 4301 usu
1878 4262 2109 4319 congre-

519 4337 749 4409 gationis
802 4337 1125 4407 auferendo,
1179 4338 1363 4394 locum
1418 4338 1605 4410 inopid
1649 4339 1964 4413 dissipares;
2014 4342 2111 4397 sed

520 4431 691 4487 talem
736 4431 808 4488 ibi
849 4432 917 4488 ad
956 4431 1199 4503 regimen
1232 4430 1466 4488 abbatiae
1502 4433 1755 4489 constitui
1796 4435 2112 4507 regulariter

520 4541 861 4597 procurares,
891 4526 978 4581 cui
1014 4541 1114 4582 nec
1144 4527 1200 4581 in
1243 4525 1599 4582 exterioribus
1631 4526 1945 4599 providendi
1988 4528 2108 4585 dili-

519 4619 715 4690 gentia,
756 4636 857 4675 nec
898 4618 955 4675 in
982 4620 1242 4690 spirituali
1273 4619 1644 4677 moderamine
1673 4620 1856 4694 religio
1899 4620 2110 4678 deesset

518 4719 614 4767 aut
649 4711 894 4768 scientia.
947 4713 1109 4782 Quod
1142 4730 1268 4770 cum
1311 4730 1456 4787 saepe
1500 4712 1771 4772 facturum
1810 4716 1967 4771 nobis
2013 4732 2107 4788 per

518 4805 721 4876 legatos
769 4814 893 4861 tuos
918 4807 1255 4877 promiseris,
1298 4807 1536 4864 necdum
1583 4819 1766 4864 tamen
1808 4808 2105 4881 adimplere

516 4897 743 4965 curasti;
790 4898 906 4964 sed,
955 4906 1017 4954 ut
1062 4900 1367 4957 multorum
1406 4902 1663 4959 relatione
1713 4903 2100 4975 comperimus,

515 4990 582 5047 de
614 4990 703 5046 die
733 4989 787 5046 in
820 4991 969 5048 diem
998 4993 1353 5048 venerabilem
1376 4995 1559 5050 locum
1585 4996 1737 5051 illum
1768 4997 2012 5068 aSperius
2041 5012 2104 5052 ac

514 5083 871 5141 miserabilius
920 5093 1139 5155 tractas,
1193 5094 1265 5154 et,
1324 5095 1385 5142 ut
1442 5086 1764 5143 detrimenta
1826 5089 2101 5145 bonorum

514 5179 897 5251 temporalium
942 5189 1235 5247 taceamus,
1287 5180 1558 5251 religiosas
1600 5196 1818 5252 quoque
1868 5181 2101 5237 fratrum

512 5289 768 5345 personas
797 5272 999 5329 crudeli
1029 5289 1090 5328 ac
1117 5273 1509 5329 contumeliosa
1539 5274 1789 5345 captione
1831 5284 2094 5332 coarctas.

508 5365 671 5423 Unde
692 5366 767 5422 tui
788 5366 951 5437 ipsius
972 5366 1188 5422 solertia
1215 5365 1551 5439 perpendere
1572 5375 1749 5438 potest
1777 5383 1945 5440 quam
1976 5384 2096 5441 gra-

510 5459 589 5514 vis
633 5457 795 5530 super
841 5459 943 5515 hac
986 5476 1045 5515 re
1073 5468 1127 5515 et
1153 5468 1206 5515 te
1241 5461 1395 5531 culpa
1424 5469 1478 5516 et
1501 5477 1601 5516 nos
1648 5461 1902 5517 molestia
1942 5479 2097 5519 mor-

507 5552 655 5621 deat,
688 5551 835 5623 quod
863 5553 1174 5624 apostolicae
1192 5554 1333 5610 sedis
1364 5555 1655 5612 auctoritas
1684 5556 1804 5612 loco
1834 5565 1886 5612 et
1910 5556 2095 5613 fratri-

507 5644 628 5713 bus,
659 5645 855 5719 quibus
886 5655 936 5702 te
953 5646 1282 5719 jamdudum
1309 5649 1545 5719 paternis
1568 5649 1857 5707 affectibus
1902 5668 2096 5709 consu-

508 5739 670 5796 luisse
724 5738 1001 5808 decuerat,
1068 5741 1303 5799 necdum
1366 5758 1491 5815 erga
1545 5752 1600 5800 te
1659 5745 1725 5800 ad
1794 5762 1983 5817 pacem
2040 5754 2098 5803 et

504 5833 741 5905 quietem
773 5835 1030 5907 prodesse
1056 5837 1252 5909 potuit.
1280 5838 1511 5895 Tentare
1548 5845 1729 5895 tamen
1755 5839 1952 5909 adhuc,
1982 5837 2091 5895 fra-

2144 1742 2191 1803 B

2225 468 2639 537 destinavimus,
2687 477 2945 539 rogantes
2979 475 3032 523 et
3075 482 3140 521 ex
3188 474 3335 537 parte
3378 466 3658 521 beatorum
3689 480 3817 537 apo-

2222 563 2490 618 stolorum
2537 561 2681 617 Petri
2724 570 2777 616 et
2808 560 2977 624 Pauli,
3007 569 3061 615 et
3088 568 3290 622 nostra,
3334 575 3430 631 per
3459 574 3553 615 eos
3594 566 3815 630 aposto-

2223 658 2323 713 lica
2357 655 2675 712 auctoritate
2705 663 3138 721 commonentes,
3176 662 3259 722 ut,
3304 654 3347 708 si
3377 652 3627 725 deinceps
3662 668 3815 725 spem

2222 751 2275 805 iu
2330 759 2519 806 nostra
2553 749 2889 805 fraternitate
2926 756 2980 804 et
3011 748 3299 805 dilectione
3329 746 3529 803 habere
3558 746 3811 813 volueris,

2222 846 2336 901 sine
2381 846 2534 902 omni
2578 844 2836 901 dilatione
2866 844 3031 900 talem
3070 859 3355 915 personam
3387 842 3702 916 regulariter
3741 842 3813 897 ibi

2224 939 2457 994 ordinari
2500 939 2556 993 in
2597 939 2851 994 abbatem
2890 954 3170 1009 procures,
3219 952 3341 1009 quae
3391 937 3518 993 huic
3557 935 3730 992 ordini
3762 944 3817 989 et

2222 1032 2404 1089 ofﬁcio
2431 1032 2685 1089 decenter
2713 1040 3002 1105 congruat,
3034 1040 3089 1088 et
3118 1040 3332 1100 caetera,
3365 1046 3487 1103 quae
3524 1029 3817 1086 necessitas

2222 1136 2277 1183 et
2295 1127 2501 1199 justitia
2529 1126 2845 1182 monasterii
2876 1125 3057 1199 exigit,
3090 1126 3162 1181 ita
3192 1124 3431 1198 corrigas
3455 1132 3507 1181 et
3536 1124 3812 1191 emendes,

2220 1236 2293 1277 ne
2331 1220 2561 1276 fratrum
2602 1220 2827 1276 ulterius
2865 1219 2936 1275 ad
2974 1236 3075 1275 nos
3116 1219 3304 1276 referri
3349 1219 3566 1291 querela
3596 1218 3812 1275 debeat.

2221 1314 2379 1384 Quod
2418 1316 2460 1370 si
2497 1314 2676 1371 denuo
2702 1314 2760 1370 in
2801 1314 2941 1369 hanc
2980 1313 3549 1381 reverentiam,sancti
3582 1313 3721 1369 Petri
3762 1320 3819 1368 et

2222 1417 2467 1465 nostram
2537 1408 2970 1481 qualemcunque
3034 1408 3351 1463 charitatem
3414 1406 3819 1478 amicitiamque

2221 1502 2614 1574 contempseris
2645 1503 2825 1574 procul
2857 1502 3022 1558 dubio
3056 1501 3221 1573 (quod
3245 1518 3345 1558 nos
3381 1501 3528 1555 inviti
3562 1500 3815 1565 dicimus)

2221 1597 2572 1668 apostolicam
2614 1598 2669 1653 in
2704 1604 2756 1652 te
2795 1597 3141 1652 severitatem
3172 1602 3226 1651 et
3249 1593 3583 1650 iracundiam
3619 1608 3815 1667 provo-

2225 1690 2392 1747 cabis.

2301 1788 2440 1840 Data
2474 1787 2671 1840 Roma:
2714 1782 2958 1840 secundo
2998 1782 3274 1839 Kalendas
3323 1782 3472 1849 Julii,
3521 1781 3820 1838 indictione

2230 1878 2531 1934 undecima.

2753 2001 3101 2056 EPISTOLA
3126 1999 3280 2055 XIV.

2374 2136 2457 2177 AD
2497 2136 2804 2179 HUGONEM
2846 2135 3139 2176 ΔΒΒΑΤΕΜ
3183 2132 3671 2176 CLUNIACENSBH.

2839 2237 3016 2298 (Anno
3052 2237 3149 2287 i07
3160 2236 3233 2293 3.)

2305 2350 2370 2400 Ut
2435 2349 2648 2400 litteras
2702 2360 2830 2400 suas
2881 2345 2954 2398 ad
3016 2348 3319 2400 Remensem
3364 2344 3818 2413 archiepiscopum

2306 2419 2583 2479 admittat,
2624 2422 2674 2471 et
2701 2418 2978 2472 monachos
3011 2417 3199 2471 Sancti
3223 2417 3458 2484 Remigii
3488 2419 3726 2469 tueatur.

2298 2530 2653 2586 GBEGOBIUS
2678 2528 2983 2600 episcopus,
3011 2542 3199 2582 servus
3220 2542 3502 2582 servorum
3534 2525 3660 2594 Dei,
3695 2528 3819 2582 HU-

2227 2638 2375 2680 GONI
2400 2623 2579 2678 abbati
2623 2622 2981 2689 Cluniacensi,
3009 2621 3241 2677 salutem
3270 2628 3325 2676 et
3345 2620 3702 2693 apostolicam
3723 2620 3819 2676 be-

2224 2716 2610 2773 nedictionem.

2232 2820 2239 2849 ῖ
2298 2812 2523 2867 Noverit
2578 2809 2839 2866 sanctitas
2891 2817 3063 2864 vestra
3119 2807 3220 2863 bos
3270 2807 3466 2864 fratres
3518 2806 3821 2863 monachos

2224 2905 2537 2962 monasterii
2578 2904 2758 2960 Sancti
2798 2904 3028 2975 Remigii
3072 2916 3189 2958 esse
3225 2900 3421 2973 quibus
3456 2899 3604 2972 apud
3631 2899 3818 2957 sedem

2225 2999 2582 3071 apostolicam
2615 3014 2711 3068 pro
2745 2996 3118 3053 consolatione
3147 2995 3249 3051 loci
3274 2996 3379 3062 sui,
3412 3010 3576 3066 quem
3608 2997 3821 3051 Manas-

2227 3108 2313 3148 ses
2362 3091 2653 3147 Remensis
2704 3090 3143 3161 archiepiscOpus
3186 3087 3425 3159 quotidie
3478 3087 3708 3160 dissipat
3756 3104 3819 3144 ac

2227 3184 2531 3249 confundit,
2574 3183 2667 3239 diu
2713 3182 3207 3249 commorantibus,
3250 3198 3361 3237 non
3402 3181 3547 3238 aliud
3575 3182 3643 3238 ad
3681 3198 3819 3254 pra:-

2224 3295 2350 3336 sens
2374 3278 2632 3334 solatium
2664 3278 3023 3348 opportunius
3048 3276 3297 3332 exhibere
3327 3276 3622 3347 potuimus,
3652 3291 3815 3347 quam

2225 3371 2372 3444 quod
2404 3371 2582 3428 eidem
2612 3370 3020 3442 archiepiscopo
3066 3370 3275 3426 litteras
3309 3370 3519 3442 pariter
3546 3385 3671 3425 cum
3697 3369 3820 3426 istis

2224 3466 2377 3521 vobis
2406 3464 2649 3521 redditas
2687 3464 3105 3531 destinavimus;
3134 3464 3187 3519 in
3216 3463 3414 3536 quibus
3442 3480 3592 3533 eum,
3622 3463 3663 3518 si
3684 3479 3817 3520 cum

2222 3559 2380 3615 beato
2419 3562 2577 3615 Petro
2616 3568 2670 3615 et
2713 3562 2965 3614 Romana
2997 3558 3235 3614 Ecclesia
3274 3573 3461 3629 pacem
3488 3572 3704 3628 sperare
3734 3572 3819 3612 ve-

2223 3652 2302 3720 lit,
2398 3651 2685 3724 praefatum
2771 3652 3161 3708 monasterium
3254 3651 3570 3723 regulariter
3665 3649 3819 3705 ordi-

2221 3762 2371 3812 nare,
2427 3754 2483 3802 et
2528 3746 2580 3801 in
2623 3746 2805 3817 quiete
2846 3746 3117 3801 dimittere
3170 3746 3407 3801 multum
3455 3759 3715 3816 rogamus
3762 3752 3820 3800 et

2220 3839 2613 3908 admonemus;
2662 3854 2801 3911 quas
2841 3847 2901 3895 ut
2960 3847 3135 3895 vestra
3187 3838 3418 3894 charitas
3457 3838 3531 3892 illi
3579 3853 3671 3910 per
3700 3836 3819 3893 ido-

2220 3949 2385 3988 neum
2422 3934 2674 3989 nuntium
2721 3933 2922 4001 mittat,
2970 3940 3026 3987 et
3065 3932 3223 3987 nobis
3264 3930 3528 4003 quidquid
3579 3946 3676 4002 pro
3730 3930 3818 3986 his

2219 4023 2407 4082 fecerit
2447 4025 2627 4082 oblata
2666 4026 2902 4098 primum
2958 4025 3361 4097 opportunitate
3390 4024 3667 4092 rescribat,
3712 4039 3814 4080 no-

2218 4126 2326 4175 stra
2364 4119 2669 4176 sollicitudo
2700 4119 2985 4177 desiderat.
3023 4119 3247 4175 Interim
3277 4134 3403 4173 vero
3448 4118 3642 4173 fratres
3680 4116 3818 4173 istos

2219 4212 2608 4270 desolationem
2659 4214 2761 4269 loci
2810 4214 2893 4269 sui
2952 4213 3127 4268 videre
3184 4211 3448 4284 fugientes
3494 4209 3817 4283 benignitati

2219 4316 2411 4363 vestrae
2448 4306 2919 4375 commendamus,
2958 4314 3223 4380 quatenus
3259 4305 3324 4360 de
3365 4304 3448 4360 his
3486 4304 3672 4360 tandiu
3713 4320 3813 4360 cu-

2220 4416 2339 4455 ram
2380 4400 2579 4455 habere
2604 4416 2714 4456 non
2754 4400 2949 4473 pigeat,
2979 4399 3171 4466 donec,
3217 4398 3509 4454 miserante
3538 4400 3677 4464 Deo,
3712 4412 3819 4470 op-

2138 4516 2187 4579 D
2219 4501 2388 4549 tatam
2444 4494 2679 4565 quietem
2717 4493 2770 4548 in
2814 4493 3147 4549 monasterio
3177 4508 3276 4550 suo
3308 4508 3403 4547 eos
3428 4491 3627 4547 habere
3652 4506 3815 4563 posse

2220 4585 2511 4643 contineat.

2288 4603 2402 4641 nun
2440 4603 2511 4643 at.

2288 4603 2439 4735 Dat:
2470 4684 2668 4736 Romae
2718 4696 2765 4736 II
2822 4679 3059 4736 Kalend.
3115 4656 3279 4747 Julii,
3312 4677 3597 4735 indictione
3646 4675 3815 4732 unde-

2214 4773 2377 4830 cima.

2749 4886 3098 4942 EPISTOLA
3136 4886 3241 4941 XV
3252 4929 3263 4941 .

2283 5010 2365 5051 AD
2405 5010 2604 5053 OMNBS
2641 5010 2893 5053 CHRISTI
2932 5011 3183 5053 FIDELES
3222 5011 3287 5052 IN
3330 5008 3713 5052 LOMBARDIA.

2794 5108 2977 5175 (Anno
3019 5111 3199 5172 1073.)

2210 5218 2441 5271 Nuntiat
2478 5231 2533 5271 se
2582 5220 3059 5272 emcommunicasse
3105 5217 3483 5284 Gotefredum,
3527 5216 3671 5286 quod
3722 5217 3813 5271 Si-

2280 5290 2515 5341 moni/rce
2580 5287 3029 5344 Mediolanensem
3096 5290 3369 5343 ecclesiam
3443 5291 3807 5357 occupaverit.

2280 5361 2455 5413 Monet
2476 5374 2540 5413 ne
2568 5362 2619 5413 ei
2645 5363 2992 5428 consentiant,
3015 5364 3065 5415 et
3090 5361 3247 5429 ﬁdem
3273 5358 3590 5425 defendant.

2277 5469 2637 5525 GBBGOBIUS
2669 5470 2949 5542 episcopus
2979 5485 3162 5525 servus
3206 5482 3489 5523 servorum
3532 5467 3635 5523 Dei
3675 5483 3805 5523 om-

2208 5561 2367 5617 nibus
2421 5562 2672 5617 fidelibus
2724 5564 2893 5619 sancti
2939 5563 3083 5620 Petri
3130 5560 3501 5634 apostolorum
3547 5560 3809 5633 principis

2202 5655 2255 5710 in
2293 5655 2669 5727 Longobardis
2712 5656 3199 5725 commorantibus,
3230 5656 3459 5713 salutem
3500 5662 3553 5711 et
3579 5662 3806 5727 aposto-

2204 5748 2363 5805 licam
2390 5748 2843 5806 benedictionem.
3708 5744 3739 5753 “

2273 5841 2421 5898 Scire
2456 5856 2550 5898 vos
2588 5842 2731 5910 volo,
2768 5841 2963 5899 fratres
2997 5842 3322 5912 charissimi,
3359 5839 3509 5916 quod
3543 5847 3598 5898 et
3638 5840 3803 5898 multi
