4106 6182
213 272 315 321 207

1356 270 1549 325 LIBER
1589 269 1849 324 PRIML'S.
1894 274 1957 308 ~4-
1998 271 2202 326 EPIST.
2245 271 2373 325 XVI.

3406 275 3513 327 298

211 400 464 447 vestrum
492 392 689 458 sciunt,
739 393 865 464 quia
908 392 966 446 in
1010 406 1076 447 eo
1124 392 1245 447 loco
1275 393 1433 464 positi
1484 409 1694 460 sumus,
1726 403 1803 463 ut,
1836 396 1889 459 Α
1923 394 2236 449 mereamini
2284 393 2538 449 inimicos
2577 394 2799 449 Domini
2833 396 3234 466 comprimere,
3263 403 3319 451 et
3346 396 3510 453 corda

212 484 442 540 velimus
483 485 747 552 nolimus,
789 484 1043 540 omnibus
1092 484 1363 557 gentibus,
1394 488 1633 542 maxime
1661 486 1811 543 Chri-

213 579 417 639 stianis,
446 579 735 635 veritatem
760 587 815 634 et
845 577 1120 650 justitiam
1161 580 1483 635 annuutiare
1512 581 1812 651 compella-

217 688 364 739 mur,
408 670 625 727 dicente
664 672 910 728 Domino
960 692 971 727 :
1018 674 1237 740 Clama,
1275 690 1339 727 ne
1377 689 1538 729 cesses
1588 694 1605 725 :
1650 676 1814 744 quasi

217 766 341 818 tuba
371 766 557 820 exalto
576 782 751 821 vocem
778 770 947 833 tuam,
971 770 1021 819 et
1059 768 1327 821 annuntia
1346 767 1548 837 populo
1572 784 1683 822 meo
1707 783 1814 823 sce-

216 860 327 913 lera
348 875 533 914 eorum
556 861 711 927 (Isai.
742 874 949 927 LVIII);
976 868 1031 914 et
1059 858 1182 914 alibi
1211 877 1224 913 :
1251 862 1314 916 Si
1334 877 1439 915 non
1460 864 1812 917 annuntiave-

216 956 291 1007 ris
322 955 516 1023 iniquo
544 956 891 1023 iniquitatem
919 970 1095 1020 suam,
1139 956 1375 1008 animam
1401 956 1521 1025 ejus
1563 956 1629 1010 de
1652 971 1815 1010 manu

216 1052 306 1100 tua
328 1049 609 1117 requiram
635 1048 853 1111 (Ezech.
877 1052 1130 1111 XXXIII).
1160 1049 1298 1103 Item
1320 1048 1620 1119 pr0pheta:
1650 1050 1815 1105 Male-

218 1141 413 1206 dictus,
446 1140 644 1210 inquit,
691 1142 842 1195 homo
886 1143 983 1210 qui
1015 1142 1266 1211 prohibet
1307 1142 1551 1210 gladium
1581 1158 1737 1196 suum
1778 1160 1813 1197 a

214 1236 480 1302 sanguine
502 1237 626 1299 (Jer.
653 1240 879 1300 XLVIII),
904 1232 959 1288 id
981 1241 1085 1302 est,
1111 1234 1334 1291 verbum
1362 1234 1761 1304 praedicationis
1779 1253 1811 1291 a

215 1327 514 1382 carnalium
534 1326 918 1397 increpatione.
937 1328 1071 1382 Haec
1084 1326 1206 1382 ideo
1221 1327 1640 1397 praelibavimus,
1657 1329 1810 1399 quia,

214 1420 354 1475 inter
374 1420 554 1475 multa
578 1420 741 1487 mala,
765 1435 885 1491 quae
906 1420 1109 1492 ubique
1128 1430 1395 1476 terrarum
1416 1421 1571 1489 ﬁunt,
1590 1422 1810 1493 quidam

215 1514 446 1569 ministri
479 1515 713 1580 Satanae,
745 1522 799 1569 et
828 1529 1107 1583 praecones
1134 1514 1459 1581 antichristi,
1490 1515 1545 1569 in
1589 1517 1809 1587 Longo-

214 1607 397 1662 bardia
412 1608 578 1663 etiam
596 1606 760 1662 ﬁdem
779 1607 1139 1663 Christianam
1160 1617 1425 1663 conantur
1446 1607 1806 1675 confundere,

213 1709 261 1755 et
306 1701 446 1756 iram
493 1701 594 1757 Dei
624 1717 792 1773 super
835 1718 893 1757 se
922 1717 1239 1772 provocare.
1274 1704 1435 1770 Nam,
1468 1702 1611 1758 sicut
1638 1703 1806 1769 scitis,

212 1796 547 1854 Gotefredus
571 1796 909 1866 [Gotifredus
940 1806 990 1855 et
1019 1802 1094 1854 sic
1128 1801 1309 1868 infra]
1334 1800 1539 1854 vivente
1562 1799 1810 1856 Guidone

211 1893 357 1950 dicto
385 1895 801 1967 archiepiscopo
853 1895 1266 1962 Mediolanensi,
1318 1895 1567 1951 eamdem
1622 1898 1806 1953 Eccle-

210 1991 368 2059 siam,
394 2007 523 2063 quas
552 1991 833 2062 quondam
864 1992 1071 2048 meritis
1091 1992 1493 2063 gloriosissima
1516 1992 1736 2065 virginis
1755 2001 1810 2049 et

212 2088 493 2160 genitricis
526 2088 628 2143 Dei
660 2088 873 2155 Maria,
906 2104 1010 2144 nec
1037 2103 1149 2143 non
1179 2088 1501 2143 auctoritate
1525 2088 1809 2144 clarissimi

211 2191 454 2247 doctoris
492 2191 641 2248 beati
672 2191 952 2247 Ambrosii
991 2192 1135 2246 inter
1162 2199 1393 2248 caeteras
1422 2191 1811 2263 Longobardo-

214 2306 332 2346 rum
379 2290 671 2357 Ecclesias,
704 2290 995 2361 religione,
1022 2289 1307 2355 libertate,
1347 2306 1410 2345 ac
1436 2290 1652 2360 speciali
1686 2292 1816 2361 [spi-

214 2388 606 2460 rituali]gloria
635 2388 855 2453 enituit,
874 2404 1021 2443 nunc
1044 2388 1197 2459 quasi
1225 2388 1385 2443 vilem
1402 2388 1653 2443 ancillam
1675 2404 1811 2460 prta-

212 2486 446 2556 sumpsit
490 2501 711 2552 emere,
760 2500 1022 2556 sponsam
1054 2484 1301 2539 videlicet
1345 2485 1545 2540 Christi
1594 2484 1815 2543 diabolo

222 2584 548 2652 prostituere
590 2603 603 2637 :
650 2591 705 2637 et
733 2600 765 2637 a
802 2580 1066 2636 catholica
1100 2580 1205 2635 ﬁde
1235 2588 1454 2635 tentans
1499 2595 1623 2635 eam
1665 2597 1817 2653 sepa—

222 2696 364 2749 rare,
419 2681 574 2735 nisus
606 2688 688 2735 est
739 2678 1065 2735 Simoniacaa
1123 2677 1345 2733 haeresis
1399 2677 1603 2735 scelere
1653 2682 1818 2748 [eam]

217 2778 512 2834 maculare.
561 2776 720 2847 Quod
761 2777 990 2833 audiens
1033 2784 1220 2832 sancta
1271 2777 1524 2832 Romana
1578 2778 1815 2834 Ecclesia

218 2887 389 2934 mater
419 2884 615 2943 vestra,
665 2883 723 2931 et
764 2874 933 2930 totius
975 2873 1416 2940 Christianitatis,
1464 2874 1604 2929 sicut
1632 2876 1808 2942 scitis,

219 2977 501 3051 magistra,
542 2982 873 3049 congregato
926 2990 955 3028 e
1013 2973 1242 3029 diversis
1287 2972 1533 3045 partibus
1583 2974 1817 3030 concilio

1920 486 2138 543 illorum
2166 485 2235 542 ad
2266 487 2634 559 pmnitentiam
2662 502 2973 557 provocare.

1994 584 2131 636 Data
2160 584 2358 637 Romae
2386 580 2651 636 Kalendis
2678 580 2828 648 Julii,
2859 579 3157 638 indictione
3192 582 3505 639 undecima.

2443 683 2797 738 EPISTOLA
2836 684 2991 738 XVI.

2100 800 2183 839 AD
2223 798 2555 840 GIBALDUM
2591 798 2931 840 OS‘IIBNSBH
2970 799 3330 842 RPISCOPUH.

2488 881 2705 944 :(ANNO
2747 882 2925 941 1073.)

1923 973 2167 1027 Miratur
2194 970 2339 1040 quod
2365 986 2419 1024 se
2454 972 2732 1024 certiorem
2765 986 2869 1023 non
2897 970 3197 1024 reddiderit
3220 972 3286 1026 de
3310 972 3511 1040 synodo

1993 1044 2062 1095 ab
2096 1058 2152 1097 eo
2201 1047 2406 1096 coacta.
2454 1043 2736 1110 Signiﬁwt
2770 1056 2825 1095 se
2870 1043 3142 1110 episcopis,
3184 1044 3283 1112 qui
3326 1058 3509 1111 quere-

1995 1114 2189 1167 bantur
2216 1113 2282 1165 ab
2326 1128 2382 1167 eo
2427 1129 2483 1166 se
2527 1114 2811 1181 depositas,
2854 1113 3166 1180 respondere
3212 1113 3365 1165 modo
3404 1129 3509 1167 non

1988 1200 2157 1253 posse,
2190 1190 2239 1238 et
2268 1186 2605 1238 Ausciensem
2630 1186 2930 1253 episcopum
2956 1199 3012 1237 se
3032 1183 3330 1236 absolvisse.
3356 1185 3511 1238 Iubet

1990 1258 2395 1323 Bigorritanum
2420 1257 2727 1326 episcopum
2753 1256 2992 1315 restitui,
3018 1255 3127 1307 nisi
3152 1256 3267 1307 alia
3284 1256 3511 1307 crimina

1991 1330 2048 1380 in
2092 1343 2148 1380 eo
2190 1329 2444 1381 inveniat.

1991 1420 2338 1476 Gascoaws
2367 1418 2672 1490 episcopus,
2704 1433 2892 1474 servus
2928 1433 3213 1474 servorum
3242 1418 3365 1483 Dei,
3403 1418 3510 1475 GI-

1916 1527 2125 1570 BALDO
2145 1513 2378 1569 Ostiensi
2400 1515 2655 1584 episcopo
2683 1512 2919 1567 salutem
2948 1518 3002 1566 et
3025 1510 3377 1582 apostolicam
3407 1511 3508 1567 be-

1918 1604 2306 1662 nedictionem.

1990 1700 2279 1767 Miramur,
2328 1708 2384 1755 et
2435 1698 2669 1754 multum
2726 1699 2869 1754 anxii
2922 1713 3112 1753 sumus
3160 1694 3329 1767 quod,
3376 1712 3507 1753 cum

1917 1809 2132 1864 semper
2204 1801 2528 1849 consuetum
2596 1799 2652 1846 et
2713 1791 2872 1847 valde
2948 1790 3317 1847 necessarium
3394 1788 3510 1846 fue-

1918 1886 2007 1954 rit,
2042 1892 2121 1953 ut,
2150 1887 2194 1942 si
2223 1885 2446 1958 quando
2476 1885 2686 1957 legatus
2714 1884 3025 1955 apostolica:
3053 1882 3194 1939 sedis
3218 1882 3506 1939 concilium

1921 1983 1976 2038 in
2012 1980 2239 2037 remotis
2272 1979 2512 2052 partibus
2555 1979 2932 2044 celebraverit,
2972 1978 3089 2033 sine
3125 1993 3278 2033 mora
3310 1977 3378 2033 ad
3408 1993 3507 2031 an-

1920 2072 2291 2131 nuntiandum
2332 2073 2520 2129 omnia
2565 2087 2687 2144 qua
2738 2071 2940 2143 egisset
2985 2078 3368 2137 reverteretur,
3418 2078 3508 2124 tua

1920 2167 2233 2225 fraternitas
2276 2175 2399 2238 post
2422 2174 2696 2237 peractam
2732 2163 3026 2235 synodum,
3072 2163 3123 2217 in
3158 2179 3264 2234 qua
3296 2171 3379 2219 tot
3406 2178 3508 2218 ne-

1922 2263 2067 2334 gotia
2096 2268 2456 2319 emerserunt.
2487 2273 2589 2314 nec
2611 2257 2680 2313 ad
2703 2272 2805 2314 nos
2830 2256 3006 2322 rediit,
3033 2272 3136 2312 nec
3158 2271 3284 2313 eum
3310 2255 3401 2326 qui
3428 2270 3512 2310 se-

1921 2372 2048 2412 cum
2079 2362 2181 2420 est,
2227 2352 2565 2410 considerata
2597 2352 2674 2406 vel
2714 2351 3035 2406 necessitate
3074 2349 3155 2405 vel
3196 2357 3380 2405 nostra
3410 2364 3508 2403 ex-

1922 2447 2273 2521 spectatione,
2292 2445 2519 2501 remisit.
2544 2443 2713 2501 Nobis
2736 2443 2991 2515 equidem
3012 2451 3228 2514 gratum
3260 2449 3344 2497 est
3361 2439 3512 2515 quod

1924 2558 2024 2614 pro
2053 2540 2283 2613 negotiis
2320 2547 2521 2595 sancta:
2550 2541 2820 2593 Romana:
2849 2535 3096 2592 Ecclesiae
3126 2535 3181 2590 in
3223 2535 3513 2607 Hispanias

1926 2634 2205 2708 profectus
2246 2649 2330 2699 es;
2361 2632 2456 2688 sed
2484 2631 2749 2687 debuerat
2778 2629 3064 2701 prudentia
3111 2637 3204 2684 tua
3236 2637 3333 2683 aut
3359 2628 3511 2684 illum

1925 2744 2091 2802 quem
2121 2726 2216 2783 tibi
2256 2726 2628 2797 adjunximus,
2657 2732 2751 2779 aut
2777 2723 3013 2794 aliquem
3042 2722 3132 2793 qui
3176 2722 3387 2794 synodo
3428 2721 3511 2775 in-

1927 2822 2224 2887 terfuisset,
2273 2819 2473 2891 quique
2516 2818 2699 2873 omnia
2735 2817 2852 2872 vice
2894 2823 2986 2869 tua
3030 2814 3189 2870 nobis
3218 2814 3511 2869 rationabi-

1928 2916 2048 2971 liter
2100 2912 2349 2985 expedire
2394 2911 2576 2978 sciret,
2607 2909 2676 2965 ad
2714 2924 2815 2964 nos
2858 2907 3117 2964 direxisse
3164 2926 3176 2961 ε
3221 2916 3513 2979 quatenus,

1928 3008 2230 3083 perspectis
2278 3004 2561 3071 omnibus,
2606 2999 2979 3059 conﬁrmanda
3036 2999 3511 3063 conﬁrmaremus,

216 3075 517 3129 munomm
553 3072 923 3138 sacerdomm’
950 3080 1004 3127 et
1029 3071 1371 3128 diversorum
1402 3069 1652 3127 ordinum
1675 3087 1805 3127 con”
1835 3131 1880 3194 ο
1915 3069 1970 3162 et
2022 3069 2074 3160 si
2106 3118 2214 3174 qua
2240 3098 2503 3157 mutanda
2542 3096 2874 3162 viderentur,
2899 3094 3127 3151 discreta
3159 3093 3370 3149 ratione
3398 3108 3517 3148 mu-

221 3189 366 3194 _-_-__
425 3172 559 3194 [,sln-
618 3172 760 3194 Ι-ΑΑΑΞ
795 3173 934 3194 η-ι..2
969 3172 1338 3194 .-Α.ΑΑΙ.....-.Δ
1392 3169 1647 3194 -..ξ-.-εμε-
1699 3187 1763 3194 Α--
2478 3193 2483 3194 ,
2579 3192 2587 3194 _
2663 3190 2692 3194 __
2812 3190 2821 3194 -
2943 3188 2954 3194 -
3040 3187 3074 3194 -.
3290 3185 3302 3194 ι
3330 3184 3341 3194 ι

218 3189 392 3240 sensu,
425 3172 563 3228 fulta
618 3172 762 3228 beati
793 3173 934 3227 Petri
965 3172 1343 3243 apostolorum
1392 3169 1648 3244 principis
1696 3187 1797 3228 au-

218 3273 489 3333 ctoritate,
525 3269 895 3327 Gotel'redum
927 3270 1051 3327 ﬁdei
1081 3270 1362 3327 catholicae
1404 3277 1460 3325 et
1481 3269 1616 3342 legis
1654 3268 1814 3327 Chri-

217 3368 398 3424 stiana:
450 3367 736 3424 inimicum
787 3369 1303 3433 excommunicavit,
1354 3376 1408 3423 et
1452 3368 1814 3424 anathematis

216 3466 394 3534 jaculo
466 3482 576 3521 una
644 3482 769 3521 cum
840 3466 1099 3523 omnibus
1177 3466 1278 3523 sibi
1351 3466 1814 3522 consentientibus

225 3565 507 3618 transﬁxit.
559 3565 738 3633 Quam
765 3563 1413 3631 excommunicationem,
1461 3562 1813 3635 quodetiam

223 3658 414 3714 inimici
463 3659 716 3716 Ecclesia:
758 3676 959 3734 negare
998 3672 1111 3716 nOn
1141 3672 1389 3733 possunt,
1424 3663 1595 3720 sancti
1626 3666 1814 3720 Patres

224 3757 512 3827 antiquitus
540 3773 824 3825 censuere,
860 3766 916 3815 et
960 3773 1056 3830 per
1087 3775 1278 3815 omnes
1305 3770 1521 3816 sanctas
1558 3760 1813 3816 ecclesias

228 3856 379 3910 totius
414 3854 566 3909 orbis
593 3853 846 3910 catholici
879 3853 976 3909 viri
1002 3855 1333 3911 conﬁrmant
1367 3865 1423 3912 et
1460 3856 1814 3914 conﬁrmave-

229 3962 364 4009 runt.
396 3955 749 4025 Quapmpter
775 3967 844 4007 ex
872 3961 1023 4024 parte
1058 3953 1156 4009 Dei
1186 3954 1584 4025 omnipotentis
1616 3954 1809 4022 Patris,

230 4061 276 4107 et
301 4052 444 4118 Filii,
466 4059 523 4106 et
549 4050 782 4122 Spiritus
818 4051 992 4106 sancti
1021 4059 1071 4107 et
1098 4051 1383 4108 beatorum
1410 4053 1552 4108 Petri
1581 4062 1636 4109 et
1662 4052 1811 4109 Pauli

230 4148 597 4221 apostolorum
627 4148 959 4220 principum,
985 4164 1279 4205 monemus
1308 4165 1426 4215 vos,
1452 4148 1651 4206 fratres
1673 4150 1811 4206 cha-

232 4245 459 4311 rissimi,
528 4245 817 4301 hortamur
888 4254 1053 4318 atque
1114 4246 1463 4318 praecipimus
1522 4255 1584 4303 ut
1651 4249 1806 4305 nullo

235 4345 387 4398 modo
444 4341 706 4414 pradicto
765 4341 1024 4399 heretico
1085 4342 1388 4401 Gotefredo
1439 4345 1809 4411 consentiatis,

232 4440 347 4511 quia
375 4440 450 4496 illi
488 4440 541 4494 in
574 4438 678 4495 hoc
708 4438 909 4495 scelere
934 4440 1261 4509 consentire,
1309 4440 1473 4498 ﬁdem
1501 4440 1698 4497 Christi
1733 4450 1815 4497 est

231 4553 455 4609 negare;
495 4534 594 4592 sed
626 4536 822 4606 quibus
852 4535 1033 4592 modis
1080 4537 1325 4609 potestis,
1374 4545 1437 4593 ut
1472 4536 1565 4594 ﬁlii
1608 4538 1731 4607 Dei,
1762 4539 1810 4595 ei
1843 4514 1894 4575 ι)

232 4633 484 4700 resistite,
528 4640 585 4689 et
611 4631 777 4688 ﬁdem
815 4631 1203 4697 Christianam,
1243 4647 1350 4705 qua
1398 4633 1635 4690 salvandi
1665 4636 1812 4703 estis,

233 4733 457 4788 omnino
516 4728 810 4787 defendite.
876 4732 1061 4801 Neque
1107 4745 1204 4785 vos
1254 4729 1528 4787 deterreat
1577 4732 1815 4790 humana

231 4829 502 4899 superbia;
591 4828 718 4900 quia
805 4828 895 4901 qui
968 4828 1256 4884 nobiscum
1335 4838 1418 4885 est
1489 4831 1663 4903 major
1736 4841 1819 4887 est

236 4928 507 4992 omnibus,
551 4933 602 4981 et
656 4941 875 4997 semper
920 4926 1185 4993 invictus;
1216 4927 1309 4999 qui
1342 4927 1459 4983 vult
1494 4944 1597 4985 nos
1636 4945 1732 5000 pro
1761 4945 1819 4986 se

237 5024 497 5090 laborare,
539 5032 595 5079 et
630 5039 895 5079 coronam
928 5024 1170 5096 legitime
1200 5025 1554 5093 certantibus,
1596 5034 1657 5081 ut
1680 5031 1822 5096 Apo-

236 5122 396 5177 stolus
438 5122 729 5195 promittit,
784 5122 1043 5179 tribuere.
1089 5124 1240 5181 Solet
1288 5124 1433 5179 enim
1482 5124 1592 5180 dux
1642 5131 1824 5178 noster

239 5222 407 5290 paucis
450 5231 505 5276 et
550 5221 851 5278 humilibus
880 5223 1082 5279 multos
1120 5233 1179 5280 et
1214 5223 1482 5296 superbos
1510 5231 1820 5295 conterere,

242 5326 293 5373 et
335 5335 426 5390 per
475 5335 535 5375 ea
578 5334 702 5392 qum
739 5328 870 5376 sunt
913 5320 1127 5376 inﬁrma
1157 5321 1352 5377 mundi
1390 5320 1555 5378 fortia
1596 5337 1828 5394 quaeque

244 5415 590 5473 confundere.
620 5418 711 5473 Sic
753 5417 900 5473 enim
923 5418 1147 5489 placuit,
1178 5427 1233 5474 et
1260 5418 1339 5475 sic
1362 5418 1519 5474 decet
1544 5418 1827 5474 caelestem

245 5520 295 5567 et
316 5513 578 5571 invictum
604 5516 923 5588 principem.
956 5515 1319 5587 Omnipotens
1345 5519 1516 5583 Deus,
1545 5515 1638 5588 qui
1671 5516 1827 5573 beato

248 5610 396 5665 Petro
425 5627 553 5667 oves
600 5627 725 5668 suas
769 5613 1071 5683 specialiter
1111 5612 1411 5681 commisit,
1442 5621 1499 5669 et
1529 5612 1697 5669 totius
1734 5616 1831 5669 Ec-

252 5707 416 5763 clesiae
457 5709 699 5780 regimen
737 5709 907 5775 dedit,
953 5728 1046 5768 vos
1076 5712 1130 5767 in
1162 5710 1280 5782 ejus
1323 5709 1608 5767 dilectione
1637 5727 1832 5768 corro-

254 5801 415 5872 boret,
444 5813 528 5873 ut,
556 5805 676 5876 ejus
700 5806 1026 5863 auctoritate
1047 5824 1076 5863 a
1099 5807 1335 5879 peccatis
1358 5795 1542 5865 vestris
1572 5808 1831 5875 absoluti,

526 5896 756 5949 ΡΑτειοῐ..
798 5895 1057 5950 CXLVIII.

1931 3208 2193 3256 taremus.
2226 3195 2376 3251 Licet
2402 3193 2548 3250 enim
2576 3192 2629 3246 in
2663 3190 2855 3246 litteris
2880 3188 2984 3243 tuis
3007 3187 3186 3258 aliqua
3214 3184 3371 3241 nobis
3394 3201 3513 3258 ges-

1925 3302 2111 3349 torum
2139 3298 2361 3345 tuorum
2400 3285 2595 3342 notitia
2627 3282 2971 3355 apparuerit;
3004 3279 3156 3336 vobis
3195 3288 3380 3335 tamen
3419 3278 3513 3334 ab-

1925 3385 2190 3449 sentibus,
2215 3397 2318 3437 nec
2344 3380 2524 3450 aliquo
2565 3378 2657 3450 qui
2688 3390 2786 3445 pro
2816 3374 2967 3431 vobis
2994 3381 3139 3429 certa
3167 3387 3363 3429 eorum
3393 3386 3515 3442 qum

1923 3478 2116 3534 viderit
2139 3483 2195 3531 et
2234 3473 2467 3530 audierit
2494 3470 2792 3526 assertione
2826 3466 3150 3539 respondeat
3194 3465 3517 3535 impresen-

1922 3572 2120 3628 tiarum
2151 3568 2348 3641 posito,
2381 3564 2668 3636 plerisque,
2704 3576 2942 3633 quorum
2978 3558 3065 3615 alii
3099 3557 3298 3629 injuste
3329 3571 3387 3612 se
3422 3570 3518 3612 ex-

1921 3662 2375 3726 communicatos,
2405 3658 2492 3714 alii
2522 3655 2831 3713 inordinate
2868 3652 3169 3724 depositos,
3200 3648 3289 3705 alii
3323 3650 3519 3705 imme-

1920 3759 2026 3815 rito
2057 3754 2372 3813 interdictos
2399 3757 2829 3823 conqueruntur,
2859 3743 3198 3817 respondere
3226 3757 3514 3799 causarum

1922 3850 2282 3922 ambiguitate
2330 3854 2384 3902 et
2428 3850 2679 3915 respectu
2734 3836 3125 3896 conservanda:
3180 3834 3516 3892 auctoritatis

1921 3954 2030 4002 tua:
2061 3942 2437 4016 prohibemur.
2471 3940 2595 3994 Non
2618 3934 2952 4006 respondere
2983 3946 3133 3999 vero,
3162 3937 3253 3985 aut
3296 3929 3350 3984 in
3389 3929 3513 3984 lon-

1921 4055 2055 4112 gum
2085 4045 2299 4108 tempus
2321 4046 2580 4105 responsa
2617 4026 2862 4095 differre,
2893 4021 3251 4097 despectioni,
3282 4030 3357 4089 et,
3388 4036 3513 4093 pro-

1919 4139 2040 4205 pter
2091 4129 2405 4202 prolongata
2461 4124 2701 4196 pericula
2744 4134 2939 4177 eorum
2984 4117 3077 4190 qui
3122 4114 3225 4172 sub
3278 4128 3513 4205 censura

1923 4204 2072 4291 sunt,
2121 4219 2421 4277 crudelitati
2469 4217 2797 4287 imputatur.
2846 4217 2928 4268 De
2956 4225 3117 4267 causa
3172 4208 3335 4265 etiam
3376 4204 3514 4262 Gui—

1923 4316 2088 4372 lielmi
2127 4313 2255 4370 dicti
2296 4310 2603 4369 Ausciensis
2644 4305 2977 4376 [Ausiensis,
3015 4305 3213 4359 Mutin.
3251 4297 3515 4356 Auxiten-

1921 4411 2014 4478 sis]
2037 4405 2452 4479 archiepiscOpi,
2489 4418 2587 4476 pro
2622 4400 2777 4472 cujus
2808 4396 3150 4454 restitutione
3179 4408 3285 4450 nos
3327 4400 3513 4463 postu»

1924 4502 2066 4569 lasti,
2109 4509 2169 4558 tu
2210 4501 2324 4572 ipse
2352 4496 2687 4554 anxietatem
2718 4489 3009 4565 quamdam
3054 4486 3211 4543 nobis
3254 4483 3512 4550 intulisti;

1923 4614 2052 4652 cum
2121 4594 2191 4651 ob
2238 4593 2289 4649 id
2353 4592 2535 4648 solum
2589 4586 2712 4660 quia
2760 4580 3231 4640 excommunicato
3283 4578 3515 4633 scienter

1924 4687 2438 4751 communicaverat,
2465 4698 2591 4740 eum
2630 4694 2748 4737 esse
2775 4676 3107 4749 depositum,
3137 4682 3192 4729 et
3217 4680 3425 4737 tamen,
3458 4670 3515 4725 in

1926 4780 2321 4840 examinatione
2367 4777 2485 4849 ejus
2526 4774 2594 4831 de
2640 4771 2864 4843 objectis
2910 4767 3260 4834 criminibus,
3319 4772 3516 4836 praeter

1928 4875 2074 4949 quod
2106 4875 2372 4930 domuum
2405 4878 2459 4926 et
2490 4865 2947 4941 praedecessorem
2988 4869 3239 4917 nostrum
3270 4857 3514 4913 Alexan-

1929 4971 2089 5027 drum
2129 4981 2325 5040 papam
2353 4963 2452 5019 sibi
2488 4959 2756 5033 ignovisse
2779 4956 3079 5022 fatebatur,
3115 4969 3228 5009 non
3256 4967 3384 5007 eum
3428 4966 3517 5007 ca-

1929 5065 2127 5119 nonice
2148 5076 2205 5117 se
2224 5070 2568 5130 expurgasse,
2595 5053 2690 5110 sed
2722 5064 3025 5123 expurgare
3049 5044 3287 5103 voluisse
3311 5043 3512 5099 dixisti.

1930 5159 2055 5213 Non
2087 5168 2308 5226 parvam
2328 5152 2511 5220 itaque
2528 5162 2691 5220 super
2711 5145 2800 5203 his
2817 5143 3070 5201 omnibus
3097 5135 3517 5196 sollicitudinem

1935 5248 2212 5312 habentes,
2243 5254 2357 5300 tam
2390 5242 2485 5298 tibi
2513 5242 2610 5313 ipsi
2640 5255 2807 5314 quam
2835 5235 3043 5294 caeteris
3071 5247 3264 5304 magna
3292 5243 3518 5300 respon-

1934 5340 2097 5399 dendi
2134 5337 2453 5394 diflicultate
2503 5343 2773 5391 tenemur.
2831 5333 2952 5387 Hoc
2997 5337 3178 5384 tamen
3225 5322 3520 5380 consulen-

1936 5436 2081 5492 tibus
2100 5431 2358 5489 fratribus
2382 5437 2438 5485 et
2462 5426 2797 5498 coepiscOpis
2826 5424 3026 5479 nostris
3056 5429 3112 5478 et
3139 5414 3521 5480 cardinalibus,

1938 5530 2081 5585 inter
2115 5535 2311 5583 cetera
2341 5538 2441 5578 nos
2473 5519 2776 5577 decrevisse
2813 5532 3132 5589 cognoscas,
3166 5520 3227 5567 ut
3265 5508 3527 5581 prafatus

1937 5620 2250 5679 Ausciensis
2294 5616 2749 5686 archiepiscopus,
2790 5616 3011 5683 propter
3046 5607 3151 5663 hoc
3188 5602 3369 5659 solum
3398 5597 3526 5668 quia

1938 5710 2364 5773 communicavit
2386 5704 2883 5765 excommunicato,
2919 5694 3207 5767 dejectioni
3243 5691 3528 5761 subjacere

1943 5825 2057 5865 non
2102 5805 2336 5862 debeat:
2385 5803 2455 5856 ita
2495 5809 2675 5855 tamen
2725 5795 2769 5850 si
2801 5792 2867 5846 de
2894 5788 3122 5858 objectis
3158 5784 3273 5838 aliis
3298 5778 3531 5837 crimini-

3116 5878 3173 5923 In
