4106 6182
602 249 703 311 299

1284 248 1339 300 S.
1382 247 1701 301 GREGORII
1740 249 1829 302 VII
1868 249 2065 315 ΡΑΡίΕ
2102 246 2198 302 OPI

2302 247 2374 302 ΑΜ
2414 246 2586 300 PARS
2626 246 2663 299 1.
2706 266 2774 287 -δ-
2814 240 3214 299 REGISTRUM.

3788 240 3889 291 300

508 352 512 355 ’
603 370 702 425 bus
730 370 800 424 ita
839 386 897 425 se
952 384 1248 441 expurgare
1285 369 1505 438 poterit,
1545 378 1604 423 ut
1642 386 1818 441 neque
1853 371 1908 426 in
1944 377 1995 426 te
2023 372 2194 443 suspi-
2229 377 2279 438 Α
2313 370 2607 442 principem
2649 368 2894 424 imitatus
2923 366 3092 424 fuisse
3132 364 3395 421 videatur.
3446 364 3785 433 QuaprOpter
3814 377 3894 417 ro-

600 456 689 519 cio‘
712 462 955 534 prodeat,
988 478 1086 517 nec
1114 461 1339 515 infamia
1370 461 1437 516 ad
1472 478 1574 519 nos
1605 480 1813 536 usuque
1862 466 2128 538 pertingat
2174 484 2186 520 :

600 557 833 629 alioquin
866 556 1027 627 hujus
1056 555 1132 609 rei
1163 554 1542 611 difﬁnitionem
1581 556 1647 612 ad
1686 568 1930 614 nostram
1962 558 2189 614 audien-

600 649 733 705 tiam
786 664 957 704 serva.
1021 647 1272 703 Pontium
1333 664 1457 704 vero
1517 650 1923 722 Bigorritanum
1980 651 2190 708 dictum

600 742 938 811 episcopum,
987 755 1153 811 quem
1202 739 1361 795 simili
1403 740 1471 797 de
1520 758 1678 799 causa
1727 745 2035 817 depositum
2076 760 2193 801 esse

596 832 869 899 nuntiasti,
926 832 997 887 ad
1042 848 1143 889 nos
1186 834 1400 889 venisse
1440 851 1737 907 cognoscas
1788 856 1802 893 :
1849 837 1947 894 sed
1997 836 2193 894 honori

597 934 692 981 tuo
737 925 1088 997 providentes
1131 928 1275 982 nulla
1332 929 1570 1000 querelis
1611 931 1729 1002 ejus
1771 947 2038 1002 responsa
2088 931 2192 987 de-

597 1018 799 1075 dimus.
841 1023 1099 1077 Attamen
1140 1021 1266 1093 quia
1298 1020 1353 1076 in
1403 1021 1624 1093 paribus
1671 1023 1848 1081 causis
1892 1025 2037 1097 paria
2068 1025 2191 1097 jura

599 1112 834 1168 tenenda
864 1122 1010 1183 sunt,
1050 1113 1368 1170 fraternitati
1401 1124 1513 1171 tua
1540 1116 1847 1178 scribimus.
1878 1126 1964 1185 ut,
2007 1119 2191 1174 habita

598 1220 782 1276 super,
811 1206 896 1262 his
922 1222 1046 1278 qua
1084 1207 1184 1261 sibi
1216 1206 1575 1264 intenduntur
1615 1209 1863 1282 diligenti
1904 1211 2191 1283 investiga-

600 1298 766 1364 tione,
798 1299 840 1353 si
862 1300 991 1369 [lege
1016 1300 1137 1366 nisi,
1164 1302 1385 1367 Hann]
1409 1300 1555 1357 aliud
1582 1302 1729 1374 quod
1757 1305 2018 1361 canonica
2045 1320 2194 1361 seve—

599 1391 757 1447 ritate
786 1392 1119 1463 puniendum
1164 1393 1253 1460 sit,
1299 1394 1353 1448 in
1382 1411 1449 1450 eo
1478 1396 1687 1451 crimen
1733 1398 1891 1468 legali
1932 1398 2193 1469 approba-

598 1485 749 1539 tione
778 1485 1004 1541 inveniri
1037 1487 1226 1557 possit,
1272 1487 1434 1543 ofﬁcii
1465 1490 1546 1544 sui
1579 1490 1917 1546 restitutione
1959 1507 2071 1547 non
2100 1508 2193 1546 ca-

598 1586 737 1633 reat.
770 1582 852 1633 De
873 1589 1094 1647 catero,
1121 1580 1248 1649 quid
1271 1581 1427 1636 nobis
1451 1581 1518 1637 de
1548 1599 1716 1639 cursu
1749 1583 2052 1656 fatigationi
2084 1593 2192 1642 tua

598 1671 933 1727 credendum
962 1672 1049 1739 sit,
1080 1672 1479 1729 fraternitatem
1510 1684 1679 1741 tuam,
1704 1687 1919 1748 reperta
1950 1679 2190 1750 primum

2301 480 2490 535 gamus
2524 461 2819 517 nobilitatis
2848 468 3043 515 vestra
3070 456 3408 529 prudentiam
3431 464 3489 511 ut
3509 463 3563 511 et
3581 460 3801 511 nostros
3819 454 3893 509 le-

2300 564 2453 629 gatos
2507 564 2562 611 et
2607 554 2834 611 fratrem
2883 560 3137 608 nostrum
3200 550 3524 623 pradictum
3575 547 3891 620 episcopum

2298 649 2653 717 conveniatis,
2683 656 2738 703 et
2775 663 2870 719 per
2924 662 3021 703 vos
3048 654 3103 701 et
3131 661 3199 701 ex
3251 653 3405 717 parte
3433 651 3617 699 nostra
3668 640 3895 697 fratrem

2301 752 2544 799 vestrum
2598 740 2853 797 attentius
2909 738 3203 795 hortemini
3263 745 3529 810 quatenus
3585 735 3894 808 legatorum

2302 844 2616 892 nostrorum
2643 833 2862 889 monitis
2908 833 3104 889 debita
3139 831 3463 907 obedientia
3516 844 3707 885 aurem
3733 826 3889 883 incli-

2301 939 2415 998 net,
2448 938 2521 995 et,
2569 927 2831 999 quidquid
2873 927 3095 998 iustitia
3123 925 3226 982 sibi
3270 923 3655 997 suggesserint,
3702 922 3782 977 vel
3827 936 3896 976 ex

2301 1024 2380 1080 eis
2410 1022 2728 1095 prajudicio
2767 1020 3091 1095 pergravari,
3138 1019 3285 1075 nulla
3316 1018 3416 1074 sibi
3450 1017 3519 1073 ab
3562 1017 3662 1071 hac
3704 1014 3892 1071 Eccle-

2304 1117 2382 1173 sia
2421 1116 2699 1173 audientia
2744 1115 3115 1188 denegabitur.
3157 1113 3210 1169 Si
3242 1127 3372 1168 vero
3405 1118 3660 1167 neutrum
3692 1109 3895 1164 borum

2303 1210 2476 1266 facere
2504 1209 2856 1281 acquieverit,
2898 1216 2953 1264 et
2980 1206 3304 1263 sententiam
3335 1206 3637 1278 legatorum
3676 1210 3889 1259 nostro-

2301 1320 2423 1359 rum
2454 1304 2520 1359 de
2549 1301 2902 1374 suspensione
2940 1301 3023 1357 sui
3052 1298 3217 1357 ofﬁcii
3251 1301 3306 1356 in
3335 1314 3463 1354 eum
3494 1296 3895 1369 promulgatam

2304 1397 2644 1452 ﬁrmabimus
2687 1396 2832 1467 (345)
2878 1399 2963 1462 (et
3012 1394 3204 1450 durius
3247 1400 3436 1448 contra
3483 1406 3630 1458 eum,
3680 1389 3897 1447 scilicet

2303 1506 2474 1562 usque
2510 1490 2578 1545 ad
2622 1488 2963 1544 interniciem
3016 1490 3107 1557 [f.,
3151 1485 3623 1558 internecionem],
3654 1482 3895 1557 gladium

2303 1584 2615 1655 apostolica
2659 1582 3048 1655 indignationis
3090 1578 3541 1652 evaginabimus),
3572 1576 3755 1649 sicque
3799 1577 3899 1633 fiet

2301 1686 2363 1733 ut
2390 1676 2503 1749 ipse
2530 1685 2584 1732 et
2611 1692 2707 1748 per
2730 1692 2855 1732 eum
2901 1676 3083 1748 plures
3119 1675 3206 1730 alii
3243 1673 3588 1745 experiantur
3624 1678 3895 1744 quantum

600 1766 1017 1837 opportunitate,
1062 1782 1159 1837 per
1198 1768 1400 1840 scripta
1452 1770 1610 1826 nobis
1656 1770 1898 1827 indicare
1944 1788 2055 1828 non
2106 1772 2186 1845 pi-
2223 1756 2271 1818 Β
2300 1770 2461 1841 hujus
2509 1770 2651 1827 sedis
2694 1770 2993 1826 auctoritas
3040 1768 3231 1824 valeat.
3282 1767 3445 1822 Inviti
3485 1766 3630 1823 enim
3680 1764 3752 1822 ad
3789 1763 3900 1820 hoc

640 1868 744 1914 eat.

640 1873 744 1914 eat.

602 1873 636 1929 g
672 1956 808 2009 Data
835 1955 1030 2011 Roma
1058 1953 1319 2010 Kalendis
1348 1955 1513 2024 Junii,
1546 1955 1855 2015 indictione
1882 1956 2187 2014 undecima.

1101 2066 1455 2122 EPISTOLA
1512 2068 1693 2123 XVII.

814 2192 895 2233 AD
940 2192 1357 2235 WBATISLAUH
1406 2192 1696 2236 BOHBIIB
1744 2193 1978 2236 DUCBH.

1190 2294 1375 2357 (Anno
1415 2290 1600 2362 1013.)

603 2398 734 2470 Agit
771 2401 980 2470 gratias
1021 2401 1164 2471 quod
1208 2402 1410 2471 legatos
1447 2398 1752 2471 apostolicae
1794 2402 1936 2456 sedis
1978 2402 2197 2470 benigne

686 2475 1041 2527 tractaverint
1080 2490 1097 2526 :
1128 2472 1333 2527 eosdem
1350 2478 1524 2527 autem
1555 2489 1589 2527 a
1617 2475 1876 2541 Bragensi
1900 2474 2197 2541 [Pragenst]

676 2546 914 2614 episcopo
938 2558 1042 2599 non
1065 2544 1365 2598 liberaliter
1382 2549 1622 2612 exceptos
1652 2547 1917 2613 queritur.
1940 2547 2112 2614 Rogat
2134 2550 2196 2599 ut

678 2630 794 2669 eum
826 2617 1109 2671 hortentur
1137 2616 1349 2671 obedire
1377 2616 1677 2684 legatorum
1706 2618 1943 2672 monitis.

669 2727 1347 2798 Gnnconwsepiscopus,
1366 2742 1556 2783 servus
1570 2742 1860 2783 servorum
1875 2727 2002 2794 Dei,
2018 2728 2198 2783 Was-

595 2835 804 2877 risuo
834 2820 1115 2876 Bohemia
1154 2820 1304 2888 duci,
1335 2829 1389 2877 et
1418 2819 1679 2877 fratribus
1707 2821 1842 2891 suis,
1873 2820 2113 2877 salutem
2138 2828 2195 2877 et

596 2914 951 2985 apostolicam
1010 2912 1474 2971 benedictionem.

668 3008 805 3080 Quia
830 3008 901 3064 ob
919 3006 1269 3065 devotionem
1293 3017 1347 3064 et
1366 3007 1729 3064 reverentiam
1744 3006 2040 3064 beatorum
2062 3024 2191 3080 apo-

594 3102 867 3158 stolorum
904 3101 1050 3156 Petri
1078 3110 1135 3157 et
1164 3100 1314 3157 Pauli
1360 3100 1671 3171 principum
1699 3100 2076 3171 apostolorum
2114 3102 2189 3155 le-
2222 3124 2266 3188 Ο

598 3204 752 3267 gatos
779 3201 1020 3261 nostros,
1064 3193 1404 3251 Bernardum
1449 3191 1705 3249 videlicet
1745 3202 1801 3249 et
1842 3193 2192 3272 Gregorium,

598 3287 691 3359 qui
720 3287 787 3342 ab
822 3285 923 3341 hac
951 3294 1137 3341 sancta
1169 3296 1225 3341 et
1251 3286 1552 3358 apostolica
1580 3286 1709 3343 sede
1737 3286 1807 3343 ad
1836 3295 2043 3344 vestras
2071 3302 2193 3359 par-

601 3388 685 3437 tes
711 3379 900 3437 directi
929 3390 1087 3449 sunt,
1120 3378 1317 3436 debita
1362 3380 1643 3437 charitatis
1672 3380 2050 3437 benevolentia
2072 3397 2195 3437 sus-

603 3474 845 3547 cepistis,
890 3482 945 3530 et
986 3490 1104 3537 eos,
1162 3481 1226 3530 ut
1266 3481 1502 3531 vestram
1554 3474 1817 3532 condecet
1856 3474 2197 3548 magniﬁcen-

602 3569 755 3636 tiam,
798 3566 1101 3624 honorilice
1130 3567 1394 3633 tractatis,
1435 3568 1799 3639 omnipotenti
1848 3570 1966 3624 Deo
1995 3568 2195 3639 gratias

605 3662 846 3733 agimus;
896 3660 1126 3731 proinde
1169 3668 1375 3717 nostra
1416 3660 1810 3717 benevolentia
1838 3662 1991 3717 vobis
2025 3662 2196 3717 vicem

603 3753 973 3824 rependimus.
1012 3753 1287 3821 Quoniam
1336 3752 1481 3809 enim
1522 3762 1930 3810 anteeessorum
1972 3763 2195 3811 nostro-

606 3862 732 3902 rum
778 3845 1120 3917 negligentia,
1174 3854 1230 3901 et
1279 3854 1495 3917 patrum
1551 3857 1884 3914 vestrorum,
1943 3849 2037 3920 qui
2094 3848 2199 3903 hoc

607 3938 721 3995 ﬁeri
769 3938 1072 4009 postulasse
1107 3936 1457 4006 debuissent,
1500 3949 1693 4011 agente
1721 3940 1947 4007 incuria,
1979 3948 2198 4011 aposto—

606 4032 727 4089 lica
754 4030 898 4087 sedis
933 4031 1111 4086 nuntii
1139 4030 1208 4087 ad
1248 4040 1432 4102 partes
1464 4041 1671 4088 vestras
1699 4048 1827 4089 raro
1860 4033 2013 4088 missi
2042 4042 2196 4103 sunt,

607 4123 829 4197 quidam
857 4131 1183 4193 vestrorum,
1218 4123 1324 4179 hoc
1347 4125 1506 4196 quasi
1533 4141 1744 4182 novum
1772 4125 1975 4197 aliquid
2012 4126 2198 4182 existi-

608 4226 844 4281 mantes,
898 4226 952 4273 et
1000 4232 1109 4272 non
1152 4216 1557 4274 considerantes
1600 4219 1928 4275 sententiam
1973 4221 2199 4276 Domini

609 4310 838 4368 dicentis
868 4330 881 4366 :
910 4312 1016 4379 Qui
1031 4324 1121 4368 vos
1148 4313 1367 4383 recipit,
1387 4327 1469 4367 me
1492 4314 1686 4384 recipit
1708 4333 1724 4367 :
1745 4317 1800 4369 et
1822 4315 1922 4384 qui
1940 4328 2031 4370 vos
2048 4329 2199 4385 sper-

611 4409 717 4475 nit,
745 4421 828 4463 me
853 4407 1059 4477 spernit
1084 4408 1229 4471 (Luc.
1260 4406 1323 4478 x)
1346 4423 1358 4461 :
1384 4406 1592 4478 legatos
1623 4413 1846 4462 nostros
1865 4408 2204 4480 contemptui

612 4500 834 4564 habent,
863 4515 926 4555 ac
964 4498 1214 4572 proinde,
1262 4515 1388 4555 cum
1416 4500 1623 4556 nullam
1668 4498 1909 4556 debitam
1950 4517 2199 4557 reveren-

610 4594 749 4650 tiam
775 4593 1051 4661 exbibent,
1081 4608 1196 4649 non
1224 4608 1338 4662 eos,
1379 4592 1478 4649 sed
1503 4593 1681 4665 ipsam
1708 4593 1947 4649 veritatis
1975 4603 2200 4651 senten-

610 4687 744 4743 tiam
789 4694 1070 4758 spernunt.
1118 4684 1308 4755 Unde,
1367 4694 1428 4741 ut
1469 4686 1672 4743 clarius
1723 4687 1841 4743 luce
1894 4694 2061 4759 patet,
2093 4688 2207 4760 ejus

614 4778 849 4837 veritatis
902 4778 1227 4835 sententiam
1282 4779 1353 4835 ad
1402 4779 1691 4836 cumulum
1735 4796 1851 4836 sua
1902 4780 2204 4838 damnatio-

615 4874 704 4930 nis
730 4871 866 4929 adeo
905 4874 957 4927 in
988 4889 1045 4928 se
1083 4882 1443 4945 exaggerant,
1471 4882 1530 4929 ut
1559 4874 1786 4942 merito,
1814 4873 1945 4931 dum
1978 4875 2207 4947 pusillos

616 4966 838 5023 Domini
865 4965 1257 5033 scandalizant,
1285 4966 1461 5022 molas
1488 4968 1748 5023 asinarias
1771 4968 1914 5024 collo
1957 4985 2194 5041 suSpen-

615 5076 702 5117 sas
737 5058 899 5133 [deest
928 5057 1212 5131 habentes]
1244 5058 1297 5113 in
1341 5058 1677 5131 profundum
1727 5060 2064 5131 perditionis,
2097 5062 2204 5118 nisi

615 5153 960 5225 resipuerint,
986 5151 1355 5222 prolabantur.
1390 5153 1638 5221 Quorum
1671 5150 1842 5208 frater
1872 5162 2050 5209 vester
2077 5156 2207 5210 Lar-

615 5247 723 5303 mir
747 5246 1039 5318 Bragensis
1070 5244 1351 5319 [Joramir,
1382 5247 1587 5301 Mutin.
1614 5244 1884 5301 Jarmirus
1902 5248 2206 5318 Pragensis]

615 5340 924 5412 episcopus,
974 5338 1105 5395 olim
1134 5346 1321 5394 noster
1350 5338 1583 5407 amicus,
1618 5337 1704 5393 his
1744 5340 1948 5395 nostris
1994 5340 2202 5413 legatis,

612 5432 890 5489 Bernardo
916 5432 1127 5487 scilicet
1151 5441 1205 5487 et
1232 5430 1519 5502 Gregorio,
1552 5439 1611 5486 ut
1649 5430 1842 5488 auditu
1866 5435 2206 5506 percepimus

613 5528 669 5582 in
699 5533 913 5581 tantum
951 5525 1162 5581 rebellis
1203 5524 1427 5591 exstitit,
1464 5533 1525 5580 ut
1551 5525 1617 5591 (si
1661 5525 1733 5580 ita
1773 5535 1856 5582 est
1887 5528 2026 5584 sicut
2068 5528 2202 5585 dici-

613 5624 732 5686 tur)
798 5619 1035 5676 Simonis
1091 5617 1236 5691 magi
1295 5618 1518 5691 vestigia
1582 5628 1775 5676 contra
1830 5622 2207 5693 apostolorum

686 5784 833 5850 (345)
861 5780 1031 5839 Uncis
1072 5780 1277 5837 inclusa
1303 5778 1503 5838 desunt
1550 5781 1603 5836 in
1649 5781 1843 5837 Mutin.

2234 4551 2282 4614 D

2296 1864 2697 1935 compellimur,
2748 1878 2922 1935 neque
2966 1862 3230 1918 audemus
3270 1859 3587 1933 bujusmodi
3632 1875 3897 1932 prasum-

2298 1958 2544 2029 ptionem
2572 1956 2934 2014 dissimulare.
2976 1959 3079 2011 Per
3125 1954 3469 2011 Ezechielem
3497 1968 3733 2025 namque
3766 1968 3896 2026 pro-

2300 2050 2517 2121 phetam
2558 2050 2659 2105 sub
2691 2048 3136 2105 interminatione
3160 2047 3335 2103 nostri
3365 2047 3617 2103 interitus
3661 2046 3896 2118 impelli-

2299 2159 2425 2199 mur
2461 2142 2731 2199 dicentem
2776 2161 2788 2197 :
2821 2144 2883 2201 Si
2912 2158 3018 2197 non
3047 2144 3452 2197 annuntiaveris
3478 2143 3662 2211 iniquo
3688 2142 3897 2210 iniqui-

2301 2241 2462 2291 tatem
2488 2252 2642 2293 suam
2676 2239 2789 2307 ipse
2816 2238 3039 2307 iniquus
3078 2237 3138 2289 in
3166 2236 3455 2306 iniquitate
3484 2250 3585 2289 sua
3620 2236 3899 2297 morietur,

2300 2332 2615 2400 sanguinem
2634 2334 2814 2385 autem
2833 2332 2950 2399 ejus
2973 2329 3038 2384 de
3058 2346 3225 2384 manu
3249 2333 3345 2383 tua
3366 2330 3641 2400 requiram
3668 2325 3897 2395 (Ezech.

2302 2428 2551 2489 xxxm);
2594 2432 2646 2478 et
2680 2422 2806 2478 alibi
2839 2440 2851 2477 :
2888 2425 2979 2479 Va:
3014 2421 3098 2478 illi
3122 2424 3221 2492 qui
3256 2422 3501 2492 prohibet
3545 2418 3707 2489 [forte
3749 2418 3906 2475 deest

2302 2516 2681 2586 glwiunﬁsed
2693 2524 2775 2571 est
2786 2518 2935 2571 locus
2949 2517 3187 2587 ignotus,
3202 2516 3428 2583 Hann]
3441 2516 3508 2569 ab
3524 2531 3580 2570 eo
3594 2516 3901 2585 quipeccat,

2303 2616 2354 2666 et
2379 2610 2757 2679 incorrigibilis
2782 2614 3103 2681 perseverat.
3128 2611 3241 2664 Vos
3271 2618 3456 2663 autem
3481 2617 3534 2663 et
3555 2606 3622 2663 de
3647 2606 3732 2662 bis
3755 2614 3811 2662 et
3830 2605 3904 2661 de

2301 2702 2416 2759 aliis
2458 2704 2535 2759 sic
2564 2704 2701 2776 agite
2744 2710 2808 2760 ut
2848 2703 3166 2775 temporalis
3204 2702 3357 2758 vobis
3402 2702 3569 2775 gloria
3598 2716 3629 2756 a
3657 2700 3904 2756 Domino

2304 2805 2590 2869 augeatur,
2620 2804 2674 2852 et
2703 2806 2976 2869 perpetua
3002 2795 3351 2851 beatitudinis
3378 2794 3767 2851 abundantiam
3800 2809 3906 2866 per

2309 2891 2677 2947 interventum
2707 2891 3079 2964 apostolorum
3118 2889 3423 2962 perenniter
3467 2888 3740 2961 possidere
3769 2902 3899 2960 pos-

2300 2984 2437 3041 sitis.

2372 3081 2511 3133 Data
2550 3078 2833 3136 Laurentii
2862 3092 2982 3135 vm
3023 3076 3155 3134 Idus
3190 3077 3351 3147 Julii,
3390 3076 3685 3135 indictione
3724 3074 3906 3132 unde-

2302 3171 2462 3227 cima.

2798 3266 3143 3326 EPISTOLA
3198 3267 3403 3322 XVIII.

2586 3374 2670 3417 AD
2725 3374 2963 3417 XICHAB
2974 3375 3092 3417 [311
3135 3373 3610 3416 IIPBBA’I‘OBBK.

2896 3459 3081 3521 (Anno
3126 3454 3314 3520 1073.)

2221 3568 2235 3583 ·
2304 3549 2639 3606 Dominicum
2663 3548 3035 3616 patriarcham
3080 3548 3315 3603 Venetiae
3357 3546 3431 3601 ad
3458 3562 3579 3601 eum
3620 3546 3794 3600 mittit
3842 3550 3910 3599 ut

2374 3636 2494 3674 cum
2524 3636 2579 3675 eo
2624 3625 2752 3687 agat
2793 3620 2858 3674 de
2897 3622 2963 3673 iis
2992 3634 3111 3688 qua:
3157 3636 3191 3672 a
3228 3618 3505 3673 monachis
3535 3618 3651 3685 ejus
3691 3617 3912 3671 nomine

2374 3695 2667 3760 acceperat.
2701 3690 2967 3760 Cupidum
2987 3705 3041 3745 se
3078 3690 3326 3744 ineunda
3350 3690 3503 3760 pacis
3531 3703 3650 3743 cum
3670 3688 3910 3745 Ecclesia

2376 3762 2971 3832 Constantinopolitano
3008 3761 3261 3816 ostendit.

2372 3854 2720 3911 Gnaeonws
2745 3855 3054 3925 episcopus,
3090 3869 3278 3910 servus
3306 3867 3592 3910 servorum
3635 3852 3758 3918 Dei,
3787 3854 3906 3908 Μί-

2302 3962 2533 4005 cuum
2569 3947 3169 4019 Constantinopolitano
3213 3946 3537 4019 imperatori
3579 3944 3816 4002 salutem
3846 3954 3909 4000 et

2305 4041 2655 4114 apostolicam
2703 4040 3167 4098 benedictionem.
3457 4088 3463 4094 ,

2376 4134 2614 4208 Quidam
2662 4150 2691 4190 a
2749 4135 2941 4191 vestris
2998 4134 3246 4206 partibus
3289 4132 3551 4189 monachi
3601 4132 3906 4199 venientes,

2306 4244 2543 4302 quorum
2584 4244 2724 4285 unus
2757 4229 3032 4297 Thomas,
3063 4228 3223 4295 alter,
3276 4227 3536 4284 Nicolaus
3580 4225 3907 4295 vocabatur,

2305 4321 2645 4379 excellentia
2674 4330 2866 4379 vestra
2904 4322 2974 4378 ad
3029 4337 3133 4378 nos
3185 4322 3395 4377 litteras
3437 4320 3679 4377 detulere
3713 4318 3909 4390 plenas

2305 4422 2501 4472 vestra
2518 4414 2826 4471 dilectionis
2854 4414 3165 4482 dulcedine,
3186 4423 3242 4471 et
3264 4430 3326 4471 ea
3349 4430 3519 4487 quam
3548 4422 3754 4469 sancta
3781 4414 3872 4467 Ro
3890 4443 3912 4453 ο

2312 4524 2488 4565 mana
2521 4508 2778 4565 Ecclesia
2807 4507 3074 4564 exhibetis
3101 4524 3214 4564 non
3238 4523 3399 4580 parva
3430 4505 3737 4563 devotione.
3767 4507 3911 4577 Qua

2309 4601 2594 4668 nimirum,
2653 4602 2793 4658 inter
2845 4610 3041 4657 catera
3103 4600 3400 4657 nobilitatis
3452 4608 3644 4657 vestra
3711 4597 3907 4667 verba,

2312 4693 2517 4751 eisdem
2542 4695 2842 4763 monachis,
2880 4693 2950 4752 de
2978 4694 3066 4751 his
3090 4709 3212 4766 qua
3240 4694 3340 4765 ipsi
3365 4693 3484 4749 viva
3512 4708 3644 4749 voce
3680 4692 3738 4748 in
3766 4707 3911 4748 aure

2311 4788 2470 4843 nobis
2498 4797 2736 4867 exparte
2765 4797 2941 4844 vestra
2969 4787 3187 4844 relaturi
3221 4795 3424 4855 essent,
3457 4802 3615 4860 posse
3644 4800 3749 4841 nos
3776 4800 3908 4841 cre-

2311 4879 2439 4938 dere
2480 4882 2809 4937 asserebant.
2852 4884 3079 4949 Verum,
3128 4881 3253 4954 quia
3301 4896 3549 4953 persona
3589 4895 3701 4935 non
3751 4878 3904 4933 vide-

2312 4974 2510 5031 bantur
2543 4973 2679 5031 tales
2709 4974 2903 5046 quibus
2931 4989 3120 5030 secure
3155 4972 3321 5030 ﬁdem
3356 4988 3638 5045 possemus
3681 4985 3911 5027 accom-

2313 5067 2555 5135 modare,
2599 5066 2679 5123 vel
2734 5083 2828 5139 per
2876 5082 2972 5123 eos
3011 5064 3078 5122 de
3135 5066 3298 5123 tantis
3327 5066 3493 5122 rebus
3543 5063 3911 5137 magnitudini

2312 5169 2502 5217 vestra
2529 5160 2872 5232 reSpondere,
2902 5158 3240 5215 confratrem
3268 5167 3521 5215 nostrum
3547 5156 3910 5213 Dominicum

2312 5253 2678 5326 patriarcham
2706 5253 2979 5320 Venetia,
3015 5254 3284 5310 Romana
3309 5251 3563 5309 Ecclesia
3588 5259 3642 5306 et
3676 5249 3908 5323 imperio

2311 5356 2489 5403 vestro
2510 5345 2919 5414 ﬁdelissimum,
2942 5346 3009 5403 ad
3032 5362 3128 5402 vos
3166 5345 3475 5402 studuimus
3499 5343 3736 5408 mittere,
3766 5359 3908 5415 qua-

2313 5448 2475 5497 tenus
2520 5439 2635 5511 ipse
2687 5439 2972 5513 diligenter
3022 5456 3052 5495 a
3105 5437 3260 5495 vobis
3315 5437 3579 5509 intelligat
3625 5437 3671 5493 si
3716 5437 3769 5491 in
3816 5452 3908 5503 ea,

2313 5548 2419 5605 qua
2478 5533 2667 5590 litteris
2718 5534 2907 5590 vestris
2961 5541 3012 5588 et
3062 5531 3177 5587 viva
3230 5531 3556 5588 eorumdem
3597 5528 3910 5587 monacho-

2305 5641 2434 5683 rum
2495 5627 2754 5684 secretius
2802 5642 2934 5683 voce
2982 5624 3353 5697 signiﬁcastis,
3403 5624 3584 5681 adhuc
3624 5622 3909 5681 voluntate
