4106 6182
238 285 333 336 301
1400 285 1595 339 LIBER
1630 283 1897 341 PRIMUS.
1936 311 2008 325 --
2046 282 2253 341 EPIST.
2294 283 2396 338 XX.

3437 290 3539 342 302

236 406 618 476 perseverans,
646 415 698 461 et
730 406 1013 477 legationis
1046 414 1236 464 vestrae
1280 407 1440 463 verba
1469 408 1537 466 ad
1573 407 1831 464 effectum
1862 416 1913 478 Α
2011 407 2164 462 mode
2185 410 2284 475 fiat
2307 407 2573 476 expedire,
2603 408 2683 461 ait
2708 411 2769 461 ut
2798 408 3168 477 colloquantur
3188 425 3297 468 una
3334 426 3438 465 non
3460 427 3540 465 so-

234 506 541 569 perducere
577 499 771 555 velitis.
811 501 936 556 Non
969 508 1151 557 autem
1190 517 1300 558 non
1341 502 1520 557 solum
1549 502 1689 558 inter
1722 504 1833 557 Ro-

231 605 481 657 manam,
508 592 599 648 cui
636 592 762 648 licet
795 592 1001 665 indigni
1032 593 1387 663 deservimus,
1416 595 1738 661 Ecclesiam,
1778 602 1835 650 et

233 684 403 739 ﬁliam
455 685 577 756 ejus
626 686 1302 757 Constantinopolitanam,
1359 688 1666 760 antiquam,
1715 690 1833 743 Deo

232 777 548 845 ordinante,
590 778 945 835 concordiam
985 781 1239 853 cupimus
1284 782 1573 851 innovare;
1618 781 1741 849 sed,
1786 782 1832 837 si

233 871 346 926 ﬁeri
392 879 597 941 potest,
636 872 782 943 quod
810 888 877 928 ex
908 875 1065 930 nobis
1089 882 1191 943 est,
1223 891 1352 931 cum
1378 874 1633 931 omnibus
1656 875 1832 931 homi-

232 964 398 1020 nibus
434 980 628 1037 pacem
660 965 877 1022 habere.
908 968 1072 1024 Scitis
1098 968 1246 1026 enim
1284 969 1411 1041 quia
1439 978 1705 1040 quantum
1734 984 1831 1024 an-

233 1066 571 1114 tecessorum
609 1067 931 1115 nostrorum
974 1069 1029 1115 et
1051 1070 1359 1119 vestrorum
1388 1072 1592 1122 sancta
1620 1070 1838 1134 aposto-

238 1151 353 1208 lica
390 1151 509 1208 sedi
550 1160 603 1207 et
635 1152 867 1224 imperio
892 1155 1257 1226 patrocinium
1287 1156 1574 1212 concordia
1605 1155 1833 1227 profuit,

235 1253 452 1301 tantum
489 1245 748 1317 deinceps
789 1248 981 1302 nocuit
1025 1248 1173 1320 quod
1211 1250 1465 1321 utrinque
1510 1249 1834 1305 eorumdem

235 1338 473 1395 ebaritas
503 1338 712 1411 friguit.
745 1340 953 1397 Cetera
989 1342 1180 1415 igitur,
1210 1359 1334 1415 qum
1364 1343 1716 1415 prasentium
1755 1344 1836 1397 la-

235 1432 335 1489 tori
375 1433 642 1488 secretius
688 1432 970 1490 referenda
1016 1437 1426 1505 commisimus,
1470 1435 1837 1492 indubitanter

233 1527 461 1596 potestis
488 1526 729 1596 credere,
769 1538 825 1585 et
854 1544 952 1599 per
978 1546 1109 1587 eum
1137 1529 1403 1602 quidquid
1449 1529 1721 1601 majestati
1746 1543 1835 1585 ve-

233 1627 361 1677 stra
388 1621 653 1692 plauserit
677 1641 865 1683 secure
891 1624 1049 1681 nobis
1077 1623 1401 1697 signiﬁcare.

2013 480 2122 532 lum
2148 482 2258 548 ipse
2285 482 2335 532 et
2364 480 2673 547 imperator,
2696 478 2791 533 sed
2820 482 2981 533 etiam
3008 482 3346 550 imperatoris
3374 498 3543 547 uxor,

2009 555 2065 604 et
2108 551 2228 603 alii.
2259 552 2429 615 Rogat
2468 554 2528 603 ut
2555 565 2608 603 se
2636 550 2842 617 ﬁdelem
2866 551 3100 619 probeat
3141 555 3390 611 Romam
3437 556 3539 610 Ec-

2011 622 2200 683 clesiae,
2231 624 2282 676 et
2312 620 2384 673 ad
2414 622 2601 674 limina
2633 620 2995 693 apostolorum
3022 624 3225 677 veniat.

2012 713 2877 785 Gnscoawsepiscopus,servus
2889 730 3174 770 servorum
3193 716 3285 771 Dei
3294 719 3545 783 ,RonUL-

1943 822 2017 863 so
2038 807 2244 864 Sueviae
2255 806 2380 863 duci
2395 808 2628 862 salutem
2644 816 2697 862 et
2714 808 3066 878 apostolicam
3085 808 3537 867 benedictionem.

2014 900 2167 955 Licet
2207 915 2272 955 ex
2312 900 2606 973 praeteritis
2633 899 2928 957 nobilitatis
2966 910 3073 959 tuae
3112 902 3304 960 studiis
3342 905 3542 961 clareat

1942 1002 1996 1049 te
2056 995 2265 1050 Sanctae
2331 996 2593 1050 Romanis
2658 993 2915 1051 Ecclesia:
2974 994 3241 1051 honorem
3288 995 3538 1069 diligere,

1942 1104 2087 1143 nunc
2122 1096 2309 1145 tamen
2340 1096 2543 1160 quanto
2575 1087 2740 1161 ipsius
2767 1102 2955 1143 amore
2986 1086 3211 1157 ferveas,
3248 1098 3539 1163 quantum-

1943 1197 2049 1256 que
2070 1191 2296 1238 caeteros
2316 1182 2535 1239 illarum
2568 1181 2802 1255 partium
2833 1179 3103 1253 principes
3129 1180 3369 1252 ejusdem
3391 1199 3543 1239 amo-

1942 1275 2019 1330 ris
2074 1275 2453 1347 magnitudine
2523 1273 2902 1340 transcendas,
2977 1274 3167 1333 littera
3220 1283 3331 1332 tum
3381 1276 3544 1332 nobis

1943 1370 2281 1426 transmissae
2310 1369 2587 1426 evidenter
2613 1376 2911 1441 exponunt.
2939 1370 3075 1441 Qum
3105 1367 3367 1425 nimirum
3403 1369 3544 1425 inter

1942 1471 2137 1519 caetera
2180 1462 2477 1519 dulcedinis
2508 1478 2621 1519 suae
2669 1463 2831 1518 verba
2861 1460 2992 1517 illud
3036 1461 3196 1518 nobis
3228 1460 3544 1519 videbantur

1943 1556 2254 1624 consulere,
2287 1572 2384 1629 per
2410 1555 2560 1628 quod
2598 1565 2651 1613 et
2679 1565 2851 1612 status
2898 1555 3105 1626 imperii
3134 1554 3424 1629 gloriosius
3453 1570 3543 1611 re-

1943 1649 2108 1723 gitur,
2139 1659 2193 1706 et
2238 1658 2439 1706 sancta:
2470 1650 2724 1708 Ecclesiae
2770 1649 2919 1723 vigor
2966 1648 3251 1719 solidatur,
3301 1648 3545 1707 videlicet

301 1714 446 1831 2:?
482 1717 684 1774 Albani
728 1720 966 1791 septimo
1014 1718 1145 1773 ldus
1185 1718 1337 1785 Junii
1385 1715 1683 1772 indictione
1731 1733 1833 1772 “n’
1860 1766 1908 1831 Β
1940 1714 2002 1798 ut
2043 1714 2410 1800 sacerdotium
2441 1751 2496 1801 et
2541 1714 2852 1816 imperiumv
2880 1742 2937 1799 in
2978 1741 3183 1798 unitate
3237 1714 3543 1801 concordia

229 1804 464 1870 decima.

234 1904 380 1972 (346)
410 1906 733 1962 Constituto
770 1923 893 1978 qua
908 1906 1071 1975 facta
1109 1909 1357 1961 estinter
1397 1905 1675 1960 dominum
1716 1905 1849 1961 Gre'

296 1979 511 2062 perium
535 1994 740 2062 papam
769 1982 1071 2048 septimum,
1103 1982 1157 2036 et
1182 1978 1567 2046 Landulphum
1587 1978 1845 2031 Beneven'

300 2051 494 2103 tonum
514 2052 841 2123 principem.
914 2066 917 2071 '

1954 1835 2371 1908 conjungantur.
2418 1836 2579 1895 Unde
2614 1837 2953 1894 nobilitatem
3000 1844 3153 1894 tuam
3190 1836 3329 1894 scire
3387 1836 3541 1895 volu-

1955 1945 2103 1998 mus,
2153 1931 2275 2001 quia
2305 1947 2415 1987 non
2445 1931 2627 1988 solum
2671 1930 2811 1986 circa
2864 1945 3050 2003 regem
3080 1930 3407 2000 Henricum,
3453 1930 3542 1989 cui

1949 2023 2225 2082 debitores
2260 2024 2545 2082 existimus
2571 2040 2637 2080 ex
2667 2039 2730 2080 eo
2761 2023 2907 2096 quod
2935 2023 3113 2094 ipsum
3147 2022 3203 2081 in
3230 2038 3412 2100 regem
3442 2022 3546 2083 ele-
3651 2016 3667 2029 ’

299 2142 436 2198 Haec
462 2115 547 2200 est
574 2115 896 2201 constitutio
916 2160 1084 2218 quam
1105 2141 1359 2200 dominus
1381 2157 1515 2216 papa
1541 2140 1841 2218 Gregorius
1946 2118 2145 2218 βίῐηυεν
2176 2127 2231 2174 et
2260 2126 2411 2218 pater
2447 2119 2563 2189 ejus
2611 2115 2899 2218 laudandae
2924 2116 3233 2218 _memoria3
3278 2117 3545 2218 Henricus

230 2236 517 2294 constituit
539 2253 667 2293 cum
702 2210 1028 2311 Landulpho
1069 2210 1465 2293 Beneventano
1479 2210 1750 2309 principe,
1787 2242 1840 2289 et
1945 2212 2243 2311 ξωΡθτδῐοΐ
2271 2212 2408 2268 inter
2436 2225 2630 2311 omnes
2670 2211 2881 2311 Italicos
2922 2210 2977 2265 in
2998 2210 3173 2311 .curia
3201 2226 3296 2267 sua
3325 2210 3544 2311 speciali

230 2345 395 2401 quam
433 2331 686 2403 princeps
729 2334 1139 2387 Beneventanus
1168 2331 1281 2403 ipse
1302 2329 1409 2387 sibi
1448 2328 1682 2385 ﬁrmiter
1706 2343 1834 2402 pro-

229 2425 379 2481 misit
416 2424 472 2480 in
529 2439 693 2482 sacro
737 2427 1119 2482 Beneventano
1168 2424 1397 2498 palatio,
1459 2437 1607 2481 anno
1654 2421 1833 2494 primo

229 2515 577 2587 pontiﬁcatus
606 2517 744 2590 ejus,
791 2516 1117 2575 duodecima
1163 2515 1272 2585 die,
1346 2516 1587 2571 intrante
1644 2528 1831 2569 mense

231 2616 504 2682 Augusto,
532 2609 821 2667 indictione
860 2611 1163 2669 undecima.
1204 2610 1257 2666 Si
1301 2609 1368 2664 ab
1402 2608 1535 2665 hora
1590 2608 1703 2680 ipsa
1752 2608 1826 2663 in.

230 2711 388 2761 antea
418 2704 673 2776 princeps
709 2704 820 2775 ipse
848 2703 1039 2761 fuisset
1060 2702 1293 2761 inﬁdelis
1326 2710 1529 2760 sancta
1556 2704 1827 2758 Romanae

230 2796 493 2863 ecclesiae.
533 2804 589 2855 et
632 2813 785 2869 papae
833 2798 951 2869 ipsi,
997 2798 1220 2870 suisque
1265 2795 1701 2861 successoribus;
1742 2793 1827 2849 vel

1945 2303 2154 2363 honore
2203 2321 2291 2362 me
2325 2306 2596 2373 tractavit,
2640 2304 2894 2377 quodque
2939 2303 3104 2361 etiam
3148 2304 3265 2378 ipse
3309 2304 3552 2360 moriens

1941 2402 2212 2457 Romanae
2240 2399 2502 2458 Ecclesiae
2543 2414 2637 2473 per
2665 2397 2983 2455 veneranda:
3021 2397 3305 2460 memoriae
3353 2412 3547 2472 papam

1940 2494 2223 2550 Victorem
2275 2492 2592 2565 pradictum
2642 2492 2820 2550 ﬁlium
2875 2508 3036 2548 suum
3114 2490 3547 2558 commendavit,

1939 2586 2177 2660 aliquam
2207 2586 2646 2644 malevolentiam
2688 2601 2799 2643 non
2841 2584 3216 2652 observamus,
3248 2584 3343 2641 sed
3372 2599 3548 2655 neque

1936 2680 2178 2751 aliquem
2203 2680 2572 2738 Christianum
2598 2679 2902 2746 hominem,
2937 2681 3051 2735 Deo
3080 2678 3389 2743 auxiliante,
3416 2676 3542 2735 odio

1936 2771 2139 2831 habere
2162 2773 2418 2832 volumus
2446 2790 2459 2826 :
2484 2788 2614 2830 cum
2631 2772 2929 2844 Apostolus
2959 2770 3136 2828 dicat:
3161 2773 3221 2831 Si
3270 2772 3548 2829 tradidero

231 2891 273 2947 si
311 2892 367 2947 in
405 2891 591 2963 aliquo
627 2891 907 2964 quaesisset
936 2891 1184 2947 minuere
1218 2889 1490 2963 publicam
1515 2904 1631 2944 rem
1661 2891 1827 2943 Bene-

1937 2883 2124 2941 corpus
2166 2882 2340 2924 meum
2374 2869 2457 2923 ita
2489 2870 2548 2921 ut
2577 2866 2817 2931 ardeam,
2850 2870 2899 2922 et
2920 2867 2970 2920 si
2996 2864 3187 2921 dedero
3221 2879 3397 2921 omnes
3447 2866 3545 2931 fa-

230 2994 541 3053 ventanam,
579 2994 677 3042 aut
708 2986 945 3057 aliquam
974 2984 1099 3041 inde
1124 2985 1327 3057 absque
1356 2990 1495 3038 nutu
1540 2997 1714 3055 papae,
1743 2981 1823 3037 vel

1935 2962 2160 3017 cultates
2189 2976 2333 3018 meas
2361 2962 2421 3016 in
2459 2960 2599 3015 cibos
2632 2973 2948 3031 pauperum
2974 2958 3289 3014 charitatem
3310 2972 3414 3014 non
3440 2958 3539 3013 ha-

228 3078 433 3152 absque
478 3048 741 3137 ordinatis
779 3048 1181 3150 [ordinationis]
1233 3048 1369 3148 ejus,
1410 3048 1572 3132 alicui
1610 3048 1835 3131 fecisset
1883 3149 1908 3152 ι
1942 3056 2085 3152 ῥθηδρ
2130 3055 2418 3152 nimicum
2449 3054 2640 3152 (1007:.
2671 3050 2839 3152 ξω)-
2873 3050 2980 3152 ξθά
3025 3050 3148 3152 (illia
3181 3048 3541 3152 ξίξξλοξδτβίδω

228 3143 657 3239 investitionem;
710 3143 799 3229 vel
833 3174 881 3229 si
927 3172 1110 3243 aliquo
1156 3143 1418 3226 invenerit
1461 3166 1669 3237 studio,
1701 3184 1829 3223 cum
1868 3149 1911 3212 (ἶ
1941 3148 2153 3243 “Fami
2182 3147 2389 3207 εοίιίοθῖ
2431 3146 2722 3204 εδοθτάοῖίί
2774 3153 2827 3202 et
2875 3144 3089 3243 ῑηξιζθξίί
3138 3143 3281 3243 Πίδξίι
3320 3143 3541 3243 ﬁmum}

228 3267 412 3339 aliquo
452 3266 679 3324 homine
706 3267 852 3324 intus
888 3274 982 3324 aut
1011 3265 1145 3323 foris
1172 3264 1452 3321 civitatem
1490 3265 1829 3320 Beneventa-

228 3378 378 3431 nam,
421 3360 659 3418 faciendi
685 3369 780 3417 aut
824 3359 1120 3433 recipiendi
1153 3366 1579 3424 sacramentum,
1622 3364 1721 3412 aut
1751 3355 1833 3411 in-

229 3455 477 3512 veniendi
527 3455 846 3524 divisiones;
894 3454 973 3511 vel
1003 3453 1045 3511 si
1075 3470 1170 3526 per
1197 3468 1255 3510 se
1294 3459 1388 3509 aut
1432 3467 1528 3524 per
1577 3448 1831 3523 supposi-

231 3559 343 3607 tam
391 3564 684 3621 personam
714 3548 860 3606 intus
895 3556 989 3604 aut
1017 3546 1153 3605 foris
1190 3546 1462 3604 civitatem
1503 3546 1832 3600 Beneventa-

232 3659 353 3700 nam
396 3642 673 3700 studuerit
712 3642 1094 3716 qualicumque
1131 3639 1303 3698 modo
1327 3649 1425 3697 aut
1453 3638 1669 3712 ingenio
1704 3634 1830 3692 red-

235 3737 391 3795 dendi
440 3737 650 3795 malum
707 3737 998 3805 meritum,
1046 3743 1141 3792 aut
1194 3733 1424 3791 faciendi
1468 3732 1829 3789 damnitatem

237 3832 450 3889 cuilibet
499 3830 568 3886 de
611 3829 867 3888 ﬁdelibus
910 3838 1114 3887 sanctae
1159 3832 1432 3887 Romanae
1472 3826 1725 3883 Ecclesiae
1763 3824 1828 3882 de

237 3940 291 3979 ea
318 3939 442 3999 qua
475 3924 548 3982 ad
585 3923 904 3981 ﬁdelitatem
933 3922 1181 3996 ejusdem
1207 3932 1412 3980 sanctae
1436 3923 1707 3978 Romanis
1736 3934 1829 3975 ec-

238 4018 410 4077 clesia
449 4033 607 4089 egere
636 4033 809 4090 usque
842 4016 1044 4086 modo;
1075 4017 1121 4075 si
1169 4032 1227 4074 se
1265 4016 1414 4088 juxta
1461 4014 1652 4071 domui
1694 4027 1829 4086 apo-

237 4112 401 4168 stolici
426 4111 689 4183 judicium
728 4127 841 4170 non
880 4110 1117 4185 potuerit
1167 4109 1291 4166 inde
1333 4106 1646 4176 defendere,
1696 4121 1827 4163 cum

242 4203 395 4263 fuerit
414 4205 737 4279 appellatus,
763 4221 796 4262 a
825 4204 1073 4278 presenti
1101 4202 1321 4260 amittat
1348 4216 1509 4259 suum
1537 4198 1823 4257 honorem.

782 4299 1227 4369 Subscriptiones.

305 4394 422 4467 Ego
462 4394 701 4451 Joannes
754 4391 1065 4451 Parmensis
1109 4388 1390 4463 episcopus
1432 4400 1828 4460 recognoscens

244 4486 542 4558 subscripsi.

304 4583 422 4653 Ego
461 4583 701 4639 Joannes
740 4576 1157 4638 Truculanensis
1183 4576 1466 4647 episcopus
1505 4571 1724 4632 interfui
1775 4579 1834 4627 et

242 4674 547 4745 subscripsi.

306 4771 420 4841 Ego
441 4767 683 4827 Uber-tm
700 4765 1070 4825 Pmnestinus
1084 4765 1370 4837 episcopus
1392 4761 1707 4833 subscripsi.

309 4864 420 4932 Ego
446 4860 762 4919 Desiderius
780 4858 1061 4932 presbyter
1090 4862 1355 4916 Romanae
1381 4856 1635 4916 Ecclesiae
1662 4854 1826 4911 inter-

245 4951 311 5009 lui
336 4962 390 5009 et
407 4954 724 5025 subscripsi.

306 5049 420 5120 Ego
454 5049 648 5105 Petrns
679 5045 966 5105 eardinslis
995 5044 1276 5118 presbyter
1310 5053 1369 5102 et
1396 5040 1830 5100 bibliothecarius

244 5153 403 5197 saera
426 5143 697 5199 Romam
714 5140 983 5198 Ecclesia
1006 5138 1228 5198 interfui
1258 5146 1313 5195 et
1338 5134 1648 5208 subscripsi.

768 5243 1123 5299 EPISTOLA
1161 5241 1322 5298 XIX.

537 5362 620 5404 AD
659 5360 1005 5404 ιουῠιῐωί
1046 5360 1280 5403 SUBVL!
1309 5357 1543 5400 DUCEI.

788 5445 970 5507 (Anno
1010 5444 1192 5504 1073.)

252 5532 481 5592 Ostendis
522 5550 578 5591 se
621 5537 910 5592 Hem-tcum
949 5547 1126 5602 regem
1166 5532 1291 5588 odio
1314 5546 1421 5588 non
1457 5530 1663 5592 habere.
1694 5530 1832 5601 quin

309 5610 485 5675 potius
521 5621 717 5677 cupere
748 5620 933 5676 pacem
974 5620 1097 5661 om
1122 5620 1181 5660 eo
1221 5605 1392 5671 inie'e;
1422 5602 1563 5672 quod
1604 5605 1665 5658 ut
1690 5615 1832 5655 com—

1859 4486 1907 4548 Ι)

1936 5234 2164 5306 cipiente
2190 5232 2541 5290 duodecima.

1941 3242 2074 3300 nihil
2102 3242 2204 3298 nisi
2239 3257 2438 3314 purum
2463 3240 2620 3298 decet
2646 3240 2871 3307 habere,
2900 3228 3115 3296 videtur
3157 3236 3313 3296 nobis
3366 3236 3543 3293 omni-

1940 3352 2012 3393 no
2039 3335 2175 3392 utile
2203 3342 2264 3392 ut
2291 3336 2438 3407 prius
2474 3342 2681 3400 tecum,
2712 3342 2874 3405 atque
2900 3348 3028 3390 cum
3071 3335 3281 3404 Agnete
3307 3330 3540 3404 impera-

1941 3430 2096 3497 trice,
2139 3436 2195 3485 et
2238 3444 2366 3487 cum
2408 3427 2685 3485 comitissa
2728 3426 2995 3497 Beatrice,
3030 3432 3086 3481 et
3118 3423 3384 3483 Bainaldo
3436 3422 3545 3499 epi-

1938 3538 2104 3595 scepo
2135 3524 2402 3590 Cumano,
2437 3529 2493 3580 et
2514 3536 2642 3579 cum
2683 3520 2801 3576 aliis
2839 3523 3017 3576 Deum
3046 3517 3367 3576 timentibus
3392 3517 3540 3589 [sub-

1939 3617 2074 3674 audi
2097 3615 2423 3690 colloquar].
2447 3618 2585 3673 Nam
2614 3614 2757 3671 sicut
2783 3612 2999 3671 duobus
3028 3611 3199 3669 oculis
3236 3610 3540 3669 humanum

1938 3725 2135 3781 corpus
2162 3708 2446 3784 temporali
2476 3707 2681 3766 lumine
2710 3706 2938 3780 regitur,
2981 3707 3053 3765 ita
3084 3706 3168 3764 his
3201 3703 3415 3763 duabus
3456 3703 3539 3762 di-

1938 3804 2238 3876 gnitatibus
2278 3803 2333 3859 in
2383 3818 2517 3875 pura
2563 3801 2827 3874 religione
2852 3798 3312 3857 concordantibus
3342 3813 3541 3870 corpus

1938 3897 2193 3955 Ecclesiae
2225 3895 2484 3969 spirituali
2515 3896 2724 3954 lumine
2774 3895 2886 3968 regi
2922 3902 2976 3951 et
3018 3892 3311 3951 illuminari
3348 3891 3542 3965 proba-

1940 3998 2051 4048 tur.
2084 3993 2166 4046 De
2196 3989 2283 4046 bis
2312 3989 2624 4065 diligentius
2654 3996 2983 4055 tractemus;
3019 3995 3309 4061 quatenus,
3339 3985 3535 4042 volun-

1938 4086 2051 4135 tate
2085 4086 2271 4135 nostra
2295 4077 2432 4135 bene
2468 4094 2499 4134 a
2530 4077 2682 4133 vobis
2706 4076 2943 4149 cognita,
2988 4076 3033 4132 si
3062 4075 3297 4132 rationes
3325 4081 3543 4132 nostras

1935 4164 2105 4237 justas
2148 4181 2265 4223 esse
2296 4165 2675 4237 probaveritis,
2712 4164 3000 4221 nobiscum
3041 4161 3395 4219 consentiatis
3438 4180 3454 4215 :
3494 4162 3540 4219 si

1938 4271 2065 4313 vero
2105 4256 2307 4312 rationi
2356 4264 2559 4314 nostra;
2600 4254 2803 4327 aliquid
2833 4251 3146 4311 addendum
3196 4250 3278 4306 vel
3317 4252 3537 4309 subtra-

1937 4346 2177 4403 hendum
2228 4363 2346 4403 esse
2390 4347 2543 4404 vobis
2581 4346 2756 4405 visum
2805 4344 2991 4411 fuerit,
3036 4342 3269 4398 consiliis
3314 4343 3539 4411 vestris,

1938 4440 2058 4492 Deo
2102 4436 2497 4505 consentiente,
2524 4432 2696 4507 parati
2732 4432 2936 4488 erimus
2961 4445 3245 4487 assensum
3273 4432 3534 4503 prabere.

1938 4528 2286 4601 Quapropter
2327 4522 2676 4598 prudentiam
2701 4528 2855 4576 tuam
2893 4533 3153 4594 rogamus
3180 4526 3242 4573 ut
3270 4517 3324 4574 in
3362 4517 3539 4574 ﬁdeli-

1940 4624 2047 4671 tate
2078 4615 2218 4671 beati
2249 4615 2388 4671 Petri
2431 4626 2648 4683 semper
2685 4609 2903 4666 studeas
2950 4622 3214 4675 crescere,
3264 4614 3320 4661 et
3347 4604 3416 4664 ad
3466 4606 3537 4664 li-

1936 4703 2083 4759 mina
2113 4703 2251 4776 ejus,
2281 4710 2402 4758 tum
2430 4715 2593 4756 causa
2623 4696 2907 4763 orationis,
2936 4703 3057 4750 tum
3096 4693 3537 4751 consideratione

1848 4811 1863 4821 ‘
1939 4800 2101 4849 tanta:
2136 4792 2404 4856 utilitatis,
2430 4806 2544 4846 non
2591 4788 2775 4861 pigeat
2802 4794 2854 4840 te
2903 4786 3107 4851 venire,
3139 4793 3407 4856 quatenus
3457 4785 3537 4843 sic

1935 4892 1989 4939 te
2021 4882 2077 4937 in
2104 4890 2338 4950 utroque
2371 4878 2531 4934 beato
2561 4880 2725 4933 Petro
2756 4874 3059 4931 debitorem
3100 4873 3266 4929 facias
3293 4883 3356 4929 ut
3383 4883 3437 4927 et
3479 4874 3537 4928 in

1936 4968 2188 5043 prmeenti
2218 4976 2273 5024 et
2300 4967 2355 5022 in
2395 4964 2575 5020 futura
2612 4964 2718 5019 vita
2742 4963 2861 5035 ejus
2902 4976 3118 5032 semper
3147 4960 3538 5017 intercessione

1934 5058 2389 5217 Βὸιέιθθέέερυω
2425 5142 2692 5200 Kalendis
2726 5138 3083 5212 Septembris,
3128 5139 3421 5199 indictione
3450 5141 3533 5197 in-

2434 5326 2790 5383 EPISTOLA
2823 5325 2962 5384 XX.

2102 5432 2185 5474 AD
2221 5430 2585 5475 BAINALDUK
2623 5429 2966 5473 EPISCOPUM
3009 5428 3338 5472 CUHANUX.

2574 5509 2766 5574 (Anno
2800 5508 2983 5573 1073.)

1939 5598 2090 5655 Dolet
2121 5596 2187 5653 de
2212 5596 2327 5665 ejus
2361 5593 2784 5651 calamitatibus.
2816 5596 3080 5649 Paratum
3106 5606 3162 5645 se
3186 5589 3421 5646 ostendit
3448 5591 3533 5644 ul-

309 5758 447 5827 (346)
494 5758 630 5815 Haec
656 5756 973 5813 constitutio
1002 5755 1155 5813 deest
1194 5754 1255 5811 in
1287 5753 1413 5811 cod.
1463 5752 1780 5817 Mutinensi,
1828 5748 1926 5810 sed
1965 5748 2085 5821 ejus
2125 5748 2249 5804 loco
2294 5746 2451 5819 ponit
2493 5742 2877 5818 jusjurandum
2924 5740 3203 5797 ﬁdelitatis
3251 5739 3401 5807 quod
3452 5744 3537 5791 est

250 5826 355 5883 ina
385 5826 509 5901 pest
536 5830 829 5900 epistolam
857 5834 947 5883 21.
