4106 6182
262 338 360 389 305

1387 335 1584 390 LIBER
1622 337 1880 391 PRIMUS.
1921 366 1989 377 —
2030 337 2233 392 EPIST.
2271 338 2420 395 XXII.

3445 346 3545 397 306

260 475 352 514 ero
381 458 448 515 ad
500 458 799 515 tenendum
826 468 880 515 et
923 458 1314 532 acquirendum
1343 467 1399 515 et
1436 458 1847 515 defendendum
1878 465 1933 527 Α
1961 462 2137 516 carnis
2188 462 2549 519 mortiﬁcante
2599 463 2690 536 υἱ,
2734 466 3195 539 mortiﬁcatione].
3242 467 3544 539 Spiritualis

272 552 465 625 regalia
507 553 853 608 sanctiPetri
896 552 1117 623 ejusque
1158 553 1524 623 possessiones
1553 562 1695 609 recta
1743 554 1849 609 ﬁde

264 656 447 701 contra
482 661 676 701 omnes
700 645 968 712 homines,
1000 654 1053 701 et
1083 645 1347 716 adjuvabo
1376 656 1451 713 te,
1488 655 1550 702 ut
1572 662 1760 702 secure
1795 656 1851 702 et

264 738 559 795 honoriﬁce
586 747 768 794 teneas
793 747 1048 811 papatum
1079 742 1417 808 Romanum,
1443 748 1647 795 terram
1674 740 1847 796 sancti

263 833 442 899 Petri;
492 841 546 887 et
596 832 930 905 principatus
973 848 1094 893 nec.
1128 832 1376 887 invadere
1422 848 1523 888 nec
1568 834 1849 906 acquirere

266 941 527 997 quaram,
572 941 673 981 nec
712 925 873 980 etiam
932 925 1231 996 depradari
1275 941 1602 997 prasumam
1645 926 1848 998 absque

262 1028 350 1075 tua
376 1028 708 1090 tuorumque
739 1034 1135 1087 successorum,
1169 1019 1259 1090 qui
1288 1019 1357 1074 ad
1385 1019 1647 1075 honorem
1679 1020 1847 1074 sancti

266 1113 395 1167 Petri
425 1110 767 1177 intraverint,
797 1119 943 1167 certa
971 1111 1215 1176 licentia,
1248 1120 1442 1183 prater
1489 1112 1636 1168 illam
1681 1129 1847 1184 quam

265 1215 315 1260 tu
356 1205 491 1260 mihi
520 1205 808 1268 concedes,
842 1205 921 1260 vel
958 1205 1036 1259 tui
1065 1206 1377 1261 concessuri
1408 1214 1537 1261 sunt
1565 1221 1845 1262 successo-

264 1314 361 1354 res.
400 1297 723 1354 Pensionem
752 1297 822 1353 de
847 1307 990 1354 terra
1013 1298 1182 1354 sancti
1215 1299 1384 1366 Petri,
1429 1314 1595 1370 quam
1639 1314 1740 1371 ego
1770 1308 1850 1356 te-

263 1407 358 1447 neo
386 1402 443 1447 et
470 1391 689 1457 tenebo,
726 1391 869 1447 sicut
895 1399 1158 1447 statutum
1193 1401 1296 1461 est,
1316 1400 1463 1448 recta
1493 1392 1598 1447 ﬁde
1617 1392 1846 1448 studebo

263 1494 315 1539 ut
334 1486 484 1540 illam
508 1493 696 1540 sancta
734 1488 982 1541 Romana
1018 1486 1319 1541 annualiter
1355 1485 1554 1541 habeat
1590 1486 1843 1542 Ecclesia.

262 1581 464 1635 Omnes
487 1594 710 1650 quoque
740 1578 996 1634 ecclesias
1027 1594 1149 1649 qua
1175 1579 1230 1633 in
1259 1594 1379 1634 mea
1409 1579 1703 1650 persistunt
1741 1580 1844 1635 do-

262 1672 576 1738 minatione,
616 1687 744 1726 cum
773 1687 959 1727 earum
1005 1671 1458 1743 possessionibus,
1489 1671 1760 1728 dimittam
1789 1673 1845 1728 in

258 1773 400 1820 tuam
434 1772 786 1836 potestatem,
816 1774 872 1819 et
899 1762 1158 1820 defensor
1184 1765 1401 1820 illarum
1450 1781 1546 1821 ero
1579 1766 1646 1821 ad
1677 1765 1844 1821 ﬁdeli-

1960 555 2156 627 quippe
2184 556 2309 612 vita
2331 558 2372 611 si
2398 557 2623 623 fueritis,
2655 558 2970 616 hareditate
3002 560 3221 631 quidem
3247 562 3395 633 regni
3432 562 3547 632 ejus

1961 648 2015 703 in
2044 658 2309 703 aternum
2341 658 2403 704 ut
2425 650 2512 704 ﬁlii
2541 649 2817 723 fruemini,
2841 653 3153 709 coharedes
3183 654 3404 721 Christi,
3433 656 3546 711 ha-

1960 741 2116 796 redes
2152 758 2280 796 vero
2299 742 2415 797 Dei.
2454 744 2610 798 Unde
2633 759 2849 800 omnem
2867 747 3152 813 malitiam,
3175 747 3548 804 simulationes

1960 843 2016 889 et
2062 834 2323 903 invidias,
2381 851 2677 908 omnesque
2734 838 3093 894 detractiones
3137 856 3231 895 vos
3277 840 3547 911 deponere

1958 926 2197 983 fraterna
2239 928 2499 984 charitate
2541 931 2806 985 commoti
2857 932 3235 988 admonemus.
3289 934 3345 988 Si
3402 934 3540 1003 quid

1958 1029 2141 1076 autem
2189 1021 2451 1093 contingit
2491 1021 2631 1076 inter
2672 1038 2823 1077 arma
2883 1025 3276 1080 Saracenorum
3322 1008 3542 1096 positis,

1957 1114 2125 1169 nolite
2177 1129 2490 1186 pavescere;
2553 1114 2647 1171 sed
2694 1117 3118 1188 quotiescunque
3175 1135 3271 1187 pro
3325 1119 3543 1175 Christo

1958 1207 2220 1278 patimini,
2249 1206 2492 1277 gaudete,
2527 1218 2589 1263 ut
2620 1208 2676 1263 in
2711 1210 3003 1265 adventum
3041 1210 3222 1282 gloria
3260 1212 3376 1283 ejus
3413 1228 3543 1282 gau-

1957 1299 2130 1355 deatis
2163 1301 2507 1356 exsultantes.
2548 1302 2746 1357 Fidelis
2774 1302 2992 1373 quidem
3023 1313 3106 1358 est
3143 1319 3325 1359 sermo
3374 1323 3386 1359 :
3441 1307 3546 1371 Qui

1956 1397 2238 1449 suscitavit
2256 1396 2453 1463 Jesum,
2479 1397 2763 1449 suscitabit
2786 1402 2837 1451 et
2859 1412 2948 1451 vos
2967 1401 3138 1462 (Rom.
3162 1400 3308 1464 VIII),
3333 1397 3377 1452 si
3400 1413 3545 1452 mor-

1956 1488 2033 1543 tui
2078 1503 2240 1543 carne
2279 1486 2504 1557 fueritis,
2554 1491 2657 1543 vita
2688 1505 2815 1544 vero
2870 1491 2968 1545 Dei
2996 1491 3200 1562 Spiritu
3231 1491 3281 1545 in
3311 1490 3545 1546 adventu

1956 1596 2057 1635 suo
2104 1580 2170 1637 ad
2218 1582 2404 1652 gloria
2460 1597 2573 1637 sua
2619 1583 3191 1639 communicationem.
3255 1582 3547 1638 lneffabilis

1956 1674 2120 1745 igitur
2163 1675 2347 1746 gloria
2371 1690 2465 1746 spe
2498 1683 2612 1730 tam
2640 1674 2779 1731 ﬁdeli
2815 1676 3141 1746 promissore
3171 1676 3509 1732 conﬁdentes
3529 1719 3544 1743 ,

1959 1767 2202 1823 membra
2231 1777 2406 1823 vestra
2451 1768 2808 1835 mortiﬁcate;
2845 1776 3078 1823 mortem
3118 1769 3314 1841 Christi
3354 1768 3538 1824 cordi-

260 1868 417 1914 tatem
446 1866 654 1914 sancta
682 1861 946 1914 Romana
971 1858 1239 1914 Ecclesia.
1268 1857 1403 1929 Regi
1430 1874 1557 1914 vero
1588 1860 1844 1927 Henrico,
1874 1837 1922 1899 Β
1958 1862 2059 1917 bus
2085 1861 2274 1916 vestris
2306 1860 2533 1933 inﬁgite,
2573 1860 2798 1916 adversa
2827 1862 3009 1916 omnia
3041 1878 3137 1933 pro
3176 1837 3245 1917 eo
3269 1863 3377 1932 pati
3410 1878 3539 1933 gau-

257 1968 374 2007 cum
405 1968 437 2006 a
465 1961 519 2007 te
564 1950 647 2024 (ut
674 1967 704 2005 a
736 1950 807 2024 te]
847 1951 1162 2007 admonitus
1197 1949 1375 2017 fuero,
1407 1952 1487 2007 vel
1513 1967 1543 2006 a
1588 1952 1693 2007 tuis
1721 1968 1843 2007 suc-

258 2045 595 2108 cessoribus,
618 2044 818 2116 jurabo
871 2044 1217 2113 ﬁdelitatem;
1259 2044 1405 2099 salva
1446 2028 1845 2101 tamen'ﬁdeli-

257 2148 359 2194 tate
380 2146 587 2194 sancta
619 2140 887 2193 Romana
920 2137 1197 2195 Ecclesia.
1225 2140 1298 2193 Et
1330 2137 1374 2193 si
1410 2145 1470 2193 tu
1499 2138 1579 2193 vel
1608 2138 1683 2193 tui
1721 2154 1845 2194 suc-

253 2246 499 2287 cessores
516 2239 643 2286 ante
660 2246 752 2286 me
775 2246 841 2286 ex
879 2231 979 2287 hac
1003 2231 1109 2286 vita
1147 2231 1517 2303 migraverint,
1546 2232 1847 2288 secundum

254 2324 398 2397 quod
425 2325 672 2380 monitus
696 2323 852 2380 fuero
872 2340 903 2379 a
931 2324 1244 2381 melioribus
1266 2323 1627 2380 cardinalibus
1658 2333 1712 2379 et
1737 2325 1846 2381 cle-

252 2419 375 2474 ricis
406 2418 676 2473 Romanis
717 2427 771 2473 et
808 2417 982 2486 Iaicis,
1031 2418 1303 2489 adjuvabo
1346 2426 1408 2473 ut
1446 2433 1578 2489 papa
1621 2418 1849 2489 eligatur

252 2522 302 2567 et
335 2512 626 2568 ordinetur
662 2511 732 2566 ad
770 2511 1039 2567 honorem
1068 2511 1239 2567 sancti
1269 2512 1428 2567 Petri.
1488 2512 1621 2567 Hac
1665 2512 1846 2567 omnia

250 2605 618 2677 suprascripta
669 2604 969 2660 observabo
1006 2613 1209 2659 sancta
1259 2607 1528 2660 Romana
1571 2605 1844 2670 Ecclesia,

250 2708 303 2753 et
328 2699 426 2754 tibi
454 2708 605 2754 recta
631 2697 770 2763 ﬁde;
802 2706 857 2753 et
884 2696 1020 2752 hanc
1057 2697 1373 2753 ﬁdelitatem
1404 2698 1709 2753 observabo
1741 2698 1847 2754 tuis

252 2791 659 2847 successoribus
683 2790 749 2845 ad
782 2790 1056 2846 honorem
1081 2791 1249 2845 sancti
1295 2792 1441 2847 Petri
1478 2790 1762 2857 ordinatis,
1801 2792 1843 2846 si

253 2885 385 2939 mihi
412 2885 637 2940 ﬁrmare
665 2884 940 2939 voluerint
983 2883 1363 2939 investituram
1387 2900 1417 2938 a
1448 2892 1501 2938 te
1544 2883 1678 2939 mihi
1709 2900 1845 2940 con-

254 2994 485 3034 68853“).

322 3078 524 3127 Actum
554 3074 757 3143 Capua
787 3085 911 3126 vm
937 3070 1196 3127 Kalendis
1237 3070 1512 3137 Octobris,
1556 3069 1848 3126 indictione

257 3162 593 3220 duodwima.

752 3258 1107 3315 EPISTOLA
1137 3259 1324 3313 XXII.

704 3368 786 3407 AD
817 3365 1388 3408 CARTBAGINBNSES.

911 3450 1093 3509 (Anno
1128 3447 1309 3512 1073.)

266 3534 519 3587 Hortatur
542 3538 603 3587 ut
627 3534 894 3603 deponant
912 3533 1249 3594 inimicitias,
1267 3534 1643 3603 patienterque
1662 3532 1846 3596 ferant

326 3608 552 3673 impetus
589 3601 998 3660 Saracenorum.
1057 3603 1329 3668 Quaritur
1374 3601 1517 3670 quod
1564 3602 1848 3669 Cyriacum

326 3679 623 3745 episcopum
652 3676 870 3743 injuriis
893 3674 1190 3743 affecerint.
1217 3675 1480 3728 Hortatur
1502 3673 1576 3726 ad
1593 3674 1846 3742 paeniten-

330 3751 493 3812 tiam;
534 3750 623 3801 sin
664 3750 869 3813 minus,
916 3748 1159 3799 minatur
1185 3745 1295 3799 illis
1344 3745 1844 3799 excommunicatio-

328 3834 464 3872 ηεηι.

329 3912 685 3968 Caesonius
702 3910 1006 3983 episcopus,
1031 3925 1220 3965 servus
1243 3924 1525 3964 servorum
1544 3907 1668 3972 Dei,
1700 3907 1844 3963 clero

265 4014 314 4059 et
341 4006 477 4076 plebi
513 4004 833 4060 Christiana
862 4002 1268 4074 Carthaginensi
1292 4002 1523 4058 salutem
1551 4007 1606 4055 et
1631 4008 1846 4072 aposto-

268 4098 412 4153 licam
433 4098 885 4155 benedictionem.

328 4193 509 4247 Gratia
554 4191 708 4247 vobis
749 4200 804 4246 et
844 4206 946 4261 pax
975 4206 1007 4246 a
1031 4192 1151 4245 Deo
1190 4191 1349 4244 Patre
1396 4195 1449 4242 et
1475 4189 1605 4242 Jesu
1628 4185 1846 4241 Christo

270 4286 393 4340 Filio
424 4284 541 4356 ejus
566 4285 746 4350 unico,
768 4283 858 4355 qui
882 4284 1113 4354 gratuita
1154 4280 1526 4338 misericordia
1565 4294 1674 4335 vos
1709 4294 1845 4334 con-

265 4377 495 4434 formare
522 4379 583 4433 in
621 4392 828 4433 novum
857 4376 1139 4432 hominem
1167 4376 1222 4430 in
1248 4374 1332 4430 sui
1379 4373 1655 4444 sanguinis
1698 4369 1843 4429 effu-

263 4474 412 4527 sione
441 4470 700 4543 dignatus
722 4478 836 4539 est;
857 4469 943 4525 cui
963 4470 1131 4525 semel
1171 4468 1308 4524 mori
1339 4475 1395 4522 et
1423 4480 1701 4537 resurgere
1728 4466 1838 4536 pla-

1957 1954 2107 2020 dete,
2150 1953 2431 2010 credentes
2459 1970 2586 2009 cum
2636 1955 2896 2025 Apostolo
2940 1971 3047 2010 non
3098 1970 3205 2011 esse
3250 1955 3543 2023 condignas

1950 2050 2222 2118 passiones
2251 2048 2410 2116 hujus
2441 2051 2694 2117 temporis
2739 2049 2812 2101 ad
2827 2048 3082 2117 futuram
3127 2050 3375 2117 gloriam,
3422 2064 3545 2116 qua

1956 2141 2284 2195 revelabitur
2308 2143 2366 2194 in
2392 2142 2541 2194 nobis
2574 2144 2745 2206 (Rom.
2779 2142 2941 2210 vm).
2976 2142 3148 2196 Bixas
3177 2156 3304 2213 ergo
3330 2148 3385 2195 et
3414 2155 3543 2195 con-

1956 2233 2224 2290 tentiones
2264 2241 2324 2288 ut
2363 2249 2632 2289 venenum
2680 2234 2860 2289 vitate.
2898 2234 3233 2288 Humilitatis
3274 2233 3543 2303 discipuli,

1960 2325 2320 2381 humilitatem
2360 2324 2597 2391 induite;
2631 2324 2827 2383 Christi
2867 2327 3040 2381 vicem
3085 2341 3251 2397 super
3296 2341 3393 2380 vos
3447 2326 3538 2380 lia-

1956 2419 2105 2475 benti
2124 2435 2186 2475 ex
2210 2418 2393 2475 debito
2424 2419 2639 2475 obedite
2677 2439 2689 2474 :
2724 2419 2968 2487 consilia,
2999 2418 3400 2474 admonitiones
3428 2420 3543 2490 ejus

1956 2529 2082 2568 vero
2122 2528 2310 2568 amore
2339 2513 2591 2584 amplecti
2635 2513 2924 2579 insudate;
2966 2513 3198 2567 scientes
3239 2528 3365 2566 cum
3423 2513 3543 2577 sibi,

1958 2606 2178 2662 Christo
2205 2605 2352 2677 [cum
2382 2607 2499 2676 ipso
2519 2605 2763 2668 Christo;
2785 2609 2946 2673 forte,
2966 2614 3026 2660 ut
3045 2605 3283 2672 Christo,
3308 2605 3540 2675 Insul,

1956 2700 2048 2770 qui
2079 2714 2176 2769 pro
2211 2699 2363 2753 vobis
2399 2713 2586 2769 passus
2608 2706 2722 2768 .est,
2753 2698 3082 2763 obedieritis,
3115 2698 3229 2769 ejus
3255 2713 3383 2753 vero
3412 2714 3548 2769 pra-

1956 2791 2287 2857 dicationes,
2302 2790 2504 2862 judicia
2526 2790 2689 2845 etiam
2712 2806 2841 2845 cum
2867 2791 3235 2861 susceperitis,
3261 2790 3543 2845 Christum

1959 2900 2055 2955 per
2100 2883 2284 2938 omnia
2313 2882 2648 2953 suscipietis;
2690 2884 2769 2937 ait
2796 2882 2946 2937 enim
2978 2903 2990 2938 :
3034 2886 3141 2950 Qui
3166 2899 3254 2937 vos
3285 2887 3542 2953 suscipit,

1956 2993 2039 3032 me
2075 2978 2327 3046 suscipit;
2366 2979 2464 3045 qui
2500 2991 2589 3030 vos
2634 2979 2872 3046 spernit,
2904 2992 2988 3029 me
3028 2978 3233 3045 spernit
3264 2979 3410 3043 (Luc.
3458 2978 3540 3042 Χ).

1957 3070 2127 3126 Aliter
2154 3084 2281 3125 vero
2316 3069 2361 3123 si
2398 3066 2652 3136 feceritis,
2682 3069 2736 3123 in
2764 3068 3046 3124 Christum
3076 3069 3333 3139 peccatis,
3375 3069 3538 3125 Chri-

1878 3175 1925 3239 ρ
1960 3170 2108 3220 stum
2137 3162 2405 3234 spernitis,
2443 3161 2641 3218 Christi
2676 3160 2918 3233 discipuli
2949 3176 3067 3217 esse
3108 3159 3368 3216 desinitis.
3402 3166 3544 3232 Apo-

1958 3257 2099 3313 stolo
2129 3255 2398 3321 resistitis,
2429 3256 2521 3326 qui
2545 3255 2661 3310 ait:
2706 3257 2888 3311 Omnis
2929 3258 3113 3309 anima
3136 3255 3540 3309 sublimioribus

1952 3350 2310 3420 potestatibus
2339 3349 2558 3403 subdita
2576 3351 2649 3401 sit
2676 3352 2845 3412 (Rom.
2878 3350 3038 3415 xm).
3070 3348 3210 3403 Cum
3232 3363 3359 3419 ergo
3386 3364 3543 3402 mun-

1957 3442 2112 3499 danis
2168 3441 2526 3512 potestatibus
2575 3440 2795 3495 obedire
2852 3440 3165 3510 praedicavit
3220 3442 3542 3511 Apostolus,

1959 3542 2164 3606 quanto
2204 3534 2374 3604 magis
2416 3532 2803 3603 spiritualibus,
2850 3540 2906 3587 et
2952 3533 3126 3588 vicem
3160 3533 3359 3587 Christi
3402 3534 3546 3587 inter

1958 3626 2294 3684 Christianos
2336 3626 2692 3680 habentibus?
2730 3628 2883 3690 Hac,
2926 3624 3018 3679 ﬁlii
3061 3624 3398 3690 charissimi,
3450 3641 3540 3696 ge-

1959 3736 2114 3776 mens
2152 3720 2349 3791 cogito,
2380 3718 2517 3774 ﬂens
2544 3718 2745 3786 scribo,
2774 3718 2964 3774 dolore
2988 3717 3168 3774 cordis
3205 3718 3400 3773 intimo
3440 3735 3537 3774 vo-

1959 3814 2043 3870 bis
2066 3813 2246 3869 mitto.
2286 3811 2538 3868 Pervenit
2565 3810 2763 3883 quippe
2802 3810 2868 3867 ad
2898 3827 3057 3867 aures
3102 3820 3341 3878 nostras,
3373 3828 3544 3883 quos-

1956 3907 2083 3963 dam
2102 3915 2343 3962 vestrum
2370 3904 2666 3976 irreligiose
2703 3904 2759 3959 in
2784 3904 2959 3976 legem
2986 3904 3185 3960 Christi
3230 3904 3320 3977 [et]
3353 3914 3541 3960 contra

1958 4000 2265 4065 Christum,
2297 3999 2590 4070 Cyriacum
2627 3997 2993 4053 venerabilem
3032 3996 3256 4052 fratrem
3289 4006 3543 4053 nostrum

1958 4103 2199 4149 vestrum
2236 4108 2366 4147 vero
2413 4091 2876 4162 archiepiscopum
2932 4100 2985 4146 et
3033 4091 3389 4162 magistrum,
3434 4092 3543 4147 imo

1956 4203 2085 4243 vero
2142 4186 2304 4241 vestri
2362 4184 2642 4241 Christum
2697 4183 2841 4255 apud
2890 4186 3185 4239 Saracenos
3250 4184 3326 4240 sic
3384 4200 3543 4239 accu-

1953 4296 2121 4350 sasse,
2141 4279 2333 4351 jurgiis
2365 4278 2715 4334 detractionis
2742 4277 2818 4332 sic
2849 4277 3131 4345 lacerasse,
3170 4285 3232 4331 ut
3272 4279 3413 4332 inter
3455 4278 3535 4332 la—

1958 4383 2146 4430 trones
2191 4379 2592 4436 numeraretur,
2638 4370 2951 4425 verberibus
2998 4369 3176 4424 nudus
3219 4370 3538 4426 caderetur.

1957 4470 2006 4525 Ο
2044 4465 2353 4535 exemplum
2393 4465 2672 4535 iniquum,
2718 4462 2880 4517 vestri
2922 4470 2977 4517 et
3022 4462 3293 4518 universa
3342 4472 3542 4518 sancta

264 4566 391 4632 cuit,
426 4572 490 4620 ut
528 4580 625 4621 vos
664 4579 825 4618 carne
853 4562 1238 4627 mortiﬁcaret,
1268 4561 1463 4633 spiritu
1506 4576 1632 4615 vero
1678 4559 1844 4615 viviﬁ-
1878 4559 1927 4621 D
1958 4559 2215 4617 Ecclesia
2250 4557 2533 4613 dedecoris
2558 4556 2902 4627 exemplum!
2936 4554 3182 4610 Christus
3211 4555 3409 4610 iterum
3448 4573 3537 4612 ca-

262 4668 404 4714 caret
433 4667 487 4713 et
530 4661 652 4713 Deo
678 4654 932 4719 offerret;
972 4655 1130 4727 cujus
1170 4654 1246 4709 rei
1269 4653 1649 4710 testimonium
1695 4660 1846 4723 petra

260 4767 421 4821 super
462 4766 626 4821 quam
655 4750 771 4821 ipse
811 4748 1104 4805 adiﬁcavit
1147 4746 1296 4803 dedit
1324 4746 1512 4802 dicens
1560 4765 1573 4798 :
1605 4746 1848 4802 Christus

262 4847 415 4899 semel
447 4860 549 4914 pro
596 4846 825 4914 peccatis
869 4844 1069 4897 nostris
1097 4846 1340 4896 mortuus
1380 4844 1486 4903 est,
1534 4841 1719 4909 justus
1746 4855 1849 4909 pro

264 4940 509 5007 injustis,
555 4943 617 4991 ut
668 4952 763 4991 nos
798 4936 1020 5005 offerret
1064 4938 1199 4997 Deo,
1239 4936 1586 5002 mortiﬁcatos
1632 4933 1851 5001 quidem

264 5048 435 5097 carne,
476 5033 771 5099 viviﬁcatos
797 5035 975 5084 autem
1018 5031 1223 5099 spiritu
1262 5030 1429 5095 (Petr.
1465 5032 1582 5091 ιιι).
1630 5027 1713 5079 De
1741 5041 1851 5095 quo

266 5126 424 5180 etiam
462 5124 566 5179 hoc
604 5123 774 5179 modo
814 5122 1110 5194 Apostolus
1159 5141 1171 5176 :
1217 5120 1473 5177 Tradidit
1515 5122 1854 5188 semetipsum

264 5234 359 5287 pro
390 5219 542 5272 nobis
565 5216 885 5272 oblationem
910 5221 960 5269 et
988 5217 1220 5270 hostiam
1248 5218 1354 5270 Deo
1389 5216 1448 5267 in
1472 5213 1684 5267 odorem
1721 5227 1855 5266 sua-

264 5315 447 5366 vitatis
476 5312 704 5381 ,(Ephes.
747 5315 831 5376 v);
878 5316 934 5364 et
962 5307 1109 5363 idem
1149 5306 1283 5363 alibi
1326 5324 1340 5362 :
1386 5308 1628 5363 Christus
1672 5308 1853 5373 factus

266 5413 345 5459 est
364 5422 469 5475 pro
492 5406 641 5460 nobis
669 5404 916 5458 obediens
942 5418 1110 5470 usque
1130 5402 1203 5456 ad
1224 5406 1444 5455 mortem
1474 5400 1733 5468 (Philipp.
1764 5403 1851 5463 ll).

276 5503 457 5553 Estote
482 5514 608 5569 ergo
638 5498 941 5552 imitatores
960 5495 1078 5566 ejus
1118 5494 1209 5565 qui
1238 5492 1411 5563 sputis
1440 5507 1536 5563 pro
1563 5490 1718 5545 vobis
1736 5505 1853 5545 sor-

270 5589 439 5645 didari
460 5590 694 5661 seipsum
732 5589 786 5644 in
821 5604 982 5644 cruce
1016 5587 1279 5659 positum,
1320 5593 1376 5640 et
1395 5599 1525 5639 cum
1561 5583 1859 5641 latronibus

271 5691 647 5753 computatum
676 5700 776 5755 pro
821 5681 1054 5754 peccatis
1094 5679 1313 5745 vestris,
1348 5677 1520 5733 voluit
1557 5677 1856 5745 vulnerari,

272 5786 324 5831 et
352 5778 429 5833 sic
464 5777 631 5832 ﬁnem
663 5777 761 5831 sibi
788 5775 1087 5831 secundum
1112 5788 1334 5829 carnem
1362 5786 1585 5842 ponere,
1616 5780 1676 5826 ut
1710 5788 1805 5826 vos
1829 5787 1859 5826 a

272 5872 509 5941 peccatis
534 5870 797 5937 ablueret,
828 5868 1100 5926 debitores
1126 5884 1237 5925 non
1268 5868 1465 5935 carnis,
1503 5866 1693 5938 spiritu
1719 5864 1859 5921 facta

1955 4657 2122 4727 pitur,
2153 4652 2298 4708 falsis
2332 4650 2735 4707 accusatoribus
2780 4658 2835 4704 et
2862 4648 3088 4704 testibus
3116 4648 3537 4718 condemnatur,

1953 4749 2096 4804 inter
2120 4747 2352 4801 latrones
2388 4751 2704 4799 numeratus
2741 4742 3051 4797 verberibus
3073 4741 3317 4798 caditur.
3349 4749 3396 4797 A
3421 4744 3541 4816 qui-

1954 4841 2093 4896 bus?
2130 4838 2231 4909 Qui
2262 4837 2378 4909 ejus
2404 4836 2659 4892 dicuntur
2679 4835 2901 4891 credere
2928 4836 3360 4891 incarnationem
3381 4880 3395 4902 ,
3424 4838 3542 4908 ejus

1956 4936 2121 4989 etiam
2157 4931 2396 4986 venerari
2447 4930 2786 5000 passionem,
2830 4938 3131 5000 cateraque
3175 4929 3291 5000 ejus
3347 4941 3531 4986 sancta

1954 5025 2210 5099 mysteria
2240 5024 2346 5080 ﬁde
2381 5023 2654 5093 amplecti.
2686 5026 2851 5078 Estne
2888 5039 3052 5093 super
3081 5023 3165 5077 his
3202 5024 3536 5080 tacendum?

1956 5136 2028 5175 an
2053 5117 2418 5182 clamandum,
2440 5124 2494 5172 et
2517 5115 2651 5172 ﬂetu
2674 5116 3088 5189 corrigendum?
3123 5116 3394 5187 Scriptum
3418 5128 3502 5172 est
3530 5138 3541 5172 :

1958 5214 2159 5280 Clama,
2182 5227 2247 5266 ne
2262 5226 2420 5265 cesses
2439 5210 2566 5280 (Isa.
2584 5210 2785 5281 LVIII).
2811 5210 2955 5265 Alibi
2976 5210 3144 5264 etiam
3167 5218 3499 5279 praceptum
3528 5232 3539 5265 :

1956 5308 2076 5363 Nisi
2112 5306 2519 5359 annuntiaveris
2543 5306 2732 5372 iniquo
2758 5306 3100 5372 iniquitatem
3124 5318 3299 5365 suam,
3322 5307 3547 5371 sangui-

1958 5415 2076 5454 nem
2120 5400 2234 5468 ejus
2279 5398 2343 5452 de
2384 5413 2547 5451 manu
2590 5402 2685 5451 tua
2732 5399 3006 5466 requiram
3047 5397 3260 5461 (Ezech.
3305 5402 3544 5459 χχχιιι).

1960 5493 2295 5549 Necessitate
2331 5490 2492 5561 igitur
2519 5489 2767 5545 clamabo
2784 5532 2797 5557 ,
2825 5490 3150 5544 necessitate
3192 5498 3409 5559 oportet
3432 5506 3545 5545 cor;

1959 5586 2155 5656 rigere,
2180 5600 2249 5638 ne
2279 5584 2500 5654 sanguis
2519 5591 2693 5638 vester
2712 5584 2778 5639 de
2812 5599 2975 5637 manu
3007 5598 3126 5637 mea
3162 5592 3460 5652 quaratur,
3484 5600 3554 5637 ne

1963 5694 2061 5750 pro
2089 5677 2323 5748 peccatis
2366 5677 2554 5732 vestris
2595 5684 2717 5731 ante
2753 5675 2992 5746 judicem
3022 5674 3397 5737 tremendum,
3428 5684 3553 5729 ante

1956 5770 2199 5843 judicem
2245 5769 2455 5841 justum
2499 5778 2551 5823 et
2599 5768 3000 5823 immutabilem
3044 5767 3272 5839 afﬂigar.
3336 5768 3551 5820 Viscera

1961 5864 2125 5935 igitur
2162 5864 2371 5935 pietatis
2414 5872 2674 5934 paterna,
2728 5861 2926 5915 viscera
2961 5857 3345 5913 misericordia
3391 5873 3555 5926 super
