4122 6184
549 321 654 375 307

1232 309 1287 365 S.
1329 306 1651 365 GREGOBII
1688 306 2012 362 VllPAPA'I
2051 304 2326 360 OPERUM
2362 300 2535 358 PARS
2573 302 2615 356 Ι.
2657 327 2725 339 —-
2764 295 3166 353 REGISTRUM.

3737 296 3845 349 308

552 457 648 498 vos
671 441 778 497 hoc
800 438 970 495 modo
1002 436 1218 509 aperio;
1246 433 1446 505 partim
1471 431 1601 503 quia
1638 430 1708 486 ad
1745 444 1847 486 nos
1871 428 2023 485 vobis
2056 428 2142 484 fa-
2173 436 2228 497 Α
2257 433 2437 484 turam
2462 427 2709 496 gloriam,
2735 439 2857 494 qua:
2874 422 3201 478 revelabitur
3219 423 3278 477 in
3304 421 3457 477 nobis
3476 423 3646 486 (Rom.
3679 425 3839 485 vm).

552 536 670 591 cilis
696 550 808 590 non
832 541 915 589 est
951 528 1212 586 transitus
1236 534 1465 599 propter
1496 524 1660 580 maris
1697 524 1855 596 longa
1895 531 1949 578 et
1990 523 2139 594 peri-

552 628 737 684 culosa
766 624 964 698 spatia,
997 623 1195 695 partim
1236 621 1360 692 quia
1380 633 1607 676 causam
1640 618 1761 684 iraa,
1785 631 2007 672 causam
2040 616 2139 672 do-

554 722 683 777 loris
719 729 773 775 et
811 718 1031 775 malitia
1070 716 1265 787 ignoro
1303 715 1379 769 sic
1424 712 1711 777 discutere,
1757 718 1815 765 ut
1854 726 2016 780 super
2056 709 2150 765 his

554 813 879 870 sententiam
926 807 1314 867 determinem.
1356 805 1676 871 Admoneo,
1725 811 1778 859 et
1823 802 2144 859 auctoritate

555 907 847 979 apostolica
873 903 1125 976 praecipio
1164 909 1246 968 ut,
1278 900 1421 956 sicut
1461 898 1789 954 temeritatis
1820 907 2014 952 vestra:
2041 895 2141 952 fm-

556 1011 703 1057 tores
727 1008 781 1057 et
809 997 1066 1054 inaudita:
1095 994 1348 1066 nequitia:
1374 1001 1616 1049 mentem
1644 999 1890 1046 nostram
1925 990 2145 1045 tristitia

556 1094 721 1150 nimia
762 1090 1102 1147 turbaverint
1141 1085 1557 1161 [turbaverunt],
1608 1084 1685 1140 sic
1713 1083 2065 1139 correctionis
2091 1092 2146 1139 et

557 1185 887 1259 poenitentiae
932 1183 1127 1239 odores
1163 1180 1471 1237 redolentes
1513 1186 1751 1234 mentem
1796 1183 2040 1232 nostram
2088 1177 2146 1232 in

560 1280 809 1336 lmtitiam
846 1284 1080 1332 mutent.
1113 1273 1276 1345 Quod
1302 1273 1347 1328 si
1377 1286 1491 1328 non
1515 1270 1779 1337 feceritis,
1819 1270 1997 1343 gladio
2021 1284 2149 1325 ana-

558 1370 814 1428 thematis
845 1386 941 1427 vos
962 1370 1108 1442 juste
1145 1367 1472 1439 percutiam,
1510 1374 1565 1421 et
1595 1364 1769 1420 sancti
1794 1364 1936 1420 Petri
1962 1372 2020 1419 et
2048 1379 2149 1421 no-

560 1474 732 1521 stram
751 1478 916 1535 super
941 1477 1037 1518 vos
1062 1461 1497 1518 maledictionem
1521 1458 1786 1515 emittam.

631 1561 770 1614 Data
800 1561 1000 1628 Capua
1024 1569 1155 1612 xvn
1180 1554 1342 1626 [deest
1372 1556 1525 1621 xvn]
1544 1553 1677 1610 Kal.
1706 1552 1980 1620 Octobris,
2009 1551 2151 1608 indi-

560 1653 742 1708 ctione
760 1649 1109 1707 duodecima.

1062 1746 1411 1802 EPISTOLA
1430 1745 1649 1800 XXIII.

659 1857 744 1898 AD
760 1855 1079 1898 CYBIACUK
1094 1850 1652 1896 CARTHAGINENSBH
1669 1849 2036 1894 Βιηεοοιιωι.

1136 1937 1321 2001 (Anno
1352 1937 1537 1997 1073.)

562 2030 776 2087 Laudat
795 2029 911 2098 ejus
928 2027 1302 2090 constantiam,
1322 2028 1450 2095 quia
1455 2027 1722 2098 patienter
1733 2025 1920 2098 tulerit
1928 2024 2145 2079 Sarace-

624 2096 885 2155 norum'et
902 2100 1167 2153 malorum
1187 2099 1613 2155 Christianorum
1630 2096 1886 2166 injurias,
1920 2101 1970 2149 et
1988 2110 2143 2164 prce-

625 2176 770 2225 sente
799 2171 1018 2225 Henrico
1043 2174 1190 2235 (348)
1215 2184 1337 2237 rege
1357 2168 1718 2221 ordinationes
1749 2166 1939 2220 habere
1957 2167 2141 2220 nolue-

625 2242 718 2297 rit.
751 2240 1014 2297 Hortatur
1056 2241 1130 2294 ad
1152 2240 1623 2309 perseverantiam.
1677 2238 1841 2293 Deum
1880 2240 2143 2307 precatur

622 2326 724 2383 pro
754 2312 986 2368 Ecclesia
1004 2314 1293 2378 Africana.

626 2404 992 2463 Gneoosms
1023 2406 1329 2477 episcopus,
1352 2414 1539 2459 servus
1560 2415 1846 2459 servorum
1874 2402 1996 2471 Dei,
2029 2402 2145 2457 Cv-

555 2512 737 2556 suco
768 2498 1174 2571 Carthaginensi
1187 2498 1440 2570 episcopo
1458 2495 1693 2552 salutem
1715 2502 1769 2551 et
1786 2496 2145 2568 apostolicam

555 2593 1013 2649 benedictionem.
1658 2655 1665 2663 ,

627 2686 771 2743 Visis
803 2683 1159 2741 fraternitatis
1196 2691 1306 2741 tua:
1337 2683 1546 2753 litteris,
1586 2683 1889 2740 fraternam
1923 2682 1995 2739 de
2024 2696 2146 2738 mo.

557 2778 723 2835 lestiis
750 2790 873 2850 quae
907 2792 935 2833 a
968 2778 1188 2850 paganis
1230 2785 1286 2833 et
1319 2791 1351 2833 a
1391 2775 1727 2849 pseudoﬁilis
1757 2776 2009 2833 Ecclesiae
2034 2785 2148 2832 tum

555 2869 653 2927 tibi
694 2871 1001 2927 inferuntur
1033 2870 1467 2942 compassionem
1496 2870 1861 2927 exhibuimus.
1904 2873 2143 2941 Perpen-

554 2964 733 3021 dimus
760 2964 903 3019 enim
942 2970 996 3019 te
1031 2964 1226 3036 duplici
1257 2964 1553 3020 certamine
1579 2963 1824 3034 fatigari,
1855 2971 1916 3018 ut
1957 2972 2011 3017 et
2050 2976 2144 3017 oc-

554 3057 727 3113 cultas
761 3056 1197 3112 Christianorum
1234 3056 1451 3110 insidias
1480 3055 1729 3126 patiaris,
1776 3063 1827 3109 et
1850 3068 1881 3109 a
1930 3052 2146 3109 Sarace-

555 3162 755 3205 norum
784 3149 1157 3221 persecutione
1186 3160 1295 3201 non
1333 3147 1515 3202 solum
1545 3148 2001 3203 sustentationem
2048 3146 2148 3203 hu-

556 3254 737 3296 manat
773 3237 1101 3311 fragilitatis,
1129 3238 1226 3294 sed
1263 3239 1439 3309 ipsam
1468 3234 1634 3294 ﬁdem
1666 3238 1889 3311 perdere
1920 3239 2144 3296 misera-

556 3334 736 3390 biliter
773 3332 1019 3404 exigaris.
1052 3330 1194 3401 Quid
1234 3332 1384 3386 enim
1415 3330 1560 3387 aliud
1587 3339 1668 3386 est
1705 3332 2046 3389 sacerdotem
2077 3336 2145 3390 ad

556 3426 847 3498 imperium
871 3424 1161 3481 mundanas
1190 3426 1470 3496 potestatis
1494 3422 1669 3497 legem
1702 3424 1802 3481 Dei
1832 3424 2142 3499 infringere,

556 3520 658 3574 nisi
706 3516 868 3575 iidem
908 3518 1026 3590 ejus
1069 3520 1298 3589 negare?
1329 3516 1433 3572 Sed
1476 3521 1591 3572 Deo
1643 3519 1871 3590 gratias!
1920 3516 2046 3591 quia
2091 3520 2145 3575 in

558 3611 740 3666 medio
789 3612 1028 3666 nationis
1076 3622 1254 3680 pravae
1294 3617 1351 3665 et
1389 3622 1657 3681 perversa
1698 3610 1824 3666 ﬁdei
1877 3620 1969 3666 tua
2015 3626 2144 3667 con-

557 3701 752 3757 stantia
796 3703 942 3757 velut
982 3700 1243 3756 luminare
1284 3697 1561 3772 quoddam
1605 3703 1862 3758 omnibus
1890 3703 2024 3759 adeo
2067 3704 2147 3759 in-

558 3794 759 3860 notuit,
790 3801 852 3849 ut
880 3801 1242 3863 prassentatus
1270 3794 1434 3866 regite
1465 3793 1752 3850 audientim
1793 3795 1982 3867 potius
2005 3796 2142 3851 deﬂ-

558 3886 711 3941 nires
751 3884 976 3941 diversis
1002 3885 1336 3941 cruciatibus
1381 3885 1554 3953 afﬁci,
1603 3899 1774 3958 quam
1805 3888 2148 3958 praecipiente

556 3994 682 4050 rege
708 3986 899 4034 contra
941 3984 1158 4034 sanctos
1185 3992 1423 4035 canones
1451 3978 1828 4035 ordinationes
1863 3979 2145 4036 celebrari.

558 4071 666 4128 Sed
706 4080 906 4142 quanto
950 4071 1239 4143 pretiosior
1293 4082 1436 4128 esset
1483 4069 1754 4144 religionis
1780 4080 1889 4129 tum
1935 4072 2151 4130 confes-

561 4167 670 4233 sio,
714 4164 757 4219 si
792 4173 918 4236 post
961 4165 1184 4220 verbera
1226 4178 1349 4237 quae
1372 4174 1503 4220 tunc
1546 4166 1871 4231 sustinuisti,
1901 4180 2147 4224 errorem

561 4272 754 4313 eorum
785 4258 1144 4327 ostendendo,
1176 4267 1232 4314 et
1275 4257 1636 4314 Christianam
1665 4256 1979 4331 religionem
2010 4274 2151 4332 pra;-

558 4351 821 4419 dicando,
852 4367 1021 4424 usque
1054 4351 1122 4408 ad
1161 4350 1492 4413 effusionem
1523 4352 1688 4424 ipsius
1718 4354 1916 4409 animae
1957 4368 2149 4425 pervc-

559 4445 773 4501 nisses?
809 4445 968 4516 Quod
1015 4444 1142 4500 licet
1179 4444 1493 4517 hujusmodi
1535 4445 1726 4501 studiis
1754 4444 2150 4504 fraternitatem

2250 523 2363 577 Nos
2391 518 2552 591 igitur
2579 518 2706 574 licet
2726 531 2958 587 corpore
2984 515 3257 582 absentes,
3286 513 3479 585 spiritu
3499 521 3679 568 tamen
3711 527 3845 583 prae-

2251 622 2450 680 sentes,
2480 611 2687 668 mutuis
2724 611 3036 666 litterarum
3074 606 3562 672 consolationibus,
3591 605 3845 676 quotiens

2251 694 2516 780 permittit
2543 704 2944 777 opportunitas,
2963 701 3302 769 insistemus,
3324 710 3381 756 et
3406 701 3844 770 omnipotentem

2254 804 2431 857 Deum
2464 798 2679 856 assidue
2707 798 3169 869 deprecemur..nt
3210 796 3326 866 ipse
3364 794 3669 849 Ecclesiam
3701 791 3845 848 Afri.

2251 908 2470 962 canam,
2492 910 2559 950 ex
2588 892 2750 965 longo
2771 892 2889 963 jam
2917 898 3165 960 tempore
3187 888 3550 955 laborantem,
3578 895 3634 943 et
3664 886 3843 942 diver-

2252 1004 2436 1043 sarum
2465 985 2937 1059 perturbationum
2964 982 3220 1039 ﬂuctibus
3249 988 3690 1053 eonquassatam,
3716 988 3845 1036 tan-

2252 1081 2376 1137 dem
2416 1081 2668 1153 dignetur
2710 1076 2997 1149 respicere,
3041 1075 3282 1132 dicentes
3326 1088 3452 1131 cum
3483 1074 3772 1130 Psalmista
3824 1095 3838 1129 :

2250 1168 3849 1244 Exsurge,quareobdormrs,Domine?Exsurge,“nerepel—

2256 1269 2336 1323 las
2352 1283 2447 1323 nos
2464 1282 2632 1337 usque
2649 1269 2706 1320 in
2724 1267 2902 1335 finem.
2926 1265 3099 1332 Quare
3108 1264 3303 1330 faciem
3318 1268 3471 1318 tuam
3486 1261 3704 1323 avertis,
3718 1261 3849 1315 obli-

2253 1364 2470 1417 visceris
2496 1362 2692 1429 inopia:
2708 1363 2923 1421 nostra,
2958 1362 3009 1412 et
3036 1356 3399 1411 tribulationis
3417 1357 3650 1410 nostra?
3674 1355 3846 1420 (Psal.

2256 1458 2460 1518 XLIII.)
2480 1455 2594 1509 Nos
2612 1460 2819 1519 autem,
2844 1450 2987 1507 sicut
3003 1449 3288 1517 debemus,
3311 1447 3609 1504 fraternam
3630 1447 3725 1502 tibi
3750 1460 3851 1519 per

2254 1549 2446 1605 omnia
2457 1545 2892 1618 compassionem
2902 1541 3459 1609 exhibentes,litteras
3471 1548 3686 1597 nostras
3698 1542 3851 1596 clero

2256 1649 2313 1698 et
2330 1641 2534 1713 populo
2557 1648 2653 1695 tuo
2677 1638 2980 1710 dirigimus,
3002 1646 3062 1693 ut
3074 1636 3193 1708 ipsi,
3216 1635 3368 1691 omni
3395 1634 3670 1690 simultate
3688 1634 3851 1706 depo-

2255 1735 2376 1802 sita,
2406 1742 2461 1789 te
2488 1742 2551 1790 ut
2594 1732 2893 1804 spiritalem
2921 1738 3134 1801 patrem
3171 1736 3520 1784 venerentur.

2097 1792 2101 1796 .
2173 1816 2223 1881 B
2327 1792 2466 1883 Data
2511 1792 2711 1898 Capuae
2753 1836 2894 1881 xvn
2921 1792 3212 1879 .Ralcndas
3240 1822 3517 1887 Octobris,
3547 1819 3851 1877 indictione

2251 1920 2541 1977 undecima
2579 1918 2912 1992 [legendum,
2943 1922 3003 1972 ut
3029 1918 3093 1971 in
3121 1917 3286 1980 aliis,
3310 1913 3653 1972 duodecima.
3685 1916 3776 1972 Sic
3798 1920 3854 1969 et

2250 2019 2308 2071 in
2337 2012 2573 2086 Mutin.].

2712 2120 3067 2179 EPISTOLA
3102 2118 3318 2175 XXIV.

2402 2238 2485 2283 AD
2511 2236 2857 2282 BBUNONEH
2885 2234 3228 2280 EPISCOPUK
3260 2232 3690 2279 νιεοιπεηειξκ.

2870 2329 3049 2394 (Anno
3074 2326 3253 2397 1073.)

2256 2432 2603 2491 Commendat
2622 2431 2738 2501 ejus
2762 2447 2885 2500 erga
2905 2446 2958 2485 se
2985 2429 3399 2486 observantiam.
3424 2427 3709 2486 Pollicetur
3722 2428 3853 2499 pal-

2333 2506 2508 2590 lium,
2538 2505 2589 2560 si
2626 2508 2845 2560 Romam
2882 2504 3105 2563 venerit,
3139 2502 3494 2572 afﬁrmatque
3526 2513 3702 2571 regem
3729 2513 3763 2554 a
3799 2514 3856 2554 se

2324 2591 2529 2632 amart.

2323 2681 2679 2737 Gasconrus
2706 2676 3007 2749 episcopus,
3036 2687 3224 2731 servus
3246 2687 3527 2730 servorum
3553 2674 3677 2741 Dei,
3697 2675 3851 2730 Bau-

2252 2786 2402 2830 uonr
2428 2773 2683 2845 episcopo
2711 2769 3013 2827 Veronensi
3035 2768 3269 2824 salutem
3300 2776 3354 2824 et
3372 2767 3727 2840 apostolicam
3755 2767 3850 2822 be-

2253 2867 2639 2923 nedictionem.

2326 2960 2553 3015 Litteris
2595 2958 2950 3013 fraternitatis
2992 2964 3104 3013 tua:
3133 2957 3399 3027 susceptis
3440 2954 3724 3011 evidenter
3765 2955 3851 3010 in-

2254 3053 2562 3108 telleximus
2590 3047 2737 3122 quod
2783 3050 3241 3122 dispensationem
3278 3048 3435 3104 nobis
3463 3047 3729 3105 creditam
3758 3048 3854 3105 de-

2258 3145 2463 3202 sideres
2492 3160 2595 3199 nos
2636 3143 3185 3215 irreprebensibiliter
3233 3157 3436 3213 gerere,
3478 3150 3530 3197 et
3560 3142 3852 3214 religionis

2258 3247 2367 3294 tuae
2396 3253 2580 3309 preces
2606 3237 2764 3292 nobis
2787 3241 2843 3291 et
2866 3246 3071 3291 sancte
3100 3233 3359 3291 Ecclesia
3388 3235 3719 3291 necessarias
3750 3234 3849 3290 de-

2255 3330 2561 3386 votissimas
2597 3332 2715 3385 Deo
2742 3328 2994 3384 fundere.
3026 3329 3146 3396 Qua
3170 3329 3225 3382 in
3266 3342 3324 3383 re
3352 3336 3536 3400 aperte
3576 3336 3850 3382 monstra—

2254 3431 2344 3479 tur
2377 3431 2579 3495 quanto
2614 3438 2802 3478 amore
2829 3428 3141 3493 quantaque
3165 3419 3458 3476 devotione
3488 3420 3712 3475 beatum
3744 3424 3848 3477 Pe-

2254 3525 2405 3571 trum
2454 3516 2745 3583 venereris,
2793 3528 2919 3570 cum
2963 3528 3066 3570 nos
3097 3513 3221 3569 licet
3266 3512 3517 3586 indignos
3566 3512 3853 3585 obsequiis

2256 3608 2511 3665 Ecclesiae
2562 3623 2677 3664 suae
2729 3607 3018 3679 deputatos
3063 3615 3212 3663 tanta
3256 3600 3547 3662 dilectione
3591 3604 3849 3677 amplecti

2257 3702 2505 3758 videaris.
2536 3702 2640 3770 Qui
2671 3700 2819 3757 enim
2846 3700 3102 3756 dominos
3128 3698 3317 3771 diligit,
3351 3701 3408 3755 in
3434 3714 3622 3756 servos
3651 3713 3853 3771 quam—

2257 3795 2335 3849 vis
2388 3795 2644 3849 minimos
2690 3793 3040 3850 dominorum
3088 3793 3436 3848 dilectionem
3480 3790 3842 3848 transfundit.

2255 3888 2433 3957 Quam
2470 3884 2657 3957 utique
2698 3887 3051 3943 dilectionem
3080 3894 3234 3943 tuam
3266 3886 3321 3940 in
3361 3885 3443 3941 bis
3465 3897 3591 3958 quae
3629 3898 3661 3940 a
3688 3882 3850 3949 nobis

2254 3981 2625 4053 expostulasti,
2670 3980 2727 4037 id
2781 3988 2864 4036 est
2904 3980 2959 4035 in
2993 3979 3141 4051 pallii
3186 3980 3559 4047 concessione,
3602 3976 3671 4033 ad
3701 3991 3847 4049 prae-

2257 4085 2380 4126 sens
2438 4086 2552 4126 non
2616 4084 3102 4141 recompensamus
3170 4088 3183 4124 :
3253 4068 3377 4139 quia
3439 4076 3849 4124 antecessorum

2256 4171 2572 4220 nostrorum
2630 4163 2863 4220 decrevit
2908 4164 3208 4220 auctoritas
3256 4162 3360 4218 nisi
3426 4161 3677 4234 praesenti
3726 4175 3850 4232 per-

2257 4268 2405 4313 sonte
2437 4258 2661 4327 pallium
2697 4269 2808 4312 non
2843 4269 2964 4313 esse
2990 4254 3422 4313 concedendum.
3454 4255 3617 4312 Unde
3658 4256 3705 4310 si
3730 4254 3839 4309 ira-

2256 4350 2489 4406 ternitas
2526 4358 2624 4406 tua
2652 4351 2972 4421 apostolicae
3018 4347 3161 4406 sedis
3205 4350 3496 4422 privilegiis
3524 4352 3731 4403 munita
3778 4348 3850 4405 ad

2258 4461 2359 4503 nos
2407 4448 2639 4513 venerit,
2689 4446 2986 4513 honorem,
3030 4459 3197 4519 quem
3253 4448 3495 4503 Romani
3553 4444 3853 4517 pontiﬁces

560 4546 715 4594 tuam
743 4554 855 4593 non
882 4538 1213 4609 ambigimus
1243 4538 1582 4605 incumbere,
1618 4547 1673 4593 et
1710 4552 1809 4610 pro
1834 4540 2148 4596 testimonio
2178 4554 2228 4619 ι)
2257 4540 2689 4597 antecessoribus
2717 4539 2826 4595 tuis
2853 4540 3225 4607 contulerunt,
3263 4553 3365 4595 nos
3410 4540 3529 4605 tibi,
3573 4540 3692 4595 Deo
3718 4552 3856 4593 con-

562 4632 817 4697 veritatis,
848 4638 1114 4701 quantum
1153 4630 1223 4686 ad
1254 4637 1332 4697 te,
1375 4644 1547 4702 usque
1582 4632 1649 4688 ad
1679 4632 2150 4690 detruncationem

561 4724 938 4779 membrorum
992 4722 1302 4790 devenisse;
1358 4733 1542 4781 tamen
1591 4725 1938 4783 devotionem
1996 4734 2150 4783 tuam

558 4830 775 4887 semper
792 4816 863 4871 ad
882 4817 1112 4873 meliora
1142 4828 1499 4889 provocantes
1523 4820 1881 4876 exhortamur
1911 4828 1971 4877 ut
1997 4835 2149 4891 para-

560 4918 678 4964 tum
721 4917 775 4963 te
827 4924 1044 4981 semper
1071 4911 1346 4979 exhibeas,
1377 4914 1519 4968 sicut
1545 4914 1612 4969 de
1660 4915 1877 4969 Domini
1903 4915 2151 4971 censola-

558 5003 706 5057 tione
751 5002 1034 5070 laetiﬁcari,
1078 5003 1148 5058 ita
1199 5012 1255 5058 et
1298 5005 1365 5060 de
1395 5006 1750 5062 tribulatione
1792 5018 1905 5062 non
1952 5005 2146 5080 frangi.

562 5096 753 5150 Multas
782 5094 929 5150 enim
962 5105 1087 5151 sunt
1111 5095 1489 5153 tribulationes
1516 5097 1826 5170 justoi'um;
1852 5099 1948 5155 sed
1972 5100 2041 5155 de
2069 5101 2152 5157 his

560 5187 818 5243 omnibus
846 5188 1100 5243 liberabit
1123 5204 1215 5244 eos
1236 5190 1525 5246 Dominus.
1558 5191 1662 5247 His
1685 5193 1919 5260 artibus,
1951 5192 2151 5265 quibus

559 5281 744 5348 crevit,
772 5289 959 5337 sancta
993 5289 1274 5353 reparatur
1313 5283 1584 5353 Ecclesia;
1613 5285 1753 5341 hanc
1795 5286 1952 5342 nobis
1982 5286 2150 5343 luere-

558 5373 788 5429 ditatem
825 5374 995 5429 sancti
1028 5377 1214 5431 Patres
1242 5376 1524 5447 reliquere,
1557 5377 1757 5434 scilicet
1787 5388 1847 5434 ut
1887 5392 1981 5451 per
2010 5379 2151 5436 mul-

557 5476 643 5522 tas
682 5466 1062 5524 tribulationes
1107 5468 1380 5525 intremus
1418 5469 1473 5525 in
1515 5484 1746 5544 regnum
1787 5474 1910 5529 Dei.
1956 5475 2148 5531 Gravis

557 5559 785 5631 quidem
819 5576 1019 5633 pugna,
1057 5559 1156 5617 sed
1186 5561 1393 5618 inﬁnita
1418 5573 1545 5620 sunt
1579 5567 1823 5635 pmmia.
1863 5569 1981 5626 Non
2005 5571 2150 5623 enim

557 5657 684 5708 sunt
709 5652 984 5723 condigna:
1002 5656 1277 5725 passiones
1302 5655 1468 5727 hujus
1492 5662 1748 5728 temporis
1776 5658 1848 5715 ad
1874 5672 2148 5731 superven-

2256 4634 2502 4703 cedente,
2532 4632 2897 4690 conferemus.
2924 4635 3077 4690 Sicut
3111 4633 3261 4689 enim
3295 4635 3561 4689 Romanae
3586 4632 3846 4688 Ecclesia:

2257 4726 2502 4784 debitum
2534 4726 2801 4783 honorem
2842 4725 3085 4799 impendi
3127 4739 3156 4781 a
3197 4726 3410 4783 caeteris
3443 4725 3720 4793 Ecclesils,
3766 4726 3848 4780 ita

2257 4822 2547 4893 unicuique
2577 4821 2834 4878 Eeclesim
2875 4821 3158 4892 proprium
3181 4820 3273 4891 jus
3314 4831 3532 4875 servare
3568 4815 3859 4874 desidera-

2256 4928 2401 4971 mus.
2432 4916 2703 4971 Volumus
2730 4914 2893 4969 etiam
2919 4922 3051 4969 tunc
3076 4900 3516 4985 praesentim’tuae
3556 4913 3850 4967 ostendere

2256 5023 2424 5080 quam
2476 5010 2689 5063 sincero
2738 5018 2925 5063 amore
2972 5006 3176 5079 regiam
3244 5007 3477 5061 salutem
3527 5001 3843 5077 diligamus,

2255 5108 2627 5173 quantumque
2655 5102 2797 5156 circa
2828 5097 2947 5172 ejus
2971 5099 3243 5155 honorem
3273 5107 3325 5155 et
3345 5099 3643 5154 secundum
3673 5103 3857 5155 Deum

2257 5203 2311 5250 et
2338 5195 2605 5251 smeulum
2646 5194 2926 5265 invigilare
2951 5193 3346 5258 desideremus,
3379 5192 3421 5247 si
3465 5192 3578 5263 ipse
3616 5194 3731 5246 Deo
3760 5192 3858 5248 de-

2259 5288 2433 5344 bitum
2464 5288 2730 5344 honorem
2752 5286 3016 5343 studuerit
3044 5287 3285 5358 exsequi,
3304 5295 3358 5342 et
3371 5285 3612 5341 formam
3633 5292 3860 5341 sancto-

2252 5395 2377 5437 rum
2424 5394 2638 5454 regum,
2678 5380 2896 5437 omissis
2944 5381 3236 5453 puerilibus
3286 5380 3523 5447 studiis,
3570 5379 3858 5450 sapienter

2255 5476 2469 5530 imitari.

2323 5570 2462 5623 Data
2504 5570 2702 5639 Capuae
2748 5579 2857 5624 vm
2909 5566 3189 5624 Kalendas
3232 5564 3515 5632 Octobris,
3556 5564 3857 5621 indictione

2256 5658 2598 5717 duodecima.

629 5835 776 5899 (848)
816 5833 1035 5891 Nomen
1064 5832 1169 5890 hoc
1196 5849 1311 5891 non
1338 5836 1533 5908 legitur
1560 5836 1613 5892 in
1646 5837 1893 5909 epistola
1916 5843 2191 5894 contextu.
2292 5876 2297 5881 -
