4122 6184
228 262 334 315 309

684 383 1035 440 EPISTOLA
1071 384 1254 439 XXV.

444 501 1063 571 ADzHBBLBMBALDUH
1096 514 1620 557 HBDIOLANENSBH
1630 545 1640 557 .

835 617 1015 688 (Anno
1050 616 1231 688 1073.)

218 736 435 792 Narrat
472 735 803 791 Normannos
835 734 893 786 in
929 732 1159 788 dissidio
1196 747 1558 802 perseverare,
1588 739 1639 788 et
1681 736 1824 789 Hen-

295 807 475 859 ricum
504 820 683 873 regem
718 804 923 859 litteras
952 804 1277 858 humilitatis
1300 805 1494 874 plenas
1525 806 1600 859 ad
1638 820 1689 859 se
1725 808 1824 859 mi-

293 878 456 943 sisse,
502 892 594 929 nec
634 890 688 929 se
720 874 785 928 de
825 876 1084 930 Beatricis
1119 879 1167 929 et
1207 875 1325 943 ejus
1368 877 1496 946 ﬁlice
1540 877 1825 931 Mathildis

294 948 552 1015 religione
580 946 849 1001 dubitare.
885 948 1152 1001 Hortatur
1173 952 1239 1001 ut
1262 962 1367 1016 pro
1388 947 1695 1015 defensione
1716 949 1824 1003 Ro-

292 1033 474 1073 mana
494 1018 714 1073 ecclesia
738 1018 971 1073 viriliter
992 1020 1145 1087 agat.

294 1135 659 1191 Gaaoontus
680 1132 979 1205 episc0pus,
1007 1148 1196 1189 servus
1212 1148 1500 1189 servorum
1522 1133 1643 1201 Dei,
1661 1136 1821 1190 Hea-

216 1242 542 1284 unum
565 1226 953 1283 Mediolanensi
978 1225 1134 1282 militi
1159 1225 1387 1282 salutem
1403 1234 1458 1281 et
1475 1226 1825 1298 apostolicam

216 1320 686 1378 benedictionem.

291 1416 447 1472 Sciat
480 1413 765 1486 prudentia
792 1420 886 1469 tua
914 1428 1035 1482 nos,
1076 1414 1196 1469 Deo
1242 1413 1553 1481 miserante,
1584 1428 1744 1469 sanos
1773 1423 1827 1470 et

219 1511 417 1575 latos,
461 1523 572 1564 non
627 1507 744 1563 sine
792 1522 988 1579 magna
1045 1515 1245 1563 sancta
1298 1506 1551 1564 Ecclesia
1599 1506 1825 1563 utilitate

215 1601 379 1676 apud
417 1601 656 1673 Capuam
703 1598 998 1656 demorari.
1052 1600 1190 1655 Nam
1246 1600 1567 1667 Normanni,
1614 1601 1705 1673 qui
1755 1599 1824 1656 ad

216 1694 611 1754 confusionem
657 1702 714 1750 et
781 1693 1081 1766 periculum
1136 1693 1443 1765 reipublica
1508 1702 1563 1749 et
1624 1704 1825 1751 sancta

1198 272 1205 273 ί
1256 232 1521 314 LIBER
1563 258 1826 315 PRIMUS.
1868 288 1939 302 -
1975 258 2186 315 EPlS'l‘.
2225 258 2418 313 xxvn.

3424 269 3526 323 310

1850 390 1903 454 Α
1935 392 2124 442 vestra
2156 383 2586 454 interrogationi,
2619 383 2736 440 aliis
2765 385 2888 456 quia
2919 386 3112 443 intenti
3142 402 3357 457 sumus,
3398 406 3528 460 pau-

1939 479 2018 535 cis
2065 478 2395 550 respondere
2440 478 2793 549 disponimus.
2845 483 2925 535 De
2967 481 3129 537 sociis
3166 481 3347 553 itaque
3382 483 3528 539 illius

1936 572 2418 638 excommunicati,
2465 572 2556 642 qui
2592 580 2813 643 accepta
2861 575 3087 643 pecunia
3117 574 3186 631 ad
3230 591 3324 630 vos
3352 576 3527 632 redire

1939 666 2148 733 volunt,
2179 673 2234 721 et
2278 664 2347 720 de
2387 665 2505 720 ﬁliis
2542 681 2777 736 quorum
2805 675 3001 737 patres,
3043 676 3139 723 aut
3167 668 3234 724 de
3276 670 3526 739 patribus

1944 774 2181 833 quorum
2218 759 2316 814 ﬁlii
2362 759 2461 831 ipsi
2504 757 2800 815 Gotefredo
2846 760 3303 818 anathematizato
3340 762 3524 819 adha-

1941 861 2065 907 rent
2092 861 2253 924 atque
2294 852 2361 908 de
2398 852 2467 907 iis
2498 867 2737 923 quorum
2777 854 3172 910 correctionem
3208 856 3321 911 sine
3361 872 3522 928 pecu-

1942 944 2051 1001 nia
2091 945 2446 1001 attributione
2476 945 2587 1000 ﬁeri
2628 962 2739 1000 non
2785 946 2964 1014 vultis,
2995 964 3119 1019 erga
3168 965 3307 1021 quos
3335 959 3524 1005 tamen

1939 1038 2232 1095 clementes
2261 1054 2356 1095 vos
2383 1040 2607 1095 existere
2641 1055 2948 1106 monemus,
2978 1040 3021 1096 si
3052 1041 3141 1112 qui
3171 1050 3360 1098 vestra
3385 1044 3523 1114 parti

1936 1148 1995 1188 se
2040 1134 2305 1204 applicare
2345 1133 2590 1205 cupiunt,
2632 1141 2827 1189 vestra
2867 1133 3194 1204 prudentiae,
3228 1144 3290 1190 ut
3330 1137 3526 1192 melius

1935 1225 2083 1280 scitis
2131 1234 2185 1281 et
2231 1225 2437 1294 valetis,
2486 1225 2887 1297 disponendum
2934 1227 3349 1285 committimus.
3387 1231 3527 1299 Qui—

1935 1335 2145 1391 cunque
2199 1328 2383 1374 autem
2441 1318 2638 1375 horum
2693 1320 2893 1376 erroris
2939 1320 3019 1375 sui
3079 1322 3403 1392 panitcntes
3456 1326 3526 1382 ad

1932 1427 2035 1468 nos
2062 1413 2243 1469 venire
2266 1411 2491 1468 remedii
2530 1412 2699 1484 gratia
2725 1412 3173 1482 desideraverint,
3209 1416 3434 1487 benigne
3468 1434 3527 1474 se

1932 1505 2127 1578 suscipi
2169 1513 2330 1577 atque
2368 1505 2784 1562 misericorditer
2826 1507 3043 1562 tractari
3086 1510 3356 1564 noverint.
3397 1512 3525 1583 Epi-

1932 1615 2128 1671 SCOpOS
2154 1608 2415 1671 praterea
2446 1599 2723 1654 inimicum
2768 1608 3008 1655 vestrum
3046 1598 3235 1655 fulcire
3266 1612 3525 1659 conantes

1932 1708 2045 1748 non
2090 1692 2323 1748 multum
2370 1692 2652 1759 metuatis,
2701 1707 2828 1747 cum
2874 1693 3095 1748 Beatrix
3141 1709 3203 1749 ac
3250 1694 3357 1749 ﬁlia
3407 1697 3525 1767 ejus

213 1788 487 1847 Ecclesia
544 1804 715 1845 unum
772 1787 892 1843 ﬁeri
951 1786 1374 1855 meditabantur,
1425 1787 1480 1842 in
1533 1787 1818 1858 perturba-
1858 1774 1905 1835 Β
1932 1786 2229 1853 Mathildis,
2254 1789 2522 1842 Romana
2555 1784 2806 1841 Ecclesia
2836 1786 3048 1857 penitus
3094 1784 3353 1854 faventes,
3397 1805 3522 1845 cum

215 1885 403 1949 tione,
438 1882 492 1937 in
528 1896 634 1954 qua
672 1896 767 1937 eos
818 1880 1121 1936 invenimus
1147 1879 1309 1935 nimis
1347 1878 1615 1936 obstinate
1644 1895 1822 1952 perse-

215 1983 442 2043 verant,
469 1974 620 2032 nullo
668 1972 854 2040 modo,
913 1972 1013 2029 nisi
1054 1973 1213 2029 nobis
1257 1972 1585 2042 volentibus,
1638 1989 1824 2046 pacem

210 2069 486 2126 habituri.
523 2069 578 2125 Si
615 2068 761 2124 enim
796 2066 1047 2124 discretio
1093 2074 1279 2122 nostra
1329 2076 1532 2123 sancta
1571 2065 1826 2123 Ecclesia

211 2163 366 2221 utile
411 2160 754 2234 approbaret,
803 2160 903 2233 ipsi
940 2160 1057 2233 jam
1088 2174 1145 2215 se
1184 2159 1342 2215 nobis
1384 2159 1661 2215 humiliter
1705 2160 1826 2215 sub-

209 2256 513 2325 didissent,
546 2264 602 2311 et
623 2270 788 2327 quam
817 2253 994 2310 solent
1035 2254 1393 2308 reverentiam
1424 2252 1820 2309 exhibuissent.

210 2350 531 2407 Henricum
575 2364 762 2423 regem
800 2356 1060 2420 praterea
1101 2346 1238 2403 scias
1266 2345 1567 2403 dulcedinis
1606 2355 1662 2402 et
1692 2346 1820 2403 obe-

210 2444 451 2502 dientia
488 2443 645 2514 plena
680 2440 841 2498 nobis
888 2440 1050 2496 verba
1098 2438 1328 2508 misisse,
1371 2448 1425 2494 et
1481 2439 1603 2495 talia
1648 2440 1823 2512 qualia

208 2552 406 2610 neque
457 2537 633 2609 ipsum
674 2550 851 2608 neque
891 2543 1262 2590 antecessores
1290 2548 1420 2589 suos
1472 2532 1824 2590 recordamur

206 2630 496 2688 Romanis
554 2628 898 2702 pontiﬁcibus
946 2626 1174 2683 misisse.
1236 2626 1474 2697 Quidam
1533 2626 1698 2683 etiam
1758 2643 1821 2682 ex

210 2723 539 2797 majoribus
567 2722 814 2779 ﬁdelibus
852 2720 961 2777 suis
999 2719 1329 2792 promittunt
1368 2719 1530 2775 nobis
1570 2735 1635 2775 ex
1673 2728 1823 2791 parte

209 2819 335 2886 sui,
369 2833 498 2873 eum
524 2816 591 2873 dc
618 2831 779 2872 causa
820 2813 1245 2870 Mediolanensis
1280 2813 1535 2869 Ecclesia
1577 2814 1693 2868 sine
1723 2813 1821 2868 du-

210 2914 318 2970 bio
379 2910 603 2967 consilio
653 2917 842 2964 nostro
898 2908 1137 2964 obedire.
1192 2909 1470 2977 Quantum
1526 2906 1671 2961 enim
1723 2908 1821 2963 sibi

209 3005 503 3080 possimus
524 3003 798 3076 prodesse,
825 3000 909 3057 vel
934 3008 1219 3073 quantum,
1245 2998 1289 3055 si
1318 2997 1567 3071 adiutorii
1598 3016 1821 3056 manum

1933 1878 2260 1952 quibusdam
2336 1878 2587 1935 maximis
2666 1880 2813 1952 regni
2878 1879 3197 1950 proceribus
3276 1881 3526 1938 laborent

1932 1981 2182 2029 nostrum
2212 1981 2373 2043 atque
2410 1973 2549 2057 regis
2571 1973 2821 2028 animum
2851 1971 3082 2029 ﬁrmiter
3113 1974 3300 2041 unire;
3333 1985 3523 2031 contra

1933 2081 2098 2137 quem
2125 2064 2353 2137 quidem
2383 2066 2590 2121 nullum
2619 2066 2811 2122 odium
2848 2082 3029 2138 neque
3060 2066 3322 2123 debemus
3346 2084 3522 2139 neque

1936 2159 2188 2214 volumus
2215 2174 2481 2227 exercere,
2515 2158 2640 2223 nisi,
2673 2158 2823 2230 quod
2853 2152 3021 2215 absiti
3053 2158 3249 2216 divina
3279 2160 3524 2233 religioni

1933 2252 2234 2307 contrarius
2271 2253 2500 2309 voluerit
2529 2252 2779 2308 existere.
2826 2254 3006 2321 Quem
3042 2253 3309 2309 nimirum
3340 2269 3523 2324 regem

1933 2347 2156 2400 omnino
2181 2345 2465 2401 conﬁdunt
2498 2345 2759 2401 voluntati
2778 2352 2984 2401 nostra
3012 2344 3080 2402 de
3108 2349 3321 2404 cateris
3351 2348 3521 2402 eccle-

1931 2438 2161 2495 siasticis
2204 2440 2432 2510 negotiis
2491 2437 2826 2508 satisfacere,
2877 2440 3180 2511 prasertim
3230 2440 3297 2496 de
3344 2446 3523 2506 vestro

1931 2540 2135 2587 nostra
2197 2531 2532 2603 diSpositioni
2593 2547 2878 2588 assensum
2946 2533 3214 2604 prabere.
3275 2534 3520 2606 Denique

1928 2624 2259 2695 Gregorium
2303 2624 2702 2680 Vercellensem
2756 2625 3095 2696 episcopum,
3149 2642 3370 2698 quoquo
3423 2627 3520 2683 ho-

1931 2724 2089 2773 nesto
2120 2725 2273 2788 pacto
2296 2717 2459 2784 vales,
2491 2716 2649 2772 stude
2678 2717 2770 2772 tibi
2797 2718 3090 2774 conciliare
3130 2736 3141 2770 :
3166 2720 3291 2790 quia
3321 2729 3522 2777 nostra

1931 2826 1992 2865 ex
2035 2817 2153 2865 toto
2179 2808 2413 2881 jussioni
2441 2825 2499 2865 se
2523 2808 2806 2881 proﬁtetur
2844 2826 3046 2881 parere.
3090 2813 3173 2866 De
3201 2820 3397 2867 catero
3427 2812 3522 2868 ita-

1932 2918 2035 2975 que
2073 2900 2454 2959 confortamini
2496 2903 2549 2957 in
2580 2903 2820 2958 Domino
2860 2912 2914 2958 et
2946 2904 3000 2957 in
3038 2905 3277 2973 potentia
3310 2905 3525 2962 virtutis

1932 2999 2068 3070 ejus,
2110 2996 2360 3069 precibus
2399 3006 2454 3051 et
2482 2996 2839 3067 eleemosynis
2875 3011 2939 3051 ac
2977 2998 3211 3069 puritate
3240 2996 3420 3053 cordis
3453 2999 3525 3055 iu-

209 3097 624 3165 subtrabimus,
643 3096 854 3163 obesse,
884 3095 990 3151 cito
1007 3103 1060 3150 te
1076 3108 1361 3166 speramus
1380 3092 1715 3164 apertissime
1735 3111 1822 3151 co-
1862 3115 1909 3178 ρ
1936 3090 2269 3162 dulgentiam
2346 3088 2491 3146 illius
2562 3090 2921 3161 postulantes,
2998 3098 3267 3162 quatenus
3333 3098 3524 3147 votum

211 3196 534 3270 gniturum,
556 3200 609 3247 et
621 3194 800 3246 Deum
816 3189 1103 3245 nobiscum
1122 3202 1242 3244 esse
1256 3195 1309 3241 et
1321 3185 1602 3242 nobiscum
1615 3190 1824 3257 operari

212 3286 507 3347 evidenter
543 3283 927 3356 probaturum.
970 3284 1053 3338 De
1081 3280 1355 3337 comitissa
1395 3280 1640 3337 Beatrice
1676 3283 1824 3338 nullo

215 3381 403 3439 modo
448 3375 813 3434 dubitandum
860 3384 1112 3448 putamus
1159 3377 1286 3449 quin
1314 3378 1427 3449 ipsa
1473 3385 1525 3433 et
1557 3376 1665 3431 ﬁlia
1711 3376 1826 3448 ejus

214 3472 532 3540 Matbildis,
564 3473 618 3526 in
644 3469 728 3526 his
758 3472 880 3541 qua
912 3469 979 3526 ad
1008 3473 1184 3525 Deum
1203 3471 1498 3544 pertinent,
1528 3478 1583 3526 et
1608 3469 1825 3541 religio-

216 3584 360 3625 nem
391 3574 597 3622 sancta
634 3562 912 3631 Ecclesia,
944 3562 1177 3619 ﬁdeliter
1202 3580 1260 3620 se
1289 3580 1414 3637 erga
1449 3579 1549 3620 nos
1571 3563 1821 3619 habeant.

218 3665 316 3718 Tu
357 3660 540 3733 igitur,
569 3657 794 3714 omnino
833 3655 1111 3712 conﬁdens
1140 3656 1195 3711 in
1223 3659 1458 3713 Domino
1492 3665 1545 3713 et
1571 3657 1625 3712 in
1655 3664 1827 3711 matre

218 3766 328 3811 tua
369 3756 625 3809 Romana
674 3750 930 3817 Ecclesia,
975 3750 1197 3805 viriliter
1238 3766 1357 3824 age,
1401 3750 1734 3807 confortatus
1772 3749 1829 3804 in

220 3847 475 3904 Domino
520 3853 575 3900 et
619 3844 675 3899 in
729 3843 963 3915 potentia
1017 3843 1231 3899 virtutis
1288 3846 1428 3916 ejus,
1485 3844 1657 3899 sciens
1706 3842 1828 3913 quia

220 3949 442 4013 quanto
497 3937 650 3994 vobis
702 3936 880 4010 gravis
927 3953 1071 3992 nunc
1125 3936 1354 4010 insurgit
1412 3936 1828 4008 perturbationis

222 4041 553 4105 tempestas,
592 4039 746 4087 tanto
782 4029 1157 4103 postmodum,
1208 4032 1327 4086 Deo
1364 4029 1595 4099 favente,
1631 4029 1827 4100 jucun-

224 4128 353 4185 dius
380 4123 645 4181 arridebit
673 4124 952 4179 serenitas.
1377 4120 1392 4134 ’

305 4224 451 4276 Data
474 4218 675 4291 Capua
692 4233 731 4273 v
763 4215 1044 4273 Kalendas
1068 4215 1349 4285 Octobris,
1382 4215 1677 4273 indictione
1704 4212 1831 4271 duo-

224 4314 467 4371 decima.

740 4426 1099 4482 EPISTOLA
1124 4426 1341 4486 ΧΧνι.

823 4557 907 4598 AD
948 4556 1078 4599 BUH
1090 4555 1243 4597 D211.

818 4660 1002 4725 (Anno
1043 4656 1223 4729 1073.)

231 4779 418 4834 Monet
456 4779 518 4829 ut
560 4790 679 4829 cum
735 4775 1201 4829 emcommunicatis
1248 4771 1713 4843 resipiscentibus,
1771 4770 1836 4825 de

314 4848 507 4918 quibus
544 4862 600 4901 se
631 4846 987 4908 consuluerat,
1013 4846 1239 4918 benigne
1266 4849 1415 4913 agat,
1436 4858 1566 4913 quos
1594 4857 1649 4896 se
1673 4844 1835 4896 etiam

322 4917 540 4988 benigne
558 4922 903 4987 excepturum
926 4917 1225 4987 pollicetur.
1255 4919 1524 4972 Hortatur
1546 4930 1610 4968 ne
1637 4918 1839 4967 metuat

321 4993 584 5061 episcopos
624 4989 738 5057 ejus
764 4989 977 5061 inimico
1011 4989 1270 5061 faventes,
1307 5002 1425 5040 cum
1456 4990 1626 5056 speret
1644 5000 1837 5061 regem

322 5056 430 5129 eius
456 5056 676 5116 causam
694 5058 1054 5130 judicandam
1078 5059 1185 5113 sibi
1199 5061 1603 5130 permissurum.
1636 5056 1840 5111 Suadet

322 5140 379 5187 ut
407 5129 787 5188 Vercellensem
810 5132 1112 5201 episcopum
1138 5129 1246 5185 sibi
1268 5129 1523 5184 conciliet.

326 5247 682 5304 Gaeoomns
702 5246 1011 5317 episcopus,
1030 5259 1215 5300 servus
1239 5258 1523 5299 servorum
1548 5240 1668 5310 Dei,
1692 5243 1841 5297 Han-

246 5354 574 5398 LBIBALDO
588 5339 982 5397 Mediolanensi
992 5336 1153 5393 militi
1167 5336 1396 5393 salutem
1416 5345 1470 5392 et
1488 5334 1837 5407 apostolicam

246 5435 710 5491 benedictionem.

323 5528 431 5585 Pia
458 5526 843 5585 sollicitudinis
878 5523 1061 5581 studio
1108 5524 1161 5579 in
1197 5521 1515 5580 defensione
1552 5522 1677 5579 ﬁdei
1709 5538 1839 5578 san-

252 5630 461 5693 ctaque
509 5620 802 5692 religionis
852 5617 1251 5675 restauratione
1307 5614 1483 5673 donec
1544 5624 1839 5687 occupatus

252 5713 434 5783 fueris,
460 5712 763 5787 legationes
785 5718 912 5767 tuas
945 5711 1170 5768 libenter
1198 5709 1407 5773 audire,
1437 5718 1599 5781 teque
1626 5708 1841 5765 abunde

257 5805 503 5877 adiuvare
562 5805 812 5863 voluntas
861 5819 970 5860 non
1022 5805 1209 5862 deerit.
1272 5801 1561 5874 Multiplici
1617 5801 1839 5873 quidem

1935 3193 2187 3241 nostrum
2203 3199 2265 3239 ac
2285 3191 2519 3238 vestrum
2540 3179 2609 3237 ad
2628 3183 2924 3254 perfectum
2947 3184 3240 3255 perducere
3257 3182 3522 3254 dignetur.

1986 3281 2146 3337 .Data
2186 3279 2384 3350 Capua
2412 3291 2500 3333 vn
2527 3277 2653 3331 Idus
2680 3276 2965 3345 Octobris,
2995 3276 3290 3333 indictione
3315 3276 3527 3333 duode-

1936 3373 2100 3427 cima.
3488 3371 3496 3381 “

2420 3464 2776 3520 EPISTOLA
2804 3464 3046 3520 XXVII.

2127 3593 2211 3633 AD
2246 3590 2576 3633 ALBEBTUI
2610 3588 2939 3643 ΑρυΕΝειιί
2974 3589 3333 3633 BPISCOPUH.

2540 3678 2723 3749 (Anno
2753 3680 2935 3746 1073.)

1936 3784 2071 3854 Ejus
2096 3781 2427 3860 religiozgem,
2455 3778 2537 3860 ‘de
2578 3794 2694 3860 qua
2708 3777 3026 3860 aliquando
3052 3777 3356 3860 dubitarat,
3388 3792 3528 3860 com-

2006 3852 2242 3907 mendat.
2276 3852 2534 3906 Hortatur
2574 3855 2634 3902 ut
2657 3849 2981 3903 Simoniacos
3013 3854 3280 3918 oppugnet
3306 3853 3357 3903 et
3382 3850 3528 3903 Her-

2008 3922 2268 3980 lembaldo
2301 3922 2573 3977 auxilium
2590 3924 2829 3990 praestet.

2010 4028 2375 4084 GBEGOBIUS
2403 4023 2702 4095 episcopus,
2735 4035 2922 4076 servus
2949 4036 3233 4077 servorum
3265 4021 3386 4089 Dei,
3418 4036 3530 4076 AL-

1940 4134 2132 4177 naa'ro
2178 4118 2447 4190 Aquensis
2493 4114 2751 4171 Ecclesia
2806 4113 2975 4169 electo
3021 4113 3254 4170 salutem
3302 4122 3356 4169 et
3406 4130 3532 4185 apo-

1939 4214 2188 4271 stolicam
2218 4210 2671 4267 benedictionem.
2700 4242 2707 4245 -

2013 4305 2261 4361 Pervenit
2289 4304 2356 4359 ad
2381 4319 2542 4359 aures
2569 4310 2804 4366 nostras,
2846 4299 2988 4354 unde
3029 4299 3423 4371 aliquantulum
3463 4300 3531 4356 de

1942 4398 2199 4471 religione
2226 4405 2318 4453 tua
2347 4395 2737 4462 dubitavimus,
2770 4403 2821 4450 te
2855 4392 3099 4449 videlicet
3122 4393 3263 4447 illius
3304 4407 3531 4448 excom-

1863 4492 2200 4580 Dmunicati
2267 4489 2545 4549 Gotefredi
2619 4485 2929 4544 interfuisse
2993 4484 3339 4540 ordinationi.
3425 4484 3530 4541 Sed

1943 4594 2232 4658 postquam
2269 4582 2577 4639 testimonia
2605 4598 2795 4638 eorum
2822 4580 2911 4652 qui
2940 4578 3100 4635 nobis
3136 4593 3325 4633 verum
3355 4578 3534 4634 solent

1941 4679 2141 4747 dicere,
2175 4677 2317 4733 ﬁdeli
2357 4677 2612 4731 relatione
2655 4683 2708 4730 te
2749 4688 3005 4729 excusare
3032 4670 3378 4739 studuerunt,
3422 4687 3534 4727 non

1944 4773 2123 4829 solum
2163 4771 2231 4827 de
2257 4780 2311 4825 te
2354 4786 2463 4824 non
2490 4768 2882 4834 dubitavimus,
2922 4765 3019 4822 sed
3060 4764 3128 4821 ad
3166 4765 3532 4836 reparandum

1944 4864 2359 4922 Mediolanensis
2387 4860 2640 4917 Ecclesia
2677 4861 2861 4915 matris
2897 4869 3009 4916 tua
3048 4857 3314 4914 honorem
3350 4858 3533 4913 zelum

1943 4960 2141 5016 habere
2172 4958 2555 5014 intelleximus.
2592 4957 2710 5025 Qua
2752 4954 2807 5009 in
2845 4970 2904 5008 re
2946 4961 3211 5025 quantum
3252 4952 3416 5007 nobis
3451 4966 3535 5007 re-

1946 5055 2071 5127 ligio
2099 5063 2192 5109 tua
2233 5052 2454 5123 placeat,
2486 5047 2827 5105 evidentibus
2850 5046 3061 5103 iudiciis
3100 5045 3439 5117 probabitur,
3480 5044 3537 5099 in

1946 5148 2357 5221 quibuscunque
2416 5148 2685 5199 Romana
2756 5141 3011 5197 Ecclesia
3080 5138 3370 5195 necessitas
3445 5147 3536 5193 tua

1946 5242 2203 5297 auxilium
2234 5238 2548 5311 requisierit
2577 5256 2589 5291 :
2618 5237 2674 5291 in
2708 5236 2857 5290 nullo
2894 5233 3165 5305 siquidem
3191 5231 3365 5303 magis
3387 5229 3540 5285 debi-

1947 5344 2127 5392 torem
2152 5342 2401 5390 sanctum
2417 5332 2639 5386 Petrum
2669 5338 2723 5384 et
2746 5344 2847 5383 nos
2875 5326 3063 5397 religio
3092 5334 3187 5381 tua
3217 5334 3401 5395 potest
3435 5323 3539 5379 sibi

1949 5429 2147 5495 facere,
2188 5422 2353 5499 quam
2381 5426 2422 5481 si
2471 5432 2659 5479 contra
2706 5423 2988 5477 Simonem
3017 5434 3242 5491 magum
3262 5461 3276 5486 ,
3314 5418 3403 5489 qui
3433 5419 3538 5472 Ec-

1951 5520 2171 5579 clesiam
2200 5518 2345 5575 beati
2369 5516 2645 5573 Ambrosii
2682 5515 2982 5572 venalitatis
3007 5527 3123 5569 sua
3152 5510 3541 5567 miserabiliter

1953 5629 2161 5671 veneno
2199 5610 2401 5680 infecit,
2443 5618 2600 5667 scuto
2638 5607 2762 5665 ﬁdei
2796 5616 2850 5663 et
2890 5606 3039 5679 galea
3084 5603 3274 5659 salutis
3301 5610 3543 5660 armatus

1954 5707 2241 5764 nobiscum
2272 5705 2564 5777 pralieris;
2594 5711 2647 5759 et
2671 5702 2716 5757 si
2748 5696 3132 5757 Herlembaldo
3160 5693 3543 5752 strenuissimo

1957 5800 2154 5858 Christi
2201 5798 2355 5856 militi
2384 5800 2440 5854 in
2496 5797 2577 5854 his
2601 5809 2721 5866 qua
2752 5792 2820 5849 ad
2848 5792 2949 5847 Dei
2991 5787 3195 5843 cultum
3228 5796 3285 5842 et
3313 5786 3380 5843 ad
3416 5784 3545 5840 reli-
