4106 6182
551 244 642 294 311
1234 238 1289 290 s.
1331 230 1654 289 GREGORII
1690 231 1776 284 vu
1818 232 2010 285 mea:
2046 230 2534 285 OPERUMPARS
2575 230 2611 283 ι.
2654 256 2724 268 -
2760 225 3163 283 REGISTRUM.

3736 228 3833 281 312

551 363 769 439 gionem
815 372 1015 419 sancta:
1066 358 1319 416 Ecclesia:
1374 356 1646 428 pertinent
1687 370 1908 411 manum
1955 355 2141 411 auxilii
2176 360 2229 419 Α
2330 354 2497 409 Vobis
2537 361 2592 409 et
2632 351 2888 408 omnibus
2924 351 3014 423 qui
3048 350 3327 407 Christum
3371 360 3712 418 venerantur,
3750 367 3837 403 co-

551 456 881 531 praastiteris.
900 459 997 512 Est
1020 454 1181 509 etiam
1212 449 1365 523 quod
1393 449 1738 522 prudentiam
1764 456 1915 504 tuam
1944 457 2147 504 sanctae

556 549 865 621 apostolica
896 547 1007 604 sedi
1039 545 1400 601 nihilominus
1430 541 1864 609 commendabit,
1896 543 1940 597 si
1973 542 2148 611 ipsam

552 643 919 701 Simoniacam
947 640 1219 705 haeresim,
1252 639 1396 694 sicut
1421 635 1763 692 laudabiliter
1798 636 1915 706 jam
1958 636 2147 707 coepit,

559 750 845 807 usquequo
886 734 953 789 de
997 732 1221 789 ecclesia
1273 746 1370 786 sua
1409 729 1636 785 omnino
1685 737 1996 795 evacuetur,
2033 736 2146 783 stu-

557 827 740 884 duerit
766 842 1097 899 Oppugnare,
1139 832 1193 881 et
1228 823 1451 879 clericos
1481 838 1512 877 a
1551 822 1725 894 turpis
1755 821 1879 877 vita:
1915 836 2148 876 conver-

557 921 765 976 satione
836 920 906 975 ad
965 918 1231 975 castitatis
1290 915 1614 972 munditiam
1688 930 1959 970 revocare.
2017 915 2150 969 Hmc

556 1017 739 1087 itaque
768 1012 1069 1069 sanctitatis
1096 1010 1273 1067 studia
1319 1026 1475 1065 mens
1517 1017 1609 1064 tua
1647 1008 1886 1080 quotidie
1916 1006 2147 1063 medite-

556 1117 666 1172 tur,
708 1115 972 1179 quatenus
995 1104 1163 1177 quod,
1202 1102 1346 1158 fama
1388 1102 1455 1159 de
1496 1109 1553 1157 te
1579 1101 1739 1157 nobis
1780 1102 2044 1169 innotuit,
2082 1116 2149 1156 ex

557 1216 782 1272 operum
825 1208 1047 1255 tuorum
1090 1195 1521 1253 consideratione
1570 1194 1848 1266 probetur.
1898 1200 2012 1266 Age
2050 1194 2148 1267 igi-

560 1304 669 1362 tur,
723 1302 785 1348 ut
828 1291 1145 1348 universalis
1199 1299 1377 1345 mater
1416 1298 1601 1345 sancta
1633 1291 1883 1343 Romana
1913 1288 2148 1343 Ecclesia

561 1389 617 1441 in
667 1394 723 1441 te
773 1385 929 1458 quasi
974 1382 1290 1440 ﬁdelissimo
1332 1382 1443 1437 ﬁlio
1488 1382 1817 1443 consoletur,
1881 1389 1938 1435 et
1994 1380 2150 1435 victis

559 1482 694 1549 [lege
754 1478 964 1545 vinctis]
1025 1476 1232 1533 catenis
1294 1475 1492 1531 mortis
1555 1474 1887 1531 Iiberationis
1949 1490 2149 1529 manus

562 1571 887 1643 porrigatur.

618 1668 758 1722 Data
771 1667 967 1737 Capr
978 1667 1056 1721 III
1070 1664 1199 1720 ldus
1210 1663 1482 1733 Octobris,
1495 1662 1790 1718 indictione
1802 1660 2146 1717 duodecima.

1024 1779 1377 1835 EPISTOLA
1413 1779 1679 1834 XXVIII.

707 1908 789 1949 AD
816 1905 1216 1948 GUILIELMUM
1246 1904 1602 1947 PAPIBNSBH
1631 1902 1993 1945 RPISCOPUM.

1149 2003 1331 2067 (Anno
1369 2001 1548 2071 1073.)

966 2113 1221 2182 Ejusdem
1259 2114 1378 2180 fere
1414 2113 1737 2181 argumenti.

627 2224 985 2280 Gnaoonws
1012 2220 1318 2293 episcopus,
1342 2235 1530 2276 servus
1550 2234 1829 2275 servorum
1861 2217 1985 2286 Dei,
2006 2219 2152 2275 GU1-

558 2330 779 2373 Ltsuro
832 2313 1078 2387 Papiensi
1125 2314 1384 2386 episcopo
1425 2314 1655 2369 salutem
1697 2320 1753 2369 et
1798 2311 2151 2383 apostolicam

560 2408 1011 2465 benedictionem.

624 2502 849 2558 Littera:
892 2500 1240 2557 fraternitatis
1283 2509 1393 2556 tuae
1423 2499 1580 2556 nobis
1608 2498 1850 2567 directae,
1881 2498 2153 2569 simulque

561 2595 935 2651 Herlembaldi
978 2593 1401 2650 Mediolanensis
1430 2594 1610 2661 verba,
1662 2591 1935 2647 evidenter
1981 2598 2156 2646 osten-

562 2689 701 2743 dunt
746 2687 893 2761 quod
946 2695 1008 2742 tu
1056 2696 1260 2742 sancta
1312 2686 1622 2757 apostolicae
1660 2685 1776 2741 sedi
1824 2700 1945 2741 eam
1989 2700 2152 2757 quam

560 2781 725 2837 debes
756 2780 887 2836 velis
911 2779 1276 2837 obedientiam
1304 2779 1535 2835 ﬁdeliter
1564 2778 1837 2845 exhibere,
1864 2787 1919 2833 et
1954 2778 2153 2832 exhor-

560 2872 858 2930 tationibus
902 2874 1129 2941 nostris,
1186 2873 1325 2929 sicut
1372 2873 1544 2941 decet,
1599 2888 1807 2944 parere.
1863 2871 1970 2927 Sed
2022 2870 2152 2925 nihil

559 2975 645 3022 est
687 2966 833 3038 quod
886 2965 1210 3022 fraternitati
1256 2975 1367 3022 tua:
1427 2965 1730 3037 promptius
1780 2965 2150 3036 injungamus,

2254 448 2465 520 gnitum
2488 456 2572 503 est
2598 445 2744 520 quod
2780 448 3031 502 Romana
3069 443 3305 499 Ecclesia
3330 442 3642 499 universalis
3668 451 3838 498 mater

2256 543 2327 598 sit
2361 542 2605 597 omnium
2630 539 3078 596 Christianorum.
3121 538 3257 607 Quae
3283 537 3408 593 licet
3435 553 3498 593 ex
3536 536 3839 593 considera-

2256 636 2404 692 tione
2434 633 2598 690 ofﬁcii
2629 634 2709 689 sui
2738 633 2985 689 omnium
3016 632 3254 704 gentium
3280 631 3440 686 saluti
3478 629 3673 686 debeat
3711 629 3836 685 invi-

2257 729 2437 802 gilare,
2475 727 2760 800 specialem
2800 734 2985 781 tamen
3012 728 3079 790 {et
3117 723 3525 797 quodammodo
3574 724 3837 795 privatam

2258 824 2409 879 vobis
2424 820 2842 877 sollicitudinem
2857 827 3073 891 oportet
3096 834 3218 875 eam
3243 818 3582 891 impendere.
3609 820 3838 886 Verum,

2258 918 2387 989 quia
2417 915 2737 988 negligentia
2775 923 3183 971 antecessorum
3231 922 3550 968 nostrorum
3600 911 3837 968 charitas

2259 1011 2345 1065 illa
2388 1009 2571 1082 friguit
2610 1023 2732 1081 quae
2772 1006 3009 1079 antiquis
3054 1006 3392 1077 temporibus
3440 1007 3583 1061 inter
3627 1008 3842 1061 Roma-

2256 1119 2383 1159 nam
2429 1102 2807 1161 Ecclesiamet
2833 1109 3052 1172 gentem
3099 1108 3335 1155 vestram
3368 1099 3485 1167 fuit,
3533 1100 3590 1154 in
3620 1107 3840 1155 tantum

2256 1214 2285 1252 a
2326 1197 2504 1264 nobis,
2537 1196 2823 1268 plusquam
2858 1202 3045 1267 gentes
3072 1210 3196 1265 quas
3231 1202 3359 1249 sunt
3383 1193 3443 1248 in
3484 1192 3590 1248 ﬁne
3630 1192 3844 1259 mundi,

2259 1306 2352 1345 vos
2390 1299 2673 1345 extraneos
2711 1288 2927 1356 fecistis,
2968 1287 3114 1358 quod
3150 1287 3455 1343 Christiana
3476 1286 3662 1357 religio
3699 1286 3849 1343 inter

2258 1400 2353 1440 vos
2366 1384 2437 1440 ad
2448 1384 2748 1439 maximum
2767 1380 3159 1437 detrimentum
3181 1380 3412 1435 devenit.
3429 1380 3590 1435 Unde
3606 1380 3845 1435 multum

2258 1478 2411 1533 vobis
2461 1476 2835 1533 necessarium
2868 1484 2949 1530 est
2985 1484 3039 1529 et
3082 1474 3149 1530 de
3187 1475 3359 1530 salute
3400 1474 3711 1528 animarum
3755 1488 3845 1528 ve-

2257 1580 2495 1628 strarum
2530 1569 2826 1626 studiosius
2869 1567 3170 1624 admodum
3214 1567 3487 1639 cogitetis,
3514 1575 3569 1622 et
3610 1575 3848 1623 matrem

2259 1673 2499 1721 vestram
2537 1667 2846 1719 Romanam
2878 1661 3175 1717 Ecclesiam
3200 1661 3344 1716 sicut
3378 1660 3599 1732 legitimi
3643 1659 3738 1714 ﬁlii
3768 1675 3851 1714 re-

2184 1740 2233 1801 Β
2262 1758 2628 1830 cognoscatis,
2674 1764 2729 1810 et
2769 1770 2892 1811 eam
2921 1754 3270 1810 devotionem
3309 1768 3471 1824 quam
3503 1751 3711 1824 antiqui
3757 1767 3853 1824 pa-

2261 1860 2440 1907 rentes
2478 1849 2639 1905 vestri
2679 1848 2779 1904 sibi
2810 1846 3217 1919 impenderunt,
3255 1861 3354 1901 vos
3392 1861 3609 1918 quoque
3635 1846 3849 1917 impen-

2259 1944 2417 2000 datis.
2452 1944 2634 2000 Nostri
2660 1951 2848 1998 autem
2877 1940 3126 1997 desiderii
3154 1948 3237 1996 est
3268 1955 3380 1995 non
3414 1939 3593 1995 solum
3623 1939 3691 1995 de
3718 1939 3851 1995 libe-

2258 2040 2464 2094 ratione
2504 2036 2811 2092 animarum
2856 2042 3160 2089 vestrarum
3215 2049 3403 2088 curam
3444 2032 3577 2088 velle
3624 2032 3850 2093 habere.

2261 2131 2352 2187 sed
2382 2131 2549 2187 etiam
2586 2127 2979 2205 desalvatione
3011 2127 3197 2198 patriae
3226 2135 3420 2183 vestrae
3458 2126 3740 2181 sollicitius
3775 2125 3854 2179 in.

2262 2224 2497 2297 vigilare.
2536 2222 2724 2290 Unde,
2763 2221 2807 2277 si
2856 2220 3015 2276 verba
3063 2229 3249 2276 nostra
3291 2220 3432 2275 sicut
3475 2218 3629 2274 decet
3666 2218 3851 2275 devoti

2262 2317 2596 2390 receperitis,
2637 2316 2867 2389 gloriam
2905 2323 2958 2370 et
2994 2314 3262 2369 honorem
3311 2313 3364 2368 in
3411 2313 3659 2385 praesenti
3700 2320 3756 2367 et
3795 2312 3853 2368 in

2263 2410 2444 2466 futura
2487 2410 2591 2465 vita
2637 2408 2967 2465 obtinebitis.
3022 2407 3185 2476 Quod
3236 2407 3280 2461 si
3323 2406 3497 2474 aliter,
3540 2404 3685 2478 quod
3737 2422 3852 2462 non

2262 2519 2563 2576 speramus,
2603 2502 2857 2567 feceritis,
2908 2509 2963 2556 et
2990 2501 3057 2556 ad
3085 2515 3286 2556 sonum
3323 2499 3712 2554 exhortationis
3752 2516 3857 2555 no-

2261 2605 2391 2653 strae
2431 2612 2619 2652 aurem
2660 2595 2860 2652 debitae
2912 2593 3239 2650 obedientiaa
3279 2609 3395 2649 non
3447 2592 3853 2659 inclinaveritis,

2261 2706 2375 2746 non
2405 2698 2612 2746 nostrae
2652 2689 2897 2755 incuriae,
2926 2685 3019 2743 sed
3050 2695 3244 2743 vestrae
3284 2686 3525 2758 poteritis
3548 2686 3718 2756 culpae
3744 2686 3854 2741 im-

2262 2793 2469 2856 putare,
2517 2783 2560 2838 si
2611 2782 2743 2855 quid
2787 2780 3009 2853 periculi
3067 2780 3257 2851 patriae
3303 2788 3494 2834 vestrae
3536 2778 3853 2849 contigerit.

2260 2878 2494 2943 Caetera,
2525 2891 2646 2948 qua:
2685 2875 2754 2930 de
2792 2874 2963 2929 salute
3000 2882 3056 2928 et
3083 2873 3151 2929 de
3180 2873 3387 2928 honore
3436 2880 3615 2927 vestro
3648 2878 3856 2927 tracta-

2261 2986 2407 3035 mus,
2440 2984 2636 3041 magna
2667 2984 2730 3022 ex
2774 2977 2924 3038 parte
2961 2965 3217 3021 confratri
3260 2974 3447 3022 nostro
3492 2965 3858 3021 Constantino

558 3059 692 3115 nihil
723 3068 805 3114 est
838 3059 988 3131 quod
1021 3068 1075 3114 te
1116 3058 1368 3114 libentius
1397 3056 1571 3113 facere
1612 3057 1860 3122 “limus.
1911 3072 2075 3127 quam
2106 3057 2150 3110 Si
2188 3040 2232 3102 (ἶ
2262 3063 2521 3118 Turrensi
2547 3061 2946 3131 archiepiscopo
2978 3060 3128 3115 vobis
3147 3059 3429 3115 referenda
3450 3058 3857 3115 commisimus.

562 3152 851 3208 Ecclesiam
878 3161 1051 3219 tuam,
1081 3167 1405 3223 gregemque
1433 3150 1528 3205 tibi
1548 3150 1926 3216 commissum,
1952 3150 2020 3203 ab
2046 3149 2154 3205 hae-

558 3246 770 3301 resibus
814 3260 937 3317 qua
977 3246 1037 3300 in
1084 3254 1273 3300 sancta
1320 3243 1558 3300 Ecclesia
1605 3242 1856 3315 pestifera
1901 3242 2152 3298 videntur

561 3339 845 3410 pullulare,
896 3337 1150 3411 pastorali
1193 3338 1468 3410 vigilantia
1497 3337 1715 3393 studeas
1752 3334 2067 3403 defendere,
2094 3344 2149 3391 et

556 3440 749 3488 contra
779 3447 871 3488 eas
899 3431 1049 3488 omni
1092 3432 1289 3487 annisu
1320 3431 1556 3503 totisque
1586 3430 1813 3497 viribus,
1838 3439 2150 3486 sanctorum

562 3525 789 3581 Patrum
816 3526 1068 3581 munitus
1087 3525 1432 3592 auctoritate,
1462 3525 1748 3580 ardentius
1777 3524 2075 3596 insurgere,
2098 3530 2152 3577 et

559 3617 785 3673 clericos
826 3632 859 3671 a
903 3618 1081 3689 turpis
1113 3619 1236 3673 vitae
1281 3618 1689 3672 conversatione
1730 3617 1799 3672 ad
1848 3618 2148 3671 castitatem

561 3724 833 3765 revocare.
877 3711 997 3764 Hoc
1037 3710 1202 3764 etiam
1230 3711 1384 3776 scias,
1432 3719 1486 3765 te
1518 3709 1818 3765 admodum
1846 3709 2004 3764 matri
2043 3717 2153 3764 tua:

566 3803 837 3857 Romana
860 3803 1115 3859 Ecclesia
1126 3802 1616 3858 commendabilem
1635 3801 1833 3870 facere,
1862 3802 1903 3856 si
1924 3800 2153 3872 praefato

563 3893 948 3949 Herlembaldo
976 3937 989 3959 ,
1017 3896 1071 3949 in
1098 3894 1183 3949 his
1211 3910 1333 3966 qua
1354 3903 1543 3950 nostro
1568 3896 1817 3961 consilio,
1846 3894 1959 3948 imo
1980 3894 2151 3948 omni-

565 3986 800 4058 potentis
860 3986 958 4041 Dei
1010 3987 1208 4042 timore
1258 3996 1537 4057 operatur,
1613 4002 1840 4042 manum
1898 3985 2153 4058 adjutorii

566 4079 902 4151 praestiteris,
958 4079 1190 4134 inimicis
1239 4089 1440 4134 sanctae
1501 4079 1751 4136 Ecclesia
1793 4079 1997 4135 bellum
2052 4079 2152 4134 Dei

565 4188 752 4228 secum
792 4172 1150 4243 prteliaturus,
1202 4172 1421 4228 viriliter
1467 4173 1752 4228 restiteris.
1798 4172 2022 4227 Studeat
2063 4173 2156 4244 igi-

565 4275 652 4320 tur
673 4265 957 4334 prudentia
979 4273 1068 4319 tua
1094 4265 1170 4320 sic
1198 4281 1257 4321 se
1276 4265 1334 4320 in
1354 4265 1513 4337 hujus
1541 4265 1919 4321 sollicitudinis
1946 4275 2153 4337 partem

569 4360 763 4414 fortem
806 4358 1222 4430 vigilantemque
1268 4358 1608 4430 impendere,
1652 4357 1887 4429 utquod
1928 4374 1994 4414 ex
2037 4374 2159 4429 pro-

2266 3165 2337 3213 At
2385 3172 2513 3211 cum
2570 3156 2776 3227 legatus
2818 3163 3024 3220 noster,
3076 3169 3238 3225 quem
3285 3157 3401 3208 Deo
3443 3160 3738 3217 annuente,
3792 3154 3859 3209 de

2262 3249 2512 3322 proximo
2540 3248 2757 3303 mittere
2790 3246 3158 3317 disponimus,
3192 3246 3258 3301 ad
3287 3263 3379 3300 vos
3406 3246 3629 3314 venerit,
3661 3250 3861 3302 volun-

2262 3351 2433 3398 tatem
2469 3349 2713 3397 nostram
2765 3338 2995 3410 pleniter
3034 3339 3189 3394 vobis
3226 3338 3568 3411 signiﬁcabit,
3609 3346 3663 3394 et
3709 3340 3864 3411 quod

2262 3435 2451 3508 gloriae
2504 3443 2559 3491 et
2616 3433 2814 3488 honori
2866 3440 3043 3488 vestro
3100 3432 3360 3487 condecet
3409 3432 3647 3503 apertius
3700 3450 3863 3488 enar-

2266 3530 2439 3585 rabit.’

2328 3625 2467 3677 Data
2510 3621 2708 3692 Capuae
2738 3618 3028 3675 undecimo
3070 3618 3200 3674 Idus
3246 3618 3521 3684 Octobris,
3555 3619 3860 3676 indictione

2264 3713 2606 3770 duodecima.

2692 3802 3040 3857 EPISTOLA
3070 3804 3270 3858 XXIX
3312 3803 3412 3857 bis.

2267 3911 2530 3952 HBNBICI
2548 3909 2719 3951 REGIS
2734 3909 3119 3951 ROMANOBUII
3142 3911 3223 3950 AD
3244 3909 3603 3952 GBEGOBIUM
3618 3910 3861 3952 PAPAM.

2860 3995 3042 4053 (Anno
3078 3990 3258 4059 1073.)

2266 4084 2503 4153 Supplex
2531 4084 2739 4137 veniam
2776 4085 2932 4153 petit,
2964 4082 3107 4151 quod
3143 4085 3404 4136 invaserit
3436 4097 3519 4137 res
3548 4083 3865 4137 ecclesiasti-

2336 4171 2444 4216 cas,
2477 4160 2527 4207 et
2566 4154 2803 4208 ecclesias
2834 4153 3157 4207 vendiderit.
3190 4157 3357 4221 Rogat
3397 4158 3458 4207 ut
3500 4168 3598 4207 sua
3626 4156 3869 4208 auctori-

2341 4231 2451 4279 tate
2474 4226 2833 4280 Simom‘acam
2871 4225 3042 4278 labem
3069 4224 3138 4277 ab
3167 4225 3410 4277 omnibus
3449 4226 3695 4286 ecclesiis,
3722 4229 3772 4278 et
3806 4230 3868 4279 in

2335 4298 2531 4366 primis
2556 4311 2591 4348 a
2618 4295 3016 4357 Mediolanensi,
3044 4298 3304 4365 extirpet;
3338 4310 3495 4363 seque
3522 4298 3767 4365 pontiﬁci
3810 4300 3868 4349 in

2344 4367 2587 4422 omnibus
2613 4366 2973 4420 obsecuturum
2996 4368 3287 4435 promittit.

563 4451 918 4506 missionibus
947 4452 1056 4507 tuis
1087 4451 1415 4522 accepimus,
1446 4452 1606 4507 certis
1653 4467 1837 4506 rerum
1864 4452 2163 4506 exsecutio-
2196 4424 2246 4486 D
2345 4458 2800 4529 vigilantissimo‘
2825 4467 2881 4513 et
2930 4456 3433 4514 desiderantissimo
3490 4457 3868 4531 [desideratis-

574 4544 735 4599 nibus
764 4544 1101 4615 implendum
1130 4544 1249 4599 fore
1278 4544 1592 4616 probemus.

634 4640 771 4691 Data
799 4637 997 4708 Capuae
1034 4638 1198 4692 tertio
1227 4638 1352 4694 Idus
1380 4638 1660 4705 Octobris,
1690 4638 1990 4695 indictione
2028 4638 2163 4694 duo-

571 4728 805 4784 decima.

1076 4825 1415 4881 EPISTOLA
1443 4828 1658 4882 XXIX.

996 4949 1076 4988 Δῐ)
1118 4949 1370 4990 JUDICES
1408 4951 1734 4993 SABDINIE.

1178 5047 1359 5116 (Anno
1400 5049 1579 5117 1073.)

574 5158 835 5211 Hortatur
864 5160 926 5209 ut
967 5172 1091 5229 erga
1118 5159 1414 5229 Romanam
1444 5157 1730 5212 Ecclesium
1761 5175 1940 5213 eorum
1960 5175 2162 5229 paren-

649 5232 761 5279 tum
787 5228 1030 5297 earempla
1057 5231 1227 5282 secuti
1252 5227 1546 5282 obedientes
1571 5243 1625 5282 se
1646 5230 1933 5285 exhibeant
1960 5227 2162 5284 Edicit-

641 5313 742 5365 quc
782 5313 835 5351 se
863 5299 1031 5352 multa
1060 5300 1232 5367 legato
1264 5314 1415 5368 quem
1439 5299 1511 5352 ad
1542 5314 1624 5353 eos
1642 5304 1853 5370 mittit,
1882 5301 2161 5369 referenda

644 5372 982 5436 imposuisse.

643 5480 1004 5534 GnEGonws
1024 5478 1329 5550 episcopus,
1359 5495 1545 5536 servus
1577 5497 1855 5537 servorum
1883 5483 2004 5551 Dei,
2040 5486 2161 5539 MA-

572 5585 757 5626 aumo
779 5570 1057 5637 'l‘urrensi,
1083 5572 1361 5628 Onzocco
1388 5574 1701 5639 Arborensi,
1730 5576 1860 5631 item
1888 5578 2162 5633 Onzocco

569 5663 901 5731 Calaritano,
924 5664 1367 5722 Cons'rm'rmo
1384 5667 1733 5735 Callaurensi,
1750 5668 2027 5741 judicibus
2045 5672 2161 5726 Sar-

569 5756 749 5823 diniae,
777 5757 1008 5812 salutem
1037 5767 1091 5812 et
1122 5759 1473 5828 apostolicam
1501 5760 1953 5816 benedictionem.

2273 4552 2445 4619 simo]
2486 4550 2691 4606 domno
2734 4553 2891 4622 Papae
2926 4552 3243 4608 Gescoaro
3268 4551 3559 4623 apostolica
3593 4551 3869 4624 dignitate

2272 4644 2485 4700 cmlitus
2507 4643 2761 4715 insignito
2789 4647 3100 4701 HENBICUS
3134 4648 3521 4701 Romanorum
3550 4645 3649 4700 Dei
3684 4646 3865 4716 gratia

2270 4754 2364 4794 rex
2394 4737 2556 4793 debiti
2585 4735 2877 4793 famulatus
2900 4737 3269 4793 ﬁdelissimam
3312 4737 3733 4793 exhibitionem.

2342 4831 2483 4885 Cum
2511 4830 2661 4885 enim
2692 4846 2920 4902 regnum
2951 4838 3003 4885 et
3037 4831 3428 4895 sacerdotium,
3457 4838 3516 4885 ut
3552 4832 3605 4886 in
3639 4831 3867 4887 Christo

2270 4925 2370 4979 rite
2391 4923 2768 4978 administrata
2793 4923 3110 4989 subsistant,
3149 4924 3346 4980 vicaria
3375 4925 3457 4979 sui
3497 4940 3600 4997 ope
3643 4941 3871 4997 semper

2268 5017 2573 5088 indigeant,
2616 5025 2834 5087 oportet
2883 5017 3164 5086 nimirum,
3222 5018 3444 5073 domine
3494 5019 3573 5073 mi
3615 5026 3670 5073 et
3708 5027 3871 5090 pater

2270 5110 2659 5173 amantissime,
2705 5117 2973 5181 quatenus
3000 5110 3067 5165 ab
3112 5110 3348 5167 invicem
3386 5111 3618 5166 minime
3646 5110 3867 5165 dissen-

2268 5204 2424 5267 tiant,
2474 5218 2666 5257 verum
2703 5204 2881 5274 potius
2917 5203 3116 5259 Christi
3157 5205 3367 5275 glutino
3410 5204 3868 5276 conjunctissima

2269 5296 2705 5352 indissolubiliter
2747 5297 2845 5351 sibi
2887 5296 3217 5354 cohaereant.
3252 5300 3495 5368 Namque
3534 5297 3611 5353 sic
3657 5307 3711 5352 et
3747 5313 3867 5353 non
3904 5306 3907 5307 '

2268 5391 2426 5445 aliter
2463 5399 2816 5445 conservatur
2858 5390 2913 5444 in
2952 5391 3168 5445 vinculo
3207 5390 3454 5461 perfectae
3496 5390 3775 5446 charitatis
3806 5400 3869 5448 et

2269 5484 2435 5554 pacis,
2481 5492 2537 5540 et
2576 5483 2892 5540 Christiana:
2935 5482 3223 5539 concordia
3272 5484 3471 5551 unitas,
3507 5493 3564 5540 et
3606 5483 3867 5539 ecclesia-

2267 5578 2418 5633 sticae
2450 5577 2607 5633 simul
2646 5585 2820 5632 status
2858 5576 3147 5648 religionis.
3179 5575 3283 5632 Sed
3318 5592 3419 5633 nos
3452 5579 3564 5649 qui,
3607 5580 3723 5632 Deo
3759 5590 3868 5631 an-

2268 5679 2492 5736 nuente,
2519 5670 2667 5741 regni
2691 5669 2995 5741 aliquandiu
3021 5670 3142 5741 jam
3171 5671 3437 5726 sortimur
3466 5669 3867 5738 ministerium,

2266 5762 2589 5829 sacerdotio,
2634 5770 2695 5817 ut
2723 5763 2986 5833 oportuit,
3014 5778 3108 5833 per
3138 5763 3322 5818 omnia
3345 5765 3437 5833 jus
3471 5772 3528 5818 et
3577 5762 3861 5818 honorem
