4106 6182
278 261 378 312 313

1391 260 1585 314 LIBER
1626 259 1889 316 PRIMUS.
1928 287 2000 306 --
2039 264 2244 318 liPlS'l‘.
2290 265 2453 320 ΧΧΧΙ.

3475 273 3574 324 illi

279 396 390 435 non
415 378 766 436 exhibuimus
784 378 1087 452 legitimum
1127 400 1140 433 :
1168 381 1365 454 quippe
1397 382 1556 438 nobis
1575 399 1603 438 a
1636 388 1754 440 Deo
1782 384 1868 440 da-
1896 390 1949 451 Α
1979 402 2246 454 coerceas,
2277 397 2330 443 et
2351 387 2518 458 quod,
2545 391 2798 444 Romana
2824 391 3059 446 Ecclesia
3085 400 3354 462 testante,
3382 392 3450 449 de
3478 395 3580 450 im-

281 483 352 530 ta
381 473 658 545 potestatis
699 471 966 529 vindicem
995 490 1103 529 non
1129 475 1249 530 sine
1281 491 1440 532 causa
1464 475 1704 549 gladium
1745 494 1871 552 por-

282 567 534 632 tavimus,
566 582 668 622 nec
697 575 880 622 tamen
912 567 965 623 in
1004 583 1150 635 reos,
1180 577 1240 623 ut
1253 569 1464 641 justum
1494 567 1614 634 fuit,
1652 571 1873 642 judicia-

282 661 355 716 ria
385 659 536 714 illum
568 676 786 731 semper
827 677 1053 716 censura
1107 662 1527 734 evaginavimus.
1578 665 1737 719 Nunc
1775 679 1869 719 au-

281 763 389 811 tem
407 794 423 819 ,
454 751 637 808 divina
660 754 1006 810 miseratione
1026 755 1427 827 aliquantulum
1453 758 1794 828 compuncti,
1821 765 1875 812 et

282 848 332 904 in
361 862 462 903 nos
495 847 722 922 reversi,
752 856 967 918 peccata
1010 857 1194 904 nostra
1229 849 1436 922 priores
1463 859 1654 907 vestra
1695 851 1871 906 indul-

281 920 612 1013 gentissilna
650 941 954 1012 paternitati
1002 957 1104 996 nos
1149 942 1456 998 accusando
1503 944 1860 1010 conﬁtemur;

278 1041 558 1106 sperantes
595 1033 662 1089 de
710 1034 859 1089 vobis
889 1035 941 1089 in
986 1034 1224 1090 Domino
1269 1044 1332 1091 ut
1369 1037 1662 1108 apostolica
1697 1046 1871 1092 vestra

280 1127 604 1182 auctoritate
643 1127 876 1182 absoluti
916 1127 1203 1199 justificari
1249 1145 1580 1185 mereamur.
1627 1131 1746 1186 Heu
1776 1131 1875 1186 cri-

274 1220 473 1276 minosi
503 1235 609 1275 nos
636 1230 689 1276 et
713 1219 981 1276 infelices!
1030 1222 1224 1292 partim
1268 1223 1516 1293 pueritia
1546 1221 1874 1279 blandientis

276 1313 644 1382 instinctione,
671 1315 863 1386 partim
885 1316 1218 1386 potestativa
1249 1324 1452 1372 nostra
1481 1325 1534 1372 et
1563 1317 1873 1390 imperiosa

273 1408 530 1479 potentia
562 1408 828 1472 libertate,
861 1409 1057 1480 partim
1089 1409 1253 1465 etiam
1283 1425 1505 1478 eorum,
1531 1427 1765 1482 quorum
1786 1427 1873 1468 se-

273 1499 504 1556 ductiles
553 1499 873 1573 [seductilia]
912 1501 1143 1558 nimium
1181 1503 1351 1558 secuti
1389 1520 1582 1560 sumus
1622 1505 1870 1571 consilia,

271 1593 583 1650 seductoria
612 1595 925 1666 deceptione
965 1596 1306 1666 peccavimus
1346 1597 1399 1652 in
1446 1599 1648 1653 calum
1680 1607 1735 1655 et
1775 1615 1873 1654 co-

272 1703 384 1742 ram
416 1688 597 1756 vobis,
626 1697 683 1743 et
697 1689 816 1760 jam
848 1688 998 1761 digni
1020 1704 1132 1744 non
1156 1705 1349 1745 sumus
1371 1691 1650 1747 vocatione
1678 1701 1871 1749 vestra

268 1779 568 1836 ﬁliationis.
602 1783 720 1838 Non
752 1782 932 1837 solum
970 1783 1116 1838 enim
1145 1798 1246 1838 nos
1273 1799 1356 1839 res
1389 1784 1777 1841 ecclesiasticas
1798 1787 1867 1840 in-

271 1875 532 1942 vasimus,
566 1891 754 1931 verum
785 1891 1000 1948 quoque
1045 1875 1282 1949 indignis
1305 1876 1654 1949 quibuslibet
1683 1887 1736 1934 et
1781 1879 1864 1934 Si-

270 1969 526 2024 moniaco
574 1967 695 2024 felle
737 1970 1066 2037 amaricatis,
1114 1980 1169 2026 et
1221 1986 1334 2026 non
1381 1987 1478 2044 per
1529 1974 1732 2027 ostium
1770 1973 1867 2029 sed

271 2061 487 2117 aliunde
515 2061 970 2134 ingredientibus,
1002 2064 1270 2120 Ecclesias
1308 2065 1453 2136 ipsas
1501 2066 1862 2132 vendidimus,

271 2165 322 2211 et
362 2172 477 2211 non
513 2172 608 2211 eas
646 2165 706 2211 ut
742 2157 982 2228 oportuit
1030 2155 1392 2214 defendimus.
1433 2166 1502 2215 At
1543 2176 1710 2227 nunc,
1740 2161 1864 2232 quia

269 2249 364 2304 soli
385 2249 594 2322 absque
614 2259 791 2306 vestra
817 2252 1139 2308 auctoritate
1169 2251 1434 2308 Ecclesias
1458 2252 1726 2324 corrigere
1754 2270 1866 2310 non

272 2359 586 2412 possumus,
612 2359 778 2415 super
819 2343 924 2410 his,
955 2354 1016 2400 ut
1047 2345 1212 2400 etiam
1243 2345 1308 2402 de
1345 2346 1548 2402 nostris
1585 2348 1862 2416 omnibus,

271 2445 511 2492 vestrum
537 2453 647 2492 una
679 2445 733 2492 et
761 2438 1048 2493 consilium
1073 2447 1128 2494 et
1148 2439 1414 2494 auxilium
1445 2440 1644 2496 obnixe
1676 2442 1869 2512 quari-

273 2546 433 2586 mus:
464 2540 713 2587 vestrum
736 2533 1140 2588 studiosissime
1162 2541 1494 2606 praeceptum
1522 2537 1784 2590 servaturi
1813 2537 1868 2591 in

273 2625 556 2680 omnibus.
596 2627 659 2680 Et
700 2642 845 2681 nunc
874 2625 928 2680 in
969 2626 1162 2698 primis
1205 2642 1303 2698 pro
1341 2628 1578 2683 Ecclesia
1610 2628 1865 2684 Mediola-

271 2719 451 2784 nensi,
494 2733 619 2790 qua
642 2727 830 2774 nostra
870 2721 1026 2791 culpa
1055 2728 1138 2775 est
1176 2719 1229 2774 in
1275 2736 1480 2788 errore,
1525 2737 1782 2793 rogamus
1808 2731 1867 2776 ut

273 2823 443 2868 vestra
474 2813 771 2884 apostolica
811 2812 1149 2868 districtione
1177 2814 1437 2868 canonice
1463 2815 1782 2886 corrigatur,
1815 2824 1867 2870 et

273 2905 469 2961 exinde
507 2905 577 2961 ad
618 2915 847 2962 cateras
887 2907 1243 2979 corrigendae
1285 2907 1630 2964 auctoritatis
1672 2918 1866 2965 vestra

271 3000 534 3055 sententia
558 3000 958 3073 progrediatur.
983 3002 1096 3056 Nos
1129 3016 1259 3072 ergo
1301 3001 1454 3056 vobis
1490 3001 1542 3055 in
1575 3003 1862 3070 omnibus,

1982 482 2244 536 munditia
2293 482 2616 538 clericorum
2649 483 2867 549 statuit,
2916 499 3092 556 neque
3122 486 3351 557 gratiam
3398 501 3575 558 neque
3656 560 3663 567 ξ

1981 576 2172 630 odium
2199 575 2450 647 alicujus,
2491 577 2760 632 constanti
2789 578 3111 634 auctoritate
3140 579 3193 633 in
3223 580 3462 636 Ecclesia
3482 588 3574 637 tua

1981 668 2332 740 pradicando
2384 685 2658 725 exerceas.
2701 671 2973 726 Caeterum
3029 687 3125 742 pro
3173 688 3358 729 amore
3399 674 3573 730 sancti

1981 762 2124 818 Petri
2162 762 2320 834 cujus
2373 762 2560 819 limina
2607 765 2951 834 prasentium
3001 765 3233 835 portitor
3272 767 3572 838 requisivit,

1981 855 2200 911 studeat
2236 855 2426 927 religio
2455 864 2544 910 tua
2594 855 2800 912 viscera
2852 857 3061 928 pietatis
3112 859 3212 914 sibi
3241 860 3472 930 aperire,
3515 861 3571 916 in

1982 958 2245 1020 quantum
2273 965 2398 1005 cum
2439 950 2611 1004 salute
2657 950 2858 1005 anima
2893 966 3005 1006 sua
3034 952 3252 1008 videtur
3279 953 3376 1008 tibi
3417 969 3576 1026 posse

1981 1042 2261 1115 fragilitati
2290 1059 2406 1100 sua
2435 1042 2900 1111 condescendere;
2943 1053 3214 1116 quatenus
3247 1061 3361 1102 non
3401 1047 3571 1119 pani-

1983 1147 2093 1193 teat
2123 1154 2249 1192 eum
2295 1138 2426 1192 tanti
2458 1137 2669 1192 itineris
2712 1137 2960 1193 laborem
2999 1138 3252 1207 subiisse,
3300 1141 3397 1196 sed
3437 1157 3568 1213 gau-

1982 1231 2127 1299 deat,
2167 1230 2318 1303 quod
2345 1231 2435 1286 diu
2467 1231 2738 1304 quasivit,
2771 1231 2974 1287 scilicet
3007 1233 3184 1288 sancti
3214 1234 3380 1301 Petri,
3409 1234 3570 1290 mise-

1983 1323 2278 1380 ricordiam
2319 1341 2415 1396 per
2460 1341 2560 1380 nos
2585 1325 2741 1396 juxta
2793 1333 2983 1380 votum
3022 1341 3184 1381 suum
3231 1325 3570 1397 impetrasse.

2055 1422 2190 1474 Data
2211 1420 2409 1491 Capua
2432 1417 2645 1474 decimo
2666 1419 2896 1490 septimo
2920 1417 3199 1475 Kalendas
3230 1421 3573 1488 Decembris,

1983 1513 2281 1568 indictione
2337 1511 2684 1568 duodecima.

2469 1606 2818 1662 EPISTOLA
2854 1608 3077 1661 XXXI.

2055 1718 2120 1754 AD
2162 1717 2515 1755 LANFRANCUM
2561 1684 2971 1754 CitNTUARIORUM
3012 1715 3486 1757 ARCHIEPISCOPUM.

2573 1799 2755 1860 (Anno
2799 1796 2976 1862 1073.)

1977 1889 2331 1957 Reprehendit
2361 1888 2502 1957 quod
2521 1888 2764 1956 patiatur
2788 1888 3078 1953 Arfastum
3097 1886 3396 1971 [ᾼι-Γεωῐη,
3419 1893 3467 1942 et
3491 1891 3572 1972 sic

2046 1957 2219 2034 infra]
2269 1959 2551 2028 quemdam
2594 1963 2779 2034 contra
2818 1959 3128 2034 Alemandri
3171 1959 3571 2034 praedecessoris

2047 1957 2219 2084 infch
2269 1959 2551 2028 quemdam
2594 1963 2779 2013 contra
2818 1959 3130 2014 Alexandri
3171 1959 3571 2028 pradecessoris

2047 2034 2136 2085 sui
2217 2036 2388 2085 ecreta
2440 2035 2613 2084 sancti
2643 2031 2960 2092 Eadmundi
3001 2031 3232 2084 abbatia
3273 2031 3572 2084 molestiam

2048 2103 2312 2156 exhibere.
2364 2104 2539 2157 Monet
2565 2107 2623 2154 ut
2661 2116 2759 2154 sua
2801 2103 2911 2154 uice
2953 2101 3067 2170 ejus
3108 2102 3391 2154 audaciam
3431 2117 3567 2155 com-

2045 2177 2248 2243 pescat,
2295 2179 2345 2227 et
2386 2185 2558 2241 regem
2589 2172 2928 2228 Guilielmum
2957 2177 3171 2240 exoret,
3200 2187 3266 2226 ne
3310 2172 3486 2226 ullum
3522 2177 3576 2227 ei

2046 2248 2292 2312 fauorem
2342 2249 2581 2314 prastet.
2638 2243 2789 2309 Quod
2818 2245 2869 2296 si
2910 2247 3170 2311 Ar/astus
3211 2259 3402 2313 parere
3455 2259 3573 2298 con-

2048 2319 2341 2386 tempsem't,
2363 2316 2516 2384 jubet
2543 2330 2662 2367 eum
2683 2320 2732 2370 et
2759 2315 3089 2370 Balduinum
3127 2315 3370 2386 abbatem
3396 2315 3569 2370 sedem

2045 2385 2396 2458 apostolicam
2456 2387 2528 2440 ad
2585 2401 2765 2439 eorum
2833 2390 3182 2442 contentiones
3232 2385 3570 2440 dirimendas

2043 2465 2240 2529 petere.

2045 2553 2383 2608 GBEGORIUS
2404 2550 2706 2620 episcopus,
2738 2566 2927 2605 servus
2953 2565 3233 2605 servorum
3265 2552 3388 2617 Dei,
3413 2551 3571 2605 LAN-

1977 2657 2200 2700 rnxrtco
2234 2639 2654 2695 Cantuariorum
2683 2640 2736 2693 in
2769 2640 2963 2710 Anglia
2988 2639 3395 2711 archiepiscopo
3423 2640 3568 2695 salu-

1973 2747 2086 2793 tem
2119 2744 2174 2790 et
2214 2733 2568 2804 apostolicam
2598 2731 3067 2788 benedictionem.

2044 2833 2164 2886 Non
2191 2827 2416 2882 minima
2459 2823 2826 2880 admiratione
2873 2825 3102 2896 dignum
3147 2825 3408 2882 ducimus
3463 2842 3569 2898 qua

1974 2923 2176 2990 fronte,
2205 2936 2312 2994 qua
2339 2926 2526 2974 mente
2557 2918 2841 2973 Ariastum
2868 2917 3071 2972 dictum
3099 2920 3414 2989 episcopum
3441 2935 3568 2974 san-

1974 3029 2077 3073 ctae
2119 3021 2382 3072 Romana
2413 3010 2670 3068 Ecclesia
2709 3009 2952 3078 illudere,
3000 3021 3054 3066 et
3082 3011 3255 3067 beatae
3286 3013 3570 3070 memoria

275 3094 385 3148 D90
418 3093 654 3164 νοιθηῐθ»
677 3109 790 3148 θοι)
806 3092 1167 3162 dei-"erimus.
1191 3102 1445 3166 rogantes
1467 3094 1706 3166 “ipsum
1737 3111 1863 3168 5UP'
1903 3128 1947 3190 ρ
1977 3109 2352 3167 Alexandrum
2398 3105 2861 3177 pradecessorem
2908 3113 3158 3160 nostrum
3212 3106 3440 3177 ejusque
3478 3105 3569 3162 de-

275 3187 480 3256 pliciter
510 3188 898 3258 paternitatem
946 3196 1207 3253 vestram,
1251 3197 1310 3243 ut
1344 3188 1505 3243 nobis
1544 3188 1738 3244 alacris
1767 3188 1864 3244 ad-

275 3279 337 3334 sit
371 3281 668 3336 clementer
693 3280 748 3336 in
782 3280 1056 3336 omnibus.
1089 3283 1324 3336 Litteras
1361 3291 1580 3338 nostras
1609 3299 1719 3338 non
1744 3291 1867 3354 post

280 3372 493 3444 longum
532 3383 747 3446 tempus
794 3389 923 3428 cum
963 3373 1298 3430 ﬁdelissimis
1328 3375 1528 3430 nostris
1572 3375 1864 3445 habebitis;

280 3480 338 3520 ex
379 3467 578 3538 quibus
607 3477 814 3535 nostra,
848 3483 973 3539 qua
1011 3467 1188 3524 adhuc
1225 3468 1454 3525 dicenda
1485 3477 1712 3538 restant,
1749 3473 1866 3526 Deo

282 3557 451 3627 dante,
487 3560 702 3632 plenius
721 3562 974 3617 audietis.

769 3672 1120 3728 EPISTOLA
1173 3673 1366 3727 XXX.

318 3785 552 3826 GREGORII
590 3789 658 3826 AD
692 3789 1010 3827 GKBOARDUM
1047 3790 1483 3829 SALZBURGENSEM
1523 3792 1828 3832 EPISCOPUM.

864 3871 1054 3924 (Anno
1095 3872 1275 3934 1073.)

289 3962 472 4028 Arguit
502 3960 644 4028 quod
670 3959 884 4013 clericos
911 3976 1018 4014 non
1054 3967 1300 4016 coerceat.
1346 3965 1523 4016 Monet
1560 3967 1621 4016 ut
1669 3963 1729 4016 id
1772 3964 1864 4030 fa.

488 4034 618 4084 ciat.
656 4031 1009 4085 Commendat
1033 4035 1386 4102 prasentium
1409 4033 1650 4087 latorem.

347 4133 698 4190 GnEGontus
715 4133 1016 4207 episcOpus,
1035 4151 1226 4192 servus
1241 4151 1522 4191 servorum
1540 4137 1662 4202 Dei,
1678 4137 1868 4193 Gneo-

289 4241 441 4283 uno
470 4227 850 4299 [Gsnmnno]
875 4229 1260 4301 Salzburgensi
1283 4230 1537 4300 episcOpo
1561 4230 1793 4285 salutem
1818 4241 1870 4286 et

287 4322 630 4389 apostolicam
661 4322 1122 4379 benedictionem.

349 4414 398 4468 Si
426 4430 487 4470 ea
540 4415 596 4470 in
642 4415 814 4484 vobis,
856 4432 1018 4488 quam
1063 4432 1349 4488 speramus
1393 4414 1574 4488 [quam
1622 4417 1676 4471 in
1719 4417 1871 4473 vobis

1973 3214 2120 3260 creta
2148 3211 2497 3258 contemnere
2527 3198 2820 3270 patiamini.
2866 3197 3219 3254 Prudentiam
3258 3198 3457 3270 quippe
3485 3215 3571 3254 ve-

1972 3309 2141 3354 stram
2187 3295 2255 3350 ad
2299 3294 2519 3366 plenum
2567 3307 2896 3364 cognoscere
2946 3307 3046 3347 nos
3093 3308 3204 3346 non
3254 3291 3400 3358 latet,
3449 3309 3570 3348 san-

1974 3401 2121 3447 ctam
2159 3391 2470 3444 Romanam
2512 3385 2806 3440 Ecclesium
2829 3385 2953 3457 jure
2978 3401 3006 3439 a
3040 3388 3157 3440 Deo
3183 3385 3311 3440 dato
3349 3385 3449 3440 sibi
3477 3387 3568 3441 de-

1974 3484 2197 3539 fendere
2227 3479 2607 3545 Ecclesiarum,
2629 3477 2998 3544 sacerdotum,
3020 3478 3404 3549 episcoporum
3431 3485 3570 3534 con-

1973 3575 2329 3641 secrationes;
2375 3581 2429 3627 et
2481 3589 2510 3626 a
2564 3572 2714 3626 nullo
2763 3580 2983 3642 sumpta
3027 3571 3239 3626 licentia
3277 3570 3476 3627 debere
3515 3582 3571 3627 et

1977 3686 2135 3742 posse
2168 3668 2475 3726 celebrare.
2509 3665 2618 3720 suis
2645 3674 2700 3720 et
2723 3665 3040 3736 prabuisse,
3073 3673 3128 3720 et
3156 3668 3272 3720 Deo
3295 3673 3572 3720 annuente
3615 3689 3620 3694 ·

1976 3763 2330 3835 praebituram
2357 3757 2726 3814 ﬁrmissimam
2752 3758 2917 3814 etiam
2948 3758 3004 3813 in
3034 3758 3139 3812 hoc
3164 3757 3536 3813 defensionem
3555 3801 3570 3826 ,

1975 3859 2071 3931 qui
2106 3861 2345 3913 Romam
2375 3853 2645 3921 venerint,
2681 3862 2736 3908 et
2771 3852 2913 3908 sedis
2939 3854 3250 3924 apostolica
3279 3852 3566 3908 consilium

1975 3961 2030 4008 et
2066 3951 2330 4008 auxilium
2381 3947 2649 4019 petierint.
2693 3946 2906 4011 Quibus
2950 3945 3200 4002 Arfastus
3239 3947 3424 4002 dictus
3461 3947 3569 4018 cpi-

1975 4062 2193 4118 scopus,
2237 4060 2343 4115 qua
2397 4056 2537 4097 n0va
2599 4040 2825 4096 audacia
2879 4040 3115 4109 resistat,
3178 4039 3280 4096 nisi
3343 4038 3571 4096 fortasse

1975 4141 2076 4196 ista
2113 4159 2124 4193 :
2157 4142 2355 4194 Ponam
2385 4137 2557 4191 sedem
2582 4151 2753 4189 meam
2779 4135 2852 4188 ad
2889 4135 3239 4204 Aquilonem,
3290 4142 3341 4189 et
3376 4149 3464 4188 ero
3491 4137 3571 4188 si-

1978 4237 2125 4288 milis
2169 4233 2444 4289 Altissimo
2497 4231 2677 4296 (Isaia:
2721 4229 2868 4300 xxv),
2902 4228 3236 4299 ignoramus.
3291 4228 3377 4282 Ad
3425 4226 3571 4298 quod

1979 4328 2144 4383 etiam
2190 4325 2403 4380 dilectio
2458 4331 2635 4377 vestra
2685 4337 2847 4392 super
2893 4321 2980 4376 his
3024 4321 3210 4387 sileat,
3258 4337 3368 4376 non
3409 4322 3568 4376 mini-

1981 4437 2134 4476 mum
2174 4401 2462 4473 miramur.
2508 4417 2735 4481 Verum,
2769 4415 2894 4486 quia
2924 4413 2991 4469 de
3050 4413 3201 4468 vobis
3255 4430 3368 4468 non
3419 4414 3573 4468 aliter

285 4508 674 4577 sperabamus],
725 4525 847 4582 erga
886 4525 988 4564 nos
1029 4509 1246 4565 dilectio
1281 4509 1556 4580 ﬂagraret,
1606 4509 1753 4582 prius
1796 4510 1865 4565 ad
1897 4555 1943 4614 ῃ
1979 4530 2142 4586 quam
2185 4513 2251 4567 de
2296 4511 2454 4565 nobis
2500 4508 2846 4575 dubitamus,
2898 4505 3287 4562 fraternitatem
3335 4516 3570 4561 vestram

284 4616 375 4655 nos
405 4611 596 4658 vestra
614 4619 783 4672 quam
803 4611 1008 4660 nostra
1024 4603 1092 4659 ad
1123 4619 1216 4658 vos
1245 4604 1440 4658 littera
1459 4604 1825 4675 pervenissent
1845 4623 1860 4671 ;

286 4711 399 4750 cum
437 4694 492 4750 id
533 4693 765 4752 faciendi
797 4694 1008 4752 facilius
1039 4697 1188 4752 vobis
1228 4711 1324 4768 per
1365 4697 1548 4768 plures
1576 4697 1644 4752 ad
1680 4697 1861 4752 limina

281 4790 648 4858 apostolorum
681 4788 977 4857 venientes,
1015 4806 1181 4861 quam
1215 4790 1371 4845 nobis
1402 4807 1500 4862 per
1530 4807 1703 4847 unum
1736 4791 1863 4846 hinc

281 4882 338 4936 ad
366 4899 458 4939 vos
475 4882 916 4955 proﬁciscentem
933 4885 1145 4940 occasio
1175 4884 1507 4939 conferatur.
1545 4887 1655 4940 Nos
1678 4893 1862 4940 tamen

285 4974 547 5032 insalutati
614 4975 858 5033 ofﬁcium
923 4977 1260 5033 salutationis
1321 4977 1712 5048 impendimus,
1785 4987 1862 5045 et,

280 5084 434 5139 quam
479 5071 746 5138 solemus,
777 5070 1082 5127 dilectionis
1123 5072 1216 5126 tibi
1246 5071 1614 5126 sinceritatem
1649 5070 1864 5125 exhibe-

282 5177 416 5217 mus.
461 5162 567 5218 Sed
601 5174 684 5219 est
733 5163 874 5219 unde
900 5163 1296 5221 fraternitatem
1339 5173 1493 5220 tuam
1525 5164 1863 5236 negligentia

278 5257 462 5311 merito
484 5257 636 5328 argui
671 5265 948 5328 putamus,
976 5259 1121 5329 quod
1151 5261 1218 5314 de
1252 5258 1500 5314 castitate
1519 5257 1863 5323 clericorum,

277 5347 409 5404 sicut
446 5350 609 5405 nobis
640 5350 876 5405 relatum
906 5359 1007 5420 est,
1041 5352 1324 5423 praceptis
1354 5355 1622 5406 Romana
1651 5351 1863 5424 synodi,

275 5442 356 5496 cui
381 5443 691 5510 interfuisti,
720 5443 1040 5500 inobediens
1076 5461 1248 5516 usque
1279 5445 1440 5502 hodie
1466 5443 1715 5499 videaris.
1745 5446 1862 5513 Qua

275 5533 326 5589 in
362 5552 420 5590 re
462 5544 679 5592 tantum
724 5538 794 5593 de
840 5546 912 5605 te,
955 5537 1289 5594 admirantes
1342 5539 1563 5610 gravius
1591 5538 1863 5607 dolemus,

275 5637 538 5698 quantum
592 5639 647 5686 te
696 5631 829 5687 illud
888 5631 1169 5687 sollicitius
1218 5633 1429 5704 cperari
1487 5632 1860 5703 sperabamus.

271 5721 428 5776 Unde
453 5725 745 5794 apostolica
773 5733 827 5780 te
862 5725 1187 5780 auctoritate
1213 5726 1575 5782 admonemus
1607 5733 1665 5780 ut
1699 5725 1867 5780 cleri-

272 5829 362 5868 cos
395 5822 530 5894 tuos
553 5819 646 5888 qui
679 5817 910 5890 turpiter
942 5827 1356 5886 conversantur,
1399 5819 1660 5890 pastorali
1689 5819 1865 5890 rigore

1970 4606 2308 4668 conﬁdenter
2337 4606 2696 4675 deprecamur
2739 4610 2797 4656 ut
2841 4601 2954 4654 vice
2998 4609 3185 4654 nostra
3216 4599 3418 4655 Arfasti
3473 4615 3568 4654 nu-

1968 4719 2067 4775 gas
2107 4700 2332 4772 penitus
2361 4696 2722 4766 compescatis
2744 4735 2760 4761 ,
2789 4703 2845 4749 et
2869 4695 3040 4749 sancti
3075 4693 3380 4749 Eadmundi
3409 4692 3570 4748 abba-

1971 4800 2102 4850 tiam
2142 4799 2331 4846 contra
2374 4788 2656 4844 decretum
2712 4788 3012 4844 decessoris
3067 4787 3238 4842 nostri
3284 4787 3569 4858 inquietaii

1971 4889 2121 4945 nullo
2158 4883 2324 4940 modo
2365 4883 2574 4939 sinatis.
2605 4884 2711 4956 Qui
2749 4883 2916 4938 etiam
2956 4899 3082 4938 cuin
3112 4882 3368 4938 eumdem
3401 4883 3565 4937 abba-

1970 4991 2082 5036 tem
2120 4980 2175 5034 in
2207 4979 2589 5049 presbyterum
2612 4977 2856 5033 ordinari
2884 4980 3084 5032 Roma
3111 4976 3344 5044 fecisset,
3368 4977 3568 5048 ipsum,

1971 5085 2026 5130 et
2074 5071 2466 5127 monasterium
2498 5071 2583 5126 cui
2632 5079 2851 5142 praest,
2899 5071 2954 5125 in
2987 5070 3212 5125 tutelam
3257 5071 3570 5142 apostolica

1971 5167 2116 5224 sedis
2141 5166 2366 5237 accepit.
2397 5164 2562 5220 Unde
2594 5165 2818 5237 injurias
2848 5164 2993 5220 illius
3020 5164 3076 5218 in
3113 5181 3216 5220 nos
3237 5163 3570 5221 redundare.

1970 5261 2312 5316 dissimulare
2345 5275 2456 5313 non
2497 5274 2816 5328 possumus;
2863 5258 3172 5329 prasertim
3213 5273 3343 5312 cum
3373 5257 3440 5312 ad
3471 5255 3568 5312 de-

1969 5363 2218 5424 spectum
2263 5352 2602 5407 auctoritatis
2639 5360 2840 5407 nostra
2883 5367 2973 5406 eas
3016 5350 3120 5406 sibi
3167 5350 3401 5420 irrogari
3448 5365 3567 5421 pero

1971 5446 2278 5519 pendimus.
2319 5447 2484 5502 Unde
2513 5446 2676 5501 ctiam
2707 5444 3066 5501 Guilielmum
3116 5459 3301 5515 regem
3330 5443 3574 5499 charissi-

1974 5557 2147 5607 mum,
2189 5551 2243 5596 et
2274 5541 2496 5596 unicum
2534 5541 2710 5596 lilium
2739 5549 2946 5595 sancta
2989 5543 3258 5594 Romana
3287 5538 3567 5601 Ecclesia,

1975 5636 2226 5707 precibus
2261 5635 2463 5690 nostris
2499 5643 2554 5688 et
2592 5634 2704 5688 vice
2732 5642 2924 5689 nostra
2963 5647 3127 5702 super
3153 5631 3234 5684 his
3273 5629 3568 5685 admonere

1971 5728 2316 5785 dilectionem
2365 5737 2600 5783 vestram
2645 5741 2947 5798 precamur,
2995 5733 3050 5778 et
3076 5739 3147 5778 ne
3179 5723 3385 5778 Arfasti
3417 5723 3570 5777 vanis

1975 5821 2414 5892 persuasionibus
2443 5820 2775 5891 acquiescat;
2798 5818 2851 5872 in
2871 5833 2980 5886 quo
3004 5832 3102 5872 sua
3121 5815 3410 5885 singularis
3438 5832 3568 5884 pru-
