4106 6182
492 281 594 333 3l5

1166 273 1222 327 S.
1263 271 1585 327 GREGORII
1623 272 1712 327 VII
1750 272 1945 328 PAPE
1984 273 2258 329 OPERUM
2299 273 2471 329 PARS
2512 274 2549 328 Ι.
2592 301 2663 314 -
2702 272 3102 328 REGISTRUM.

3679 269 3781 323 316

489 400 673 459 dentia
699 408 863 473 supra
890 398 1118 456 modum
1158 395 1429 452 diminuta
1453 402 1508 452 et
1536 403 1814 459 contracta
1862 396 1931 453 ab
1954 413 2076 473 om-
2106 406 2159 468 Α
2189 399 2317 455 dam
2363 397 2726 471 privilegium,
2752 396 2902 470 quod
2931 395 3104 451 beatae
3131 393 3527 451 recordationis
3566 392 3783 467 prede—

490 496 656 552 nibus
682 494 1048 569 cognoscitur.
1096 490 1151 547 Si
1196 504 1324 546 vero
1353 488 1579 546 Arfasto
1604 478 1923 560 '[Arfastus]
1952 508 2081 549 con-

495 598 578 647 tra
621 588 737 646 hac
778 588 1122 643 recalcitrare
1180 583 1377 639 abhinc
1417 586 1739 651 tentaverit,
1787 586 2081 655 apostolica

490 684 816 741 auctoritate
833 680 933 736 sibi
955 687 1009 736 et
1027 674 1300 735 Balduino
1319 676 1498 734 abbati
1520 678 1793 750 pmcipite
1816 686 1878 734 ut
1894 678 2082 736 sedem

491 776 845 849 apostolicam
873 774 939 830 ad
971 774 1088 829 haec
1119 771 1537 827 determinanda
1585 778 1791 844 petant.

562 873 697 925 Data
726 868 795 924 ad
828 870 1090 923 Sanctum
1120 868 1483 931 Germanum,
1524 866 1849 922 duodecimo
1880 865 2084 922 Kalen-

490 963 588 1020 das
633 961 972 1028 Decembris,
1011 959 1309 1016 indictione
1362 959 1704 1018 duodecima.

919 1064 1274 1120 EPISTOLA
1331 1063 1580 1119 XXXII.

604 1186 687 1225 AD
728 1182 1031 1226 ARLLDUM
1074 1180 1557 1223 CABNOTENSIUM
1595 1179 1953 1223 EPISCOPUI.

1088 1265 1268 1326 (Anno
1303 1263 1488 1326 1073.)

500 1368 567 1420 Ut
594 1364 669 1418 ad
710 1380 891 1418 curam
929 1379 1038 1418 sua:
1067 1362 1323 1429 abbatice,
1360 1366 1557 1416 remoto
1589 1363 1698 1416 alio
1742 1364 1947 1416 intruso
1986 1363 2079 1416 ab-

565 1434 705 1497 bate,
727 1438 978 1490 restituat
1004 1434 1290 1504 quemdam
1312 1432 1689 1499 Isimbardum,
1716 1435 1768 1487 si
1782 1432 1937 1488 nulla
1967 1432 2081 1487 alia

563 1506 720 1576 culpa
757 1508 990 1561 inveniat
1022 1522 1141 1560 eum
1186 1508 1495 1575 privatum,
1537 1506 1647 1559 nisi
1675 1504 1817 1575 quod
1844 1507 2085 1559 Hieroso-

562 1579 761 1647 lymam
789 1577 1080 1631 devotionis
1109 1590 1272 1630 causa
1302 1579 1572 1645 profectus
1606 1578 1794 1643 fuerit.

562 1678 867 1733 Gnsconms
882 1678 1190 1749 episcopus,
1207 1692 1397 1733 servus
1416 1693 1695 1733 servorum
1718 1677 1842 1744 Dei,
1867 1679 2087 1732 Amano

494 1770 789 1845 [Asnaum]
834 1743 1249 1828 Carnotensium
1282 1771 1538 1843 episcopo
1590 1743 1911 1827 salutemet
1955 1786 2081 1842 apo-
2120 1743 2168 1802 Β

489 1864 738 1921 stolicam
782 1863 1231 1921 benedictionem.

560 1957 916 2015 Prmsentium
947 1957 1180 2030 portitor
1200 1958 1538 2014 Isimbardus
1566 1957 1738 2014 abbas
1766 1958 2082 2015 monasterii

491 2051 673 2107 Sancti
716 2050 1068 2107 Laodomarii
1107 2051 1477 2121 [Launomari,
1520 2053 1713 2108 Mutin.
1759 2051 2081 2125 Audomari]

492 2142 562 2201 ad
599 2144 954 2217 apotolicam
992 2145 1208 2201 veniens
1246 2144 1464 2211 sedem,
1511 2143 1713 2201 nostris
1750 2153 1972 2218 questus
2001 2155 2085 2201 est

490 2239 713 2294 auribus
738 2255 797 2295 se
830 2238 1071 2311 praefata
1100 2238 1333 2295 abbatia:
1367 2253 1552 2295 carere
1578 2239 1907 2306 obedientia,
1932 2239 2083 2296 nulla

494 2332 889 2389 interveniente
951 2332 1130 2404 culpa,
1185 2332 1285 2387 nisi
1355 2332 1504 2404 quia,
1559 2330 1739 2388 divino
1793 2347 2085 2390 succensus

493 2441 703 2492 amore,
729 2426 966 2497 perrexit
993 2426 1471 2498 Hierosolymam;
1503 2442 1531 2481 a
1566 2442 1673 2497 qua
1696 2424 1827 2481 dum
1850 2424 2081 2493 rediret,

486 2520 697 2575 invenit
719 2519 1012 2592 quemdam
1038 2518 1289 2575 abbatem
1325 2518 1549 2575 nomine
1590 2518 1938 2588 Guidonem,
1971 2534 2085 2576 sum

492 2612 778 2683 praelatum
804 2613 1057 2683 abbatim,
1091 2622 1149 2668 ut
1171 2612 1500 2679 audivimus,
1530 2629 1641 2669 non
1679 2613 1843 2669 simili
1880 2613 2084 2686 praedi-

494 2714 610 2761 tum
628 2706 910 2778 religione,
931 2722 1107 2779 neque
1129 2708 1197 2762 ab
1216 2706 1319 2763 alio
1338 2705 1521 2779 [forte,
1539 2706 1739 2775 abillo,
1758 2706 1956 2780 Hann]
1976 2723 2085 2762 mo-

490 2800 726 2857 nasterio
762 2800 1082 2873 regulariter
1112 2810 1423 2873 sumptum.
1469 2802 1800 2857 Fraternitas
1825 2817 1953 2874 ergo
1993 2808 2085 2856 tua

480 2892 704 2949 studeat
751 2894 833 2965 pia
868 2894 1145 2964 inquirere
1187 2894 1575 2963 sollicitudine,
1616 2902 1671 2949 et
1715 2894 1877 2950 istius
1910 2910 2087 2950 remo-

485 2986 712 3056 tionem,
746 2994 801 3042 et
835 2987 977 3043 illius
1018 2988 1455 3054 ordinationem;
1488 2998 1648 3059 atque
1677 2988 1723 3043 si
1752 2988 1811 3043 in
1852 2986 1957 3044 hoc
1984 2981 2086 3043 ali-

487 3096 591 3151 qua
636 3097 747 3137 non
795 3081 1067 3137 invenitur
1117 3081 1298 3152 culpa,
1338 3081 1444 3135 nisi
1496 3079 1760 3152 profectio
1794 3080 1863 3135 ad
1895 3081 2090 3136 Hiero-

496 3176 772 3246 solymam
820 3174 987 3247 (quod
1041 3173 1262 3247 quidem
1315 3173 1567 3230 ducimus
1609 3172 1993 3242 tolerandum),
2024 3191 2087 3231 ac

492 3268 776 3323 sollicitius
797 3277 852 3324 et
873 3268 1178 3341 religiosius
1198 3283 1262 3323 eo
1294 3268 1436 3324 valet
1464 3267 1520 3323 in
1552 3266 1808 3341 regimine
1828 3266 2085 3337 fratrum,

493 3362 597 3417 iste
653 3362 841 3432 utique
885 3362 1233 3431 restituatur,
1276 3361 1367 3417 ille
1412 3378 1540 3417 vero
1568 3360 1875 3433 dejiciatur.
1925 3360 2086 3430 Quod

493 3455 537 3509 si
590 3462 647 3510 et
698 3456 797 3511 iste
864 3455 1029 3511 aliam
1091 3440 1389 3511 commisit;
1431 3455 1651 3528 culpam
1706 3470 1830 3526 quae
1878 3470 2006 3511 eum
2056 3470 2087 3510 a

492 3548 750 3620 regimine
772 3549 916 3621 juste
946 3557 1248 3615 removeat,
1298 3557 1354 3605 et
1394 3549 1485 3605 ille
1536 3549 1843 3622 religiosius
1889 3550 1994 3604 isto
2032 3549 2089 3603 in

494 3642 963 3698 administratione
1008 3642 1315 3714 pervigilat,
1347 3641 1725 3714 ordinatioque
1767 3642 1884 3714 ejus
1936 3658 2087 3713 repe-

495 3735 668 3790 riatur
698 3736 964 3807 legitima;
1002 3735 1146 3790 hunc
1173 3735 1399 3807 quidem
1429 3734 1793 3791 Isimbardum
1812 3734 1967 3791 nobis
1994 3744 2085 3792 tua

498 3826 815 3882 fraternitas
841 3844 969 3884 cum
1008 3828 1203 3883 litteris
1246 3827 1513 3895 remittat,
1543 3836 1598 3884 et
1639 3828 1729 3884 ille
1760 3828 1812 3883 in
1841 3844 1941 3885 suo
1967 3830 2086 3885 loco

499 3929 837 3992 permaneat.
862 3921 917 3976 Si
941 3936 1068 3977 vero
1094 3920 1237 3977 illius
1276 3922 1551 3993 promotio
1594 3921 1903 3977 Simoniaca
1929 3922 2089 3977 sorde

498 4013 769 4070 invenitur
811 4013 1036 4082 fmdata,
1066 4022 1197 4070 tunc
1232 4014 1497 4086 siquidem
1527 4016 1616 4071 ille
1640 4016 1759 4072 sine
1804 4032 1959 4071 mora
1989 4000 2088 4072 de-

499 4116 733 4180 ponatur
761 4124 790 4163 a
824 4108 1090 4180 regimine
1119 4107 1376 4175 fratrum,
1420 4118 1474 4165 et
1512 4109 1650 4164 alter
1689 4110 1739 4165 ei
1767 4109 2093 4182 regulariter

498 4200 875 4257 substituatur.
905 4200 1181 4272 Quidquid
1208 4209 1389 4257 autem
1421 4207 1517 4258 tua
1545 4202 1730 4276 religio
1767 4218 1931 4275 super
1962 4203 2092 4259 utri-

501 4310 671 4367 usque
710 4310 870 4351 causa
912 4294 1223 4367 expleverit,
1257 4294 1449 4351 litteris
1480 4295 1588 4351 tuis
1622 4296 1881 4353 innexum
1930 4298 2091 4355 nobis

500 4388 721 4445 studeat
758 4387 934 4445 facere
990 4396 1207 4445 notum.

574 4487 710 4539 Data
723 4485 1009 4556 Argentee
1025 4481 1375 4555 [Argentace,
1400 4487 1451 4539 et
1474 4486 1549 4538 sic
1567 4483 1744 4556 infra]
1762 4500 1799 4541 γ
1814 4485 2090 4543 Kalendas
2125 4486 2175 4548 D

498 4575 849 4645 Decembris,
888 4576 1183 4633 indictione
1218 4576 1557 4633 duodecima.

968 4680 1314 4736 EPISTOLA
1351 4680 1630 4735 XXXIII.

705 4799 775 4837 AD
824 4797 1051 4837 πλη-ηε
1088 4799 1420 4839 ΠΟΝΑΒΤΕἎῘΙ
1467 4799 1646 4838 REATE
1691 4800 1888 4841 MANE.

1099 4882 1281 4943 (Anno
1323 4878 1504 4947 1078.)

504 4980 861 5048 Priviiegium
879 4981 967 5034 sui
980 4979 1405 5049 pmdecessoris,
1439 4982 1570 5049 quia
1609 4982 1813 5046 falsum
1841 4995 1949 5034 esse
1977 4995 2094 5033 cen-

572 5052 741 5118 sebat,
790 5066 883 5104 nec
922 5052 1036 5104 vult
1080 5054 1418 5119 conﬁrmare,
1457 5066 1549 5105 nec
1606 5052 1758 5105 aliud
1799 5050 2093 5105 concedere.

574 5124 757 5192 Ipsum
784 5122 999 5176 electum
1033 5122 1302 5185 abbatem,
1333 5122 1439 5174 sibi
1468 5122 1717 5175 idoneum
1758 5137 1863 5174 non
1899 5124 2092 5192 visum,

576 5190 618 5247 ᾱ
655 5208 709 5249 se
737 5194 998 5247 monitum
1026 5194 1194 5258 fuisse
1222 5194 1491 5261 significat
1520 5198 1580 5246 ut
1611 5208 1645 5245 a
1659 5192 1978 5264 prwlatione
2007 5190 2098 5246 de-

577 5268 737 5320 sistat
784 5282 800 5319 :
831 5265 988 5334 jubet
1025 5271 1200 5319 tamen
1240 5269 1299 5318 ut
1336 5267 1551 5317 interim
1591 5265 1642 5317 ei
1667 5263 1949 5318 'obediant.

577 5365 879 5421 Gnacoaws
902 5365 1204 5437 episcOpus,
1232 5381 1421 5421 servus
1450 5379 1733 5421 servorum
1764 5365 1884 5431 Dei,
1914 5364 2099 5422 fratri-

506 5460 608 5516 bus
633 5460 947 5515 monasterii
974 5460 1150 5515 beatm
1176 5458 1381 5525 Mariae,
1412 5458 1501 5514 siti
1531 5456 1583 5513 in
1619 5459 1933 5530 episcOpatu
1958 5462 2097 5516 Dor-

506 5553 767 5623 donensi,
800 5552 1029 5608 salutem
1057 5561 1113 5608 et
1140 5552 1492 5625 apostolicam
1538 5550 1987 5608 benedictionem.

580 5645 814 5702 Veniens
843 5646 910 5702 ad
958 5653 1203 5702 nostram
1248 5646 1595 5718 pmsentiam
1641 5646 1813 5704 frater
1862 5648 2095 5705 Benedi-

505 5746 651 5809 ctus,
679 5752 841 5811 quem
875 5746 1001 5811 post
1024 5738 1233 5795 obitum
1264 5739 1430 5811 patris
1472 5739 1667 5796 Uberti
1693 5740 1878 5810 religio
1919 5748 2098 5797 vestra

508 5832 607 5887 sibi
638 5845 867 5904 pressae
911 5832 1071 5905 elegit
1108 5833 1163 5889 in
1190 5833 1468 5901 abbatem,
1496 5832 1690 5889 detulit
1730 5832 1888 5890 nobis
1923 5833 2096 5905 quod.

2185 492 2417 548 cessoris
2455 493 2623 547 nostri
2654 489 2949 548 Alexandri
2993 489 3218 545 nomine
3266 488 3549 545 titulatum
3578 486 3783 544 inveni-

2190 601 2316 641 mus
2347 606 2360 642 :
2392 585 2542 657 quod
2584 585 2847 641 nimirum
2881 592 3061 639 ratum
3101 598 3212 638 non
3249 598 3366 638 esse
3409 580 3782 637 manifestissi-

2191 679 2296 734 mis
2343 679 2801 756 deprehendimus
2846 677 3082 743 indiciis,
3132 676 3480 747 corruptione
3526 674 3784 731 videlicet

2190 777 2521 843 Latinitatis,
2552 791 2655 830 nec
2676 788 2791 829 non
2820 779 2872 826 et
2900 770 3209 827 diversitate
3235 769 3509 825 canonica:
3547 769 3783 825 auctori-

2190 875 2339 930 tatis.
2382 868 2713 943 Congruenti
2760 865 2922 939 igitur
2960 863 3189 931 ratione,
3215 879 3390 934 neque
3418 870 3573 919 vetus
3617 862 3781 918 robo-

2189 984 2329 1035 rare,
2392 980 2568 1038 neque
2610 967 2798 1017 nostro
2840 958 3060 1015 nomine
3107 973 3313 1013 novum
3359 956 3586 1028 dignum
3627 956 3784 1012 duxi-

2188 1077 2311 1118 mus
2353 1056 2850 1131 impreesentiarum
2896 1068 3226 1125 componere
3276 1070 3290 1107 :
3332 1050 3457 1122 quia
3495 1065 3618 1121 qum
3655 1058 3785 1106 sunt

2192 1156 2331 1225 iusta
2356 1161 2411 1210 et
2448 1153 2535 1224 pia
2566 1148 2802 1223 postulat
2829 1145 3191 1203 ecclesiastica
3220 1144 3421 1218 regula.
3456 1144 3594 1201 Cum
3631 1144 3784 1199 enim

2191 1245 2564 1305 Dordonensis
2600 1241 2973 1317 [Dertonensis
3002 1245 3052 1295 et
3078 1242 3154 1294 sic
3178 1236 3353 1311 infra]
3396 1237 3653 1305 Ecclesia,
3680 1254 3786 1293 cu-

2187 1344 2277 1414 jus
2299 1339 2570 1414 parochim
2596 1335 2875 1409 adjacetis,
2917 1340 3175 1406 operante
3202 1347 3438 1404 superna
3470 1330 3782 1397 clementia,

2191 1435 2453 1493 canonice
2481 1432 2649 1489 fuerit
2676 1428 2945 1495 ordinata,
2985 1436 3115 1484 tunc
3144 1426 3393 1498 quidem,
3426 1423 3622 1481 comite
3651 1424 3784 1491 vita,

2192 1547 2257 1586 ex
2286 1542 2555 1585 consensu
2582 1524 2828 1597 ejusdem
2868 1520 3011 1578 sedis
3040 1519 3298 1593 episcopi,
3346 1518 3603 1591 proﬁcuae
3644 1518 3786 1574 utili-

2191 1623 2317 1679 tatis
2374 1619 2709 1693 privilegium
2762 1623 2953 1673 vestrae
3022 1614 3329 1671 necessitati
3383 1613 3788 1685 providebimus

2197 1716 2457 1774 canonica
2505 1711 2829 1769 auctoritate
2878 1707 3187 1765 suffultum.
3238 1707 3399 1777 Quod
3443 1707 3511 1773 si,
3553 1705 3787 1779 peccatis

2196 1809 2560 1883 exigentibus,
2600 1804 2789 1863 eadem
2819 1803 3043 1861 ecclesia
3071 1802 3334 1859 canonice
3359 1817 3467 1857 non
3498 1800 3661 1855 fuerit
3699 1816 3785 1856 or-

2192 1905 2398 1972 dinata,
2438 1912 2569 1959 tunc
2600 1901 2763 1956 etiam
2808 1896 3138 1964 muninime,
3168 1913 3276 1969 quo
3298 1897 3443 1967 juste
3469 1893 3785 1961 valebimus,

2192 1998 2344 2054 vobis
2368 1997 2593 2053 omnino
2619 1992 3012 2050 solatiabimur.
3043 1989 3181 2060 Quia
3215 2005 3339 2045 vero
3367 2003 3597 2061 persona
3624 1987 3788 2043 vestri

2191 2091 2374 2157 electi,
2416 2090 2537 2146 licet
2580 2086 2825 2144 honestis
2867 2083 3085 2156 praedita
3130 2081 3377 2139 videatur
3402 2080 3669 2148 moribus,
3718 2080 3788 2136 ad

2191 2185 2402 2241 abbatis
2438 2192 2624 2239 tamen
2654 2178 2925 2245 ofﬁcium,
2958 2193 3082 2233 cum
3113 2183 3279 2233 aetate
3317 2184 3435 2231 tum
3467 2174 3629 2231 etiam
3665 2189 3788 2229 cor-

2192 2279 2343 2351 poris
2389 2275 2736 2340 inﬁrmitate,
2800 2272 2961 2327 nobis
3003 2270 3111 2325 visa
3154 2278 3241 2325 est
3283 2269 3508 2338 debilis,
3565 2277 3787 2342 utpote,

2191 2388 2357 2444 quem
2404 2378 2619 2442 oportet
2669 2383 2768 2440 pro
2816 2366 3070 2421 omnibus
3117 2362 3533 2420 sollicitudinem
3579 2378 3787 2436 gerere,

2192 2464 2449 2522 eumdem
2487 2465 2721 2519 electum
2751 2459 3066 2515 monuimus
3097 2473 3128 2514 a
3166 2456 3481 2529 praelatioue
3511 2454 3788 2525 desistere,

2190 2559 2234 2616 si
2268 2575 2324 2615 se
2351 2556 2650 2613 invalidum
2672 2553 2901 2610 fratrum
2924 2550 3426 2624 opportunitatibus
3455 2550 3793 2622 perSpexerit

2194 2668 2300 2709 non
2330 2668 2488 2724 posse
2522 2648 2771 2706 sufﬁcere
2797 2668 2809 2702 :
2835 2648 2921 2702 cui
2960 2654 3160 2711 tamen,
3190 2642 3369 2717 quoad
3397 2642 3693 2716 praefuerit,
3733 2643 3791 2698 in

2192 2745 2438 2821 ejusdem
2476 2743 2750 2817 religionis
2782 2750 2972 2797 tenore
3003 2746 3432 2811 perseverantes,
3468 2739 3522 2793 in
3562 2753 3669 2809 qua
3701 2753 3790 2793 ve-

2190 2849 2302 2897 ster
2338 2855 2434 2895 vos
2462 2836 2754 2894 defunctus
2795 2834 3029 2891 instituit
3067 2840 3241 2905 pater,
3276 2831 3513 2888 debitam
3542 2846 3795 2887 reveren-

2193 2935 2325 2989 tiam
2360 2931 2626 2989 exhibete.
2673 2928 2871 2987 Caeteri
2902 2943 3120 3001 quoque
3161 2924 3414 2982 monachi
3454 2925 3614 2981 vestri
3659 2940 3793 2979 con-

2197 3027 2346 3095 socii,
2380 3042 2472 3097 per
2497 3024 2659 3081 cellas
2686 3023 2754 3079 ab
2793 3021 2985 3078 eodem
3019 3029 3170 3093 patre
3206 3027 3386 3076 vestro
3421 3026 3789 3082 constructas,

2126 3117 2171 3180 C
2200 3131 2261 3177 ut
2298 3119 2590 3176 vobiscum
2622 3119 2734 3173 sint
2758 3116 3069 3181 unanimes,
3090 3113 3377 3185 eidemque
3409 3122 3589 3168 vestro
3606 3111 3792 3168 abbati

2193 3222 2501 3270 reverenter
2540 3209 2817 3274 obediant,
2849 3207 3172 3265 auctoritate
3204 3207 3547 3280 pracipimus
3576 3214 3795 3278 aposto-

2194 3309 2313 3364 lica.
2366 3300 2507 3378 Quia
2538 3304 2826 3377 epistolare
2855 3300 3246 3375 compendium
3281 3300 3472 3365 multa,
3508 3316 3635 3373 quae
3674 3299 3799 3355 fra-

2192 3400 2369 3458 tribus
2390 3400 2581 3456 vestris
2608 3397 3003 3464 intimavimus,
3033 3403 3225 3450 vestra:
3272 3392 3593 3450 fraternitati
3620 3392 3800 3448 notiﬁ-

2190 3510 2315 3551 care
2336 3509 2446 3550 non
2468 3494 2691 3566 patitur,
2725 3504 2847 3562 qua:
2877 3488 3002 3545 huic
3030 3487 3277 3560 epistola:
3305 3485 3511 3543 desunt
3548 3483 3800 3559 praedicti

2195 3588 2387 3644 fratres
2422 3586 2647 3643 auribus
2679 3584 2873 3639 vestris
2892 3582 3007 3637 viva
3029 3596 3161 3638 voce
3178 3581 3502 3636 narrabunt.

2266 3683 2404 3736 Data
2429 3660 2716 3752 Argenteae
2739 3693 2801 3734 ιν
2820 3675 3097 3732 Kalendas
3120 3674 3462 3743 Decembris,
3494 3672 3796 3729 indictione

2196 3774 2542 3832 duodecima.

2644 3881 2998 3938 EPISTOLA
3067 3879 3337 3935 XXXIV.

2294 4003 2375 4044 AD
2413 3999 2743 4044 BEHBDIUM
2782 3996 3279 4040 LINCULNIENSRM
3320 3994 3684 4071 ΕΡῐξΟΟΡῐῘΠ.

2788 4091 2975 4158 (Anno
3026 4086 3212 4157 1073.)

2207 4198 2369 4252 Arcet
2392 4194 2716 4249 homicidam
2742 4209 2777 4246 a
2804 4194 2952 4247 sacri
2978 4191 3170 4245 altaris
3198 4189 3491 4244 ministerio
3518 4208 3533 4242 :
3556 4187 3798 4242 concedit

2270 4272 2450 4321 tamen
2478 4266 2587 4327 illi,
2619 4267 2671 4319 si
2687 4264 3057 4333 pcenitentiam
3080 4263 3267 4331 egerit,
3292 4263 3353 4313 ut
3380 4257 3669 4329 stipendiis
3691 4260 3794 4314 Ec-

2268 4338 2441 4391 clesia:
2475 4337 2556 4389 ali
2590 4338 2780 4406 possit.

2272 4439 2625 4497 GBEGOBIUS
2638 4438 2943 4509 episcopus,
2960 4450 3148 4492 servus
3157 4447 3443 4491 servorum
3456 4432 3575 4501 Dei,
3591 4432 3797 4489 Rana-

2204 4547 2305 4589 DlO
2332 4531 2677 4587 Lincolnensi
2716 4531 2771 4585 in
2796 4529 2991 4603 Anglia
3021 4530 3274 4602 episcopo
3311 4528 3543 4584 salutem
3577 4534 3633 4583 et
3660 4541 3797 4599 apo-

2201 4625 2450 4683 stolicam
2503 4624 2962 4681 benedictionem.

2272 4722 2530 4775 Latorem
2559 4720 2935 4791 prmsentium,
2957 4734 3123 4792 quem
3146 4717 3501 4774 fraternitatis
3521 4726 3630 4773 tua:
3650 4718 3797 4772 litte-

2202 4825 2278 4868 rae
2345 4810 2637 4867 homicidio
2696 4812 3024 4866 maculatum
3081 4810 3239 4865 nobis
3303 4809 3793 4875 denuntiaverunt,

2202 4904 2343 4961 nulla
2366 4911 2681 4961 sanctorum
2712 4906 2943 4959 Patrum
2970 4903 3266 4959 auctoritas
3291 4903 3539 4959 concedit
3566 4901 3801 4957 ulterius

2203 4998 2368 5054 sacris
2410 4997 2668 5053 altaribus
2709 4995 3036 5063 ministrare,
3068 5010 3169 5051 nec
3211 5012 3315 5052 nos
3338 4996 3492 5051 decet
3520 4996 3796 5051 constitu-

2202 5091 2333 5146 tioni
2355 5089 2513 5154 illius,
2539 5088 2686 5161 quod
2707 5089 2869 5144 absit!
2901 5104 3183 5144 assensum
3209 5088 3500 5161 prabendo
3525 5103 3802 5143 canonum

2204 5183 2425 5239 statutis
2474 5182 2766 5239 contraire.
2810 5184 2931 5238 Tua
2972 5189 3156 5238 tamen
3183 5181 3392 5253 religio,
3438 5180 3480 5236 si
3520 5196 3649 5237 eum
3692 5196 3795 5252 pro

2204 5277 2503 5332 commisso
2532 5274 2757 5331 crimine
2790 5274 3118 5347 perspexerit
3141 5274 3366 5347 dignum
3395 5277 3511 5329 Deo
3540 5273 3801 5329 exhibere

2207 5369 2445 5426 fructum
2478 5369 2833 5441 pmnitentiaa,
2885 5367 2990 5425 hoc
3018 5367 3117 5424 sibi
3156 5366 3581 5423 misericorditer
3622 5367 3802 5439 provi-

2207 5464 2351 5530 deat,
2378 5478 2448 5518 ne
2473 5460 2759 5534 stipendiis
2798 5460 3173 5518 ecclesiasticis
3201 5468 3405 5527 careat,
3449 5468 3637 5533 atque,
3670 5476 3801 5531 pau-

2209 5565 2416 5629 pertate
2448 5554 2807 5629 pusillanimis
2844 5553 3041 5621 factus,
3086 5553 3267 5610 divina
3310 5560 3613 5625 postponat
3656 5568 3799 5625 prai-

2208 5658 2359 5721 cepta
2401 5666 2415 5704 :
2456 5648 2585 5705 licet
2634 5662 2870 5720 namque
2917 5644 3284 5703 sacerdotium
3318 5647 3470 5702 nullo
3508 5654 3665 5718 pacto
3697 5660 3799 5701 un-

2208 5756 2371 5815 quam
2419 5749 2690 5798 mereatur
2719 5739 2977 5812 recipere,
3006 5739 3228 5811 dignum
3260 5745 3445 5796 tamen
3497 5746 3582 5795 est
3612 5752 3800 5795 censes

2208 5835 2299 5906 qui
2328 5848 2457 5892 eum
2482 5832 2697 5907 aliquod
2738 5831 3067 5891 beneﬁcium
3094 5832 3162 5890 ab
3186 5832 3484 5905 apostolica
3504 5828 3651 5890 sede.
3677 5830 3798 5889 Ab-
