4106 6182
252 312 356 364 317

1348 313 1547 368 LIBER
1585 312 1849 370 paruus.
1891 343 1958 355 -
1997 288 2203 369 EPlST.
2247 312 2461 368 xxxvx.

3447 323 3550 377 3i8

249 434 575 490 solutionem
611 445 869 507 praterea
912 444 1259 506 peccatorum
1304 443 1550 506 tuorum,
1579 439 1718 493 sicut
1747 453 1837 493 ro-
1866 444 1921 506 Α
1949 439 2126 505 cussi,
2171 438 2242 493 illi
2298 439 2519 507 ulterius
2577 437 2955 521 obtemperare
3014 443 3360 499 recusabunt.
3419 446 3553 501 Hac

247 527 404 599 gusti,
444 530 772 584 auctoritate
818 529 1122 601 principum
1172 530 1546 601 apostolorum
1598 531 1737 587 Petri
1793 539 1849 588 et

248 620 401 677 Pauli
436 621 582 690 fulti,
611 637 847 694 quorum
885 623 1001 678 vice
1028 624 1276 695 quamvis
1306 623 1509 696 indigni
1546 622 1845 696 fungimur,

250 714 347 770 tibi
378 716 605 771 mittere
628 715 853 788 dignum
890 716 1170 784 duximus,
1200 717 1242 773 si
1274 726 1457 774 tamen
1484 716 1645 773 bonis
1671 716 1867 790 Operi?

244 804 349 861 bus
382 804 720 874 inbarendo,
766 816 823 862 et
862 809 1191 863 commissos
1219 822 1473 864 excessus
1518 808 1845 882 plangendo,

246 908 514 971 quantum
568 898 833 967 valueris,
883 902 1134 973 corporis
1190 901 1270 956 tui
1317 901 1688 958 habitaculum
1728 905 1848 957 Deo

244 991 516 1048 mundum
548 994 813 1065 templum
861 994 1191 1050 exhibueris.
1232 994 1394 1063 Quod
1430 1003 1617 1051 autem
1664 1010 1848 1066 preca-

242 1093 329 1141 tus
366 1101 427 1142 es
457 1102 563 1141 nos
605 1088 705 1141 tibi
742 1087 958 1159 jubere,
1001 1097 1268 1159 quatenus
1320 1088 1491 1159 possis
1519 1089 1656 1144 scire
1704 1087 1849 1144 unde

240 1179 397 1234 nobis
448 1180 738 1236 serviendo
765 1180 1023 1236 merearis
1065 1181 1294 1252 placere,
1344 1180 1451 1237 hoc
1504 1182 1847 1252 potissimum

244 1258 629 1344 pracipimus,
676 1274 785 1329 tuis
836 1274 1083 1331 videlicet
1127 1273 1307 1345 juvari
1361 1274 1728 1341 orationibus,
1786 1283 1849 1331 ut

243 1376 528 1437 compotes
569 1366 731 1423 simul
770 1380 1082 1423 mereamur
1109 1366 1319 1439 gaudiis
1366 1367 1569 1439 perfrui
1598 1368 1846 1440 perenni-

245 1458 360 1515 bus.
1767 1465 1775 1472 '

309 1556 454 1609 Data
482 1552 795 1610 Terracina
836 1568 913 1611 IV
938 1557 1124 1611 Nonas
1167 1553 1515 1621 Decembris,
1561 1554 1850 1612 indictione

245 1646 598 1702 duodecima.

708 1749 1062 1809 EPISTOLA
1098 1752 1344 1808 XXXV.

244 1867 307 1907 sn
357 1866 664 1909 scaenicum
712 1851 1038 1927 [ROCLENUM]
1096 1868 1491 1911 memorantem
1532 1870 1841 1912 EPISCOPUM.

830 1958 1028 2029 (lAnno
1062 1962 1253 2025 1073.)

246 2062 305 2115 In
334 2060 649 2132 Philippum
681 2063 1011 2118 Francorum
1054 2078 1231 2132 regem
1276 2061 1553 2118 invehitur
1596 2061 1840 2118 ecclesia-

310 2147 429 2186 rum
452 2130 787 2188 scnditurem
802 2137 852 2188 et
879 2130 1281 2199 destructorem,
1304 2148 1460 2204 quem
1485 2135 1551 2189 ab
1576 2148 1632 2189 eo
1650 2136 1849 2188 moueri

308 2205 424 2259 uult
452 2209 515 2259 ut
542 2208 791 2260 canonice
808 2207 1075 2276 episcopos
1099 2207 1235 2276 eligi
1250 2209 1555 2276 permittat.

309 2307 665 2363 GBEGOBIUS
680 2307 989 2379 episcopus,
1007 2321 1196 2365 servus
1208 2322 1491 2364 servorum
1506 2307 1631 2374 Dei,
1649 2310 1845 2363 Rona-

243 2413 381 2456 stco
436 2400 765 2470 [Rocuno]
815 2401 1161 2457 Cabilonensi
1204 2402 1458 2474 episcopo
1507 2401 1749 2457 salutem
1790 2408 1847 2456 et

240 2494 595 2564 apostolicam
622 2493 1082 2551 benedictionem.

305 2590 458 2643 inter
483 2596 716 2644 cateros
750 2588 926 2643 nostri
969 2588 1136 2661 hujus
1159 2588 1423 2661 temporis
1452 2589 1726 2662 principes
1753 2590 1846 2661 qui

242 2681 540 2737 Ecclesium
616 2680 718 2736 Dei
788 2694 1045 2752 perversa
1117 2681 1412 2754 cupiditate
1473 2682 1841 2740 venundando

237 2775 653 2847 dissipaverunt,
697 2782 755 2829 et
808 2778 1040 2831 Matrem
1079 2790 1259 2843 suam,
1315 2777 1402 2831 cui
1447 2791 1515 2831 ex
1554 2776 1848 2833 Dominico

240 2879 506 2940 pracepto
553 2868 821 2923 honorem
870 2879 926 2924 et
967 2870 1326 2925 reverentiam
1379 2869 1701 2937 debuerant,
1752 2887 1844 2926 an-

239 2962 394 3017 cillari
444 2961 788 3033 subjectione
833 2962 1049 3034 penitus
1078 2962 1491 3029 conculcarunt,
1531 2963 1841 3035 Philippum

238 3069 418 3127 regem
462 3056 802 3111 Francorum
846 3056 1151 3112 Gallicanae
1208 3056 1473 3112 Ecclesias
1521 3057 1573 3111 in
1616 3066 1839 3113 tantum

240 3148 572 3220 oppressisse
596 3158 742 3204 certa
764 3149 1027 3205 relatione
1048 3149 1359 3218 didicimus,
1385 3156 1444 3204 ut
1465 3149 1533 3205 ad
1559 3165 1839 3207 summum

239 3250 343 3297 tam
377 3241 684 3298 detestandi
722 3242 888 3315 hujus
917 3242 1180 3299 facinoris
1208 3244 1495 3299 cumulum
1532 3245 1841 3315 pervenisse

240 3334 502 3391 videatur.
551 3335 736 3404 Quam
769 3350 888 3392 rem
929 3335 999 3392 de
1036 3351 1209 3409 regno
1255 3337 1345 3392 illo
1389 3345 1542 3393 tanto
1600 3337 1843 3407 profecto

241 3429 459 3485 tulimus
483 3430 793 3498 molestius,
828 3439 1034 3502 quanto
1057 3437 1109 3485 et
1140 3428 1447 3501 prudentia,
1477 3440 1530 3486 et
1555 3429 1841 3503 religione,

243 3531 291 3576 et
317 3522 520 3578 viribus
550 3523 801 3579 noscitur
837 3522 1004 3580 fuisse
1032 3524 1328 3595 potentius,
1357 3534 1413 3580 et
1455 3539 1585 3595 erga
1630 3527 1843 3580 Roma-

244 3630 364 3671 nam
398 3616 698 3672 Ecolssiam
739 3617 916 3673 multo
939 3616 1207 3674 devotius.
1248 3621 1320 3673 Et
1354 3632 1457 3673 nos
1481 3614 1704 3689 quidem
1728 3626 1843 3674 tam

248 3710 503 3780 generalis
535 3720 741 3766 nostra
778 3726 905 3766 cura
948 3709 1352 3777 sollicitudinis,
1387 3724 1557 3783 quam
1600 3712 1842 3783 ipsarum

160 3810 171 3821 '
250 3803 540 3859 destructio
583 3804 967 3873 ecclesiarum,
1014 3804 1368 3860 vehementer
1412 3804 1734 3861 accenderat
1782 3816 1845 3862 ut

251 3895 299 3949 in
324 3906 435 3952 tam
483 3895 720 3952 audaces
754 3906 961 3953 sancta
990 3898 1271 3971 religionis
1315 3913 1569 3954 excessus
1606 3899 1845 3955 severius

250 3988 661 4045 animadvertere
701 3989 1046 4047 deberemus.
1100 3990 1208 4047 Sed
1256 3990 1547 4062 quoniam,
1586 3992 1844 4047 anteactis

253 4081 451 4151 diebus,
496 4100 595 4155 per
625 4082 953 4139 familiarem
982 4100 1144 4140 suum
1189 4084 1605 4147 cubicularium,
1652 4085 1841 4140 videli-

254 4184 328 4229 cet
362 4176 701 4241 Albericum,
742 4177 815 4233 ad
848 4178 1021 4233 nostri
1049 4192 1345 4234 censuram
1365 4176 1552 4247 judicii
1594 4188 1645 4232 et
1673 4179 1842 4235 vitam

255 4270 507 4341 corrigere
550 4278 609 4326 et
652 4270 918 4326 Ecclesias
961 4270 1218 4326 ordinare
1267 4269 1497 4325 ﬁrmiter
1538 4271 1699 4326 nobis
1749 4286 1841 4327 re-

255 4362 487 4431 spondit,
546 4362 785 4435 rigorem
851 4360 1248 4418 canonicorum
1302 4361 1520 4419 interim
1589 4378 1840 4420 exercere

254 4452 570 4512 distulimus.
605 4456 784 4527 Hujus
830 4468 962 4527 ergo
1000 4454 1381 4527 promissionis
1420 4456 1585 4512 fidem
1628 4458 1686 4513 in
1716 4459 1836 4514 Ma-

254 4547 525 4604 tisconensi
568 4547 803 4604 Ecclesia
848 4548 1082 4620 pastoris
1122 4549 1387 4621 regimine
1424 4549 1519 4606 diu
1558 4548 1829 4619 desolata,

255 4648 299 4691 et
329 4639 393 4696 ad
416 4640 649 4696 nihilum
677 4654 813 4712 pene
836 4641 1081 4708 redacta,
1110 4642 1165 4697 in
1204 4640 1403 4713 primis
1445 4645 1698 4699 volumus
1749 4658 1839 4701 ex-

255 4732 429 4802 periri;
460 4742 523 4789 ut
563 4735 771 4791 scilicet
801 4735 1354 4807 Augustodunensem
1400 4737 1843 4795 archidiaconum

254 4828 486 4882 unanimi
522 4828 654 4883 cleri
693 4836 751 4884 et
796 4828 980 4901 populi
1009 4843 1303 4897 consensu,
1334 4830 1504 4901 ipsius
1555 4831 1741 4899 etiam,
1783 4841 1845 4887 ut

250 4919 566 4991 audivimus,
592 4923 737 4993 regis
777 4934 1006 4978 assensu
1047 4923 1301 4991 electum,
1334 4925 1643 4996 episcOpatu
1695 4925 1842 4982 dono

250 5014 423 5083 gratis,
449 5024 511 5070 ut
533 5014 712 5084 decet,
740 5028 1027 5083 concesso,
1063 5015 1318 5073 Ecclesia
1348 5016 1548 5089 pratici
1588 5020 1837 5090 patiatur.

248 5105 392 5174 Quod
437 5107 483 5163 si
530 5105 707 5164 facere
746 5108 1017 5177 noluerit,
1069 5110 1445 5166 indubitanter
1486 5112 1696 5167 noverit
1739 5128 1841 5168 nos

250 5198 379 5256 hanc
414 5202 673 5258 Ecclesia
701 5203 914 5257 ruinam
951 5216 1293 5274 nequaquam
1322 5203 1528 5260 diutius
1574 5205 1841 5261 toleratu-

251 5306 353 5359 ros,
401 5304 453 5349 et
480 5309 547 5350 ex
576 5295 906 5351 auctoritate
949 5295 1236 5351 beatorum
1280 5297 1652 5367 apostolorum
1695 5301 1839 5355 Petri

250 5395 298 5440 et
329 5388 478 5443 Pauli
508 5388 707 5445 duram
736 5388 1119 5445 inobedientia
1144 5391 1549 5446 contumaciam
1576 5392 1839 5449 canonica

248 5481 551 5536 austeritate
592 5482 944 5537 coercituros.
990 5483 1131 5537 Nam
1179 5490 1276 5537 aut
1327 5497 1422 5539 rex
1469 5482 1615 5555 ipse,
1667 5499 1838 5557 repu-

248 5572 383 5629 diato
414 5575 559 5646 turpi
586 5573 911 5630 Simoniacaa
938 5574 1163 5632 haresis
1190 5577 1571 5647 mercimonia,
1611 5576 1840 5636 idoneas

247 5667 308 5719 ad
347 5678 567 5723 sacrum
610 5666 853 5739 regimen
896 5682 1157 5739 personas
1194 5671 1503 5741 promoveri
1530 5671 1839 5742 permittet,

246 5767 335 5813 aut
361 5758 555 5815 Franci
595 5774 694 5831 pro
723 5768 897 5825 certo,
932 5761 1039 5816 nisi
1079 5761 1248 5818 ﬁdem
1295 5762 1656 5819 Christianam
1700 5763 1836 5837 abji-

245 5866 359 5907 οπο
390 5851 705 5922 maluerint,
735 5854 999 5925 generalis
1023 5854 1391 5911 anathematis
1420 5871 1684 5914 mucrone
1708 5870 1835 5930 per-

1876 1808 1924 1874 Β

1954 532 2096 599 ideo,
2126 532 2295 588 frater
2323 531 2666 599 charissime,
2703 532 2999 604 vigilantia
3029 541 3139 591 tua
3177 535 3427 592 intimare
3454 554 3550 594 cu-

1953 626 2224 689 ravimus,
2267 634 2539 696 quatenus
2578 640 2640 681 ea
2682 626 2945 697 praedicto
2989 627 3103 698 regi
3149 628 3450 699 insinuare,
3501 640 3555 686 et

1955 718 2318 787 exhortando,
2358 728 2417 773 et
2456 717 2721 790 rogando,
2768 719 3055 792 modisque
3085 720 3344 779 omnibus
3376 721 3550 780 incul-

1956 825 2082 866 care
2104 810 2337 877 studeat,
2362 818 2424 866 ut
2438 818 2492 866 et
2509 809 2792 881 prafatam
2816 812 3291 881 Matisconensem,
3313 814 3552 889 aliasque

1955 903 2227 960 Ecclesias
2281 903 2537 959 canonice
2595 903 2856 961 concedat
2919 904 3182 962 ordinari.
3248 907 3368 964 Tibi
3419 924 3551 981 ergo

1956 998 2195 1054 maxime
2224 997 2340 1053 hac
2385 997 2591 1053 idcirco
2640 998 2991 1070 iniungimus,
3032 1001 3158 1073 quia
3207 1001 3550 1073 prudentiam

1955 1099 2108 1147 tuam
2154 1107 2411 1163 magnam
2440 1106 2578 1160 esse,
2609 1098 2665 1147 et
2714 1092 2862 1163 regia
2911 1091 3270 1150 familiaritate
3320 1095 3397 1151 uti
3450 1112 3549 1151 co-

1954 1185 2264 1256 gnovimus.
2301 1185 2356 1239 Si
2389 1200 2495 1257 qua
2519 1192 2705 1240 autem
2733 1199 2857 1256 qua
2892 1184 3122 1241 dicenda
3152 1196 3306 1242 erant
3332 1204 3363 1244 a
3393 1189 3551 1244 nobis

1956 1278 2323 1351 praetermissa
2344 1285 2492 1345 sunt,
2526 1278 2645 1333 hac
2680 1278 2879 1349 ingenii
2914 1279 2993 1333 tui
3023 1294 3252 1335 acumen
3286 1279 3544 1353 injungat.

1955 1374 2142 1442 Itaque
2183 1371 2240 1426 in
2283 1371 2385 1426 hac
2434 1370 2807 1442 persecutione
2845 1368 3052 1439 labora,
3098 1380 3160 1427 ut
3203 1381 3255 1428 et
3283 1373 3385 1428 Dei
3428 1388 3551 1445 gra-

1955 1466 2104 1533 tiam,
2137 1473 2192 1520 et
2211 1474 2454 1520 nostram
2478 1463 2913 1520 benevolentiam
2940 1467 3319 1537 promerearis.

2030 1562 2167 1613 Data
2192 1558 2408 1631 Piperni
2435 1574 2485 1617 ιι
2514 1560 2701 1614 Nonas
2731 1558 3070 1627 Decembris,
3103 1558 3395 1617 indictione
3420 1561 3553 1618 duo-

1956 1651 2185 1709 decima.

2398 1789 2742 1847 EPISTOLA
2781 1790 3051 1847 XXXVI.

2060 1940 2140 1981 AD
2172 1938 3045 1995 HUMBBBTUM‘LUGDUNBNSEM
3077 1940 3442 1985 ΕΡιεςοΡυκ.

2562 2040 2745 2112 (Anno
2788 2040 2966 2111 1073.)

1954 2177 2190 2233 Mandat
2226 2180 2288 2231 ut
2308 2175 2378 2230 ab
2411 2176 2530 2245 ipso
2556 2175 2639 2230 vel
2668 2176 2783 2245 ejus
2804 2174 3183 2246 suffragandi:
3208 2177 3398 2233 electus
3432 2181 3557 2236 Ma-

2027 2250 2332 2305 tisconensis
2359 2249 2517 2302 etiam
2533 2252 2720 2302 contra
2735 2250 2879 2317 regis
2900 2249 3231 2304 uoluntatem
3249 2248 3551 2315 ordinetur,

2026 2326 2096 2387 et,
2126 2323 2176 2376 si
2202 2320 2443 2374 renuerit
2470 2318 2747 2386 ordinari,
2773 2325 3015 2388 cogatur.

2024 2456 2384 2511 Gnaeoatus
2404 2452 2714 2525 episcOpus,
2730 2465 2921 2509 servus
2934 2465 3219 2509 servorum
3234 2454 3362 2523 Dei,
3380 2456 3555 2512 Hun—

1956 2559 2152 2604 asa'ro
2190 2545 2539 2619 Lugdunensi
2561 2546 2970 2617 archiepiscOpo
2994 2546 3227 2602 salutem
3261 2555 3317 2603 et
3339 2556 3554 2620 aposto-

1955 2641 2120 2697 licam
2150 2639 2614 2696 benedictionem.

2026 2754 2247 2813 Clamor
2288 2752 2784 2811 Matisconensium
2828 2753 3153 2811 clericorum
3200 2756 3444 2828 pervenit
3488 2756 3558 2815 ad

1957 2864 2078 2917 nos,
2116 2846 2419 2904 Ecclesium
2464 2860 2641 2911 suam,
2679 2846 2797 2919 jam
2844 2847 3023 2903 multo
3057 2857 3302 2919 tempore
3344 2858 3557 2921 pastore

1962 2940 2277 3010 viduatam,
2344 2940 2737 2996 detrimentum
2794 2954 2905 2995 non
2945 2938 3226 2996 modicum
3269 2944 3553 2999 sustinere.

1948 3037 2144 3092 Dicunt
2188 3034 2332 3091 enim
2359 3049 2556 3107 regum
2609 3035 2951 3090 Francorum
3000 3033 3316 3090 electionem
3364 3036 3554 3104 [forte,

1950 3130 2086 3199 sine]
2125 3144 2227 3184 suo
2275 3142 2545 3184 consensu
2599 3126 2799 3184 factum
2850 3126 2985 3183 velle
3032 3127 3311 3199 impedire.
3365 3128 3553 3197 Unde,

1874 3193 1919 3257 δ
1949 3193 2222 3296 quia-ipse
2268 3223 2323 3277 in
2361 3221 2611 3303 praesenti
2658 3236 2802 3277 anno
2850 3237 2946 3293 per
2974 3193 3268 3293 quemdam
3318 3193 3558 3279 militem

1949 3331 2132 3383 suum,
2180 3314 2407 3371 nomine
2454 3313 2741 3371 Albertum
2791 3316 2974 3384 [fort.,
3018 3312 3357 3384 Albericum,
3395 3322 3456 3371 ut
3497 3319 3556 3371 in

1948 3412 2224 3480 superiore
2267 3408 2511 3480 epistola,
2545 3412 2594 3463 et
2620 3412 2697 3463 sic
2738 3410 2795 3463 in
2834 3410 3075 3477 Mutin.],
3110 3411 3425 3467 Romanam
3471 3425 3557 3466 ve-

1944 3504 2215 3571 nientem,
2282 3517 2340 3558 se
2382 3500 2615 3557 consilio
2668 3510 2859 3557 nostro
2940 3503 3164 3559 omnino
3214 3505 3556 3574 acquiescere

1950 3595 2233 3669 promisit;
2279 3594 2589 3652 studuimus
2629 3591 2891 3651 confratri
2934 3603 3124 3651 nostro
3156 3595 3376 3653 Rodino
3417 3598 3556 3666 [Ro-

1948 3688 2126 3759 cleno]
2162 3687 2504 3747 Cabilonensi
2562 3687 2816 3761 episcopo
2868 3696 3090 3745 nostras
3128 3687 3360 3763 dirigere
3412 3689 3553 3747 litte-

1949 3798 2056 3852 ras,
2128 3790 2186 3839 ut
2230 3780 2367 3856 ipse,
2414 3791 2601 3838 nostra
2639 3781 2861 3839 functus
2907 3780 3208 3855 legatione,
3262 3782 3549 3856 praefatum

1949 3866 2136 3949 regem
2187 3876 2493 3944 conveniat,
2526 3884 2793 3948 quatenus
2846 3875 2959 3947 ipse
2990 3875 3188 3933 oblata
3235 3877 3392 3933 nobis
3434 3894 3552 3934 me-

1950 3986 2072 4027 mor
2102 3968 2475 4043 promissionis
2511 3984 2644 4039 sua,
2696 3968 3021 4026 electionem
3062 3969 3551 4028 Matisconensium

1948 4080 2058 4120 nozi
2083 4064 2261 4120 solum
2279 4079 2389 4119 non
2412 4061 2695 4135 impediat,
2722 4061 2815 4119 sed
2833 4077 2958 4119 eum
2985 4077 3152 4135 quem
3174 4063 3338 4121 debet
3365 4080 3551 4121 assen-

1949 4173 2069 4214 sum
2104 4156 2362 4229 prabeat.
2396 4156 2497 4227 Qui
2529 4155 2594 4224 si,
2636 4155 2690 4212 in
2716 4156 2917 4214 duritia
2951 4173 3048 4213 sua
3082 4172 3422 4228 permanens,
3454 4175 3553 4214 ne-

1950 4267 2056 4324 que
2082 4252 2387 4307 necessitati
2413 4251 2575 4323 hujus
2596 4251 2856 4307 Ecclesia
2875 4251 3135 4323 compati,
3158 4267 3336 4324 neque
3361 4252 3554 4308 exhor-

1946 4344 2139 4400 tationi
2180 4353 2386 4401 nostra
2427 4358 2615 4416 parere
2657 4342 2921 4412 voluerit;
2962 4344 3304 4417 praecipimus
3331 4354 3550 4418 aposto-

1948 4438 2053 4493 lica
2090 4437 2411 4493 auctoritate
2452 4447 2512 4493 ut
2555 4437 2865 4493 fraternitas
2920 4445 3013 4492 tua
3062 4452 3245 4509 neque
3299 4455 3396 4510 pro
3427 4436 3552 4496 odio

1949 4547 2125 4603 neque
2167 4532 2339 4603 gratia
2379 4529 2602 4603 alicujus
2638 4526 2880 4586 dimittat
2918 4530 3056 4601 quin
3094 4531 3325 4586 electum
3369 4532 3438 4588 ab
3477 4533 3553 4589 eis

1952 4622 2506 4697 Augustodunensem
2559 4621 2892 4678 Landricum
2946 4621 3382 4680 archidiaconum
3440 4627 3551 4698 epi-

1952 4732 2179 4790 sc0pum
2208 4733 2304 4773 seu
2335 4733 2433 4789 per
2474 4725 2529 4773 te
2566 4731 2663 4772 seu
2706 4731 2801 4788 per
2828 4712 3201 4789 suffraganeos
3240 4727 3367 4775 tuos
3403 4720 3550 4776 ordi-

1952 4822 2081 4867 nare
2109 4810 2343 4881 studeat,
2369 4812 2414 4866 si
2442 4818 2627 4866 tamen
2656 4811 2950 4866 auctoritas
2981 4819 3298 4868 sanctorum
3326 4813 3549 4870 Patrum

1953 4900 2216 4976 probatur
2254 4900 2351 4959 sibi
2381 4918 2492 4959 non
2529 4900 2772 4959 obviare.
2816 4902 2871 4961 Si
2902 4917 3029 4960 vero
3059 4904 3174 4977 ipse
3203 4902 3351 4963 hunc
3393 4905 3547 4964 ordi—

1951 5013 2082 5054 nem
2128 4996 2402 5068 suscipere
2437 4997 2701 5066 renuerit,
2727 5006 2784 5053 et
2824 4998 3178 5055 inflexibilem
3202 5015 3261 5056 se
3294 5000 3551 5057 exhibue-

1951 5092 2038 5159 rit,
2070 5091 2323 5147 volumus
2363 5098 2423 5147 ut
2450 5105 2579 5147 cum
2612 5091 2864 5164 episcopo
2897 5106 3000 5149 suo
3043 5094 3153 5149 vim
3183 5092 3284 5151 sibi
3328 5092 3549 5157 inferas,

1952 5198 2189 5258 eumque
2225 5184 2309 5254 ad,
2339 5184 2710 5258 recipiendum
2738 5186 3104 5258 episcopalem
3142 5186 3390 5244 ordinem
3420 5188 3550 5261 vigi-

1950 5279 2082 5335 lanti
2110 5278 2288 5336 studio
2313 5287 2475 5353 atque
2505 5278 2757 5351 pastorali
2782 5280 2963 5353 rigore
2995 5281 3351 5353 constringas.
3391 5281 3553 5351 Quod

1950 5373 1993 5427 si
2042 5372 2353 5429 fraternitas
2398 5381 2491 5429 tua
2536 5374 2591 5428 in
2640 5372 2743 5428 hac
2805 5390 2964 5429 causa
3023 5375 3297 5448 negligens
3353 5373 3549 5443 fuerit,

1950 5466 2136 5538 procul
2161 5465 2329 5523 dubio
2360 5475 2423 5523 tu
2447 5476 2664 5523 motum
2690 5467 3001 5539 apostolica
3030 5468 3176 5525 sedis
3200 5470 3469 5537 incurres,
3496 5481 3553 5525 et

1950 5559 2087 5631 ipse,
2136 5559 2181 5615 si
2209 5558 2278 5615 ad
2313 5574 2415 5617 uos
2460 5560 2689 5629 venerit,
2741 5564 2861 5618 Deo
2890 5562 3284 5631 consentiente,
3314 5577 3346 5617 a
3390 5563 3553 5618 nobis

1948 5650 2309 5709 ordinabitur.

2018 5770 2158 5823 Data
2217 5768 2434 5841 Piperni
2496 5780 2550 5825 ιῐ
2608 5771 2794 5825 Nonas
2856 5766 3205 5835 Decembris,

1947 5875 2015 5916 ne
2045 5874 2159 5917 ιιι.

3290 5765 3564 5822 ἰηᾶὶεῐίο-“
