4122 6184
558 274 657 325 349

1006 395 1350 451 EPISTOLA
1390 395 1686 449 XXXVII.

907 514 988 552 AD
1014 511 1389 553 ΑιωιΑειΑιι
1412 510 1806 553 (ἒΟΜὶΤῐὸεΛΜ.

1116 595 1297 656 (Anno
1332 591 1509 661 l073.)

559 695 688 764 Ejus
715 696 1024 761 religionem
1052 709 1115 746 ac
1144 695 1398 761 pietatem
1432 708 1562 765 erga
1605 708 1759 747 sacra
1785 693 1899 765 loca
1923 707 2151 745 comme-

626 770 821 826 morat,
853 768 903 817 et
932 765 1005 818 ad
1032 765 1253 818 meliora
1278 764 1495 834 semper
1514 764 1837 833 peragenda
1874 764 2146 816 hortatur.

626 840 861 961 ﬂagrum
902 839 1347 892 monasteriorum
1380 837 1752 907 protectionem
1798 836 1848 888 ei
1890 848 2150 888 commen-

666 924 697 960 (ι
732 948 742 960 .

666 924 742 960 (ιτ.

620 1010 981 1065 Gassoams
999 1008 1303 1080 episcopus,
1325 1022 1511 1063 servus
1533 1023 1814 1063 servorum
1831 1007 1952 1076 Dei,
1978 1012 2151 1062 Auu-

551 1118 746 1161 LASIE
770 1104 1141 1171 [Apamam]
1163 1101 1454 1157 comitissa
1475 1102 1707 1157 salutem
1724 1109 1778 1157 et
1798 1101 2148 1173 apostolicam

551 1196 1003 1252 benedictionem.

625 1292 948 1362 Quanquam
999 1289 1239 1343 noverim
1280 1297 1332 1344 te
1362 1290 1526 1344 sacris
1568 1290 1700 1345 locis
1746 1297 1799 1343 et
1840 1304 2031 1343 eorum
2065 1304 2147 1343 re-

553 1384 757 1456 ligiosis
787 1383 1184 1438 habitatoribus
1228 1392 1529 1454 spontanea
1575 1384 1854 1438 voluntate
1907 1391 1958 1437 te
2005 1381 2147 1437 ferre

552 1476 876 1543 subsidium,
921 1475 1197 1557 exhortari
1239 1484 1292 1531 te
1320 1484 1501 1531 tamen
1542 1485 1595 1533 et
1640 1475 1935 1531 admonere
1963 1476 2147 1531 curavi

555 1578 613 1625 ut
661 1570 715 1625 in
755 1570 930 1642 majus
974 1570 1275 1642 meliusque
1334 1585 1642 1638 excrescas;
1700 1580 1756 1625 et
1807 1569 1953 1640 quod
2001 1569 2143 1624 ultro

553 1663 730 1720 facere
766 1664 1063 1731 consuesti,
1092 1673 1281 1718 nostro
1314 1674 1586 1736 pracepto
1616 1671 1671 1719 et
1697 1663 1838 1718 beati
1870 1663 2010 1717 Petri
2044 1679 2142 1717 au-

551 1759 807 1814 ctoritate
845 1757 960 1830 jam
1001 1757 1299 1813 studiosius
1338 1758 1668 1829 exsequaris.
1717 1756 1802 1813 Ad
1848 1756 1952 1812 hoc
1994 1756 2144 1812 enim

550 1852 648 1908 tibi
680 1869 708 1906 a
736 1852 978 1907 Domino
1007 1861 1061 1906 et
1082 1851 1311 1907 honoris
1330 1851 1562 1924 dignitas
1589 1859 1641 1907 ct
1665 1850 1922 1923 potentia
1948 1850 2145 1922 ampli-

549 1944 681 2003 tudo
733 1962 984 2001 concessa
1039 1951 1147 2012 est,
1196 1953 1257 2001 ut
1300 1946 1354 2000 in
1399 1961 1498 2000 suo
1546 1961 1879 2017 suorumque
1923 1944 2144 2000 servitio

549 2038 902 2111 expendatur,
929 2047 983 2093 et
1019 2046 1100 2104 tu,
1144 2040 1219 2094 eis
1247 2040 1484 2093 carnalia
1531 2047 1623 2095 tua
1677 2040 1904 2094 libenter
1942 2038 2143 2109 impar-

547 2134 709 2199 tiens,
740 2133 807 2187 de
835 2132 1205 2203 spiritualibus
1256 2148 1444 2187 eorum
1493 2132 1833 2203 participium
1864 2132 2142 2186 merearis.

550 2225 919 2294 Quamobrem
958 2241 1104 2281 cura
1144 2235 1253 2281 tua
1294 2235 1349 2280 et
1386 2225 1691 2281 defensioni
1734 2226 2146 2281 Fructuariense

549 2320 861 2375 coenobium
907 2327 962 2373 et
1001 2319 1251 2391 ejusdem
1283 2319 1717 2391 congregationis
1756 2318 1944 2373 fratres
1971 2328 2145 2375 atten-

549 2412 657 2468 tius
696 2411 1173 2479 commendamus,
1200 2420 1259 2467 ut
1286 2412 1365 2467 eis
1399 2420 1453 2467 et
1478 2427 1642 2482 opem
1668 2412 1879 2466 consilii
1910 2421 1963 2466 et
2006 2428 2144 2483 pra-

548 2505 668 2562 sidii
704 2506 1113 2560 firmamentum
1153 2514 1344 2560 contra
1392 2505 1576 2560 omnia
1624 2505 1999 2561 infestantium
2029 2520 2148 2577 gra-

548 2600 766 2653 vamina
838 2597 1149 2669 impendere
1212 2596 1500 2664 studeatis,
1566 2606 1627 2653 ut
1690 2606 1745 2653 et
1813 2615 1912 2670 pro
1974 2599 2145 2653 salute

548 2692 747 2747 anima
794 2700 902 2746 tua
950 2692 1218 2747 orationes
1263 2708 1452 2747 eorum
1498 2690 1645 2764 apud
1696 2695 1872 2746 Deum
1919 2691 2143 2747 fructiﬁ-

549 2794 691 2839 cent.
744 2785 865 2839 Pari
896 2799 1117 2856 quoque
1163 2784 1327 2840 modo
1369 2784 1571 2840 Clusini
1619 2785 1931 2840 monasterii
1984 2785 2145 2839 abba-

547 2887 681 2944 tem,
724 2887 773 2932 et
805 2878 971 2951 ipsius
1018 2878 1252 2934 canobii
1299 2893 1387 2933 res
1415 2877 1702 2951 vigilantia
1749 2888 1860 2934 tua
1913 2877 2145 2935 tuendas

546 2986 609 3027 ac
648 2974 1007 3044 protegendas
1046 2972 1462 3037 committimus,
1508 2988 1672 3041 quem
1722 2972 1824 3026 sub
1849 2972 1997 3043 gravi
2042 2972 2141 3025 tri-

545 3064 885 3121 bulationum
924 3063 1068 3120 fasce
1114 3065 1359 3119 laborare
1404 3064 1730 3119 audivimus.
1783 3066 1971 3135 Neque
2009 3074 2064 3119 te
2112 3081 2141 3119 a
2204 3104 2221 3124 η
2251 3063 2433 3074 “”’““’
2465 3063 2838 3089 ”“’“’“¹’”’“““’
2874 3063 2965 3123 “¹“ἷ“
3004 3063 3285 3122 ”“’“ἶ“”“”“
3332 3063 3589 3123 Tum”.
3615 3063 3764 3075 ““““
3801 3063 3855 3075 “”

548 3160 700 3179 ιημ
744 3158 1053 3179 μηδ-μ,-
1104 3158 1313 3179 LM“-
1372 3156 1597 3179 *ηρ-,τη-
1652 3157 1815 3179 ,ωε-
1872 3166 1961 3179 ,Α
2001 3173 2108 3179 ___
2181 3106 2224 3163 (ι
2250 3122 2441 3167 auctor
2470 3122 2572 3179 est,
2604 3111 2771 3166 talem
2804 3128 2898 3167 vos
2926 3129 2984 3167 in
3010 3120 3147 3167 votis
3181 3121 3373 3167 vestris
3403 3121 3458 3167 et
3486 3112 3700 3168 actibus
3729 3129 3855 3170 esse

546 3160 703 3215 bona
744 3158 1055 3213 intentionis
1102 3158 1317 3227 incepto
1370 3156 1598 3227 alicujus
1647 3157 1818 3227 gratia
1868 3166 1962 3211 aut
2001 3173 2137 3227 pra-

543 3252 717 3306 mium
733 3251 983 3306 deﬂectat
1004 3269 1015 3301 :
1033 3250 1155 3319 quia
1172 3252 1271 3317 qui
1276 3252 1695 3318 perseverath
1708 3264 1877 3319 usque
1905 3253 1961 3304 in
1982 3254 2138 3319 ﬁnem

545 3346 628 3399 hic
653 3346 832 3398 salvus
861 3346 963 3397 erit
994 3344 1205 3412 (Matth.
1237 3344 1317 3413 χ).
1354 3345 1485 3398 Hac
1512 3343 1633 3410 tibi,
1660 3342 1769 3398 filia
1796 3343 2137 3412 charissima,

543 3437 727 3508 paucis
759 3436 1027 3491 inculcare
1062 3443 1115 3489 et
1144 3435 1419 3507 injungere
1447 3436 1759 3504 statuimus,
1813 3446 1871 3492 ut
1900 3437 1969 3493 ad
2012 3437 2140 3493 boni

543 3532 721 3601 operis
763 3530 1165 3584 exsecutionem
1204 3538 1259 3583 te
1305 3531 1704 3602 promptiorem
1754 3530 2138 3595 redderemus,

543 3632 618 3689 et,
671 3633 732 3679 ut
774 3623 990 3691 dicitur,
1037 3631 1347 3677 currentem
1403 3623 1750 3679 incitaremus
1802 3643 1817 3679 :
1873 3633 2140 3696 quatenus

545 3720 661 3771 Deo
699 3716 915 3779 devota,
943 3724 1000 3771 et
1026 3715 1187 3771 bonis
1209 3715 1439 3782 actibus,
1471 3725 1527 3772 et
1550 3716 1648 3771 Dei
1695 3734 1979 3774 servorum
2011 3735 2137 3789 pro-

539 3808 760 3864 tectioni
798 3809 1102 3881 invigilans,
1142 3809 1290 3863 illam
1328 3809 1704 3880 promittentis
1742 3812 1961 3866 Domini
1993 3828 2138 3867 mer-

540 3902 734 3957 cedem
766 3903 940 3957 valeas
966 3902 1192 3974 adipisci
1218 3919 1232 3955 :
1263 3903 1367 3969 Qui
1397 3906 1588 3973 recipit
1614 3905 1931 3973 prophetam
1957 3907 2017 3958 in
2043 3921 2137 3959 no-

541 3999 684 4049 mine
708 3996 1001 4065 propheta,
1037 3995 1323 4050 mercedem
1356 3998 1631 4065 prophetae
1666 4000 1891 4065 accipiet
1919 4017 1936 4047 :
1968 4004 2017 4051 et
2045 4002 2142 4067 qui

541 4093 729 4160 recipit
749 4090 963 4158 justum
1002 4091 1062 4143 in
1101 4091 1314 4143 nomine
1332 4088 1493 4157 justi,
1519 4091 1809 4144 mercedem
1832 4092 1978 4158 justi
2001 4094 2135 4145 acci-

536 4187 653 4253 piet
680 4182 942 4251 (Ibidem).

615 4281 748 4331 Data
796 4276 964 4331 Secia
1006 4264 1237 4347 septimo
1277 4275 1407 4331 Idus
1456 4277 1797 4343 Decembris,
1831 4277 2139 4333 indictione

539 4371 876 4426 duodecima.

1002 4474 1355 4529 EPISTOLA
1394 4474 1721 4528 XXXVIII.

763 4590 845 4630 ΔΙ)
885 4588 1300 4631 ινιιΑτῐειΑυΜ
1340 4589 1547 4630 DUCBM
1586 4588 1903 4630 BOBBHIE.

1147 4672 1330 4734 (Anno
1363 4672 1542 4733 1073.)

544 4771 884 4828 Commendat
913 4772 1027 4840 ejus
1050 4773 1110 4825 in
1147 4772 1491 4840 apostolicam
1517 4772 1691 4826 sedem
1727 4772 2139 4826 observantiam.

614 4845 904 4911 Conﬁrmat
964 4858 1026 4895 ea
1090 4858 1210 4911 qua
1249 4842 1603 4911 prazdecessor
1648 4844 1959 4898 Alexander
2004 4845 2057 4898 Π
2097 4847 2147 4897 ei

612 4915 825 4967 honoris
854 4917 1035 4981 gratia
1058 4914 1340 4967 tribuerat.
1371 4916 1632 4968 Hortatur
1658 4916 1729 4968 ad
1753 4917 2139 4983 promissorum

612 4987 988 5037 constantiam.
1022 4986 1305 5039 Pollicetur
1342 4987 1400 5038 in
1428 4987 1579 5039 illius
1608 4987 1809 5040 ditione
1836 5002 1956 5054 quae
1991 5003 2022 5039 a
2050 4987 2130 5039 lc-

614 5058 755 5123 gatis
786 5055 1005 5124 definiri
1030 5072 1137 5110 non
1164 5061 1430 5126 poterunt,
1454 5073 1507 5111 se
1529 5058 1897 5125 deﬁniturum.

612 5159 969 5215 Gnnoonws
984 5159 1292 5230 episcopus,
1310 5174 1499 5213 servus
1513 5173 1798 5214 servorum
1817 5156 1938 5225 Dei,
1957 5159 2142 5212 Was-

541 5250 905 5309 rlsuo’duci
935 5250 1235 5321 Bohemia,
1260 5254 1495 5310 salutem
1513 5263 1567 5310 et
1591 5253 1945 5327 apostolicam
1978 5253 2139 5309 liene-

541 5346 853 5403 dictionem.

616 5444 801 5512 Longa
847 5440 960 5511 jam
1009 5441 1274 5512 temporis
1300 5441 1575 5497 intervalla
1620 5449 1892 5498 transacta
1921 5453 2139 5500 suntex

542 5552 652 5607 quo
688 5544 743 5590 et
778 5535 1031 5591 nobilitas
1069 5544 1157 5591 tua
1188 5536 1346 5591 beato
1378 5540 1541 5593 Petro
1581 5539 1954 5609 apostolorum
1984 5542 2131 5613 prin-

540 5632 643 5703 cipi
690 5648 803 5687 non
841 5631 1072 5687 modica
1122 5631 1433 5689 devotionis
1477 5633 1722 5689 animum
1764 5637 2058 5708 spopondit
2085 5646 2141 5692 et

539 5727 799 5789 studium,
844 5736 899 5783 et
953 5727 1051 5783 tibi
1090 5728 1144 5783 in
1192 5729 1486 5800 apostolica
1520 5729 1647 5785 sede
1720 5733 1863 5787 inter
1912 5742 2139 5790 cateros

542 5820 809 5893 principes
853 5822 998 5894 larga
1045 5823 1381 5895 benignitas,
1429 5839 1541 5897 pra
1588 5826 1774 5882 multis
1820 5826 1983 5882 etiam
2026 5828 2135 5882 sin-

1239 273 1293 325 S.
1334 271 1655 326 GREGORII
1698 272 1783 325 V'Il
1824 270 2018 325 PAsz
2053 270 2327 325 OPERUM
2366 269 2534 324 PARS
2575 270 2613 325 I.
2660 300 2726 309 -—
2766 270 3189 325 REGISTRUM.

2168 4467 2218 4528 D

3750 273 3854 324 320

2178 398 2231 460 Α
2260 393 2460 466 gularis
2501 402 2558 449 et
2600 395 2815 467 egregia
2847 393 2953 449 fuit
2989 393 3255 450 adstricta
3293 394 3545 450 charitas.
3576 394 3743 465 Cujus
3779 395 3856 449 rei

2260 489 2420 544 fidem
2460 496 2514 544 et
2553 488 2817 544 indicium
2845 506 2910 544 ex
2955 489 3326 546 benevolentia
3367 489 3577 544 domini
3623 497 3679 543 et
3707 494 3859 544 aute-

2259 583 2487 639 cessoris
2523 584 2692 639 nostri
2735 585 3029 641 Alexandri
3078 600 3229 655 papa
3256 585 3388 639 satis
3434 583 3739 654 percepisse
3767 598 3859 654 po-

2260 685 2359 743 tes,
2405 678 2493 748 qui
2525 679 2879 751 petitionibns
2916 680 3024 735 tuis
3053 694 3168 734 non
3199 694 3461 749 unquam,
3511 678 3627 733 sine
3679 693 3775 733 sua
3804 687 3860 734 et

2257 770 2498 827 filiorum
2547 781 2750 829 sancta
2788 776 3054 829 Romana
3099 773 3355 829 Ecclesia
3396 772 3757 828 sollicitudine
3804 780 3859 827 et

2256 865 2441 923 labore
2480 866 2885 935 condescendit,
2932 875 2987 922 et
3023 868 3091 922 ad
3130 869 3347 938 signum
3377 867 3579 922 intima
3611 868 3856 923 dilectio-

2256 962 2369 1029 nis,
2407 961 2552 1033 quod
2595 962 2747 1017 laica
2776 977 3021 1033 persona
3051 962 3214 1017 tribui
3253 978 3366 1017 non
3397 963 3701 1029 consuevit,
3759 963 3861 1017 mi-

2255 1061 2395 1109 tram
2425 1070 2590 1124 quam
2617 1054 2896 1125 postulasti
2925 1054 3141 1110 direxit.
3176 1056 3362 1125 Neque
3390 1070 3519 1109 vero
3550 1071 3649 1111 nos
3681 1057 3735 1109 in
3762 1071 3861 1110 no-

2256 1150 2384 1204 stris
2434 1148 2775 1219 temporibus
2816 1156 2980 1203 tanta
3020 1148 3322 1203 dilectionis
3365 1148 3620 1219 gratiam,
3676 1149 3857 1219 provi-

2256 1244 2415 1300 dente
2446 1245 2584 1308 Deo,
2620 1241 2925 1297 labefactari
2965 1242 3260 1298 volumus:
3299 1241 3410 1297 imo
3440 1241 3484 1296 si
3512 1241 3643 1313 quid
3688 1251 3773 1297 est
3802 1242 3858 1297 in

2256 1354 2385 1409 quo,
2416 1336 2714 1393 comitante
2746 1335 2979 1407 justitia,
3017 1336 3229 1391 firmius
3255 1336 3617 1406 conglutinari
3659 1337 3858 1403 valeat,

2257 1432 2361 1485 hoc
2409 1439 2589 1485 nostra
2620 1428 2763 1501 apud
2811 1433 2990 1485 Deum
3040 1426 3350 1485 sollicitudo
3380 1429 3668 1500 impetrare
3706 1429 3861 1485 valde

2255 1524 2546 1581 desiderat.
2582 1528 2653 1578 At
2683 1531 2735 1577 te
2779 1521 3002 1593 quidem
3049 1539 3173 1594 erga
3211 1522 3569 1593 apostolicam
3612 1539 3860 1578 reveren-

2250 1618 2405 1684 tiam,
2439 1633 2602 1687 quam
2640 1616 2711 1672 sis
2738 1615 2793 1671 in
2823 1617 2966 1671 votis
2989 1624 3268 1681 constans,
3299 1631 3465 1687 quam
3493 1616 3547 1670 in
3576 1616 3861 1688 promissis

2182 1729 2229 1792 Β
2257 1726 2636 1783 perseverans,
2669 1724 2781 1764 non
2823 1708 2990 1765 modo
3021 1724 3118 1780 pro
3154 1709 3437 1780 dignitate,
3475 1724 3662 1763 verum
3693 1709 3859 1764 etiam

2254 1821 2352 1876 pro
2382 1804 2554 1859 salute
2584 1813 2677 1859 tua
2709 1802 2943 1859 fideliter
2970 1811 3187 1874 oportet
3227 1801 3505 1858 attendere
3544 1823 3556 1858 :
3589 1802 3861 1874 scriptum

2252 1906 2334 1952 est
2359 1898 2505 1953 enim
2540 1915 2553 1950 :
2594 1900 2803 1963 Vovete,
2842 1902 2893 1951 et
2925 1896 3142 1950 reddite
3171 1897 3331 1967 (Psal.
3364 1902 3567 1961 Lxxv).
3606 1896 3741 1964 Qua
3760 1913 3861 1952 au-

2252 1999 2363 2046 tem
2407 1991 2493 2047 illa
2524 1990 2602 2045 vel
2646 1990 2821 2062 qualia
2853 1990 2980 2054 sint,
3025 2006 3054 2045 a
3092 1990 3173 2044 tui
3205 1989 3376 2060 ipsius
3403 1989 3737 2045 conscientia
3776 2006 3858 2046 sa-

2253 2084 2321 2138 tis
2352 2092 2403 2138 te
2447 2084 2852 2139 commonitum
2896 2100 3014 2140 esse
3064 2092 3336 2155 putamus.
3389 2084 3590 2139 Causas
3627 2099 3753 2139 vero
3804 2094 3860 2140 et

2254 2179 2500 2249 negotia,
2566 2193 2717 2249 qua,
2781 2178 2837 2231 in
2904 2178 3144 2248 partibus
3212 2177 3318 2231 illis
3382 2176 3451 2232 ad
3516 2177 3859 2233 audientiam

2255 2270 2761 2342 discussionemque
2788 2273 3091 2342 legatorum
3117 2279 3434 2326 nostrorum
3474 2270 3700 2342 perlata,
3729 2288 3856 2342 pec-

2256 2365 2391 2419 catis
2421 2364 2866 2435 impedientibus,
2894 2380 3135 2433 congrua
3154 2363 3600 2419 determinatione
3628 2362 3858 2420 diffiniri

2254 2473 2361 2511 non
2416 2467 2682 2528 poterant,
2719 2458 2858 2513 sicut
2897 2457 3060 2513 officii
3098 2458 3274 2513 nostri
3320 2457 3712 2514 cura‘nemine
3752 2475 3860 2515 nos

2254 2559 2479 2621 rogante
2516 2550 2815 2621 compellit,
2849 2549 2915 2605 ad
2941 2566 3067 2606 eum
3110 2566 3273 2622 quem
3294 2550 3506 2622 justitia
3555 2553 3861 2623 postulave-

2253 2645 2325 2698 rit
2358 2644 2548 2712 finem,
2593 2644 2886 2715 adjuvante
2919 2643 3176 2711 Domino,
3209 2644 3505 2715 perducere
3540 2644 3857 2716 procurabi-

2252 2754 2396 2793 mus.
2431 2741 2606 2793 Porro
2637 2754 2762 2810 qua
2788 2738 2891 2809 ipsi
2922 2737 3045 2794 inde
3075 2744 3411 2806 statuerunt,
3432 2738 3656 2794 interim
3679 2738 3859 2794 donec

2251 2830 2323 2886 ad
2363 2848 2464 2888 nos
2494 2832 2709 2904 negotia
2763 2830 3129 2903 perferantur,
3171 2831 3401 2887 immota
3443 2847 3667 2887 manere
3699 2834 3857 2888 volu-

2252 2941 2393 2991 mus,
2426 2934 2589 2997 atquc
2616 2925 2915 2996 apostolica
2947 2926 3269 2981 auctoritate
3294 2926 3663 2997 pracipimns.
3706 2929 3860 2981 Deus

2250 3027 2433 3074 autem
2462 3019 2838 3089 omnipotens,
2872 3018 2965 3090 qui
3004 3019 3285 3074 bonorum
3330 3020 3584 3074 omnium
3614 3018 3773 3075 dator
3801 3029 3859 3075 et

2247 3204 2429 3271 faciat,
2478 3214 2537 3260 ut
2566 3221 2694 3260 cum
2740 3214 2864 3260 ante
2902 3206 3154 3262 calestes
3193 3205 3434 3278 judices,
3470 3205 3719 3262 videlicet
3747 3208 3854 3263 Pe-

2246 3308 2392 3353 trum
2426 3307 2480 3353 et
2511 3298 2757 3362 Paulum,
2811 3300 2868 3353 in
2897 3297 3090 3354 futuro
3118 3299 3372 3354 examine
3402 3298 3677 3368 veneritis,
3702 3301 3855 3355 nulla

2247 3407 2343 3447 vos
2373 3392 2423 3446 in
2453 3392 2673 3448 illorum
2699 3393 2911 3459 oculis',
2942 3393 3049 3448 nisi
3079 3408 3202 3465 qua
3228 3394 3668 3449 remuneratione
3692 3392 3856 3466 digna

2245 3487 2337 3550 sit,
2364 3486 2699 3541 conscientia
2719 3484 2979 3542 denotare
2998 3496 3052 3541 et
3071 3495 3347 3543 ostentare
3368 3487 3563 3542 valeat.

2318 3584 2457 3635 Data
2495 3584 2690 3636 Roma
2738 3595 2840 3636 xvn
2888 3579 3170 3636 Kalendas
3211 3580 3495 3648 Januarii,
3549 3578 3856 3636 indictione

2246 3672 2598 3729 duodecima.

2709 3780 3062 3835 EPISTOLA
3101 3780 3394 3834 XXXIX.

2246 3901 2327 3941 AD
2362 3899 2736 3941 WOZBLINUH
2789 3899 3379 3942 MAGDBBURGBNSBM
3421 3901 3855 3943 ABCBIBPISCO-

2817 3972 2943 4012 PUH
2972 3971 3047 4012 ΒΤ
3087 3972 3280 4014 Αιιοε.

2841 4069 3028 4133 (Anno
3061 4068 3241 4138 1073.)

2246 4173 2508 4239 Queritur
2531 4173 2721 4227 bellum
2744 4175 2885 4227 inter
2910 4188 2993 4228 eos
3018 4179 3067 4227 et
3088 4176 3374 4228 Henricum
3402 4191 3573 4243 regem
3600 4180 3851 4229 exortum

2318 4245 2511 4310 fuisse.
2539 4245 2696 4298 lubet
2723 4260 2806 4298 eos
2835 4245 2904 4297 ab
2942 4249 3120 4299 armis
3160 4247 3432 4312 desistere,
3463 4246 3624 4300 donec
3650 4262 3748 4315 per
3774 4246 3855 4301 le-

2318 4320 2465 4381 gatos
2484 4330 2604 4368 suos
2626 4330 2842 4369 causam
2864 4319 3208 4371 contentionis
3228 4322 3522 4385 cognoscat.

2317 4420 2662 4477 GBEGOBIUS
2684 4420 2991 4493 episcopus,
3017 4439 3206 4478 servus
3235 4439 3519 4479 servorum
3554 4425 3674 4489 Dei,
3705 4425 3850 4481 Wo-

2252 4528 2471 4569 zsuuo
2499 4515 2851 4582 [VOZBLONI]
2889 4514 3346 4588 Magdeburgensi
3404 4515 3852 4587 archiepiscopo,

2251 4610 2632 4665 Buacuaano
2648 4608 3097 4663 Halberstadensi
3114 4608 3390 4681 episcopo,
3406 4618 3460 4665 et
3476 4612 3700 4666 Larom
3718 4612 3850 4677 [To-

2250 4705 2421 4769 TONI]
2463 4702 2787 4770 marchioni,
2831 4704 3154 4774 caterisqne
3193 4703 3445 4758 Saxonia
3488 4702 3849 4776 principibus,

2249 4796 2481 4851 salutem
2517 4804 2571 4851 et
2598 4797 2954 4868 apostolicam
2981 4795 3439 4852 benedictionem.

2320 4890 2531 4957 Quanta
2586 4890 2844 4945 violentia
2889 4899 3204 4961 quantaque
3251 4888 3482 4945 fratrum
3524 4890 3852 4961 impulsione

2250 4982 2569 5038 universalis
2598 4983 2855 5038 Ecclesia
2881 4984 3070 5037 multis
3096 4984 3569 5054 perturbationum
3590 4984 3851 5040 fluctibus

2246 5092 2557 5142 concussa,
2586 5084 2640 5130 et
2680 5092 2817 5147 pene
2846 5076 3005 5147 quasi
3041 5076 3286 5148 quodam
3325 5076 3610 5150 naufragio
3639 5078 3855 5149 pericli-

2248 5178 2395 5236 tata,
2435 5187 2573 5225 onus
2617 5180 2673 5226 et
2714 5171 2959 5243 regimen
2996 5170 3273 5242 suscipere
3309 5186 3431 5226 sum
3461 5180 3703 5237 coactus,
3750 5188 3855 5226 oc-

2248 5264 2459 5319 cultum
2489 5264 2640 5319 vobis
2667 5272 2717 5318 et
2740 5263 3041 5318 inauditum
3076 5279 3193 5319 esse
3217 5281 3327 5320 non
3349 5264 3647 5321 credimus.
3670 5265 3855 5320 Testis

2248 5359 2394 5414 cnim
2426 5358 2563 5413 mihi
2598 5364 2681 5413 est
2712 5358 3043 5413 conscientia
3071 5374 3194 5413 mea
3238 5374 3407 5431 quam
3446 5359 3717 5431 imparem
3760 5374 3854 5414 me

2246 5460 2399 5506 tanto
2438 5450 2666 5522 ponderi
2704 5449 3097 5521 judicaverim,
3144 5461 3200 5506 et
3236 5460 3437 5522 quanta
3480 5450 3854 5508 sollicitudine

2245 5560 2449 5600 nomen
2495 5544 2811 5615 apostolica
2856 5545 3130 5616 dignitatis
3173 5545 3371 5600 evitare
3420 5545 3847 5617 concupiverim.

2246 5637 2352 5694 Sed
2395 5638 2654 5709 quoniam
2703 5638 2783 5693 via
2827 5638 3067 5693 hominis
3110 5654 3227 5693 non
3257 5639 3311 5693 in
3354 5654 3523 5695 manu
3573 5639 3718 5711 ejus,
3751 5639 3851 5695 sed

2248 5734 2391 5789 illius
2427 5742 2507 5789 est
2546 5731 2905 5805 dispositione
2942 5750 2972 5787 a
3007 5750 3114 5803 quo
3148 5749 3366 5805 gressus
3396 5734 3686 5789 hominum
3715 5732 3850 5789 diri-

2246 5837 2470 5898 guntur,
2506 5827 2838 5898 impossibile
2871 5827 3008 5881 mihi
3038 5825 3141 5882 fuit
3166 5837 3357 5884 contra
3386 5827 3624 5883 divinam
3654 5826 3848 5881 volun-
