4106 6182
272 312 356 360 321
1389 298 1584 351 LIBER
1622 295 1883 350 PRIMUS.
1926 323 1991 333 -
2036 295 2242 350 EPIST.
2286 297 2432 350 XLII.

3454 304 3555 355 3'22

271 438 435 483 tatem
463 434 728 498 concepta
758 433 880 480 vota
906 422 1220 479 defendere.
1254 420 1417 477 Unde
1453 420 1586 475 mihi
1618 419 1850 474 sollicite
1881 424 1931 485 Α
1962 435 2068 492 que
2100 422 2212 474 Deo
2244 420 2546 491 opitulante
2585 421 2998 493 religiosissima
3049 423 3547 479 consummatione.

270 520 588 595 vigilandum
629 528 789 590 atque
832 516 1177 588 pensandum
1222 525 1305 571 est
1344 515 1583 584 qualiter
1620 529 1681 568 ea
1736 528 1859 585 quae

270 613 330 670 ad
362 611 675 687 profectum
697 608 1073 667 ecclesiasticae
1100 608 1371 680 religionis
1409 616 1463 663 et
1487 606 1721 663 salutem
1750 609 1857 661 Do-

269 706 448 764 minici
475 706 655 778 gregis
685 704 943 768 attinent,
974 702 1273 773 adjuvante‘
1290 705 1430 771 Deo,
1454 700 1781 757 annuntiare
1803 708 1860 754 et

271 802 493 857 ﬁdeliter
519 798 904 855 administrare
948 797 1189 861 valeam;
1224 803 1455 863 urgente
1481 810 1570 849 me
1599 809 1710 866 pra:
1736 809 1851 849 om-

270 895 443 963 nibus,
473 902 591 949 tum
618 909 682 947 eo
722 893 923 947 timore
951 906 1022 945 ne
1046 899 1317 961 susceptae
1347 905 1436 944 me
1480 888 1625 959 apud
1671 902 1859 959 super-

272 1004 397 1043 num
445 986 695 1059 judicem
752 984 1083 1058 negligentia
1129 982 1548 1055 dispensationis
1603 988 1856 1045 accuset,

268 1092 377 1137 tum
407 1080 595 1136 debito
626 1095 817 1134 amore
839 1077 1216 1149 apostolorum
1251 1076 1526 1147 principis,
1554 1074 1645 1146 qui
1678 1089 1766 1128 me
1793 1074 1859 1127 ab

271 1174 493 1231 infantia
523 1189 646 1229 mea
676 1171 777 1228 sub
806 1172 906 1227 alis
936 1171 1046 1226 suis
1071 1169 1331 1241 singulari
1379 1167 1620 1240 quadam
1655 1168 1859 1237 pietate

270 1268 516 1335 nutrivit,
554 1276 608 1322 et
646 1266 699 1321 in
728 1265 939 1338 gremio
975 1280 1087 1319 sua;
1116 1263 1421 1318 clementiae
1472 1261 1623 1319 fovit.
1656 1262 1859 1316 Verum

268 1363 403 1416 inter
449 1368 681 1417 caeteras
722 1373 981 1414 curarum
1024 1357 1325 1412 anxietates
1377 1370 1439 1410 ea
1471 1370 1572 1409 nos
1621 1354 1856 1407 maxime

270 1452 582 1510 sollicitudo
607 1460 869 1519 coarctat,
901 1449 1047 1522 quod
1076 1449 1218 1505 inter
1247 1464 1343 1503 vos
1371 1458 1425 1503 et
1450 1448 1747 1503 Henricum
1776 1462 1855 1502 re-

269 1564 413 1618 gem,
459 1554 705 1601 vestrum
746 1544 1000 1599 videlicet
1027 1542 1349 1609 dominum,
1394 1547 1603 1596 tantam
1647 1539 1855 1595 discor-

271 1640 407 1697 diam
436 1648 492 1695 et
516 1648 631 1695 tam
659 1638 877 1693 inimica
907 1637 1087 1692 studia
1117 1644 1299 1691 exorta
1331 1651 1449 1691 esse
1472 1633 1858 1707 cognovimus,

268 1742 319 1788 ut
344 1733 540 1789 exinde
567 1731 734 1787 multa
760 1730 1075 1795 homicidia,
1116 1728 1391 1796 incendia,
1423 1726 1859 1799 depraedationes

1968 515 2331 585 Quapropter,
2358 513 2402 569 si
2429 514 2719 587 contigerit
2741 515 3032 585 gloriosam
3057 524 3294 572 matrem
3322 525 3556 573 vestram

1966 607 2073 663 hoc
2092 616 2339 677 tempore
2368 609 2604 664 Romam
2626 607 2822 676 redire,
2842 616 2958 664 toto
2985 609 3149 665 corde
3171 610 3556 676 admonemus,

1970 701 2087 756 imo
2126 716 2386 772 rogamus
2430 701 2750 757 charitatem
2781 711 3040 768 vestram,
3082 704 3151 759 ad
3194 704 3554 760 visitationem

1970 795 2348 866 apostolorum
2390 811 2513 851 cum
2558 795 2751 851 eadem
2786 797 2998 865 venire,
3029 797 3135 852 nisi
3180 797 3323 853 forte
3351 797 3557 869 aliquid

1970 888 2135 944 instet
2156 887 2303 960 quod
2332 904 2427 944 vos
2454 905 2568 944 non
2607 890 3073 960 praetermittenda
3104 893 3429 947 necessitate
3460 889 3555 947 de-

1970 982 2158 1037 tineat.
2212 984 2481 1037 Praeterea
2526 982 2720 1037 litteris
2763 998 2895 1053 quas
2943 999 3003 1039 tv
3050 984 3327 1041 Kalendas
3355 987 3555 1039 Janua-

1971 1076 2034 1131 rii
2078 1076 2299 1131 nomine
2342 1084 2520 1131 vestro
2569 1076 2940 1146 suscepimus,
2986 1077 3133 1148 quod
3178 1079 3336 1134 nobis
3382 1078 3557 1133 visum

1970 1177 2053 1224 est
2080 1185 2385 1239 congruum
2401 1169 2517 1241 jam
2541 1186 2635 1241 per
2654 1177 2967 1225 nostrorum
2992 1170 3207 1240 apicum
3235 1172 3557 1240 legationem

1972 1260 2319 1333 respondisse
2362 1262 2705 1317 confidimus.
2747 1262 3158 1334 Omnipotentis
3198 1263 3298 1319 Dei
3340 1263 3555 1319 miseri-

1970 1356 2173 1421 cordia,
2207 1362 2350 1427 (ιιιωὸ
2366 1354 2551 1410 ﬁdeles
2576 1371 2706 1411 suos
2726 1356 2934 1426 jugiter
2960 1356 3264 1413 circumdat
3302 1366 3355 1413 et
3386 1366 3557 1428 prote-

1968 1449 2068 1521 git,
2093 1449 2311 1504 assidua
2344 1466 2440 1504 vos
2485 1448 2824 1521 benignitate
2864 1449 3115 1523 dignetur
3154 1452 3444 1521 custodire,
3474 1461 3559 1509 at-

1970 1559 2075 1615 que
2105 1552 2229 1614 post
2254 1542 2416 1615 hujus
2445 1542 2572 1599 vitae
2604 1558 2824 1599 cursum
2857 1544 3095 1599 animam
3135 1553 3287 1601 tuam
3318 1546 3561 1603 aathereo

1970 1658 2137 1716 regno
2174 1658 2521 1715 componere.

2043 1739 2181 1792 Data
2204 1739 2403 1792 Romm
2422 1752 2495 1792 ιιι
2513 1738 2698 1792 Nonas
2714 1735 3021 1804 Ianuarias,
3043 1736 3340 1792 indictione
3356 1735 3561 1792 duode-

270 1826 620 1883 ecclesiarum
669 1832 724 1879 et
770 1839 1103 1895 pauperum,
1152 1839 1215 1877 ac
1260 1820 1625 1877 miserabilem
1672 1819 1861 1891 patria:
1894 1805 2132 1885 Bcima,
2236 1844 2268 1877 ο

267 1920 575 1976 vastitatem
606 1917 722 1973 ﬁeri
751 1916 1056 1973 audiamus.
1102 1918 1219 1985 Qua
1259 1914 1326 1969 de
1356 1930 1414 1969 re
1448 1914 1559 1985 regi
1605 1913 1861 1969 misimus

268 2014 639 2073 exhortantes,
679 2018 735 2065 et
758 2026 826 2066 ex
852 2018 1005 2081 parte
1034 2009 1412 2080 apostolorum
1445 2008 1589 2063 Petri
1620 2016 1674 2061 et
1704 2005 1859 2065 Pauli

267 2123 383 2161 eum
409 2105 807 2167 admonentes,
836 2112 901 2159 ut
925 2102 1139 2158 interim
1170 2118 1288 2157 sese
1324 2101 1391 2156 ab
1416 2101 1586 2156 armis
1623 2109 1677 2155 et
1707 2098 1860 2155 omni

265 2200 535 2257 bellorum
562 2196 908 2254 infestatione
938 2197 1238 2261 contineat,
1268 2194 1445 2251 donec
1472 2194 1609 2249 tales
1634 2194 1701 2249 ad
1735 2209 1860 2249 eum

267 2294 329 2348 ab
376 2292 682 2365 apostolica
737 2291 865 2346 sede
910 2289 1133 2346 nuntios
1180 2288 1505 2361 dirigamus,
1554 2287 1649 2359 qui
1696 2291 1863 2342 tanta:

266 2387 619 2443 dissensionis
692 2400 882 2441 causas
952 2393 1010 2439 et
1070 2382 1367 2454 diligenter
1431 2380 1731 2452 inquirere,
1810 2388 1865 2434 et

267 2489 541 2536 annuente
586 2483 709 2536 Deo
760 2478 828 2533 ad
876 2493 1062 2548 pacem
1114 2484 1166 2531 et
1196 2474 1548 2531 concordiam
1579 2490 1736 2545 aequa
1778 2489 1863 2528 va-

269 2575 409 2630 leant
449 2573 915 2629 determinatione
965 2570 1278 2642 perducere.
1340 2574 1514 2641 Atque
1545 2567 1733 2623 itidem
1769 2582 1865 2622 vos

271 2676 523 2722 exoratos
566 2674 622 2721 et
660 2664 960 2737 apostolica
991 2663 1316 2720 auctoritate
1352 2662 1720 2717 commonitos
1747 2675 1865 2716 esse

272 2760 521 2815 volumus
567 2766 631 2813 ut
660 2775 724 2813 ex
766 2765 941 2813 vestra
997 2766 1145 2827 parte
1175 2755 1323 2811 omni
1374 2756 1620 2810 motione
1657 2754 1863 2825 sopita,

271 2852 485 2907 easdem
518 2852 665 2922 pacis
707 2851 950 2906 inducias
978 2849 1299 2913 odservetis,
1332 2864 1435 2904 nec
1484 2848 1659 2920 aliqua
1712 2862 1867 2902 occa-

275 2946 419 3001 sione
444 2945 605 3001 nobis
631 2960 756 2999 cum
792 2944 887 2998 Dei
921 2943 1194 3015 adjutorio
1220 2941 1565 2998 adstruendae
1590 2940 1736 3012 pacis
1762 2940 1865 2994 im-

276 3038 651 3109 pedimentum
681 3037 990 3108 opponatis.
1020 3039 1158 3093 Cum
1213 3036 1414 3091 etenim
1458 3040 1543 3101 (ut
1573 3033 1739 3098 scitis)
1768 3048 1865 3087 no-

276 3131 355 3187 bis
378 3132 634 3199 mentiri,
662 3128 1037 3201 sacrilegium;
1070 3128 1318 3185 deserere
1350 3128 1633 3199 justitiam,
1666 3126 1865 3181 anima:

275 3225 345 3279 sit
364 3224 747 3297 naufragium;
777 3222 1054 3278 neminem
1106 3230 1349 3277 vestrum
1400 3220 1657 3276 dubitare
1707 3218 1865 3273 volu-

276 3333 397 3373 mus
424 3318 559 3390 quin
587 3332 754 3387 super
778 3315 882 3371 hac
912 3331 988 3380 re,
1015 3315 1237 3369 veritate
1279 3312 1553 3381 discussa,
1602 3311 1866 3383 quidquid

278 3426 493 3483 aequum
542 3410 836 3475 videbitur,
883 3408 1199 3479 providente
1252 3409 1395 3475 Deo,
1444 3405 1770 3471 decernere,
1816 3413 1870 3459 et

277 3504 454 3559 stabili
494 3503 748 3574 pactione
785 3502 1105 3557 studeamus
1129 3499 1378 3567 efﬁcere;
1410 3508 1464 3555 et
1489 3514 1869 3571 quamcunque

280 3607 489 3667 partem
528 3597 755 3667 injurias
794 3604 849 3651 et
900 3596 1235 3651 conculcata:
1288 3594 1514 3666 justitia:
1556 3592 1868 3647 violentiam

283 3691 386 3760 pati
413 3689 866 3761 cognoverimus,
892 3689 963 3744 illi
994 3688 1184 3759 procul
1203 3686 1398 3750 dubio,
1426 3686 1574 3741 omni
1597 3685 1796 3740 timore
1820 3692 1874 3739 et

288 3792 523 3854 respectu
561 3782 863 3854 personalis
905 3782 1091 3852 gratia:
1131 3780 1468 3852 posthabito,
1496 3780 1774 3849 favorem,
1819 3788 1875 3833 et

292 3878 592 3947 apostolica
622 3875 961 3931 auctoritatis
991 3874 1245 3945 praesidia
1276 3872 1642 3929 conferemus.

358 3971 487 4024 Data
530 3973 726 4025 Romae
772 3983 883 4023 xm
924 3967 1207 4023 Kalendas
1250 3967 1523 4027 Januarii,
1577 3964 1873 4021 indictione

294 4058 619 4118 duodecima.

812 4165 1161 4221 EPISTOLA
1193 4165 1302 4219 XL.

636 4282 717 4324 AD
753 4279 1122 4324 εοιιτιεεΑΜ
1155 4276 1549 4323 ΜΔΤΗῐιΒΕΜ.

873 4373 1058 4435 (Anno
1103 4371 1284 4433 l074.)

300 4474 518 4528 Latatur
541 4474 608 4529 de
636 4474 751 4543 ejus
779 4489 904 4541 erga
932 4474 1105 4529 sedem
1136 4472 1479 4542 apostolicam
1513 4470 1867 4526 observantia.

362 4548 616 4602 Hortatur
633 4535 693 4598 ιὶι
708 4535 1026 4615 ρθνδὲυθνθι,
1053 4560 1115 4598 ac
1134 4535 1208 4597 ad
1230 4543 1505 4597 visitanda
1526 4544 1801 4598 beatorum
1821 4559 1873 4596 αα
1906 4535 1956 4597 D

357 4618 679 4685 postolorum
722 4618 913 4672 limina
941 4632 1054 4673 una
1084 4632 1203 4671 cum
1231 4620 1411 4669 matre
1436 4616 1639 4669 veniat.

361 4718 708 4776 Caesonius
732 4718 1040 4789 episcopus,
1063 4732 1256 4773 servus
1280 4731 1573 4772 servorum
1600 4716 1721 4783 Dei,
1747 4719 1875 4771 MA-

300 4822 494 4867 rnttm
515 4811 747 4883 egregia:
766 4810 960 4868 indolis
982 4810 1174 4883 puellm
1194 4810 1427 4866 salutem
1444 4817 1495 4865 et
1515 4809 1875 4881 apostolicam

303 4900 733 4960 benedictionem.

363 4996 489 5065 Quia
512 4997 825 5053 serenitatis
852 5006 1043 5054 vestrae
1071 4998 1270 5054 litterae
1303 4997 1622 5069 apostolicae
1651 4996 1763 5054 sedi
1795 4995 1876 5053 di-

302 5096 447 5145 recta
486 5088 747 5147 eamdem
806 5097 1017 5146 testatae
1064 5099 1196 5147 sunt
1252 5090 1600 5147 dilectionem
1648 5090 1877 5163 principi

296 5182 661 5250 apostolorum
681 5181 995 5238 beatissimo
1016 5185 1178 5239 Petro
1200 5184 1502 5239 bonitatem
1522 5193 1673 5239 tuam
1702 5200 1879 5253 prom-

296 5282 437 5343 ptam
469 5292 587 5331 esse
615 5276 897 5343 exhibere,
924 5291 1087 5347 quam
1108 5280 1240 5332 Jesu
1270 5275 1489 5333 Christo
1513 5275 1755 5331 Domino
1781 5291 1877 5331 no-

294 5373 401 5423 stro
440 5384 533 5424 vas
560 5369 844 5426 electionis
876 5376 1096 5424 sanctus
1128 5369 1325 5425 Paulus
1368 5370 1722 5441 coapostolus
1763 5368 1880 5440 ejus

294 5474 459 5532 usque
484 5462 553 5518 ad
588 5472 830 5519 mortem
853 5461 1261 5517 ferventissimo
1292 5478 1479 5519 amore
1504 5461 1719 5519 studuit
1741 5478 1879 5519 con-

291 5566 531 5623 servare,
583 5554 766 5628 gaudii
820 5555 1014 5627 repleti
1059 5555 1467 5626 immensitate,
1510 5555 1875 5629 omnipotenti

293 5645 407 5702 Deo
434 5663 572 5719 quas
614 5664 909 5721 possumus
957 5648 1238 5705 reddimus
1284 5649 1501 5722 gratias.
1532 5649 1637 5705 Sed
1663 5650 1880 5706 noverit

286 5740 564 5809 pandentia
593 5750 776 5799 vestra
818 5742 1064 5799 honestis
1093 5743 1348 5814 inceptis,
1389 5742 1769 5816 religibsisque
1800 5743 1877 5798 in-

286 5831 686 5901 choationibus,
715 5851 854 5908 opus
872 5851 990 5892 esse
1016 5835 1313 5892 honestiori
1346 5837 1767 5907 perseverantia,
1796 5844 1876 5893 at-

2499 1920 2853 1977 EPISTOLA
2882 1920 3032 1973 XLI.

2169 2030 2251 2071 AD
2283 2029 2557 2071 ORZOCOR
2584 2029 2857 2071 JUDICEM
2896 2028 3353 2070 CALARITANUM.

2553 2110 2741 2173 (Anno
2785 2110 2969 2175 1074.)

1972 2206 2157 2257 Monet
2186 2206 2245 2256 ut
2281 2204 2347 2257 de
2368 2218 2527 2256 causa
2545 2219 2711 2271 quam
2735 2204 2787 2256 ei
2800 2204 3153 2263 commiserat,
3180 2203 3564 2255 communicato

2032 2291 2152 2327 cum
2180 2276 2381 2329 cretei-is
2407 2275 2683 2330 Sardiniae
2705 2274 2984 2342 judicibus
3008 2274 3244 2333 consilio,
3288 2274 3395 2327 sibi
3432 2273 3566 2341 quid

2043 2348 2277 2400 invisum
2296 2347 2469 2411 fuerit
2495 2348 2645 2399 intra
2665 2361 2870 2399 annum
2900 2345 3237 2413 respondeat.

2042 2439 2396 2495 Gnssonlus
2412 2436 2716 2508 episcopus,
2735 2452 2923 2491 servus
2939 2451 3225 2491 servorum
3246 2436 3362 2501 Dei,
3377 2438 3570 2493 Osco-

1973 2546 2084 2588 zon
2121 2529 2439 2603 [Onzocco]
2454 2530 2624 2601 judici
2650 2528 2956 2584 Calaritano
2981 2528 3253 2585 Sardiniae
3274 2528 3567 2600 provinciae

1970 2625 2205 2680 salutem
2234 2633 2286 2679 et
2314 2622 2666 2693 apostolicam
2691 2621 3153 2678 benedictionem.

2045 2716 2281 2772 Litteras
2306 2724 2428 2771 tuas
2464 2716 2790 2785 accepimus,
2819 2715 2874 2768 in
2912 2714 3109 2785 quibus
3138 2723 3191 2770 te
3221 2714 3289 2771 ad
3320 2731 3423 2771 nos
3452 2716 3563 2771 vel-

1977 2812 2024 2866 le
2066 2810 2249 2866 venire
2274 2808 2678 2865 continebatur.
2709 2807 2878 2863 Nobis
2907 2807 3088 2877 itaque
3140 2808 3316 2877 placet
3356 2816 3418 2863 ut
3475 2825 3566 2863 vc-

1976 2905 2115 2970 nias,
2156 2910 2212 2960 et
2258 2920 2385 2959 cum
2431 2902 2578 2957 omni
2626 2899 2946 2965 securitate;
2986 2908 3277 2970 postquam
3320 2900 3385 2955 ad
3420 2901 3567 2956 littus

1978 3006 2232 3052 nostrum
2274 2995 2512 3059 veneris,
2548 2993 2731 3049 eundo
2761 3001 2815 3048 et
2850 2990 3135 3047 redeundo
3167 3008 3262 3062 per
3294 2992 3428 3047 ﬁnes
3456 3001 3566 3047 ter-

1975 3107 2051 3146 rae
2073 3098 2276 3146 nostrae
2300 3098 2352 3143 te
2380 3087 2618 3159 migrare
2649 3101 2809 3158 posse
2838 3085 3158 3141 nullatenus
3184 3085 3280 3140 tibi
3313 3084 3569 3141 dubitan-

1976 3183 2112 3239 dum
2149 3198 2268 3239 esse
2297 3183 2453 3238 scias.
2499 3183 2769 3236 Praeterea
2806 3179 3189 3235 admonemus
3219 3177 3567 3250 prudentiam

1977 3285 2130 3332 tuam
2176 3285 2234 3331 ut
2278 3274 2349 3331 de
2388 3291 2550 3331 causa
2579 3289 2743 3344 quam
2783 3288 2878 3344 per
2919 3271 3380 3341 archiepiscopum
3421 3272 3568 3326 Con-

1979 3370 2279 3424 stantinum
2323 3371 2655 3423 Turrensem
2692 3366 2796 3420 hoc
2840 3365 2897 3419 in
2926 3381 3072 3420 anno
3101 3381 3131 3419 a
3178 3364 3336 3419 nobis
3370 3366 3569 3434 Capua:

1976 3470 2358 3518 consecratum
2397 3460 2494 3514 tibi
2526 3457 2939 3524 mandavimus,
2970 3473 3097 3513 cum
3141 3456 3354 3513 caeteris
3383 3455 3568 3513 Sardi-

1980 3554 2384 3627 niaajudicibus
2425 3552 2696 3624 loquaris;
2736 3560 2810 3616 et,
2844 3550 3079 3605 firmiter
3104 3549 3245 3605 inter
3290 3566 3387 3607 vos
3410 3566 3563 3606 com-

1979 3650 2254 3704 municato
2304 3646 2564 3712 consilio,
2620 3644 2885 3716 quidquid
2947 3643 3102 3699 vobis
3144 3643 3269 3699 inde
3316 3644 3468 3700 cordi
3517 3654 3572 3699 et

1981 3742 2166 3797 animo
2185 3742 2275 3807 sit,
2308 3740 2468 3796 celeri
2494 3730 2652 3795 nobis
2682 3736 3035 3809 reSponsione
3060 3736 3365 3803 notiticate;
3397 3736 3576 3792 scien-

1980 3844 2064 3891 tes
2095 3834 2388 3906 quoniam,
2432 3833 2532 3887 nisi
2582 3832 2637 3887 in
2687 3831 2792 3886 hoc
2838 3846 2981 3886 anno
3016 3839 3163 3886 certa
3211 3829 3369 3886 nobis
3410 3845 3576 3901 super

1983 3927 2086 3982 hac
2108 3943 2167 3983 re
2206 3926 2417 3982 ratione
2455 3923 2862 3995 respondeatis,
2905 3938 3004 3978 nec
3028 3923 3263 3994 amplius
3286 3930 3463 3977 vestra
3492 3937 3576 3978 re-

1980 4036 2178 4092 sponsa
2216 4034 2550 4091 quaeremus,
2589 4033 2691 4072 nec
2720 4025 2905 4072 tamen
2934 4016 3160 4071 ulterius
3176 4016 3290 4087 jus,
3317 4023 3373 4071 et
3400 4014 3575 4071 hono-

1987 4129 2106 4169 rem
2160 4113 2328 4167 sancti
2359 4111 2501 4167 Petri
2522 4109 2896 4182 irrequisitum
2925 4108 3320 4181 relinquemus.

2052 4208 2191 4261 Data
2227 4208 2423 4261 Roma:
2450 4203 2668 4259 decimo
2696 4202 2930 4274 septimo
2953 4200 3234 4257 Kalendas
3271 4199 3570 4268 Februarii,

1982 4298 2281 4354 indictione
2304 4296 2648 4353 duodecima.

2501 4390 2847 4446 EPISTOLA
2887 4390 3067 4444 XLII.

2022 4501 2104 4542 Αι)
2143 4500 2461 4541 ειεΑιωυΜ
2496 4496 2949 4550 Αρυιιιι-ῑιιςκειζιί
2980 4493 3534 4537 Αιιειιιιιιιιεεοινυιι.

2560 4576 2747 4646 (Λιιηο
2793 4579 2974 4640 1074.)

1986 4672 2183 4727 Indicit
2203 4673 2485 4727 comitium
2514 4670 2587 4723 ad
2613 4670 2947 4737 depravatos
2966 4670 3273 4737 principum
3297 4673 3347 4723 et
3370 4669 3576 4737 prata-

2058 4747 2239 4798 torum
2268 4757 2437 4797 mores
2475 4740 2829 4807 corrigendos.
2866 4741 3043 4793 Monet
3078 4742 3139 4792 ut
3178 4754 3287 4792 una
3317 4755 3433 4794 cum
3461 4742 3578 4807 suf-

2058 4816 2339 4883 fraganeis
2362 4812 2436 4866 ad
2456 4812 2516 4865 id
2530 4813 2844 4880 praestituta
2864 4810 2951 4864 die
2978 4810 3210 4865 accedat.

2060 4907 2420 4962 GasGonws
2432 4904 2737 4974 episcopus,
2754 4918 2943 4959 servus
2954 4917 3235 4959 servorum
3250 4902 3370 4970 Dei,
3382 4903 3579 4959 Sicut-

1990 5014 2066 5058 no
2094 4997 2430 5073 Aquileiensi
2462 4996 2613 5054 fratri
2651 5003 2706 5052 et
2742 4995 3067 5069 coepiscopo
3102 4997 3335 5053 salutem
3364 5004 3418 5053 et
3446 5011 3577 5070 apo-

1988 5095 2234 5151 stolicam
2253 5090 2720 5149 benedictionem.

2055 5192 2177 5244 Non
2206 5188 2457 5255 ignorare
2484 5183 2760 5242 credimus
2791 5182 3135 5255 prudentiam
3176 5192 3325 5241 tuam
3358 5184 3580 5258 quantis

1987 5281 2459 5351 perturbationum
2486 5279 2745 5337 ﬂuctibus
2791 5277 3030 5349 Ecclesia
3070 5277 3140 5332 sit
3184 5292 3580 5350 usquequaque

1987 5389 2281 5441 concussa,
2332 5382 2385 5430 et
2432 5390 2567 5443 pene
2614 5370 2969 5429 desolationis
3015 5386 3128 5427 suae
3178 5370 3585 5427 calamitatibus

1986 5466 2244 5539 naufraga
2290 5475 2343 5521 et
2393 5465 2676 5523 submersa
2725 5466 2794 5520 sit
2832 5464 2994 5520 facta.
3043 5468 3307 5521 Rectores
3336 5462 3485 5518 enim
3533 5470 3587 5516 et

1988 5559 2262 5631 principes
2292 5558 2453 5632 hujus
2486 5558 2676 5615 mundi
2720 5558 2917 5629 singuli
2963 5566 3271 5629 quaerentes
3317 5572 3439 5629 quae
3486 5571 3583 5611 sua

1984 5661 2132 5721 sunt,
2163 5668 2271 5708 non
2296 5668 2416 5725 quae
2440 5655 2571 5709 Jesu
2595 5652 2815 5718 Christi,
2847 5652 3001 5707 omni
3031 5650 3329 5707 reverentia
3356 5648 3585 5705 concul-

1986 5752 2130 5814 cata,
2159 5746 2316 5818 quasi
2348 5746 2510 5802 vilem
2540 5745 2794 5801 ancillam
2820 5744 3166 5815 opprimunt,
3192 5755 3424 5811 eamque
3454 5755 3583 5795 con-

1987 5836 2233 5907 fundere,
2272 5839 2407 5895 dum
2438 5839 2772 5911 cupiditates
2802 5850 2928 5891 suas
2958 5833 3173 5903 explere
3198 5831 3433 5895 valeant,
3467 5832 3584 5886 nul-
