4106 6182
550 258 650 309 323

1234 254 1288 307 s.
1329 251 1650 308 GREGORII
1689 234 1777 306 vn
1816 252 2010 307 mea:
2048 250 2134 307 or

2243 250 2324 306 [ΞΜ
2361 249 2534 306 PARS
2574 249 2613 303 1.
2651 276 2721 292 —-
2760 248 3160 303 REGISTRUM.
3732 245 3825 299 324

549 378 767 435 latenus
800 378 1208 449 pertimescunt.
1256 374 1575 433 Sacerdotes
1601 382 1806 441 autem,
1854 382 1909 430 et
1936 374 2027 446 qui
2053 389 2140 429 re-
2170 378 2225 441 Α
2256 382 2413 445 gante
2443 388 2680 444 superna
2721 371 3045 438 clementia,
3076 369 3371 428 commode
3414 386 3475 427 ac
3525 375 3829 427 reverenter

553 471 733 544 gimen
763 470 1023 529 Ecclesia
1052 467 1321 540 accepisse
1365 467 1634 537 videntur,
1676 467 1855 541 legem
1884 467 1984 524 Dei
2017 466 2137 525 fere

551 566 771 635 penitus
796 570 1211 637 postponentes,
1243 570 1299 617 et
1322 560 1489 618 ofﬁcii
1522 562 1605 618 sui
1631 561 1878 619 debitum
1922 564 2040 618 Deo
2082 569 2139 617 et

551 657 858 715 commissis
886 655 985 711 sibi
1030 654 1222 711 ovibus
1272 654 1689 726 subtrahentes,
1719 669 1817 726 per
1853 653 2139 711 ecclesias-

550 751 684 806 ticas
718 748 1009 820 dignitates
1038 747 1107 803 ad
1133 748 1468 805 mundanam
1494 755 1715 804 tantum
1745 747 1988 803 nituntur
2023 746 2137 819 glo-

548 843 703 909 riam,
748 850 802 898 et
840 856 962 913 qua
994 842 1208 911 speciali
1243 841 1655 913 dispensatione
1688 841 1996 896 multorum
2027 839 2138 896 uti—

546 936 809 1004 litatibus,
850 944 906 991 et
929 934 1087 991 saluti
1122 934 1387 1007 proﬁcere
1427 934 1768 1000 debuissent,
1812 949 1872 989 ea
1913 942 2007 989 aut
2043 948 2139 990 ne-

548 1029 780 1101 gligunt,
812 1038 907 1084 aut
934 1026 1227 1085 infeliciter
1251 1028 1307 1083 in
1331 1043 1531 1099 pompa
1558 1026 1827 1099 superbia
1856 1035 1910 1083 et
1951 1043 2141 1099 super-

551 1121 674 1177 ﬂuis
703 1120 1007 1193 sumptibus
1035 1129 1390 1178 consumunt.
1424 1124 1577 1177 Inter
1599 1120 1718 1177 haec
1740 1120 1991 1192 populus,
2018 1120 2137 1176 nul-

472 1200 479 1203 ’
548 1215 601 1270 lo
629 1215 985 1288 pralatorum
1020 1214 1424 1281 moderamine,
1452 1213 1720 1285 nullisque
1750 1212 2138 1270 mandatorum

550 1306 715 1364 frenis
755 1308 813 1364 in
855 1307 997 1363 viam
1030 1307 1260 1379 justitia
1305 1307 1577 1375 directus;
1609 1307 1754 1376 imo,
1803 1322 1995 1364 eorum
2042 1307 2135 1379 qui

546 1408 791 1471 praesunt
818 1401 1089 1472 exemplo,
1120 1415 1485 1473 quacumque
1512 1400 1699 1469 noxia,
1739 1408 1794 1457 et
1819 1415 1944 1472 qua
1972 1400 2135 1459 Chri-

549 1493 757 1552 stiania
801 1494 1045 1565 religioni
1074 1502 1201 1551 sunt
1227 1494 1500 1550 contraria
1543 1492 1805 1562 edoctus,
1832 1494 1902 1550 ad
1949 1494 2136 1551 omnia

548 1603 683 1657 pene
712 1602 835 1659 qua
863 1587 1071 1643 nefaria
1114 1596 1245 1643 sunt
1274 1588 1431 1659 proni
1474 1596 1530 1643 et
1570 1587 1751 1644 studio
1791 1596 2133 1655 corruentes,

547 1680 913 1736 Christianum
958 1696 1179 1748 nomen,
1217 1697 1335 1739 non
1364 1681 1486 1738 dico
1537 1682 1738 1753 absque
1769 1697 2002 1752 operum
2032 1681 2136 1738 ob-

2248 478 2501 520 exercere
2530 463 2825 518 valeamus.
2860 461 3067 518 Intueri
3091 469 3280 517 autem
3321 468 3378 517 et
3420 459 3699 532 diligenter
3731 471 3830 513 vos

2249 560 2467 623 oportet
2484 550 2762 609 attendere
2790 550 3049 623 quoniam
3080 550 3416 622 quicumque
3444 547 3623 617 miles,
3650 545 3825 604 domi-

2246 658 2321 699 no
2365 657 2464 698 suo
2510 642 2567 697 in
2620 640 2807 713 pralio
2847 646 3199 710 properante,
3230 654 3289 696 se
3318 637 3672 703 subtraxerit,
3718 650 3827 691 non

2248 731 2416 788 modo
2439 730 2668 803 gratiam
2696 729 2799 785 sibi
2827 726 3178 793 labefactare,
3208 726 3304 785 sed
3344 726 3557 797 accepti
3582 723 3829 781 beneﬁcii

2247 820 2607 877 commodum
2647 819 2843 875 merito
2875 818 2978 873 sibi
3011 816 3282 874 corruisse
3310 816 3667 888 dignoscitur.
3715 814 3833 868 Hoc

2250 912 2420 983 igitur
2447 911 2697 978 exemplo
2749 916 3004 980 appareat
3032 907 3124 980 qui
3172 922 3235 963 ex
3276 905 3463 973 vobis,
3509 904 3623 960 imo
3667 917 3830 975 quam

2247 1013 2439 1055 omnes
2466 996 2585 1053 sitis
2610 996 2799 1052 ﬁdeles
2828 995 3036 1052 Christi
3066 994 3290 1061 milites;
3329 1002 3383 1050 et
3409 993 3480 1050 ad
3515 992 3697 1049 divina
3740 1006 3833 1063 ag-

2247 1087 2392 1141 mina
2415 1094 2532 1140 tam
2563 1092 2817 1158 prompta
2845 1082 3124 1139 voluntate
3158 1091 3212 1137 et
3234 1080 3415 1139 studio
3457 1096 3554 1137 vos
3591 1077 3836 1136 conferre

2245 1173 2480 1241 studete,
2514 1181 2593 1239 ut,
2622 1182 2745 1245 post
2772 1172 3026 1243 adeptam
3048 1171 3105 1227 in
3135 1170 3353 1228 Christo
3387 1169 3706 1234 victoriam,
3740 1183 3837 1239 pa-

2244 1264 2376 1319 riter
2422 1264 2575 1319 vobis
2615 1272 2669 1317 et
2715 1261 2786 1318 de
2824 1261 3023 1317 virtute
3067 1259 3346 1317 factorum
3395 1268 3451 1316 et
3502 1256 3835 1315 abundantia

2244 1353 2599 1425 pramiorum
2623 1351 2838 1426 gloriari
2873 1351 3051 1408 liceat.
3082 1350 3194 1407 Sub
3222 1349 3413 1407 eadem
3445 1348 3613 1404 etiam
3641 1352 3837 1403 aucto-

2244 1443 2406 1498 ritate
2452 1450 2505 1497 et
2531 1439 2994 1497 determinatione
3025 1455 3219 1497 omnes
3249 1438 3476 1494 abbates
3502 1436 3832 1512 Longobar—

2244 1528 2348 1586 dia
2390 1529 2458 1585 ad
2498 1528 2785 1601 pralatum
2815 1528 3108 1584 concilium
3138 1527 3468 1595 invitamus,
3517 1525 3837 1596 nullamque

2243 1620 2297 1674 in
2324 1618 2426 1674 hac
2455 1618 2760 1675 obedientia
2780 1619 3033 1675 ﬁctitiam
3071 1618 3476 1674 excusationem
3504 1616 3841 1688 pratendere

2245 1708 2614 1766 admonemus
2652 1718 2813 1782 atque
2843 1709 3210 1781 praecipimus.

545 1774 838 1841 servantia,
877 1772 971 1829 sed
1005 1788 1142 1846 ΡθΠθ
1172 1774 1377 1847 absque
1426 1774 1549 1830 ﬁdei
1599 1775 1875 1847 Γθίίείοηθ-
1911 1784 2129 1847 gerunt
2168 1790 2217 1853 B
2324 1801 2462 1856 Data
2491 1803 2691 1857 Roma
2720 1772 2912 1857 octavo
2939 1772 3217 1856 Kalendas
3246 1796 3558 1864 Februarii,
3589 1796 3842 1852 indictio-

545 1869 910 1938 Quapropter,
937 1867 1273 1924 conﬁdentes
1302 1869 1359 1924 in
1396 1868 1768 1925 misericordia
1802 1869 1929 1936 Dei,
1955 1869 2137 1926 conci-

547 1960 684 2016 lium
714 1960 773 2016 in
811 1961 983 2033 prima
1025 1960 1369 2017 hebdomada
1412 1961 1850 2035 quadragesima
1892 1962 2137 2020 adunare

540 2052 953 2129 disposuimus,
999 2063 1270 2125 quatenus
1299 2054 1427 2111 huic
1456 2064 1610 2111 tanto
1642 2055 1902 2126 periculo,
1932 2054 2134 2112 suffra-

544 2156 707 2217 gante
731 2146 914 2202 divina
941 2148 1248 2215 clementia,
1283 2164 1409 2204 cum
1440 2149 1723 2205 communi
1756 2148 1987 2205 consilio
2021 2148 2137 2205 fra-

545 2248 694 2297 trum
723 2240 943 2312 aliquod
968 2240 1235 2298 solatium
1266 2249 1324 2297 et
1352 2242 1656 2298 remedium
1686 2242 1931 2299 invenire
1956 2244 2136 2299 valea-

549 2348 701 2401 mus,
731 2349 801 2389 ne
824 2333 1025 2389 nostris
1056 2335 1399 2405 temporibus
1435 2334 1850 2407 irreparabilem
1876 2336 2138 2392 Ecclesia

547 2426 761 2481 ruinam
790 2427 1329 2500 destructionemque
1356 2427 1660 2485 videamus.
1696 2429 1933 2500 Ideoque
1962 2438 2016 2485 et
2042 2446 2137 2485 ve-

551 2527 721 2575 stram
758 2520 1154 2577 fraternitatem
1181 2537 1465 2593 rogamus,
1497 2531 1552 2577 et
1575 2538 1639 2577 ex
1670 2529 1821 2595 parte
1861 2524 2001 2579 beati
2042 2527 2139 2579 Pe-

549 2614 619 2669 tri
647 2614 1019 2684 apostolorum
1050 2615 1312 2687 principis
1351 2616 1733 2682 admonemus,
1770 2625 1833 2672 ut
1867 2616 1920 2671 in
1950 2619 2137 2688 prali-

547 2707 676 2764 bato
702 2708 940 2763 termino
971 2718 1209 2764 vestram
1238 2708 1395 2765 nobis
1419 2710 1764 2781 prasentiam
1804 2710 2134 2781 exhibeatis,

547 2799 858 2856 convocatis
900 2817 1008 2856 una
1037 2801 1341 2872 vobiscum,
1362 2810 1479 2858 tum
1519 2818 1616 2875 per
1644 2804 1761 2860 bac
1788 2812 1980 2860 nostra
2016 2812 2138 2861 tum

2248 1906 2319 1946 ne
2347 1890 2694 1947 duodecima.

2738 1984 3095 2040 EPISTOLA
3136 1984 3347 2039 XLIV.

2388 2094 2469 2135 AD
2496 2092 2869 2135 ηιιικοιιωί
2909 2091 3284 2133 ΒΕΑΕΒΝδΒΗ
3317 2089 3678 2132 EPISCOPUM.

2835 2169 3018 2229 (Anno
3050 2168 3231 2228 1074.)

2247 2258 2503 2314 Restituit
2526 2260 2767 2327 episcopo
2796 2257 3059 2325 Bragensi
3094 2270 3352 2325 suspenso
3376 2254 3589 2327 reditus
3629 2254 3841 2327 episco-

2314 2334 2497 2398 patus,
2514 2326 2594 2390 ut.
2617 2331 2766 2383 omni
2774 2330 3075 2398 postposita
3098 2343 3272 2394 mora,
3291 2342 3411 2381 cum
3429 2326 3843 2448 Iegatkqpisco—

2316 2402 2378 2448 υἱ
2420 2400 2722 2448 adversarii
2764 2401 2855 2448 sui
2896 2404 3200 2448 sanctorum
3241 2397 3602 2448 apostolorum
3674 2397 3843 2448 imina

2311 2397 2378 2470 p2:
2420 2400 2722 2453 adversarii
2764 2397 2855 2453 sui
2896 2404 3200 2470 sanctorum
3241 2397 3627 2470 apostolorum_
3650 2397 3843 2470 limina

2318 2468 2499 2525 adeat.
2534 2472 2919 2527 Commemorat
2937 2485 2991 2523 se
3011 2468 3186 2543 fratri
3215 2470 3328 2538 ejus
3363 2468 3492 2543 duci
3523 2468 3837 2543 scripsisse,

2319 2546 2381 2596 ut
2405 2545 2768 2597 Moravensem
2805 2540 3107 2612 episcopum
3144 2545 3194 2597 et
3218 2555 3343 2594 suos
3372 2540 3576 2608 legatos
3613 2541 3843 2595 Romam

2318 2616 2524 2668 mittat.

2318 2708 2678 2765 Gaacoaws
2700 2707 2989 2777 episcopus
3011 2721 3205 2763 servus
3226 2721 3513 2763 servorum
3539 2704 3641 2762 Dei
3664 2705 3849 2762 Inno-

2247 2816 2406 2859 mao
2432 2802 2686 2875 Bragensi
2704 2801 2823 2877 [pro
2838 2803 3105 2871 Pragensi
3117 2843 3131 2870 ,
3148 2802 3351 2858 Hann.
3365 2804 3418 2856 et
3441 2802 3516 2857 sic
3533 2796 3708 2869 infra]
3730 2797 3846 2869 epi-

548 2909 644 2967 per
664 2903 842 2949 vestra
866 2894 1087 2967 scripta,
1120 2896 1315 2951 vestris
1335 2894 1701 2968 suffraganeis
1730 2898 2040 2970 episcopis:
2084 2907 2145 2954 ut
2251 2910 2438 2967 scopo.

545 2993 700 3042 tanto
739 2987 912 3042 tutius
938 2995 1207 3060 tantoque
1251 2987 1468 3045 ﬁrmius
1506 2989 1579 3045 ad
1615 2990 1921 3047 subsidium
1974 2993 2141 3049 eccle-

544 3079 779 3137 siastica
823 3080 1089 3137 libertatis
1131 3090 1188 3138 et
1225 3082 1498 3155 religionis
1520 3084 1895 3157 accingamur,
1934 3097 2137 3157 quanto

2318 2993 2649 3061 Quanquam
2690 2988 3062 3046 inobedientia
3091 2997 3185 3045 tua
3213 2996 3270 3045 et
3316 2988 3506 3060 culpa,
3550 3000 3720 3058 quam
3774 2986 3834 3040 in

2247 3090 2567 3153 contemptu
2628 3082 2935 3154 legatorum
2984 3091 3189 3141 sancta
3248 3086 3519 3139 Romana
3578 3079 3841 3137 Ecclesia

540 3173 763 3229 uberius
810 3182 976 3245 atque
1005 3173 1228 3230 vicinius
1269 3176 1512 3231 consiliis
1556 3185 1750 3234 vestra
1798 3178 2132 3249 prudentia,
2163 3175 2206 3236 C
2244 3176 2589 3248 perpetrasti,
2633 3191 2824 3247 preces
2853 3185 2973 3232 tuas
2992 3217 3008 3243 ,
3040 3186 3095 3233 te
3124 3176 3348 3233 absente
3376 3184 3433 3233 et
3459 3174 3709 3231 nondum
3736 3189 3842 3244 pa-

545 3267 898 3337 aliorumque
925 3267 1271 3324 confratrum
1319 3268 1621 3342 frequentia
1649 3280 1705 3327 et
1740 3271 1967 3343 provida
2010 3289 2137 3330 con-

545 3361 842 3417 sultatione
865 3362 1293 3418 circumdamur.

618 3458 753 3511 Data
795 3459 993 3513 Roma
1022 3472 1168 3513 nono
1208 3456 1484 3515 Kalendas
1510 3459 1868 3529 Februarias,
1897 3460 2139 3518 indictio-

542 3563 611 3604 ne
646 3547 993 3606 duodecima.

1046 3646 1402 3701 EPISTOLA
1428 3648 1636 3702 XLIII.

618 3748 701 3790 AD
719 3750 1194 3793 SUPFRAGANEOS
1221 3751 1526 3795 Εςειιςειλς
1549 3754 2065 3800 διευῐοιΑΝιῑκειε.

1152 3835 1336 3895 (Anno
1372 3836 1547 3898 1074.)

1039 3923 1299 3994 Ejusdem
1327 3929 1652 3996 argumenti.

615 4014 977 4073 GBBGOBIUS
994 4016 1301 4089 episcopus,
1317 4034 1506 4075 servus
1526 4036 1807 4079 servorum
1819 4022 1943 4091 Dei,
1962 4024 2135 4079 omni.

546 4107 648 4163 bus
697 4108 964 4180 episcopis
1013 4109 1432 4169 Mediolanensis
1466 4115 1708 4172 ecclesia
1744 4114 2131 4188 suffraganeis,

546 4202 796 4258 videlicet
824 4203 1111 4271 Brixiensi,
1137 4205 1511 4275 Cremonensi,
1540 4207 1885 4281 bergamensi
1911 4209 2136 4283 [Bergo-

544 4294 766 4369 mensi],
799 4296 1097 4365 Laudensi,
1135 4300 1453 4357 Novariensi
1476 4342 1491 4369 ,
1538 4303 1912 4374 Eporediensi,
1939 4305 2133 4361 Tauri-

545 4389 727 4457 nensi,
760 4390 1012 4463 Albensi,
1035 4393 1275 4462 Astensi,
1312 4395 1584 4466 Aquensi,
1611 4396 1951 4453 Terdonensi
1978 4396 2136 4471 [Der-

2248 3277 2371 3325 rato
2413 3268 2755 3336 satisfacere,
2805 3269 2969 3340 recipi
3017 3286 3131 3326 non
3174 3270 3407 3338 meruit;
3441 3278 3623 3325 tamen
3654 3282 3724 3322 ne
3767 3283 3837 3321 ex

2247 3364 2563 3435 apostolica,
2592 3363 2720 3419 licet
2735 3364 2907 3436 justa,
2934 3364 3268 3421 districtione
3303 3364 3695 3421 absentationis
3719 3370 3836 3418 tua

2248 3474 2462 3514 moram
2510 3458 2591 3513 vel
2637 3458 2981 3515 occasionem
3028 3459 3236 3514 diutius
3280 3457 3577 3515 defendere
3629 3458 3840 3530 possis,

2246 3552 2625 3609 necessitatem
2664 3567 2770 3622 qua
2801 3561 2856 3607 te
2888 3552 3069 3623 urgeri
3095 3552 3152 3608 in
3194 3552 3427 3623 epistola
3451 3561 3542 3608 tua
3591 3564 3841 3620 conque-

2246 3654 2365 3701 stus
2391 3661 2473 3712 es,
2511 3652 2567 3700 et
2596 3644 3051 3716 impedimentum
3071 3645 3140 3700 ad
3174 3660 3277 3701 nos
3314 3642 3558 3700 veniendi
3585 3658 3845 3699 remove-

2246 3753 2307 3795 re
2333 3737 2696 3795 decrevimus.
2738 3741 2933 3811 Itaque
2976 3739 3231 3810 prasenti
3262 3738 3593 3795 auctoritate
3616 3736 3716 3793 tibi
3745 3753 3840 3794 re-

2246 3831 2525 3888 stituimus
2551 3840 2605 3888 et
2632 3832 2869 3888 tenenda
2898 3832 3260 3888 concedimus
3301 3847 3641 3904 quacunque
3682 3846 3716 3887 a
3759 3830 3842 3885 le-

2245 3926 2383 3998 gatis
2406 3926 2635 3991 nostris,
2675 3924 2954 3982 Bernardo
2997 3924 3249 3983 videlicet
3274 3934 3329 3982 et
3354 3925 3624 3999 Gregorio
3641 3965 3656 3991 ,
3688 3940 3840 3996 pra-

2243 4029 2326 4075 ter
2362 4021 2665 4093 episcopale
2707 4020 2953 4077 ol'ﬁcium
2988 4020 3088 4077 tibi
3135 4020 3425 4077 interdicta
3463 4028 3593 4076 sunt
3639 4036 3655 4074 :
3698 4035 3846 4090 quo—

2242 4114 2397 4169 niam
2434 4122 2486 4169 te
2515 4114 2874 4186 exspoliatum
2903 4114 3067 4169 rebus
3095 4114 3349 4172 Ecclesia
3373 4121 3505 4183 tua,
3545 4112 3730 4185 inopia
3752 4129 3838 4169 re-

2243 4222 2365 4263 rum
2398 4208 2858 4278 necessariarum,
2890 4206 3261 4265 obedientiam
3286 4208 3489 4267 debita
3516 4206 3848 4264 satisfactio.

2243 4299 2329 4354 nis
2355 4315 2467 4355 non
2493 4316 2652 4372 posse
2675 4300 2897 4373 exsequi
2930 4301 3089 4368 (sicut
3121 4316 3281 4373 supra
3314 4301 3569 4367 diximus)
3598 4316 3842 4372 conque

2242 4393 2415 4451 rendo
2434 4410 2658 4452 excusas
2695 4412 2708 4450 :
2734 4405 2902 4467 atque
2922 4394 3026 4451 hoc
3046 4394 3202 4467 ﬁdem
3224 4394 3379 4453 fratri
3408 4406 3505 4452 tuo
3537 4394 3847 4452 Wratislao

545 4481 807 4557 tonensi],
848 4491 903 4540 et
927 4484 1146 4542 cateris
1175 4486 1530 4559 quibusdam,
1559 4488 1789 4545 salutem
1828 4498 1883 4547 et
1909 4500 2133 4562 aposto-
2163 4490 2211 4553 D
2244 4487 2366 4544 duci
2405 4503 2502 4559 per
2542 4487 2830 4559 epistolam
2859 4496 3105 4545 nostram
3143 4488 3581 4556 notiﬁcavimus,
3623 4486 3835 4544 admo-

543 4574 701 4631 licam
731 4576 1193 4649 benedictionem,
1226 4580 1556 4652 quibusdam
1579 4598 1679 4653 pro
1720 4584 1951 4639 meritis.

614 4671 736 4724 Non
773 4670 1122 4743 incognitum
1152 4672 1308 4729 vobis
1348 4690 1465 4730 esse
1494 4675 1807 4745 credimus,
1836 4677 1893 4732 in
1923 4680 2131 4736 Roma-

543 4775 615 4816 na
639 4762 879 4819 Ecclesia
902 4763 1238 4836 jamdudum
1265 4768 1626 4825 constitutum
1659 4785 1778 4827 esse
1804 4781 1865 4827 ut
1893 4787 1989 4843 per
2018 4772 2131 4829 sin-

544 4853 699 4927 gulos
715 4871 911 4927 annos,
934 4857 1002 4914 ad
1027 4857 1287 4917 decorem
1309 4869 1365 4918 et
1390 4862 1685 4921 utilitatem
1709 4874 1919 4923 sancta
1947 4867 2127 4924 Eccle-

544 4947 669 5016 sia,
718 4950 967 5021 generale
1017 4952 1316 5010 concilium
1358 4956 1501 5026 apud
1548 4957 1734 5015 sedem
1771 4960 2128 5031 apostolicam

541 5040 615 5097 sit
642 5043 967 5099 tenendum.
1007 5046 1124 5101 Nos
1155 5046 1335 5119 itaque
1364 5047 1528 5121 hujus
1559 5050 1895 5108 celebritatis
1919 5052 2024 5110 hoc
2065 5056 2126 5111 in

541 5142 793 5207 tempore
833 5153 1053 5193 causam
1084 5139 1239 5197 valde
1279 5142 1640 5198 necessariam
1680 5145 2125 5217 considerantes,

544 5228 597 5282 in
637 5228 810 5299 prima
842 5230 1196 5288 hebdomada
1223 5232 1654 5307 quadragesima
1682 5238 1978 5309 synodum,
2026 5257 2125 5296 an-

541 5330 741 5379 nuente
764 5325 904 5388 Deo,
934 5327 1127 5381 Roma
1144 5327 1415 5383 celebrare
1432 5328 1826 5401 disposuimus.
1854 5332 1936 5388 Ad
1963 5350 2127 5405 quam

541 5429 734 5472 omnes
800 5432 917 5485 vos,
986 5426 1043 5475 et
1120 5421 1418 5491 apostolica
1484 5424 1819 5481 auctoritate
1884 5442 2125 5497 prasen-

542 5506 672 5563 tiam
717 5519 954 5567 vestram
1000 5511 1256 5569 exhibere
1318 5530 1741 5574 commonemus
1776 5527 1939 5591 atque
1981 5537 2128 5593 pra-

538 5599 773 5672 cipimus
819 5624 831 5658 :
864 5614 1137 5676 quatenus
1161 5622 1269 5664 una
1299 5609 1585 5667 vobiscum
1604 5652 1617 5677 ,
1647 5620 1703 5667 et
1728 5629 1857 5670 cum
1886 5615 1988 5671 alia
2032 5615 2132 5673 fre-

540 5696 764 5764 quentia
789 5699 951 5755 vestri
982 5698 1208 5768 ordinis,
1251 5701 1416 5759 ofﬁcii
1457 5705 1632 5765 nostri
1654 5704 1897 5764 debitam
1924 5710 2125 5767 sollici-

540 5785 787 5847 tudinem
817 5791 875 5848 in
912 5792 1113 5850 divinis
1152 5803 1209 5851 et
1266 5795 1642 5856 ecclesiasticis
1678 5799 1885 5870 causis,
1932 5801 2129 5860 suffra-

2244 4589 2435 4635 nentes
2464 4594 2593 4635 eum
2619 4587 2683 4635 ut
2723 4579 2791 4635 de
2835 4580 3114 4637 consuetis
3154 4564 3383 4636 decimis
3422 4588 3481 4636 et
3518 4578 3833 4637 redditibus

2243 4674 2500 4731 Ecclesia
2539 4681 2655 4731 tua
2699 4672 2835 4731 nihil
2875 4674 2930 4730 in
2976 4684 3246 4745 potestate
3289 4690 3391 4732 sua
3437 4673 3535 4731 tibi
3577 4673 3846 4745 denegari

2242 4768 2482 4839 patiatur
2503 4775 2604 4825 aut
2623 4767 2894 4824 subtrahi.
2920 4767 3313 4825 Admonemus
3332 4768 3517 4842 igitur,
3541 4776 3603 4824 et
3617 4783 3687 4823 ex
3710 4782 3840 4839 par-

2238 4872 2293 4918 te
2338 4863 2717 4935 apostolorum
2756 4862 2896 4918 Petri
2926 4871 2983 4918 et
3029 4863 3216 4930 Pauli,
3267 4871 3320 4919 et
3348 4871 3540 4920 nostra
3585 4877 3680 4932 per
3728 4876 3845 4918 eos

2238 4956 2541 5029 apostolica
2576 4956 2675 5013 tibi
2708 4957 3031 5013 auctoritate
3070 4956 3416 5028 pracipimus
3444 4966 3524 5019 ut,
3554 4955 3720 5011 nullis
3744 4970 3850 5012 ex-

2236 5050 2613 5107 cusationibus
2635 5050 2951 5107 absentiam
2973 5058 3130 5107 tuam
3153 5050 3383 5107 ulterius
3406 5048 3711 5106 defendens
3726 5088 3745 5116 ,
3772 5049 3845 5105 in

2238 5145 2436 5202 Remis
2469 5145 2777 5212 palmarum
2805 5144 3105 5215 apostolica
3136 5143 3286 5201 adire
3313 5144 3505 5200 limina
3543 5158 3659 5199 non
3691 5157 3844 5214 pra-

2237 5241 2533 5309 termittas;
2584 5254 2918 5311 cognoscens
2962 5238 3191 5296 fratrem
3232 5247 3394 5296 tuum
3432 5254 3464 5294 a
3494 5237 3659 5294 nobis
3705 5251 3840 5294 esse

2235 5335 2637 5392 communitum
2673 5343 2737 5392 ut
2773 5337 3051 5392 Joannem
3086 5337 3468 5392 Moravensem
3496 5334 3837 5407 episcopum

2239 5428 2430 5486 itidem
2461 5428 2530 5486 ad
2571 5444 2673 5486 nos
2700 5428 2882 5484 venire
2931 5436 3316 5497 commoneat,
3367 5438 3421 5485 et
3449 5444 3514 5485 ex
3540 5443 3639 5484 sua
3669 5434 3843 5498 parte

2240 5523 2375 5580 tales
2408 5523 2479 5580 ad
2503 5539 2608 5579 nos
2634 5523 2861 5579 nuntios
2898 5524 3112 5595 dirigat,
3142 5523 3339 5595 quibus
3380 5524 3437 5579 in
3472 5531 3661 5579 nostra
3690 5535 3840 5593 pos-

2237 5617 2411 5674 simus
2457 5616 2863 5675 examinatione
2902 5617 3141 5675 diﬁinire
3163 5615 3570 5674 dissensionum
3598 5628 3833 5673 causas.

2236 5711 2462 5768 Interim
2501 5728 2631 5769 vero
2657 5711 2727 5769 de
2768 5712 3205 5785 possessionibus
3243 5711 3587 5770 Moravensis
3614 5708 3841 5782 episco—

2240 5816 2399 5879 patus
2445 5809 2573 5867 nihil
2610 5817 2666 5866 te
2705 5816 2933 5883 tangere
2958 5810 3216 5868 volumus
3241 5819 3300 5868 et
3326 5807 3711 5884 pracipimus,
3754 5819 3852 5863 ne
