  <div class='ocr_page' id='page_1' title='image "/cluster/home/n/w/nwhite01/storage/ocr_20150623/148/hvd.32044054760061/168.png"; bbox 0 0 4106 6182; ppageno 0'>
   <div class='ocr_carea' id='block_1_1' title="bbox 325 220 430 271">
    <p class='ocr_par' dir='ltr' id='par_1_1' title="bbox 325 220 430 271">
     <span class='ocr_line' id='line_1_1' title="bbox 325 220 430 271; baseline -0.01 -1"><span class='ocrx_word' id='word_1_1' title='bbox 325 220 430 271; x_wconf 68' lang='grc'><strong>325</strong></span> 
     </span>
    </p>
   </div>
   <div class='ocr_carea' id='block_1_2' title="bbox 1439 226 2523 290">
    <p class='ocr_par' dir='ltr' id='par_1_2' title="bbox 1439 226 2523 290">
     <span class='ocr_line' id='line_1_2' title="bbox 1439 226 2523 290; baseline 0.009 -12"><span class='ocrx_word' id='word_1_2' title='bbox 1439 226 1631 281; x_wconf 81' lang='lat' dir='ltr'><strong>LIBER</strong></span> <span class='ocrx_word' id='word_1_3' title='bbox 1673 228 1932 284; x_wconf 80' lang='lat' dir='ltr'><strong>PRIMUS.</strong></span> <span class='ocrx_word' id='word_1_4' title='bbox 1975 257 2044 270; x_wconf 93' lang='lat'><strong><em>—</em></strong></span> <span class='ocrx_word' id='word_1_5' title='bbox 2087 232 2289 287; x_wconf 82' lang='lat' dir='ltr'><strong>EPIST.</strong></span> <span class='ocrx_word' id='word_1_6' title='bbox 2331 235 2523 290; x_wconf 73' lang='lat' dir='ltr'><strong>XLVII.</strong></span> 
     </span>
    </p>
   </div>
   <div class='ocr_carea' id='block_1_3' title="bbox 3521 253 3622 304">
    <p class='ocr_par' dir='ltr' id='par_1_3' title="bbox 3521 253 3622 304">
     <span class='ocr_line' id='line_1_3' title="bbox 3521 253 3622 304; baseline -0.03 0"><span class='ocrx_word' id='word_1_7' title='bbox 3521 253 3622 304; x_wconf 74' lang='lat'><strong>326</strong></span> 
     </span>
    </p>
   </div>
   <div class='ocr_carea' id='block_1_4' title="bbox 323 341 3621 429">
    <p class='ocr_par' dir='ltr' id='par_1_4' title="bbox 323 341 3621 429">
     <span class='ocr_line' id='line_1_4' title="bbox 323 341 3621 429; baseline 0.01 -35"><span class='ocrx_word' id='word_1_8' title='bbox 323 349 376 395; x_wconf 90' lang='lat' dir='ltr'><strong>et</strong></span> <span class='ocrx_word' id='word_1_9' title='bbox 415 341 527 413; x_wconf 90' lang='lat' dir='ltr'><strong>ipse</strong></span> <span class='ocrx_word' id='word_1_10' title='bbox 555 342 743 415; x_wconf 91' lang='lat' dir='ltr'><strong>aliqua</strong></span> <span class='ocrx_word' id='word_1_11' title='bbox 773 344 1144 400; x_wconf 80' lang='lat' dir='ltr'><strong>molestiarum</strong></span> <span class='ocrx_word' id='word_1_12' title='bbox 1179 349 1525 405; x_wconf 81' lang='lat' dir='ltr'><strong>excusatione</strong></span> <span class='ocrx_word' id='word_1_13' title='bbox 1569 353 1914 422; x_wconf 69' lang='lat' dir='ltr'><strong>praesentiam</strong></span> <span class='ocrx_word' id='word_1_14' title='bbox 1944 356 1998 422; x_wconf 78' lang='grc' dir='ltr'>Α</span> <span class='ocrx_word' id='word_1_15' title='bbox 2030 353 2248 412; x_wconf 84' lang='lat' dir='ltr'><strong>fluentia</strong></span> <span class='ocrx_word' id='word_1_16' title='bbox 2298 358 2599 416; x_wconf 79' lang='lat' dir='ltr'><strong>dilectionis</strong></span> <span class='ocrx_word' id='word_1_17' title='bbox 2645 363 2895 418; x_wconf 80' lang='lat' dir='ltr'><strong>Romana</strong></span> <span class='ocrx_word' id='word_1_18' title='bbox 2940 366 3176 424; x_wconf 83' lang='lat' dir='ltr'><strong>Ecclesia</strong></span> <span class='ocrx_word' id='word_1_19' title='bbox 3212 369 3500 426; x_wconf 90' lang='lat' dir='ltr'><strong>valentiam</strong></span> <span class='ocrx_word' id='word_1_20' title='bbox 3531 388 3621 429; x_wconf 79' lang='lat' dir='ltr'><strong>ve-</strong></span> 
     </span>
    </p>
   </div>
   <div class='ocr_carea' id='block_1_5' title="bbox 322 438 1914 516">
    <p class='ocr_par' dir='ltr' id='par_1_5' title="bbox 322 438 1914 516">
     <span class='ocr_line' id='line_1_5' title="bbox 322 438 1914 516; baseline 0.008 -28"><span class='ocrx_word' id='word_1_21' title='bbox 322 451 481 490; x_wconf 88' lang='lat' dir='ltr'><strong>suam</strong></span> <span class='ocrx_word' id='word_1_22' title='bbox 508 438 818 507; x_wconf 86' lang='lat' dir='ltr'><strong>conspectui</strong></span> <span class='ocrx_word' id='word_1_23' title='bbox 850 447 1037 494; x_wconf 91' lang='lat' dir='ltr'><strong>nostro</strong></span> <span class='ocrx_word' id='word_1_24' title='bbox 1067 440 1370 496; x_wconf 85' lang='lat' dir='ltr'><strong>subtrahat.</strong></span> <span class='ocrx_word' id='word_1_25' title='bbox 1400 444 1792 516; x_wconf 82' lang='lat' dir='ltr'><strong>Praescriptum</strong></span> <span class='ocrx_word' id='word_1_26' title='bbox 1825 463 1914 502; x_wconf 89' lang='lat' dir='ltr'><strong>ve-</strong></span> 
     </span>
    </p>
   </div>
   <div class='ocr_carea' id='block_1_6' title="bbox 319 529 1914 606">
    <p class='ocr_par' dir='ltr' id='par_1_6' title="bbox 319 529 1914 606">
     <span class='ocr_line' id='line_1_6' title="bbox 319 529 1914 606; baseline 0.009 -24"><span class='ocrx_word' id='word_1_27' title='bbox 319 545 381 582; x_wconf 90' lang='lat' dir='ltr'><strong>ro</strong></span> <span class='ocrx_word' id='word_1_28' title='bbox 428 529 717 585; x_wconf 88' lang='lat' dir='ltr'><strong>terminum</strong></span> <span class='ocrx_word' id='word_1_29' title='bbox 747 529 1006 587; x_wconf 81' lang='lat' dir='ltr'><strong>adventus</strong></span> <span class='ocrx_word' id='word_1_30' title='bbox 1047 533 1146 600; x_wconf 87' lang='lat' dir='ltr'><strong>tui,</strong></span> <span class='ocrx_word' id='word_1_31' title='bbox 1179 543 1234 589; x_wconf 92' lang='lat' dir='ltr'><strong>tu</strong></span> <span class='ocrx_word' id='word_1_32' title='bbox 1289 535 1400 606; x_wconf 90' lang='lat' dir='ltr'><strong>ipse</strong></span> <span class='ocrx_word' id='word_1_33' title='bbox 1444 537 1517 593; x_wconf 90' lang='lat' dir='ltr'><strong>ita</strong></span> <span class='ocrx_word' id='word_1_34' title='bbox 1569 547 1782 595; x_wconf 87' lang='lat' dir='ltr'><strong>mature</strong></span> <span class='ocrx_word' id='word_1_35' title='bbox 1813 540 1914 596; x_wconf 80' lang='lat' dir='ltr'><strong>fra-</strong></span> 
     </span>
    </p>
   </div>
   <div class='ocr_carea' id='block_1_7' title="bbox 322 623 1917 706">
    <p class='ocr_par' dir='ltr' id='par_1_7' title="bbox 322 623 1917 706">
     <span class='ocr_line' id='line_1_7' title="bbox 322 623 1917 706; baseline 0.01 -32"><span class='ocrx_word' id='word_1_36' title='bbox 322 623 387 675; x_wconf 87' lang='lat' dir='ltr'><strong>tri</strong></span> <span class='ocrx_word' id='word_1_37' title='bbox 441 632 532 677; x_wconf 88' lang='lat' dir='ltr'><strong>tuo</strong></span> <span class='ocrx_word' id='word_1_38' title='bbox 581 623 704 678; x_wconf 90' lang='lat' dir='ltr'><strong>duci</strong></span> <span class='ocrx_word' id='word_1_39' title='bbox 749 625 982 680; x_wconf 88' lang='lat' dir='ltr'><strong>indicare</strong></span> <span class='ocrx_word' id='word_1_40' title='bbox 1017 636 1227 695; x_wconf 90' lang='lat' dir='ltr'><strong>curato,</strong></span> <span class='ocrx_word' id='word_1_41' title='bbox 1280 637 1340 685; x_wconf 93' lang='lat' dir='ltr'><strong>ut</strong></span> <span class='ocrx_word' id='word_1_42' title='bbox 1388 633 1766 688; x_wconf 86' lang='lat' dir='ltr'><strong>Moravensem</strong></span> <span class='ocrx_word' id='word_1_43' title='bbox 1809 636 1917 706; x_wconf 90' lang='lat' dir='ltr'><strong>epi-</strong></span> 
     </span>
    </p>
   </div>
   <div class='ocr_carea' id='block_1_8' title="bbox 318 720 1914 797">
    <p class='ocr_par' dir='ltr' id='par_1_8' title="bbox 318 720 1914 797">
     <span class='ocr_line' id='line_1_8' title="bbox 318 720 1914 797; baseline 0.01 -28"><span class='ocrx_word' id='word_1_44' title='bbox 318 730 543 786; x_wconf 90' lang='lat' dir='ltr'><strong>scopum</strong></span> <span class='ocrx_word' id='word_1_45' title='bbox 589 725 644 772; x_wconf 87' lang='lat' dir='ltr'><strong>et</strong></span> <span class='ocrx_word' id='word_1_46' title='bbox 676 733 804 772; x_wconf 91' lang='lat' dir='ltr'><strong>suos</strong></span> <span class='ocrx_word' id='word_1_47' title='bbox 839 720 1044 791; x_wconf 82' lang='lat' dir='ltr'><strong>legatos</strong></span> <span class='ocrx_word' id='word_1_48' title='bbox 1084 737 1188 776; x_wconf 90' lang='lat' dir='ltr'><strong>una</strong></span> <span class='ocrx_word' id='word_1_49' title='bbox 1234 732 1415 779; x_wconf 88' lang='lat' dir='ltr'><strong>tecum</strong></span> <span class='ocrx_word' id='word_1_50' title='bbox 1457 725 1526 781; x_wconf 89' lang='lat' dir='ltr'><strong>ad</strong></span> <span class='ocrx_word' id='word_1_51' title='bbox 1558 728 1914 797; x_wconf 89' lang='lat' dir='ltr'><strong>apostolicam</strong></span> 
     </span>
    </p>
   </div>
   <div class='ocr_carea' id='block_1_9' title="bbox 316 809 988 882">
    <p class='ocr_par' dir='ltr' id='par_1_9' title="bbox 316 809 988 882">
     <span class='ocr_line' id='line_1_9' title="bbox 316 809 988 882; baseline 0.007 -19"><span class='ocrx_word' id='word_1_52' title='bbox 316 809 504 864; x_wconf 86' lang='lat' dir='ltr'><strong>sedem</strong></span> <span class='ocrx_word' id='word_1_53' title='bbox 537 809 768 882; x_wconf 85' lang='lat' dir='ltr'><strong>dirigere</strong></span> <span class='ocrx_word' id='word_1_54' title='bbox 800 813 988 882; x_wconf 89' lang='lat' dir='ltr'><strong>possit.</strong></span> 
     </span>
    </p>
   </div>
   <div class='ocr_carea' id='block_1_10' title="bbox 389 905 1914 978">
    <p class='ocr_par' dir='ltr' id='par_1_10' title="bbox 389 905 1914 978">
     <span class='ocr_line' id='line_1_10' title="bbox 389 905 1914 978; baseline 0.011 -23"><span class='ocrx_word' id='word_1_55' title='bbox 389 906 524 957; x_wconf 90' lang='lat' dir='ltr'><strong>Data</strong></span> <span class='ocrx_word' id='word_1_56' title='bbox 555 907 749 960; x_wconf 70' lang='lat' dir='ltr'><strong>Romae</strong></span> <span class='ocrx_word' id='word_1_57' title='bbox 775 905 1010 962; x_wconf 78' lang='lat' dir='ltr'><strong>secundo</strong></span> <span class='ocrx_word' id='word_1_58' title='bbox 1025 907 1310 977; x_wconf 62' lang='lat' dir='ltr'><strong>fKalendas</strong></span> <span class='ocrx_word' id='word_1_59' title='bbox 1336 911 1638 978; x_wconf 87' lang='lat' dir='ltr'><strong>Februarii,</strong></span> <span class='ocrx_word' id='word_1_60' title='bbox 1670 915 1914 973; x_wconf 86' lang='lat' dir='ltr'><strong>indictio-</strong></span> 
     </span>
    </p>
   </div>
   <div class='ocr_carea' id='block_1_11' title="bbox 313 995 764 1055">
    <p class='ocr_par' dir='ltr' id='par_1_11' title="bbox 313 995 764 1055">
     <span class='ocr_line' id='line_1_11' title="bbox 313 995 764 1055; baseline 0.016 -7"><span class='ocrx_word' id='word_1_61' title='bbox 313 1010 380 1048; x_wconf 88' lang='lat' dir='ltr'><strong>ne</strong></span> <span class='ocrx_word' id='word_1_62' title='bbox 415 995 764 1055; x_wconf 87' lang='lat' dir='ltr'><strong>duodecima.</strong></span> 
     </span>
    </p>
   </div>
   <div class='ocr_carea' id='block_1_12' title="bbox 830 1112 1392 1171">
    <p class='ocr_par' dir='ltr' id='par_1_12' title="bbox 830 1112 1392 1171">
     <span class='ocr_line' id='line_1_12' title="bbox 830 1112 1392 1171; baseline 0.011 -6"><span class='ocrx_word' id='word_1_63' title='bbox 830 1112 1177 1171; x_wconf 83' lang='lat' dir='ltr'><strong>EPISTOLA</strong></span> <span class='ocrx_word' id='word_1_64' title='bbox 1215 1114 1392 1171; x_wconf 80' lang='lat' dir='ltr'><strong>XLV.</strong></span> 
     </span>
    </p>
   </div>
   <div class='ocr_carea' id='block_1_13' title="bbox 561 1225 1682 1276">
    <p class='ocr_par' dir='ltr' id='par_1_13' title="bbox 561 1225 1682 1276">
     <span class='ocr_line' id='line_1_13' title="bbox 561 1225 1682 1276; baseline 0.009 -10"><span class='ocrx_word' id='word_1_65' title='bbox 561 1225 645 1266; x_wconf 70' lang='lat' dir='ltr'><strong>AD</strong></span> <span class='ocrx_word' id='word_1_66' title='bbox 687 1227 1091 1274; x_wconf 67' lang='lat' dir='ltr'><strong>WBATISLAUK</strong></span> <span class='ocrx_word' id='word_1_67' title='bbox 1131 1232 1348 1274; x_wconf 72' lang='lat' dir='ltr'><strong>DUCBII</strong></span> <span class='ocrx_word' id='word_1_68' title='bbox 1389 1231 1682 1276; x_wconf 66' lang='grc' dir='ltr'><strong>ΒΟΗΒΜῘΕ</strong></span> 
     </span>
    </p>
   </div>
   <div class='ocr_carea' id='block_1_14' title="bbox 906 1314 1318 1376">
    <p class='ocr_par' dir='ltr' id='par_1_14' title="bbox 906 1314 1318 1376">
     <span class='ocr_line' id='line_1_14' title="bbox 906 1314 1318 1376; baseline 0.012 -14"><span class='ocrx_word' id='word_1_69' title='bbox 906 1314 1093 1375; x_wconf 76' lang='lat' dir='ltr'><strong>(Anno</strong></span> <span class='ocrx_word' id='word_1_70' title='bbox 1135 1317 1318 1376; x_wconf 80' lang='lat'><strong>1074.)</strong></span> 
     </span>
    </p>
   </div>
   <div class='ocr_carea' id='block_1_15' title="bbox 317 1412 1910 1486">
    <p class='ocr_par' dir='ltr' id='par_1_15' title="bbox 317 1412 1910 1486">
     <span class='ocr_line' id='line_1_15' title="bbox 317 1412 1910 1486; baseline 0.007 -19"><span class='ocrx_word' id='word_1_71' title='bbox 317 1414 381 1467; x_wconf 80' lang='lat' dir='ltr'><strong>Ut</strong></span> <span class='ocrx_word' id='word_1_72' title='bbox 411 1412 656 1486; x_wconf 65' lang='lat' dir='ltr'><strong>redditus</strong></span> <span class='ocrx_word' id='word_1_73' title='bbox 679 1417 1009 1486; x_wconf 81' lang='lat' dir='ltr'><strong>episcopatus</strong></span> <span class='ocrx_word' id='word_1_74' title='bbox 1034 1420 1215 1485; x_wconf 82' lang='lat' dir='ltr'><strong>fratri</strong></span> <span class='ocrx_word' id='word_1_75' title='bbox 1238 1437 1332 1476; x_wconf 87' lang='lat' dir='ltr'><strong>suo</strong></span> <span class='ocrx_word' id='word_1_76' title='bbox 1347 1425 1620 1478; x_wconf 76' lang='lat' dir='ltr'><strong>restituat.</strong></span> <span class='ocrx_word' id='word_1_77' title='bbox 1649 1427 1910 1480; x_wconf 84' lang='lat' dir='ltr'><strong>Hortatur</strong></span> 
     </span>
    </p>
   </div>
   <div class='ocr_carea' id='block_1_16' title="bbox 380 1485 1910 1565">
    <p class='ocr_par' dir='ltr' id='par_1_16' title="bbox 380 1485 1910 1565">
     <span class='ocr_line' id='line_1_16' title="bbox 380 1485 1910 1565; baseline 0.01 -28"><span class='ocrx_word' id='word_1_78' title='bbox 380 1489 440 1565; x_wconf 70' lang='lat' dir='ltr'><strong>ut</strong></span> <span class='ocrx_word' id='word_1_79' title='bbox 476 1485 552 1565; x_wconf 81' lang='lat' dir='ltr'><strong>ad</strong></span> <span class='ocrx_word' id='word_1_80' title='bbox 581 1485 756 1540; x_wconf 85' lang='lat' dir='ltr'><strong>sedem</strong></span> <span class='ocrx_word' id='word_1_81' title='bbox 795 1485 1134 1565; x_wconf 72' lang='lat' dir='ltr'><strong>apostolicam</strong></span> <span class='ocrx_word' id='word_1_82' title='bbox 1174 1494 1406 1560; x_wconf 82' lang='lat' dir='ltr'><strong>accedat,</strong></span> <span class='ocrx_word' id='word_1_83' title='bbox 1451 1495 1535 1548; x_wconf 84' lang='lat' dir='ltr'><strong>vel</strong></span> <span class='ocrx_word' id='word_1_84' title='bbox 1561 1497 1749 1550; x_wconf 85' lang='lat' dir='ltr'><strong>saltem</strong></span> <span class='ocrx_word' id='word_1_85' title='bbox 1795 1497 1910 1565; x_wconf 84' lang='lat' dir='ltr'><strong>ejus</strong></span> 
     </span>
    </p>
   </div>
   <div class='ocr_carea' id='block_1_17' title="bbox 378 1556 1702 1635">
    <p class='ocr_par' dir='ltr' id='par_1_17' title="bbox 378 1556 1702 1635">
     <span class='ocr_line' id='line_1_17' title="bbox 378 1556 1702 1635; baseline 0.01 -27"><span class='ocrx_word' id='word_1_86' title='bbox 378 1556 580 1623; x_wconf 78' lang='lat' dir='ltr'><strong>legatos</strong></span> <span class='ocrx_word' id='word_1_87' title='bbox 615 1573 722 1612; x_wconf 86' lang='lat' dir='ltr'><strong>una</strong></span> <span class='ocrx_word' id='word_1_88' title='bbox 746 1556 864 1614; x_wconf 80' lang='lat' dir='ltr'><strong>cum</strong></span> <span class='ocrx_word' id='word_1_89' title='bbox 897 1563 1203 1618; x_wconf 81' lang='lat' dir='ltr'><strong>Moravensi</strong></span> <span class='ocrx_word' id='word_1_90' title='bbox 1235 1556 1473 1635; x_wconf 70' lang='lat' dir='ltr'><strong>episcopo</strong></span> <span class='ocrx_word' id='word_1_91' title='bbox 1502 1570 1702 1621; x_wconf 78' lang='lat' dir='ltr'><strong>mittat.</strong></span> 
     </span>
    </p>
   </div>
   <div class='ocr_carea' id='block_1_18' title="bbox 367 1665 1900 1746">
    <p class='ocr_par' dir='ltr' id='par_1_18' title="bbox 367 1665 1900 1746">
     <span class='ocr_line' id='line_1_18' title="bbox 367 1665 1900 1746; baseline 0.01 -27"><span class='ocrx_word' id='word_1_92' title='bbox 367 1665 720 1746; x_wconf 66' lang='lat' dir='ltr'><strong>GBBGOBIU§</strong></span> <span class='ocrx_word' id='word_1_93' title='bbox 740 1669 1046 1741; x_wconf 88' lang='lat' dir='ltr'><strong>episcopus,</strong></span> <span class='ocrx_word' id='word_1_94' title='bbox 1071 1687 1261 1728; x_wconf 89' lang='lat' dir='ltr'><strong>servus</strong></span> <span class='ocrx_word' id='word_1_95' title='bbox 1279 1691 1563 1732; x_wconf 88' lang='lat' dir='ltr'><strong>servorum</strong></span> <span class='ocrx_word' id='word_1_96' title='bbox 1587 1676 1703 1745; x_wconf 90' lang='lat' dir='ltr'><strong>Dei,</strong></span> <span class='ocrx_word' id='word_1_97' title='bbox 1723 1681 1900 1734; x_wconf 61' lang='lat' dir='ltr'><strong>Was-</strong></span> 
     </span>
    </p>
   </div>
   <div class='ocr_carea' id='block_1_19' title="bbox 2025 452 3620 532">
    <p class='ocr_par' dir='ltr' id='par_1_19' title="bbox 2025 452 3620 532">
     <span class='ocr_line' id='line_1_19' title="bbox 2025 452 3620 532; baseline 0.012 -28"><span class='ocrx_word' id='word_1_98' title='bbox 2025 456 2194 505; x_wconf 88' lang='lat' dir='ltr'><strong>stram</strong></span> <span class='ocrx_word' id='word_1_99' title='bbox 2217 452 2541 522; x_wconf 88' lang='lat' dir='ltr'><strong>jamdudum</strong></span> <span class='ocrx_word' id='word_1_100' title='bbox 2573 457 2796 528; x_wconf 87' lang='lat' dir='ltr'><strong>recepit,</strong></span> <span class='ocrx_word' id='word_1_101' title='bbox 2828 465 2884 512; x_wconf 89' lang='lat' dir='ltr'><strong>et</strong></span> <span class='ocrx_word' id='word_1_102' title='bbox 2917 475 3083 530; x_wconf 88' lang='lat' dir='ltr'><strong>quam</strong></span> <span class='ocrx_word' id='word_1_103' title='bbox 3109 463 3325 532; x_wconf 87' lang='lat' dir='ltr'><strong>speciali</strong></span> <span class='ocrx_word' id='word_1_104' title='bbox 3355 462 3620 522; x_wconf 85' lang='lat' dir='ltr'><strong>cbaritate</strong></span> 
     </span>
    </p>
   </div>
   <div class='ocr_carea' id='block_1_20' title="bbox 2027 544 3617 626">
    <p class='ocr_par' dir='ltr' id='par_1_20' title="bbox 2027 544 3617 626">
     <span class='ocr_line' id='line_1_20' title="bbox 2027 544 3617 626; baseline 0.013 -30"><span class='ocrx_word' id='word_1_105' title='bbox 2027 553 2259 599; x_wconf 89' lang='lat' dir='ltr'><strong>vestram</strong></span> <span class='ocrx_word' id='word_1_106' title='bbox 2291 544 2716 604; x_wconf 82' lang='lat' dir='ltr'><strong>familiaritatem</strong></span> <span class='ocrx_word' id='word_1_107' title='bbox 2746 550 2952 607; x_wconf 82' lang='lat' dir='ltr'><strong>dilexit.</strong></span> <span class='ocrx_word' id='word_1_108' title='bbox 2983 556 3172 626; x_wconf 85' lang='lat' dir='ltr'><strong>Neque</strong></span> <span class='ocrx_word' id='word_1_109' title='bbox 3213 557 3358 614; x_wconf 88' lang='lat' dir='ltr'><strong>enim</strong></span> <span class='ocrx_word' id='word_1_110' title='bbox 3388 573 3447 615; x_wconf 87' lang='lat' dir='ltr'><strong>se</strong></span> <span class='ocrx_word' id='word_1_111' title='bbox 3485 575 3617 616; x_wconf 85' lang='lat' dir='ltr'><strong>eon-</strong></span> 
     </span>
    </p>
   </div>
   <div class='ocr_carea' id='block_1_21' title="bbox 2024 636 3618 725">
    <p class='ocr_par' dir='ltr' id='par_1_21' title="bbox 2024 636 3618 725">
     <span class='ocr_line' id='line_1_21' title="bbox 2024 636 3618 725; baseline 0.013 -35"><span class='ocrx_word' id='word_1_112' title='bbox 2024 636 2176 692; x_wconf 86' lang='lat' dir='ltr'><strong>decet</strong></span> <span class='ocrx_word' id='word_1_113' title='bbox 2206 639 2444 695; x_wconf 83' lang='lat' dir='ltr'><strong>oblivisci</strong></span> <span class='ocrx_word' id='word_1_114' title='bbox 2470 642 2843 712; x_wconf 82' lang='lat' dir='ltr'><strong>promissionis</strong></span> <span class='ocrx_word' id='word_1_115' title='bbox 2871 662 2975 717; x_wconf 91' lang='lat' dir='ltr'><strong>qua</strong></span> <span class='ocrx_word' id='word_1_116' title='bbox 3000 649 3116 703; x_wconf 92' lang='lat' dir='ltr'><strong>Deo</strong></span> <span class='ocrx_word' id='word_1_117' title='bbox 3151 664 3228 717; x_wconf 88' lang='lat' dir='ltr'><strong>se,</strong></span> <span class='ocrx_word' id='word_1_118' title='bbox 3257 660 3385 707; x_wconf 87' lang='lat' dir='ltr'><strong>ante</strong></span> <span class='ocrx_word' id='word_1_119' title='bbox 3416 668 3618 725; x_wconf 88' lang='lat' dir='ltr'><strong>corpus</strong></span> 
     </span>
    </p>
   </div>
   <div class='ocr_carea' id='block_1_22' title="bbox 2024 732 3619 812">
    <p class='ocr_par' dir='ltr' id='par_1_22' title="bbox 2024 732 3619 812">
     <span class='ocr_line' id='line_1_22' title="bbox 2024 732 3619 812; baseline 0.01 -28"><span class='ocrx_word' id='word_1_120' title='bbox 2024 732 2401 804; x_wconf 86' lang='lat' dir='ltr'><strong>apostolorum</strong></span> <span class='ocrx_word' id='word_1_121' title='bbox 2471 735 2728 806; x_wconf 86' lang='lat' dir='ltr'><strong>principis</strong></span> <span class='ocrx_word' id='word_1_122' title='bbox 2783 739 2947 808; x_wconf 88' lang='lat' dir='ltr'><strong>Petri,</strong></span> <span class='ocrx_word' id='word_1_123' title='bbox 3008 751 3271 812; x_wconf 80' lang='lat' dir='ltr'><strong>praesente</strong></span> <span class='ocrx_word' id='word_1_124' title='bbox 3329 745 3619 802; x_wconf 86' lang='lat' dir='ltr'><strong>venerabili</strong></span> 
     </span>
    </p>
   </div>
   <div class='ocr_carea' id='block_1_23' title="bbox 2022 831 3611 910">
    <p class='ocr_par' dir='ltr' id='par_1_23' title="bbox 2022 831 3611 910">
     <span class='ocr_line' id='line_1_23' title="bbox 2022 831 3611 910; baseline 0.013 -32"><span class='ocrx_word' id='word_1_125' title='bbox 2022 833 2364 882; x_wconf 88' lang='lat' dir='ltr'><strong>antecessore</strong></span> <span class='ocrx_word' id='word_1_126' title='bbox 2406 837 2596 883; x_wconf 90' lang='lat' dir='ltr'><strong>nostro</strong></span> <span class='ocrx_word' id='word_1_127' title='bbox 2649 831 2956 888; x_wconf 86' lang='lat' dir='ltr'><strong>Alexandro</strong></span> <span class='ocrx_word' id='word_1_128' title='bbox 3005 850 3166 907; x_wconf 88' lang='lat' dir='ltr'><strong>papa,</strong></span> <span class='ocrx_word' id='word_1_129' title='bbox 3222 846 3274 892; x_wconf 91' lang='lat' dir='ltr'><strong>et</strong></span> <span class='ocrx_word' id='word_1_130' title='bbox 3322 839 3611 910; x_wconf 84' lang='lat' dir='ltr'><strong>episc0pis,</strong></span> 
     </span>
    </p>
   </div>
   <div class='ocr_carea' id='block_1_24' title="bbox 2020 919 3611 1002">
    <p class='ocr_par' dir='ltr' id='par_1_24' title="bbox 2020 919 3611 1002">
     <span class='ocr_line' id='line_1_24' title="bbox 2020 919 3611 1002; baseline 0.011 -30"><span class='ocrx_word' id='word_1_131' title='bbox 2020 919 2307 976; x_wconf 85' lang='lat' dir='ltr'><strong>abbatibus</strong></span> <span class='ocrx_word' id='word_1_132' title='bbox 2352 921 2619 993; x_wconf 91' lang='lat' dir='ltr'><strong>plurimis,</strong></span> <span class='ocrx_word' id='word_1_133' title='bbox 2652 932 2813 996; x_wconf 91' lang='lat' dir='ltr'><strong>atque</strong></span> <span class='ocrx_word' id='word_1_134' title='bbox 2837 925 3172 985; x_wconf 87' lang='lat' dir='ltr'><strong>diversarum</strong></span> <span class='ocrx_word' id='word_1_135' title='bbox 3197 932 3442 1002; x_wconf 89' lang='lat' dir='ltr'><strong>gentium</strong></span> <span class='ocrx_word' id='word_1_136' title='bbox 3468 933 3611 988; x_wconf 89' lang='lat' dir='ltr'><strong>mul-</strong></span> 
     </span>
    </p>
   </div>
   <div class='ocr_carea' id='block_1_25' title="bbox 2024 1012 3613 1098">
    <p class='ocr_par' dir='ltr' id='par_1_25' title="bbox 2024 1012 3613 1098">
     <span class='ocr_line' id='line_1_25' title="bbox 2024 1012 3613 1098; baseline 0.009 -31"><span class='ocrx_word' id='word_1_137' title='bbox 2024 1012 2252 1069; x_wconf 89' lang='lat' dir='ltr'><strong>titudine</strong></span> <span class='ocrx_word' id='word_1_138' title='bbox 2272 1031 2504 1086; x_wconf 88' lang='lat' dir='ltr'><strong>quarum</strong></span> <span class='ocrx_word' id='word_1_139' title='bbox 2531 1032 2641 1072; x_wconf 89' lang='lat' dir='ltr'><strong>non</strong></span> <span class='ocrx_word' id='word_1_140' title='bbox 2667 1025 2748 1073; x_wconf 89' lang='lat' dir='ltr'><strong>est</strong></span> <span class='ocrx_word' id='word_1_141' title='bbox 2775 1035 3053 1090; x_wconf 90' lang='lat' dir='ltr'><strong>numerus,</strong></span> <span class='ocrx_word' id='word_1_142' title='bbox 3087 1023 3343 1096; x_wconf 80' lang='lat' dir='ltr'><strong>obligavit</strong></span> <span class='ocrx_word' id='word_1_143' title='bbox 3373 1033 3452 1094; x_wconf 88' lang='lat' dir='ltr'><strong>ut,</strong></span> <span class='ocrx_word' id='word_1_144' title='bbox 3481 1042 3613 1098; x_wconf 87' lang='lat' dir='ltr'><strong>qua-</strong></span> 
     </span>
    </p>
   </div>
   <div class='ocr_carea' id='block_1_26' title="bbox 2019 1107 3613 1179">
    <p class='ocr_par' dir='ltr' id='par_1_26' title="bbox 2019 1107 3613 1179">
     <span class='ocr_line' id='line_1_26' title="bbox 2019 1107 3613 1179; baseline 0.009 -17"><span class='ocrx_word' id='word_1_145' title='bbox 2019 1123 2239 1179; x_wconf 88' lang='lat' dir='ltr'><strong>cunque</strong></span> <span class='ocrx_word' id='word_1_146' title='bbox 2268 1107 2399 1164; x_wconf 92' lang='lat' dir='ltr'><strong>hora</strong></span> <span class='ocrx_word' id='word_1_147' title='bbox 2441 1125 2663 1167; x_wconf 90' lang='lat' dir='ltr'><strong>necesse</strong></span> <span class='ocrx_word' id='word_1_148' title='bbox 2700 1110 2913 1178; x_wconf 86' lang='lat' dir='ltr'><strong>fuisset,</strong></span> <span class='ocrx_word' id='word_1_149' title='bbox 2956 1122 3134 1171; x_wconf 88' lang='lat' dir='ltr'><strong>vestra</strong></span> <span class='ocrx_word' id='word_1_150' title='bbox 3183 1133 3374 1174; x_wconf 88' lang='lat' dir='ltr'><strong>manus</strong></span> <span class='ocrx_word' id='word_1_151' title='bbox 3415 1119 3481 1175; x_wconf 90' lang='lat' dir='ltr'><strong>ad</strong></span> <span class='ocrx_word' id='word_1_152' title='bbox 3530 1119 3613 1176; x_wconf 69' lang='lat' dir='ltr'><strong>dio</strong></span> 
     </span>
    </p>
   </div>
   <div class='ocr_carea' id='block_1_27' title="bbox 2021 1201 3609 1274">
    <p class='ocr_par' dir='ltr' id='par_1_27' title="bbox 2021 1201 3609 1274">
     <span class='ocr_line' id='line_1_27' title="bbox 2021 1201 3609 1274; baseline 0.008 -18"><span class='ocrx_word' id='word_1_153' title='bbox 2021 1201 2334 1258; x_wconf 91' lang='lat' dir='ltr'><strong>micandum</strong></span> <span class='ocrx_word' id='word_1_154' title='bbox 2381 1220 2477 1274; x_wconf 93' lang='lat' dir='ltr'><strong>pro</strong></span> <span class='ocrx_word' id='word_1_155' title='bbox 2527 1203 2840 1261; x_wconf 88' lang='lat' dir='ltr'><strong>defensione</strong></span> <span class='ocrx_word' id='word_1_156' title='bbox 2890 1223 3073 1263; x_wconf 87' lang='lat' dir='ltr'><strong>rerum</strong></span> <span class='ocrx_word' id='word_1_157' title='bbox 3116 1211 3286 1266; x_wconf 87' lang='lat' dir='ltr'><strong>sancti</strong></span> <span class='ocrx_word' id='word_1_158' title='bbox 3317 1211 3458 1267; x_wconf 89' lang='lat' dir='ltr'><strong>Petri</strong></span> <span class='ocrx_word' id='word_1_159' title='bbox 3498 1228 3609 1268; x_wconf 89' lang='lat' dir='ltr'><strong>non</strong></span> 
     </span>
    </p>
   </div>
   <div class='ocr_carea' id='block_1_28' title="bbox 2020 1294 3610 1371">
    <p class='ocr_par' dir='ltr' id='par_1_28' title="bbox 2020 1294 3610 1371">
     <span class='ocr_line' id='line_1_28' title="bbox 2020 1294 3610 1371; baseline 0.008 -22"><span class='ocrx_word' id='word_1_160' title='bbox 2020 1294 2249 1359; x_wconf 89' lang='lat' dir='ltr'><strong>deesset,</strong></span> <span class='ocrx_word' id='word_1_161' title='bbox 2280 1297 2322 1351; x_wconf 91' lang='lat' dir='ltr'><strong>si</strong></span> <span class='ocrx_word' id='word_1_162' title='bbox 2353 1297 2568 1368; x_wconf 90' lang='lat' dir='ltr'><strong>quidem</strong></span> <span class='ocrx_word' id='word_1_163' title='bbox 2597 1300 2852 1369; x_wconf 87' lang='lat' dir='ltr'><strong>requisita</strong></span> <span class='ocrx_word' id='word_1_164' title='bbox 2885 1299 3090 1357; x_wconf 84' lang='lat' dir='ltr'><strong>fuisset.</strong></span> <span class='ocrx_word' id='word_1_165' title='bbox 3121 1302 3306 1371; x_wconf 90' lang='lat' dir='ltr'><strong>Unde,</strong></span> <span class='ocrx_word' id='word_1_166' title='bbox 3340 1320 3610 1362; x_wconf 78' lang='lat' dir='ltr'><strong>memores</strong></span> 
     </span>
    </p>
   </div>
   <div class='ocr_carea' id='block_1_29' title="bbox 2017 1388 3609 1467">
    <p class='ocr_par' dir='ltr' id='par_1_29' title="bbox 2017 1388 3609 1467">
     <span class='ocr_line' id='line_1_29' title="bbox 2017 1388 3609 1467; baseline 0.008 -25"><span class='ocrx_word' id='word_1_167' title='bbox 2017 1388 2317 1445; x_wconf 78' lang='lat' dir='ltr'><strong>nobilitatis</strong></span> <span class='ocrx_word' id='word_1_168' title='bbox 2339 1401 2530 1446; x_wconf 68' lang='lat' dir='ltr'><strong>vestrae</strong></span> <span class='ocrx_word' id='word_1_169' title='bbox 2550 1392 2694 1459; x_wconf 91' lang='lat' dir='ltr'><strong>ﬁdei,</strong></span> <span class='ocrx_word' id='word_1_170' title='bbox 2723 1409 2978 1467; x_wconf 90' lang='lat' dir='ltr'><strong>rogamus</strong></span> <span class='ocrx_word' id='word_1_171' title='bbox 3007 1405 3058 1450; x_wconf 88' lang='lat' dir='ltr'><strong>et</strong></span> <span class='ocrx_word' id='word_1_172' title='bbox 3089 1396 3454 1452; x_wconf 90' lang='lat' dir='ltr'><strong>admonemus</strong></span> <span class='ocrx_word' id='word_1_173' title='bbox 3475 1407 3609 1454; x_wconf 87' lang='lat' dir='ltr'><strong>stre-</strong></span> 
     </span>
    </p>
   </div>
   <div class='ocr_carea' id='block_1_30' title="bbox 2016 1482 3610 1563">
    <p class='ocr_par' dir='ltr' id='par_1_30' title="bbox 2016 1482 3610 1563">
     <span class='ocr_line' id='line_1_30' title="bbox 2016 1482 3610 1563; baseline 0.007 -27"><span class='ocrx_word' id='word_1_174' title='bbox 2016 1482 2239 1538; x_wconf 87' lang='lat' dir='ltr'><strong>nuitatis</strong></span> <span class='ocrx_word' id='word_1_175' title='bbox 2297 1493 2489 1541; x_wconf 72' lang='lat' dir='ltr'><strong>vestrae</strong></span> <span class='ocrx_word' id='word_1_176' title='bbox 2547 1486 2888 1556; x_wconf 87' lang='lat' dir='ltr'><strong>prudentiam</strong></span> <span class='ocrx_word' id='word_1_177' title='bbox 2963 1498 3224 1560; x_wconf 88' lang='lat' dir='ltr'><strong>quatenus</strong></span> <span class='ocrx_word' id='word_1_178' title='bbox 3294 1492 3610 1563; x_wconf 76' lang='lat' dir='ltr'><strong>praeparatis</strong></span> 
     </span>
    </p>
   </div>
   <div class='ocr_carea' id='block_1_31' title="bbox 2019 1577 3606 1642">
    <p class='ocr_par' dir='ltr' id='par_1_31' title="bbox 2019 1577 3606 1642">
     <span class='ocr_line' id='line_1_31' title="bbox 2019 1577 3606 1642; baseline 0.008 -13"><span class='ocrx_word' id='word_1_179' title='bbox 2019 1585 2208 1633; x_wconf 76' lang='lat' dir='ltr'><strong>vestra:</strong></span> <span class='ocrx_word' id='word_1_180' title='bbox 2244 1578 2449 1636; x_wconf 70' lang='lat' dir='ltr'><strong>militiae</strong></span> <span class='ocrx_word' id='word_1_181' title='bbox 2486 1577 2863 1636; x_wconf 84' lang='lat' dir='ltr'><strong>fortitudinem</strong></span> <span class='ocrx_word' id='word_1_182' title='bbox 2907 1581 2976 1636; x_wconf 89' lang='lat' dir='ltr'><strong>ad</strong></span> <span class='ocrx_word' id='word_1_183' title='bbox 3018 1584 3444 1641; x_wconf 88' lang='lat' dir='ltr'><strong>succurrendum</strong></span> <span class='ocrx_word' id='word_1_184' title='bbox 3493 1589 3606 1642; x_wconf 80' lang='lat' dir='ltr'><strong>Bo-</strong></span> 
     </span>
    </p>
   </div>
   <div class='ocr_carea' id='block_1_32' title="bbox 2015 1672 3606 1748">
    <p class='ocr_par' dir='ltr' id='par_1_32' title="bbox 2015 1672 3606 1748">
     <span class='ocr_line' id='line_1_32' title="bbox 2015 1672 3606 1748; baseline 0.008 -25"><span class='ocrx_word' id='word_1_185' title='bbox 2015 1685 2193 1726; x_wconf 69' lang='lat' dir='ltr'><strong>manaa</strong></span> <span class='ocrx_word' id='word_1_186' title='bbox 2238 1672 2508 1739; x_wconf 74' lang='lat' dir='ltr'><strong>Ecclesiae,</strong></span> <span class='ocrx_word' id='word_1_187' title='bbox 2556 1673 2788 1729; x_wconf 85' lang='lat' dir='ltr'><strong>libertati</strong></span> <span class='ocrx_word' id='word_1_188' title='bbox 2841 1675 3041 1730; x_wconf 90' lang='lat' dir='ltr'><strong>scilicet</strong></span> <span class='ocrx_word' id='word_1_189' title='bbox 3093 1680 3255 1745; x_wconf 83' lang='lat' dir='ltr'><strong>[forte</strong></span> <span class='ocrx_word' id='word_1_190' title='bbox 3296 1679 3368 1748; x_wconf 92' lang='lat' dir='ltr'><strong>et]</strong></span> <span class='ocrx_word' id='word_1_191' title='bbox 3419 1679 3462 1732; x_wconf 94' lang='lat' dir='ltr'><strong>si</strong></span> <span class='ocrx_word' id='word_1_192' title='bbox 3510 1695 3606 1735; x_wconf 91' lang='lat' dir='ltr'><strong>ne-</strong></span> 
     </span>
    </p>
   </div>
   <div class='ocr_carea' id='block_1_33' title="bbox 297 1760 3604 1841">
    <p class='ocr_par' dir='ltr' id='par_1_33' title="bbox 297 1760 3604 1841">
     <span class='ocr_line' id='line_1_33' title="bbox 297 1760 3604 1841; baseline 0.008 -29"><span class='ocrx_word' id='word_1_193' title='bbox 297 1771 510 1814; x_wconf 73' lang='grc' dir='ltr'><strong>τιειΑο</strong></span> <span class='ocrx_word' id='word_1_194' title='bbox 535 1760 660 1816; x_wconf 85' lang='lat' dir='ltr'><strong>duci</strong></span> <span class='ocrx_word' id='word_1_195' title='bbox 690 1762 1064 1821; x_wconf 88' lang='lat' dir='ltr'><strong>Bobemorum</strong></span> <span class='ocrx_word' id='word_1_196' title='bbox 1085 1766 1316 1823; x_wconf 82' lang='lat' dir='ltr'><strong>salutem</strong></span> <span class='ocrx_word' id='word_1_197' title='bbox 1347 1777 1400 1824; x_wconf 92' lang='lat' dir='ltr'><strong>et</strong></span> <span class='ocrx_word' id='word_1_198' title='bbox 1425 1771 1782 1841; x_wconf 86' lang='lat' dir='ltr'><strong>apostolicam</strong></span> <span class='ocrx_word' id='word_1_199' title='bbox 1801 1773 1892 1826; x_wconf 92' lang='lat' dir='ltr'><strong>be-</strong></span> <span class='ocrx_word' id='word_1_200' title='bbox 1926 1774 1973 1835; x_wconf 76' lang='grc' dir='ltr'><strong>Β</strong></span> <span class='ocrx_word' id='word_1_201' title='bbox 2010 1779 2158 1820; x_wconf 87' lang='lat' dir='ltr'><strong>cesse</strong></span> <span class='ocrx_word' id='word_1_202' title='bbox 2207 1764 2386 1829; x_wconf 79' lang='lat' dir='ltr'><strong>fuerit.</strong></span> <span class='ocrx_word' id='word_1_203' title='bbox 2429 1767 2658 1822; x_wconf 81' lang='lat' dir='ltr'><strong>veniatis</strong></span> <span class='ocrx_word' id='word_1_204' title='bbox 2705 1767 2810 1822; x_wconf 87' lang='lat' dir='ltr'><strong>huc</strong></span> <span class='ocrx_word' id='word_1_205' title='bbox 2860 1785 2987 1824; x_wconf 85' lang='lat' dir='ltr'><strong>cum</strong></span> <span class='ocrx_word' id='word_1_206' title='bbox 3039 1770 3278 1827; x_wconf 84' lang='lat' dir='ltr'><strong>exercitu</strong></span> <span class='ocrx_word' id='word_1_207' title='bbox 3323 1779 3506 1828; x_wconf 78' lang='lat' dir='ltr'><strong>vestro</strong></span> <span class='ocrx_word' id='word_1_208' title='bbox 3551 1772 3604 1827; x_wconf 85' lang='lat' dir='ltr'><strong>in</strong></span> 
     </span>
    </p>
   </div>
   <div class='ocr_carea' id='block_1_34' title="bbox 299 1850 684 1910">
    <p class='ocr_par' dir='ltr' id='par_1_34' title="bbox 299 1850 684 1910">
     <span class='ocr_line' id='line_1_34' title="bbox 299 1850 684 1910; baseline 0.016 -5"><span class='ocrx_word' id='word_1_209' title='bbox 299 1850 684 1910; x_wconf 85' lang='lat' dir='ltr'><strong>nedictionem.</strong></span> 
     </span>
    </p>
   </div>
   <div class='ocr_carea' id='block_1_35' title="bbox 360 1947 1898 2029">
    <p class='ocr_par' dir='ltr' id='par_1_35' title="bbox 360 1947 1898 2029">
     <span class='ocr_line' id='line_1_35' title="bbox 360 1947 1898 2029; baseline 0.01 -29"><span class='ocrx_word' id='word_1_210' title='bbox 360 1947 554 2003; x_wconf 86' lang='lat' dir='ltr'><strong>Frater</strong></span> <span class='ocrx_word' id='word_1_211' title='bbox 595 1956 724 2005; x_wconf 89' lang='lat' dir='ltr'><strong>tuus</strong></span> <span class='ocrx_word' id='word_1_212' title='bbox 760 1951 1064 2009; x_wconf 83' lang='lat' dir='ltr'><strong>Jeromirus</strong></span> <span class='ocrx_word' id='word_1_213' title='bbox 1107 1956 1392 2028; x_wconf 88' lang='lat' dir='ltr'><strong>Bragensis</strong></span> <span class='ocrx_word' id='word_1_214' title='bbox 1431 1957 1715 2029; x_wconf 90' lang='lat' dir='ltr'><strong>episcopus</strong></span> <span class='ocrx_word' id='word_1_215' title='bbox 1759 1974 1898 2014; x_wconf 90' lang='lat' dir='ltr'><strong>con-</strong></span> 
     </span>
    </p>
   </div>
   <div class='ocr_carea' id='block_1_36' title="bbox 296 2041 1896 2123">
    <p class='ocr_par' dir='ltr' id='par_1_36' title="bbox 296 2041 1896 2123">
     <span class='ocr_line' id='line_1_36' title="bbox 296 2041 1896 2123; baseline 0.009 -29"><span class='ocrx_word' id='word_1_216' title='bbox 296 2041 542 2110; x_wconf 85' lang='lat' dir='ltr'><strong>queritur</strong></span> <span class='ocrx_word' id='word_1_217' title='bbox 584 2058 645 2098; x_wconf 86' lang='lat' dir='ltr'><strong>se</strong></span> <span class='ocrx_word' id='word_1_218' title='bbox 685 2045 1046 2116; x_wconf 82' lang='lat' dir='ltr'><strong>exspoliatum</strong></span> <span class='ocrx_word' id='word_1_219' title='bbox 1091 2049 1346 2106; x_wconf 78' lang='lat' dir='ltr'><strong>Ecclesiae</strong></span> <span class='ocrx_word' id='word_1_220' title='bbox 1381 2066 1496 2108; x_wconf 65' lang='lat' dir='ltr'><strong>suae</strong></span> <span class='ocrx_word' id='word_1_221' title='bbox 1534 2051 1697 2108; x_wconf 91' lang='lat' dir='ltr'><strong>rebus</strong></span> <span class='ocrx_word' id='word_1_222' title='bbox 1718 2052 1896 2123; x_wconf 89' lang='lat' dir='ltr'><strong>inopia</strong></span> 
     </span>
    </p>
   </div>
   <div class='ocr_carea' id='block_1_37' title="bbox 292 2139 1894 2212">
    <p class='ocr_par' dir='ltr' id='par_1_37' title="bbox 292 2139 1894 2212">
     <span class='ocr_line' id='line_1_37' title="bbox 292 2139 1894 2212; baseline 0.009 -25"><span class='ocrx_word' id='word_1_223' title='bbox 292 2148 475 2190; x_wconf 89' lang='lat' dir='ltr'><strong>rerum</strong></span> <span class='ocrx_word' id='word_1_224' title='bbox 510 2139 965 2208; x_wconf 84' lang='lat' dir='ltr'><strong>necessariarum,</strong></span> <span class='ocrx_word' id='word_1_225' title='bbox 997 2157 1098 2212; x_wconf 91' lang='lat' dir='ltr'><strong>pro</strong></span> <span class='ocrx_word' id='word_1_226' title='bbox 1140 2141 1415 2198; x_wconf 87' lang='lat' dir='ltr'><strong>reddenda</strong></span> <span class='ocrx_word' id='word_1_227' title='bbox 1453 2145 1661 2201; x_wconf 90' lang='lat' dir='ltr'><strong>ratione</strong></span> <span class='ocrx_word' id='word_1_228' title='bbox 1702 2162 1894 2202; x_wconf 91' lang='lat' dir='ltr'><strong>eorum</strong></span> 
     </span>
    </p>
   </div>
   <div class='ocr_carea' id='block_1_38' title="bbox 293 2229 1897 2307">
    <p class='ocr_par' dir='ltr' id='par_1_38' title="bbox 293 2229 1897 2307">
     <span class='ocr_line' id='line_1_38' title="bbox 293 2229 1897 2307; baseline 0.008 -25"><span class='ocrx_word' id='word_1_229' title='bbox 293 2242 414 2297; x_wconf 73' lang='lat' dir='ltr'><strong>quae</strong></span> <span class='ocrx_word' id='word_1_230' title='bbox 441 2229 548 2284; x_wconf 87' lang='lat' dir='ltr'><strong>sibi</strong></span> <span class='ocrx_word' id='word_1_231' title='bbox 575 2230 951 2302; x_wconf 89' lang='lat' dir='ltr'><strong>intenduntur,</strong></span> <span class='ocrx_word' id='word_1_232' title='bbox 986 2235 1052 2289; x_wconf 91' lang='lat' dir='ltr'><strong>ad</strong></span> <span class='ocrx_word' id='word_1_233' title='bbox 1096 2237 1452 2307; x_wconf 87' lang='lat' dir='ltr'><strong>apostolicam</strong></span> <span class='ocrx_word' id='word_1_234' title='bbox 1483 2233 1669 2294; x_wconf 83' lang='lat' dir='ltr'><strong>Sedem</strong></span> <span class='ocrx_word' id='word_1_235' title='bbox 1713 2240 1897 2295; x_wconf 87' lang='lat' dir='ltr'><strong>venire</strong></span> 
     </span>
    </p>
   </div>
   <div class='ocr_carea' id='block_1_39' title="bbox 291 2326 1896 2403">
    <p class='ocr_par' dir='ltr' id='par_1_39' title="bbox 291 2326 1896 2403">
     <span class='ocr_line' id='line_1_39' title="bbox 291 2326 1896 2403; baseline 0.009 -29"><span class='ocrx_word' id='word_1_236' title='bbox 291 2337 398 2376; x_wconf 92' lang='lat' dir='ltr'><strong>non</strong></span> <span class='ocrx_word' id='word_1_237' title='bbox 455 2339 636 2393; x_wconf 88' lang='lat' dir='ltr'><strong>posse.</strong></span> <span class='ocrx_word' id='word_1_238' title='bbox 684 2326 844 2394; x_wconf 87' lang='lat' dir='ltr'><strong>Quod</strong></span> <span class='ocrx_word' id='word_1_239' title='bbox 891 2343 1205 2400; x_wconf 90' lang='lat' dir='ltr'><strong>quanquam</strong></span> <span class='ocrx_word' id='word_1_240' title='bbox 1261 2331 1377 2403; x_wconf 87' lang='lat' dir='ltr'><strong>ejus</strong></span> <span class='ocrx_word' id='word_1_241' title='bbox 1427 2332 1789 2388; x_wconf 88' lang='lat' dir='ltr'><strong>inobedientia</strong></span> <span class='ocrx_word' id='word_1_242' title='bbox 1841 2341 1896 2388; x_wconf 90' lang='lat' dir='ltr'><strong>et</strong></span> 
     </span>
    </p>
   </div>
   <div class='ocr_carea' id='block_1_40' title="bbox 287 2415 1894 2492">
    <p class='ocr_par' dir='ltr' id='par_1_40' title="bbox 287 2415 1894 2492">
     <span class='ocr_line' id='line_1_40' title="bbox 287 2415 1894 2492; baseline 0.008 -25"><span class='ocrx_word' id='word_1_243' title='bbox 287 2415 661 2487; x_wconf 84' lang='lat' dir='ltr'><strong>tergiversatio</strong></span> <span class='ocrx_word' id='word_1_244' title='bbox 696 2419 844 2475; x_wconf 88' lang='lat' dir='ltr'><strong>valde</strong></span> <span class='ocrx_word' id='word_1_245' title='bbox 888 2425 1271 2492; x_wconf 90' lang='lat' dir='ltr'><strong>promeruerit,</strong></span> <span class='ocrx_word' id='word_1_246' title='bbox 1299 2434 1482 2480; x_wconf 84' lang='lat' dir='ltr'><strong>tamen</strong></span> <span class='ocrx_word' id='word_1_247' title='bbox 1517 2425 1596 2481; x_wconf 80' lang='lat' dir='ltr'><strong>&#39;ne</strong></span> <span class='ocrx_word' id='word_1_248' title='bbox 1635 2426 1772 2482; x_wconf 89' lang='lat' dir='ltr'><strong>hanc</strong></span> <span class='ocrx_word' id='word_1_249' title='bbox 1795 2426 1894 2480; x_wconf 90' lang='lat' dir='ltr'><strong>ab-</strong></span> 
     </span>
    </p>
   </div>
   <div class='ocr_carea' id='block_1_41' title="bbox 289 2509 1890 2590">
    <p class='ocr_par' dir='ltr' id='par_1_41' title="bbox 289 2509 1890 2590">
     <span class='ocr_line' id='line_1_41' title="bbox 289 2509 1890 2590; baseline 0.009 -29"><span class='ocrx_word' id='word_1_250' title='bbox 289 2509 615 2566; x_wconf 85' lang='lat' dir='ltr'><strong>sentationis</strong></span> <span class='ocrx_word' id='word_1_251' title='bbox 655 2528 768 2568; x_wconf 68' lang='lat' dir='ltr'><strong>suae</strong></span> <span class='ocrx_word' id='word_1_252' title='bbox 811 2515 1154 2571; x_wconf 90' lang='lat' dir='ltr'><strong>occasionem</strong></span> <span class='ocrx_word' id='word_1_253' title='bbox 1186 2517 1527 2588; x_wconf 81' lang='lat' dir='ltr'><strong>praetendere</strong></span> <span class='ocrx_word' id='word_1_254' title='bbox 1561 2520 1753 2590; x_wconf 89' lang='lat' dir='ltr'><strong>possit,</strong></span> <span class='ocrx_word' id='word_1_255' title='bbox 1799 2537 1890 2575; x_wconf 84' lang='lat' dir='ltr'><strong>vo-</strong></span> 
     </span>
    </p>
   </div>
   <div class='ocr_carea' id='block_1_42' title="bbox 289 2599 1894 2684">
    <p class='ocr_par' dir='ltr' id='par_1_42' title="bbox 289 2599 1894 2684">
     <span class='ocr_line' id='line_1_42' title="bbox 289 2599 1894 2684; baseline 0.009 -32"><span class='ocrx_word' id='word_1_256' title='bbox 289 2599 470 2658; x_wconf 87' lang='lat' dir='ltr'><strong>lumus</strong></span> <span class='ocrx_word' id='word_1_257' title='bbox 506 2613 673 2675; x_wconf 87' lang='lat' dir='ltr'><strong>atque</strong></span> <span class='ocrx_word' id='word_1_258' title='bbox 720 2607 1066 2678; x_wconf 77' lang='lat' dir='ltr'><strong>praecipimus</strong></span> <span class='ocrx_word' id='word_1_259' title='bbox 1096 2618 1155 2664; x_wconf 92' lang='lat' dir='ltr'><strong>ut</strong></span> <span class='ocrx_word' id='word_1_260' title='bbox 1187 2611 1242 2664; x_wconf 90' lang='lat' dir='ltr'><strong>in</strong></span> <span class='ocrx_word' id='word_1_261' title='bbox 1289 2611 1561 2684; x_wconf 90' lang='lat' dir='ltr'><strong>integrum</strong></span> <span class='ocrx_word' id='word_1_262' title='bbox 1599 2613 1697 2667; x_wconf 91' lang='lat' dir='ltr'><strong>sibi</strong></span> <span class='ocrx_word' id='word_1_263' title='bbox 1732 2614 1894 2668; x_wconf 88' lang='lat' dir='ltr'><strong>resti-</strong></span> 
     </span>
    </p>
   </div>
   <div class='ocr_carea' id='block_1_43' title="bbox 286 2703 1888 2774">
    <p class='ocr_par' dir='ltr' id='par_1_43' title="bbox 286 2703 1888 2774">
     <span class='ocr_line' id='line_1_43' title="bbox 286 2703 1888 2774; baseline 0.007 -25"><span class='ocrx_word' id='word_1_264' title='bbox 286 2704 512 2751; x_wconf 85' lang='lat' dir='ltr'><strong>tuantur</strong></span> <span class='ocrx_word' id='word_1_265' title='bbox 547 2714 888 2770; x_wconf 70' lang='lat' dir='ltr'><strong>quaacunque</strong></span> <span class='ocrx_word' id='word_1_266' title='bbox 919 2718 948 2756; x_wconf 91' lang='lat' dir='ltr'><strong>a</strong></span> <span class='ocrx_word' id='word_1_267' title='bbox 987 2703 1177 2774; x_wconf 91' lang='lat' dir='ltr'><strong>legatis</strong></span> <span class='ocrx_word' id='word_1_268' title='bbox 1219 2705 1442 2772; x_wconf 87' lang='lat' dir='ltr'><strong>nostris,</strong></span> <span class='ocrx_word' id='word_1_269' title='bbox 1486 2706 1764 2761; x_wconf 90' lang='lat' dir='ltr'><strong>Bernardo</strong></span> <span class='ocrx_word' id='word_1_270' title='bbox 1809 2707 1888 2760; x_wconf 92' lang='lat' dir='ltr'><strong>vi-</strong></span> 
     </span>
    </p>
   </div>
   <div class='ocr_carea' id='block_1_44' title="bbox 286 2788 1892 2869">
    <p class='ocr_par' dir='ltr' id='par_1_44' title="bbox 286 2788 1892 2869">
     <span class='ocr_line' id='line_1_44' title="bbox 286 2788 1892 2869; baseline 0.007 -27"><span class='ocrx_word' id='word_1_271' title='bbox 286 2788 476 2846; x_wconf 87' lang='lat' dir='ltr'><strong>delicet</strong></span> <span class='ocrx_word' id='word_1_272' title='bbox 520 2801 572 2846; x_wconf 91' lang='lat' dir='ltr'><strong>et</strong></span> <span class='ocrx_word' id='word_1_273' title='bbox 610 2793 894 2865; x_wconf 81' lang='lat' dir='ltr'><strong>Gregorio.</strong></span> <span class='ocrx_word' id='word_1_274' title='bbox 927 2805 1127 2865; x_wconf 67' lang='lat' dir='ltr'><strong>praeter</strong></span> <span class='ocrx_word' id='word_1_275' title='bbox 1172 2797 1472 2869; x_wconf 89' lang='lat' dir='ltr'><strong>episcopale</strong></span> <span class='ocrx_word' id='word_1_276' title='bbox 1520 2798 1766 2854; x_wconf 87' lang='lat' dir='ltr'><strong>ofﬁcium</strong></span> <span class='ocrx_word' id='word_1_277' title='bbox 1811 2801 1892 2854; x_wconf 88' lang='lat' dir='ltr'><strong>in-</strong></span> 
     </span>
    </p>
   </div>
   <div class='ocr_carea' id='block_1_45' title="bbox 289 2883 1891 2960">
    <p class='ocr_par' dir='ltr' id='par_1_45' title="bbox 289 2883 1891 2960">
     <span class='ocr_line' id='line_1_45' title="bbox 289 2883 1891 2960; baseline 0.006 -24"><span class='ocrx_word' id='word_1_278' title='bbox 289 2883 513 2940; x_wconf 85' lang='lat' dir='ltr'><strong>terdicta</strong></span> <span class='ocrx_word' id='word_1_279' title='bbox 541 2895 690 2951; x_wconf 90' lang='lat' dir='ltr'><strong>sunt,</strong></span> <span class='ocrx_word' id='word_1_280' title='bbox 729 2894 785 2941; x_wconf 84' lang='lat' dir='ltr'><strong>et</strong></span> <span class='ocrx_word' id='word_1_281' title='bbox 814 2897 1010 2958; x_wconf 70' lang='lat' dir='ltr'><strong>praeter</strong></span> <span class='ocrx_word' id='word_1_282' title='bbox 1037 2905 1098 2944; x_wconf 88' lang='lat' dir='ltr'><strong>ea</strong></span> <span class='ocrx_word' id='word_1_283' title='bbox 1137 2906 1234 2960; x_wconf 91' lang='lat' dir='ltr'><strong>pro</strong></span> <span class='ocrx_word' id='word_1_284' title='bbox 1270 2890 1473 2960; x_wconf 90' lang='lat' dir='ltr'><strong>quibus</strong></span> <span class='ocrx_word' id='word_1_285' title='bbox 1501 2893 1737 2948; x_wconf 85' lang='lat' dir='ltr'><strong>Joannes</strong></span> <span class='ocrx_word' id='word_1_286' title='bbox 1772 2895 1891 2947; x_wconf 89' lang='grc' dir='ltr'><strong>Μο-</strong></span> 
     </span>
    </p>
   </div>
   <div class='ocr_carea' id='block_1_46' title="bbox 291 2978 1894 3056">
    <p class='ocr_par' dir='ltr' id='par_1_46' title="bbox 291 2978 1894 3056">
     <span class='ocr_line' id='line_1_46' title="bbox 291 2978 1894 3056; baseline 0.007 -26"><span class='ocrx_word' id='word_1_287' title='bbox 291 2978 530 3032; x_wconf 86' lang='lat' dir='ltr'><strong>ravensis</strong></span> <span class='ocrx_word' id='word_1_288' title='bbox 581 2994 744 3049; x_wconf 89' lang='lat' dir='ltr'><strong>super</strong></span> <span class='ocrx_word' id='word_1_289' title='bbox 783 2996 912 3035; x_wconf 91' lang='lat' dir='ltr'><strong>eum</strong></span> <span class='ocrx_word' id='word_1_290' title='bbox 958 2983 1158 3037; x_wconf 91' lang='lat' dir='ltr'><strong>clamat</strong></span> <span class='ocrx_word' id='word_1_291' title='bbox 1210 2983 1518 3056; x_wconf 87' lang='lat' dir='ltr'><strong>episcopus.</strong></span> <span class='ocrx_word' id='word_1_292' title='bbox 1564 2987 1680 3054; x_wconf 88' lang='lat' dir='ltr'><strong>Qua</strong></span> <span class='ocrx_word' id='word_1_293' title='bbox 1731 2986 1785 3040; x_wconf 89' lang='lat' dir='ltr'><strong>in</strong></span> <span class='ocrx_word' id='word_1_294' title='bbox 1833 3002 1894 3042; x_wconf 88' lang='lat' dir='ltr'><strong>re</strong></span> 
     </span>
    </p>
   </div>
   <div class='ocr_carea' id='block_1_47' title="bbox 290 3071 1888 3148">
    <p class='ocr_par' dir='ltr' id='par_1_47' title="bbox 290 3071 1888 3148">
     <span class='ocr_line' id='line_1_47' title="bbox 290 3071 1888 3148; baseline 0.006 -25"><span class='ocrx_word' id='word_1_295' title='bbox 290 3077 437 3125; x_wconf 89' lang='lat' dir='ltr'><strong>tuam</strong></span> <span class='ocrx_word' id='word_1_296' title='bbox 485 3071 724 3128; x_wconf 77' lang='lat' dir='ltr'><strong>maxime</strong></span> <span class='ocrx_word' id='word_1_297' title='bbox 767 3073 1130 3132; x_wconf 90' lang='lat' dir='ltr'><strong>admonemus</strong></span> <span class='ocrx_word' id='word_1_298' title='bbox 1169 3077 1531 3148; x_wconf 89' lang='lat' dir='ltr'><strong>prudentiam,</strong></span> <span class='ocrx_word' id='word_1_299' title='bbox 1566 3088 1627 3134; x_wconf 87' lang='lat' dir='ltr'><strong>ut</strong></span> <span class='ocrx_word' id='word_1_300' title='bbox 1662 3079 1728 3135; x_wconf 92' lang='lat' dir='ltr'><strong>de</strong></span> <span class='ocrx_word' id='word_1_301' title='bbox 1757 3096 1888 3135; x_wconf 91' lang='lat' dir='ltr'><strong>con-</strong></span> 
     </span>
    </p>
   </div>
   <div class='ocr_carea' id='block_1_48' title="bbox 2005 1858 3602 1936">
    <p class='ocr_par' dir='ltr' id='par_1_48' title="bbox 2005 1858 3602 1936">
     <span class='ocr_line' id='line_1_48' title="bbox 2005 1858 3602 1936; baseline 0.006 -24"><span class='ocrx_word' id='word_1_302' title='bbox 2005 1858 2228 1913; x_wconf 90' lang='lat' dir='ltr'><strong>servitio</strong></span> <span class='ocrx_word' id='word_1_303' title='bbox 2254 1860 2420 1912; x_wconf 84' lang='lat' dir='ltr'><strong>sancti</strong></span> <span class='ocrx_word' id='word_1_304' title='bbox 2453 1860 2592 1914; x_wconf 87' lang='lat' dir='ltr'><strong>Petri</strong></span> <span class='ocrx_word' id='word_1_305' title='bbox 2634 1880 2645 1913; x_wconf 88' lang='lat'><strong>:</strong></span> <span class='ocrx_word' id='word_1_306' title='bbox 2680 1869 2735 1916; x_wconf 92' lang='lat' dir='ltr'><strong>et</strong></span> <span class='ocrx_word' id='word_1_307' title='bbox 2760 1861 2865 1916; x_wconf 90' lang='lat' dir='ltr'><strong>hoc</strong></span> <span class='ocrx_word' id='word_1_308' title='bbox 2892 1861 3034 1917; x_wconf 90' lang='lat' dir='ltr'><strong>idem</strong></span> <span class='ocrx_word' id='word_1_309' title='bbox 3068 1879 3328 1936; x_wconf 82' lang='lat' dir='ltr'><strong>rogamus</strong></span> <span class='ocrx_word' id='word_1_310' title='bbox 3357 1881 3451 1921; x_wconf 89' lang='lat' dir='ltr'><strong>vos</strong></span> <span class='ocrx_word' id='word_1_311' title='bbox 3479 1881 3602 1922; x_wconf 81' lang='lat' dir='ltr'><strong>nio-</strong></span> 
     </span>
    </p>
   </div>
   <div class='ocr_carea' id='block_1_49' title="bbox 2003 1952 3602 2026">
    <p class='ocr_par' dir='ltr' id='par_1_49' title="bbox 2003 1952 3602 2026">
     <span class='ocr_line' id='line_1_49' title="bbox 2003 1952 3602 2026; baseline 0.008 -22"><span class='ocrx_word' id='word_1_312' title='bbox 2003 1967 2135 2007; x_wconf 90' lang='lat' dir='ltr'><strong>nere</strong></span> <span class='ocrx_word' id='word_1_313' title='bbox 2176 1952 2437 2007; x_wconf 92' lang='lat' dir='ltr'><strong>comitem</strong></span> <span class='ocrx_word' id='word_1_314' title='bbox 2480 1955 2652 2008; x_wconf 86' lang='lat' dir='ltr'><strong>sancti</strong></span> <span class='ocrx_word' id='word_1_315' title='bbox 2702 1954 2911 2026; x_wconf 66' lang='lat' dir='ltr'><strong>Egidii,</strong></span> <span class='ocrx_word' id='word_1_316' title='bbox 2965 1965 3019 2011; x_wconf 88' lang='lat' dir='ltr'><strong>et</strong></span> <span class='ocrx_word' id='word_1_317' title='bbox 3059 1973 3315 2014; x_wconf 87' lang='lat' dir='ltr'><strong>socerum</strong></span> <span class='ocrx_word' id='word_1_318' title='bbox 3352 1959 3602 2016; x_wconf 83' lang='lat' dir='ltr'><strong>Riccardi</strong></span> 
     </span>
    </p>
   </div>
   <div class='ocr_carea' id='block_1_50' title="bbox 2005 2045 3604 2117">
    <p class='ocr_par' dir='ltr' id='par_1_50' title="bbox 2005 2045 3604 2117">
     <span class='ocr_line' id='line_1_50' title="bbox 2005 2045 3604 2117; baseline 0.006 -19"><span class='ocrx_word' id='word_1_319' title='bbox 2005 2045 2246 2115; x_wconf 89' lang='lat' dir='ltr'><strong>Capuani</strong></span> <span class='ocrx_word' id='word_1_320' title='bbox 2317 2046 2572 2117; x_wconf 91' lang='lat' dir='ltr'><strong>principis</strong></span> <span class='ocrx_word' id='word_1_321' title='bbox 2624 2056 2682 2102; x_wconf 91' lang='lat' dir='ltr'><strong>et</strong></span> <span class='ocrx_word' id='word_1_322' title='bbox 2739 2049 3042 2103; x_wconf 87' lang='lat' dir='ltr'><strong>Amedeum</strong></span> <span class='ocrx_word' id='word_1_323' title='bbox 3095 2050 3268 2106; x_wconf 87' lang='lat' dir='ltr'><strong>ﬁlium</strong></span> <span class='ocrx_word' id='word_1_324' title='bbox 3337 2050 3604 2108; x_wconf 59' lang='lat' dir='ltr'><strong>Adeletta‘.</strong></span> 
     </span>
    </p>
   </div>
   <div class='ocr_carea' id='block_1_51' title="bbox 2001 2137 3602 2214">
    <p class='ocr_par' dir='ltr' id='par_1_51' title="bbox 2001 2137 3602 2214">
     <span class='ocr_line' id='line_1_51' title="bbox 2001 2137 3602 2214; baseline 0.006 -22"><span class='ocrx_word' id='word_1_325' title='bbox 2001 2137 2322 2207; x_wconf 69' lang='lat' dir='ltr'><strong>[Adelictae],</strong></span> <span class='ocrx_word' id='word_1_326' title='bbox 2365 2148 2700 2212; x_wconf 78' lang='lat' dir='ltr'><strong>ceeterosque</strong></span> <span class='ocrx_word' id='word_1_327' title='bbox 2745 2158 2880 2213; x_wconf 88' lang='lat' dir='ltr'><strong>quos</strong></span> <span class='ocrx_word' id='word_1_328' title='bbox 2919 2143 3246 2214; x_wconf 89' lang='lat' dir='ltr'><strong>cognoscitis</strong></span> <span class='ocrx_word' id='word_1_329' title='bbox 3288 2145 3458 2200; x_wconf 91' lang='lat' dir='ltr'><strong>sancti</strong></span> <span class='ocrx_word' id='word_1_330' title='bbox 3501 2147 3602 2202; x_wconf 90' lang='lat' dir='ltr'><strong>Pe-</strong></span> 
     </span>
    </p>
   </div>
   <div class='ocr_carea' id='block_1_52' title="bbox 2001 2232 3596 2306">
    <p class='ocr_par' dir='ltr' id='par_1_52' title="bbox 2001 2232 3596 2306">
     <span class='ocr_line' id='line_1_52' title="bbox 2001 2232 3596 2306; baseline 0.006 -21"><span class='ocrx_word' id='word_1_331' title='bbox 2001 2232 2068 2286; x_wconf 91' lang='lat' dir='ltr'><strong>tri</strong></span> <span class='ocrx_word' id='word_1_332' title='bbox 2097 2247 2214 2288; x_wconf 90' lang='lat' dir='ltr'><strong>esse</strong></span> <span class='ocrx_word' id='word_1_333' title='bbox 2242 2232 2448 2301; x_wconf 91' lang='lat' dir='ltr'><strong>ﬁdeles,</strong></span> <span class='ocrx_word' id='word_1_334' title='bbox 2483 2242 2538 2289; x_wconf 91' lang='lat' dir='ltr'><strong>et</strong></span> <span class='ocrx_word' id='word_1_335' title='bbox 2575 2233 2664 2306; x_wconf 93' lang='lat' dir='ltr'><strong>qui</strong></span> <span class='ocrx_word' id='word_1_336' title='bbox 2707 2235 2957 2291; x_wconf 90' lang='lat' dir='ltr'><strong>similiter</strong></span> <span class='ocrx_word' id='word_1_337' title='bbox 2998 2237 3249 2292; x_wconf 91' lang='lat' dir='ltr'><strong>manibus</strong></span> <span class='ocrx_word' id='word_1_338' title='bbox 3279 2237 3347 2293; x_wconf 91' lang='lat' dir='ltr'><strong>ad</strong></span> <span class='ocrx_word' id='word_1_339' title='bbox 3393 2239 3596 2294; x_wconf 66' lang='lat' dir='ltr'><strong>calum</strong></span> 
     </span>
    </p>
   </div>
   <div class='ocr_carea' id='block_1_53' title="bbox 2000 2327 3598 2402">
    <p class='ocr_par' dir='ltr' id='par_1_53' title="bbox 2000 2327 3598 2402">
     <span class='ocr_line' id='line_1_53' title="bbox 2000 2327 3598 2402; baseline 0.005 -23"><span class='ocrx_word' id='word_1_340' title='bbox 2000 2327 2236 2380; x_wconf 79' lang='lat' dir='ltr'><strong>extensis</strong></span> <span class='ocrx_word' id='word_1_341' title='bbox 2279 2328 2600 2397; x_wconf 86' lang='lat' dir='ltr'><strong>promisere.</strong></span> <span class='ocrx_word' id='word_1_342' title='bbox 2633 2329 2684 2383; x_wconf 92' lang='lat' dir='ltr'><strong>Si</strong></span> <span class='ocrx_word' id='word_1_343' title='bbox 2715 2328 2847 2400; x_wconf 91' lang='lat' dir='ltr'><strong>quid</strong></span> <span class='ocrx_word' id='word_1_344' title='bbox 2880 2345 3006 2384; x_wconf 83' lang='lat' dir='ltr'><strong>vero</strong></span> <span class='ocrx_word' id='word_1_345' title='bbox 3034 2340 3198 2386; x_wconf 68' lang='lat' dir='ltr'><strong>certa:</strong></span> <span class='ocrx_word' id='word_1_346' title='bbox 3231 2330 3598 2402; x_wconf 86' lang='lat' dir='ltr'><strong>responsionis</strong></span> 
     </span>
    </p>
   </div>
   <div class='ocr_carea' id='block_1_54' title="bbox 2001 2419 3599 2496">
    <p class='ocr_par' dir='ltr' id='par_1_54' title="bbox 2001 2419 3599 2496">
     <span class='ocr_line' id='line_1_54' title="bbox 2001 2419 3599 2496; baseline 0.006 -24"><span class='ocrx_word' id='word_1_347' title='bbox 2001 2419 2300 2488; x_wconf 61' lang='lat' dir='ltr'><strong>prudentia;</strong></span> <span class='ocrx_word' id='word_1_348' title='bbox 2348 2430 2542 2478; x_wconf 70' lang='lat' dir='ltr'><strong>vestra:</strong></span> <span class='ocrx_word' id='word_1_349' title='bbox 2572 2422 2728 2477; x_wconf 88' lang='lat' dir='ltr'><strong>nobis</strong></span> <span class='ocrx_word' id='word_1_350' title='bbox 2773 2423 2944 2493; x_wconf 85' lang='lat' dir='ltr'><strong>placet</strong></span> <span class='ocrx_word' id='word_1_351' title='bbox 2988 2424 3284 2492; x_wconf 85' lang='lat' dir='ltr'><strong>remittere,</strong></span> <span class='ocrx_word' id='word_1_352' title='bbox 3337 2441 3429 2496; x_wconf 91' lang='lat' dir='ltr'><strong>per</strong></span> <span class='ocrx_word' id='word_1_353' title='bbox 3472 2441 3599 2482; x_wconf 89' lang='lat' dir='ltr'><strong>eum</strong></span> 
     </span>
    </p>
   </div>
   <div class='ocr_carea' id='block_1_55' title="bbox 1998 2514 3598 2586">
    <p class='ocr_par' dir='ltr' id='par_1_55' title="bbox 1998 2514 3598 2586">
     <span class='ocr_line' id='line_1_55' title="bbox 1998 2514 3598 2586; baseline 0.006 -21"><span class='ocrx_word' id='word_1_354' title='bbox 1998 2514 2248 2567; x_wconf 88' lang='lat' dir='ltr'><strong>nuntium</strong></span> <span class='ocrx_word' id='word_1_355' title='bbox 2301 2514 2456 2570; x_wconf 92' lang='lat' dir='ltr'><strong>nobis</strong></span> <span class='ocrx_word' id='word_1_356' title='bbox 2517 2515 2792 2581; x_wconf 88' lang='lat' dir='ltr'><strong>mandate,</strong></span> <span class='ocrx_word' id='word_1_357' title='bbox 2838 2518 2926 2586; x_wconf 90' lang='lat' dir='ltr'><strong>qui</strong></span> <span class='ocrx_word' id='word_1_358' title='bbox 2977 2517 3153 2572; x_wconf 90' lang='lat' dir='ltr'><strong>modis</strong></span> <span class='ocrx_word' id='word_1_359' title='bbox 3200 2519 3452 2574; x_wconf 90' lang='lat' dir='ltr'><strong>omnibus</strong></span> <span class='ocrx_word' id='word_1_360' title='bbox 3493 2535 3598 2575; x_wconf 90' lang='lat' dir='ltr'><strong>nos</strong></span> 
     </span>
    </p>
   </div>
   <div class='ocr_carea' id='block_1_56' title="bbox 1999 2607 3596 2685">
    <p class='ocr_par' dir='ltr' id='par_1_56' title="bbox 1999 2607 3596 2685">
     <span class='ocr_line' id='line_1_56' title="bbox 1999 2607 3596 2685; baseline 0.006 -25"><span class='ocrx_word' id='word_1_361' title='bbox 1999 2607 2190 2660; x_wconf 83' lang='lat' dir='ltr'><strong>reddat</strong></span> <span class='ocrx_word' id='word_1_362' title='bbox 2233 2607 2517 2677; x_wconf 90' lang='lat' dir='ltr'><strong>indubios,</strong></span> <span class='ocrx_word' id='word_1_363' title='bbox 2546 2615 2601 2662; x_wconf 89' lang='lat' dir='ltr'><strong>et</strong></span> <span class='ocrx_word' id='word_1_364' title='bbox 2639 2609 2784 2664; x_wconf 91' lang='lat' dir='ltr'><strong>idem</strong></span> <span class='ocrx_word' id='word_1_365' title='bbox 2813 2619 2988 2665; x_wconf 88' lang='lat' dir='ltr'><strong>vester</strong></span> <span class='ocrx_word' id='word_1_366' title='bbox 3032 2612 3259 2669; x_wconf 90' lang='lat' dir='ltr'><strong>nuntius</strong></span> <span class='ocrx_word' id='word_1_367' title='bbox 3285 2612 3460 2668; x_wconf 90' lang='lat' dir='ltr'><strong>veniat</strong></span> <span class='ocrx_word' id='word_1_368' title='bbox 3499 2627 3596 2685; x_wconf 86' lang='lat' dir='ltr'><strong>per</strong></span> 
     </span>
    </p>
   </div>
   <div class='ocr_carea' id='block_1_57' title="bbox 1997 2699 3589 2778">
    <p class='ocr_par' dir='ltr' id='par_1_57' title="bbox 1997 2699 3589 2778">
     <span class='ocr_line' id='line_1_57' title="bbox 1997 2699 3589 2778; baseline 0.007 -27"><span class='ocrx_word' id='word_1_369' title='bbox 1997 2699 2334 2754; x_wconf 90' lang='lat' dir='ltr'><strong>comitissam</strong></span> <span class='ocrx_word' id='word_1_370' title='bbox 2384 2701 2709 2769; x_wconf 88' lang='lat' dir='ltr'><strong>Beatricem,</strong></span> <span class='ocrx_word' id='word_1_371' title='bbox 2765 2717 2886 2772; x_wconf 69' lang='lat' dir='ltr'><strong>quae</strong></span> <span class='ocrx_word' id='word_1_372' title='bbox 2917 2719 3042 2758; x_wconf 91' lang='lat' dir='ltr'><strong>cum</strong></span> <span class='ocrx_word' id='word_1_373' title='bbox 3076 2704 3179 2759; x_wconf 91' lang='lat' dir='ltr'><strong>ﬁlia</strong></span> <span class='ocrx_word' id='word_1_374' title='bbox 3217 2713 3272 2759; x_wconf 89' lang='lat' dir='ltr'><strong>et</strong></span> <span class='ocrx_word' id='word_1_375' title='bbox 3298 2721 3496 2778; x_wconf 91' lang='lat' dir='ltr'><strong>genero</strong></span> <span class='ocrx_word' id='word_1_376' title='bbox 3535 2707 3589 2762; x_wconf 90' lang='lat' dir='ltr'><strong>in</strong></span> 
     </span>
    </p>
   </div>
   <div class='ocr_carea' id='block_1_58' title="bbox 1998 2791 3585 2865">
    <p class='ocr_par' dir='ltr' id='par_1_58' title="bbox 1998 2791 3585 2865">
     <span class='ocr_line' id='line_1_58' title="bbox 1998 2791 3585 2865; baseline 0.006 -20"><span class='ocrx_word' id='word_1_377' title='bbox 1998 2791 2101 2846; x_wconf 92' lang='lat' dir='ltr'><strong>hoc</strong></span> <span class='ocrx_word' id='word_1_378' title='bbox 2138 2793 2354 2864; x_wconf 89' lang='lat' dir='ltr'><strong>negotio</strong></span> <span class='ocrx_word' id='word_1_379' title='bbox 2383 2794 2628 2850; x_wconf 89' lang='lat' dir='ltr'><strong>laborare</strong></span> <span class='ocrx_word' id='word_1_380' title='bbox 2652 2804 2929 2865; x_wconf 89' lang='lat' dir='ltr'><strong>procuret.</strong></span> <span class='ocrx_word' id='word_1_381' title='bbox 2955 2799 3113 2852; x_wconf 82' lang='lat' dir='ltr'><strong>Hanc</strong></span> <span class='ocrx_word' id='word_1_382' title='bbox 3139 2807 3318 2854; x_wconf 88' lang='lat' dir='ltr'><strong>autem</strong></span> <span class='ocrx_word' id='word_1_383' title='bbox 3349 2800 3585 2855; x_wconf 85' lang='lat' dir='ltr'><strong>militum</strong></span> 
     </span>
    </p>
   </div>
   <div class='ocr_carea' id='block_1_59' title="bbox 1998 2885 3589 2960">
    <p class='ocr_par' dir='ltr' id='par_1_59' title="bbox 1998 2885 3589 2960">
     <span class='ocr_line' id='line_1_59' title="bbox 1998 2885 3589 2960; baseline 0.006 -22"><span class='ocrx_word' id='word_1_384' title='bbox 1998 2885 2410 2942; x_wconf 90' lang='lat' dir='ltr'><strong>multitudinem</strong></span> <span class='ocrx_word' id='word_1_385' title='bbox 2451 2903 2563 2942; x_wconf 91' lang='lat' dir='ltr'><strong>non</strong></span> <span class='ocrx_word' id='word_1_386' title='bbox 2610 2887 2732 2943; x_wconf 91' lang='lat' dir='ltr'><strong>ideo</strong></span> <span class='ocrx_word' id='word_1_387' title='bbox 2760 2904 3085 2946; x_wconf 88' lang='lat' dir='ltr'><strong>coacervare</strong></span> <span class='ocrx_word' id='word_1_388' title='bbox 3114 2907 3395 2960; x_wconf 88' lang='lat' dir='ltr'><strong>curamus,</strong></span> <span class='ocrx_word' id='word_1_389' title='bbox 3433 2901 3490 2946; x_wconf 89' lang='lat' dir='ltr'><strong>ut</strong></span> <span class='ocrx_word' id='word_1_390' title='bbox 3523 2893 3589 2948; x_wconf 91' lang='lat' dir='ltr'><strong>ad</strong></span> 
     </span>
    </p>
   </div>
   <div class='ocr_carea' id='block_1_60' title="bbox 1996 2974 3587 3049">
    <p class='ocr_par' dir='ltr' id='par_1_60' title="bbox 1996 2974 3587 3049">
     <span class='ocr_line' id='line_1_60' title="bbox 1996 2974 3587 3049; baseline 0.004 -19"><span class='ocrx_word' id='word_1_391' title='bbox 1996 2974 2323 3031; x_wconf 82' lang='lat' dir='ltr'><strong>effusionem</strong></span> <span class='ocrx_word' id='word_1_392' title='bbox 2385 2977 2658 3049; x_wconf 85' lang='lat' dir='ltr'><strong>sanguinis</strong></span> <span class='ocrx_word' id='word_1_393' title='bbox 2716 2977 3152 3037; x_wconf 89' lang='lat' dir='ltr'><strong>Christianorum</strong></span> <span class='ocrx_word' id='word_1_394' title='bbox 3212 2981 3587 3048; x_wconf 90' lang='lat' dir='ltr'><strong>intendamus,</strong></span> 
     </span>
    </p>
   </div>
   <div class='ocr_carea' id='block_1_61' title="bbox 1997 3069 3589 3149">
    <p class='ocr_par' dir='ltr' id='par_1_61' title="bbox 1997 3069 3589 3149">
     <span class='ocr_line' id='line_1_61' title="bbox 1997 3069 3589 3149; baseline 0.004 -24"><span class='ocrx_word' id='word_1_395' title='bbox 1997 3069 2094 3125; x_wconf 88' lang='lat' dir='ltr'><strong>sed</strong></span> <span class='ocrx_word' id='word_1_396' title='bbox 2138 3078 2196 3124; x_wconf 91' lang='lat' dir='ltr'><strong>ut</strong></span> <span class='ocrx_word' id='word_1_397' title='bbox 2240 3070 2338 3141; x_wconf 92' lang='lat' dir='ltr'><strong>ipsi</strong></span> <span class='ocrx_word' id='word_1_398' title='bbox 2378 3070 2622 3127; x_wconf 82' lang='lat' dir='ltr'><strong>videntes</strong></span> <span class='ocrx_word' id='word_1_399' title='bbox 2664 3072 3081 3143; x_wconf 80' lang='lat' dir='ltr'><strong>expeditionem,</strong></span> <span class='ocrx_word' id='word_1_400' title='bbox 3129 3073 3263 3130; x_wconf 91' lang='lat' dir='ltr'><strong>dum</strong></span> <span class='ocrx_word' id='word_1_401' title='bbox 3301 3076 3589 3149; x_wconf 85' lang='lat' dir='ltr'><strong>conﬂigere</strong></span> 
     </span>
    </p>
   </div>
   <div class='ocr_carea' id='block_1_62' title="bbox 291 3156 1888 3239">
    <p class='ocr_par' dir='ltr' id='par_1_62' title="bbox 291 3164 1884 3239">
     <span class='ocr_line' id='line_1_62' title="bbox 291 3164 1884 3239; baseline 0.008 -22"><span class='ocrx_word' id='word_1_402' title='bbox 291 3165 453 3219; x_wconf 92' lang='lat' dir='ltr'><strong>suetis</strong></span> <span class='ocrx_word' id='word_1_403' title='bbox 495 3164 750 3232; x_wconf 89' lang='lat' dir='ltr'><strong>decimis,</strong></span> <span class='ocrx_word' id='word_1_404' title='bbox 797 3168 877 3222; x_wconf 91' lang='lat' dir='ltr'><strong>vel</strong></span> <span class='ocrx_word' id='word_1_405' title='bbox 922 3168 1222 3226; x_wconf 90' lang='lat' dir='ltr'><strong>redditibus</strong></span> <span class='ocrx_word' id='word_1_406' title='bbox 1267 3171 1538 3239; x_wconf 69' lang='lat' dir='ltr'><strong>Ecclesiae,</strong></span> <span class='ocrx_word' id='word_1_407' title='bbox 1583 3172 1717 3228; x_wconf 88' lang='lat' dir='ltr'><strong>nihil</strong></span> <span class='ocrx_word' id='word_1_408' title='bbox 1750 3173 1794 3228; x_wconf 91' lang='lat' dir='ltr'><strong>ei</strong></span> <span class='ocrx_word' id='word_1_409' title='bbox 1827 3175 1884 3229; x_wconf 89' lang='lat' dir='ltr'><strong>in</strong></span> 
     </span>
    </p>
   </div>
   <div class='ocr_carea' id='block_1_63' title="bbox 1999 3156 3588 3239">
    <p class='ocr_par' dir='ltr' id='par_1_63' title="bbox 1999 3163 3588 3239">
     <span class='ocr_line' id='line_1_63' title="bbox 1999 3163 3588 3239; baseline 0.006 -22"><span class='ocrx_word' id='word_1_410' title='bbox 1999 3163 2298 3230; x_wconf 89' lang='lat' dir='ltr'><strong>timuerint,</strong></span> <span class='ocrx_word' id='word_1_411' title='bbox 2360 3164 2569 3220; x_wconf 80' lang='lat' dir='ltr'><strong>facilius</strong></span> <span class='ocrx_word' id='word_1_412' title='bbox 2633 3165 2933 3222; x_wconf 90' lang='lat' dir='ltr'><strong>subdantur</strong></span> <span class='ocrx_word' id='word_1_413' title='bbox 2987 3167 3240 3239; x_wconf 67' lang='lat' dir='ltr'><strong>justitiaz.</strong></span> <span class='ocrx_word' id='word_1_414' title='bbox 3298 3171 3588 3239; x_wconf 85' lang='lat' dir='ltr'><strong>Speremus</strong></span> 
     </span>
    </p>
   </div>
   <div class='ocr_carea' id='block_1_64' title="bbox 289 3261 1886 3335">
    <p class='ocr_par' dir='ltr' id='par_1_64' title="bbox 289 3261 1886 3335">
     <span class='ocr_line' id='line_1_64' title="bbox 289 3261 1886 3335; baseline 0.007 -24"><span class='ocrx_word' id='word_1_415' title='bbox 289 3265 377 3312; x_wconf 90' lang='lat' dir='ltr'><strong>tua</strong></span> <span class='ocrx_word' id='word_1_416' title='bbox 421 3266 688 3329; x_wconf 88' lang='lat' dir='ltr'><strong>potestate</strong></span> <span class='ocrx_word' id='word_1_417' title='bbox 730 3261 994 3333; x_wconf 86' lang='lat' dir='ltr'><strong>denegare</strong></span> <span class='ocrx_word' id='word_1_418' title='bbox 1036 3263 1276 3335; x_wconf 88' lang='lat' dir='ltr'><strong>patiaris,</strong></span> <span class='ocrx_word' id='word_1_419' title='bbox 1326 3275 1421 3320; x_wconf 90' lang='lat' dir='ltr'><strong>aut</strong></span> <span class='ocrx_word' id='word_1_420' title='bbox 1462 3266 1730 3332; x_wconf 89' lang='lat' dir='ltr'><strong>subtrahi,</strong></span> <span class='ocrx_word' id='word_1_421' title='bbox 1787 3283 1886 3323; x_wconf 90' lang='lat' dir='ltr'><strong>nec</strong></span> 
     </span>
    </p>
   </div>
   <div class='ocr_carea' id='block_1_65' title="bbox 289 3351 1884 3430">
    <p class='ocr_par' dir='ltr' id='par_1_65' title="bbox 289 3351 1884 3430">
     <span class='ocr_line' id='line_1_65' title="bbox 289 3351 1884 3430; baseline 0.008 -26"><span class='ocrx_word' id='word_1_422' title='bbox 289 3351 522 3423; x_wconf 89' lang='lat' dir='ltr'><strong>aliquam</strong></span> <span class='ocrx_word' id='word_1_423' title='bbox 558 3352 661 3408; x_wconf 88' lang='lat' dir='ltr'><strong>sibi</strong></span> <span class='ocrx_word' id='word_1_424' title='bbox 693 3355 1132 3411; x_wconf 89' lang='lat' dir='ltr'><strong>contrarietatem</strong></span> <span class='ocrx_word' id='word_1_425' title='bbox 1161 3356 1343 3425; x_wconf 84' lang='lat' dir='ltr'><strong>facias,</strong></span> <span class='ocrx_word' id='word_1_426' title='bbox 1376 3375 1471 3430; x_wconf 91' lang='lat' dir='ltr'><strong>per</strong></span> <span class='ocrx_word' id='word_1_427' title='bbox 1499 3375 1684 3430; x_wconf 90' lang='lat' dir='ltr'><strong>quam,</strong></span> <span class='ocrx_word' id='word_1_428' title='bbox 1721 3369 1783 3416; x_wconf 93' lang='lat' dir='ltr'><strong>ut</strong></span> <span class='ocrx_word' id='word_1_429' title='bbox 1817 3361 1884 3416; x_wconf 89' lang='lat' dir='ltr'><strong>ad</strong></span> 
     </span>
    </p>
   </div>
   <div class='ocr_carea' id='block_1_66' title="bbox 289 3446 1885 3522">
    <p class='ocr_par' dir='ltr' id='par_1_66' title="bbox 289 3446 1885 3522">
     <span class='ocr_line' id='line_1_66' title="bbox 289 3446 1885 3522; baseline 0.006 -22"><span class='ocrx_word' id='word_1_430' title='bbox 289 3460 384 3501; x_wconf 89' lang='lat' dir='ltr'><strong>nos</strong></span> <span class='ocrx_word' id='word_1_431' title='bbox 428 3446 615 3502; x_wconf 86' lang='lat' dir='ltr'><strong>venire</strong></span> <span class='ocrx_word' id='word_1_432' title='bbox 664 3462 772 3502; x_wconf 91' lang='lat' dir='ltr'><strong>non</strong></span> <span class='ocrx_word' id='word_1_433' title='bbox 809 3447 1001 3520; x_wconf 88' lang='lat' dir='ltr'><strong>possit,</strong></span> <span class='ocrx_word' id='word_1_434' title='bbox 1043 3449 1432 3522; x_wconf 87' lang='lat' dir='ltr'><strong>impedimenta</strong></span> <span class='ocrx_word' id='word_1_435' title='bbox 1476 3452 1578 3507; x_wconf 93' lang='lat' dir='ltr'><strong>sibi</strong></span> <span class='ocrx_word' id='word_1_436' title='bbox 1627 3453 1885 3510; x_wconf 90' lang='lat' dir='ltr'><strong>obsistere</strong></span> 
     </span>
    </p>
   </div>
   <div class='ocr_carea' id='block_1_67' title="bbox 291 3539 1879 3620">
    <p class='ocr_par' dir='ltr' id='par_1_67' title="bbox 291 3539 1879 3620">
     <span class='ocr_line' id='line_1_67' title="bbox 291 3539 1879 3620; baseline 0.007 -28"><span class='ocrx_word' id='word_1_437' title='bbox 291 3539 480 3596; x_wconf 87' lang='lat' dir='ltr'><strong>iterum</strong></span> <span class='ocrx_word' id='word_1_438' title='bbox 520 3550 906 3612; x_wconf 87' lang='lat' dir='ltr'><strong>conqueratur.</strong></span> <span class='ocrx_word' id='word_1_439' title='bbox 954 3545 1032 3598; x_wconf 87' lang='lat' dir='ltr'><strong>Eo</strong></span> <span class='ocrx_word' id='word_1_440' title='bbox 1076 3553 1261 3600; x_wconf 90' lang='lat' dir='ltr'><strong>autem</strong></span> <span class='ocrx_word' id='word_1_441' title='bbox 1303 3554 1548 3617; x_wconf 91' lang='lat' dir='ltr'><strong>tempore</strong></span> <span class='ocrx_word' id='word_1_442' title='bbox 1589 3563 1699 3619; x_wconf 93' lang='lat' dir='ltr'><strong>quo</strong></span> <span class='ocrx_word' id='word_1_443' title='bbox 1748 3548 1879 3620; x_wconf 90' lang='lat' dir='ltr'><strong>ipse,</strong></span> 
     </span>
    </p>
   </div>
   <div class='ocr_carea' id='block_1_68' title="bbox 291 3632 1877 3713">
    <p class='ocr_par' dir='ltr' id='par_1_68' title="bbox 291 3632 1877 3713">
     <span class='ocr_line' id='line_1_68' title="bbox 291 3632 1877 3713; baseline 0.006 -26"><span class='ocrx_word' id='word_1_444' title='bbox 291 3632 427 3689; x_wconf 88' lang='lat' dir='ltr'><strong>sicut</strong></span> <span class='ocrx_word' id='word_1_445' title='bbox 461 3650 560 3706; x_wconf 91' lang='lat' dir='ltr'><strong>per</strong></span> <span class='ocrx_word' id='word_1_446' title='bbox 606 3635 884 3704; x_wconf 89' lang='lat' dir='ltr'><strong>epistolam</strong></span> <span class='ocrx_word' id='word_1_447' title='bbox 917 3645 1164 3692; x_wconf 85' lang='lat' dir='ltr'><strong>nostram</strong></span> <span class='ocrx_word' id='word_1_448' title='bbox 1195 3639 1568 3695; x_wconf 90' lang='lat' dir='ltr'><strong>commonitus</strong></span> <span class='ocrx_word' id='word_1_449' title='bbox 1605 3649 1710 3708; x_wconf 87' lang='lat' dir='ltr'><strong>est,</strong></span> <span class='ocrx_word' id='word_1_450' title='bbox 1747 3657 1877 3713; x_wconf 88' lang='lat' dir='ltr'><strong>apo-</strong></span> 
     </span>
    </p>
   </div>
   <div class='ocr_carea' id='block_1_69' title="bbox 293 3727 1880 3805">
    <p class='ocr_par' dir='ltr' id='par_1_69' title="bbox 293 3727 1880 3805">
     <span class='ocr_line' id='line_1_69' title="bbox 293 3727 1880 3805; baseline 0.006 -25"><span class='ocrx_word' id='word_1_451' title='bbox 293 3727 533 3782; x_wconf 85' lang='lat' dir='ltr'><strong>stolicam</strong></span> <span class='ocrx_word' id='word_1_452' title='bbox 572 3727 759 3784; x_wconf 90' lang='lat' dir='ltr'><strong>sedem</strong></span> <span class='ocrx_word' id='word_1_453' title='bbox 803 3728 956 3784; x_wconf 91' lang='lat' dir='ltr'><strong>adire</strong></span> <span class='ocrx_word' id='word_1_454' title='bbox 986 3728 1254 3798; x_wconf 88' lang='lat' dir='ltr'><strong>debuerit,</strong></span> <span class='ocrx_word' id='word_1_455' title='bbox 1294 3740 1349 3788; x_wconf 89' lang='lat' dir='ltr'><strong>te</strong></span> <span class='ocrx_word' id='word_1_456' title='bbox 1394 3749 1629 3805; x_wconf 88' lang='lat' dir='ltr'><strong>quoque,</strong></span> <span class='ocrx_word' id='word_1_457' title='bbox 1672 3735 1719 3790; x_wconf 90' lang='lat' dir='ltr'><strong>si</strong></span> <span class='ocrx_word' id='word_1_458' title='bbox 1766 3734 1880 3792; x_wconf 90' lang='lat' dir='ltr'><strong>ﬁeri</strong></span> 
     </span>
    </p>
   </div>
   <div class='ocr_carea' id='block_1_70' title="bbox 295 3822 1881 3898">
    <p class='ocr_par' dir='ltr' id='par_1_70' title="bbox 295 3822 1881 3898">
     <span class='ocr_line' id='line_1_70' title="bbox 295 3822 1881 3898; baseline 0.006 -23"><span class='ocrx_word' id='word_1_459' title='bbox 295 3831 484 3888; x_wconf 85' lang='lat' dir='ltr'><strong>posset,</strong></span> <span class='ocrx_word' id='word_1_460' title='bbox 532 3830 858 3892; x_wconf 78' lang='lat' dir='ltr'><strong>praesentem</strong></span> <span class='ocrx_word' id='word_1_461' title='bbox 901 3822 1014 3879; x_wconf 86' lang='lat' dir='ltr'><strong>fore</strong></span> <span class='ocrx_word' id='word_1_462' title='bbox 1055 3824 1295 3881; x_wconf 83' lang='lat' dir='ltr'><strong>maxime</strong></span> <span class='ocrx_word' id='word_1_463' title='bbox 1336 3841 1676 3896; x_wconf 90' lang='lat' dir='ltr'><strong>cuperemus.</strong></span> <span class='ocrx_word' id='word_1_464' title='bbox 1721 3829 1881 3898; x_wconf 86' lang='lat' dir='ltr'><strong>Quod</strong></span> 
     </span>
    </p>
   </div>
   <div class='ocr_carea' id='block_1_71' title="bbox 293 3914 1882 3991">
    <p class='ocr_par' dir='ltr' id='par_1_71' title="bbox 293 3914 1882 3991">
     <span class='ocr_line' id='line_1_71' title="bbox 293 3914 1882 3991; baseline 0.007 -24"><span class='ocrx_word' id='word_1_465' title='bbox 293 3914 332 3967; x_wconf 87' lang='lat' dir='ltr'><strong>si</strong></span> <span class='ocrx_word' id='word_1_466' title='bbox 363 3929 550 3969; x_wconf 88' lang='lat' dir='ltr'><strong>rerum</strong></span> <span class='ocrx_word' id='word_1_467' title='bbox 587 3923 686 3970; x_wconf 91' lang='lat' dir='ltr'><strong>aut</strong></span> <span class='ocrx_word' id='word_1_468' title='bbox 721 3923 1030 3986; x_wconf 89' lang='lat' dir='ltr'><strong>temporum</strong></span> <span class='ocrx_word' id='word_1_469' title='bbox 1061 3926 1291 3974; x_wconf 88' lang='lat' dir='ltr'><strong>eventus</strong></span> <span class='ocrx_word' id='word_1_470' title='bbox 1324 3918 1684 3991; x_wconf 90' lang='lat' dir='ltr'><strong>prohibuerit,</strong></span> <span class='ocrx_word' id='word_1_471' title='bbox 1719 3921 1882 3978; x_wconf 89' lang='lat' dir='ltr'><strong>nobi-</strong></span> 
     </span>
    </p>
   </div>
   <div class='ocr_carea' id='block_1_72' title="bbox 295 4005 1878 4088">
    <p class='ocr_par' dir='ltr' id='par_1_72' title="bbox 295 4005 1878 4088">
     <span class='ocr_line' id='line_1_72' title="bbox 295 4005 1878 4088; baseline 0.009 -30"><span class='ocrx_word' id='word_1_472' title='bbox 295 4005 491 4063; x_wconf 91' lang='lat' dir='ltr'><strong>litatem</strong></span> <span class='ocrx_word' id='word_1_473' title='bbox 523 4016 757 4064; x_wconf 88' lang='lat' dir='ltr'><strong>vestram</strong></span> <span class='ocrx_word' id='word_1_474' title='bbox 801 4012 1036 4066; x_wconf 87' lang='lat' dir='ltr'><strong>multum</strong></span> <span class='ocrx_word' id='word_1_475' title='bbox 1066 4011 1423 4068; x_wconf 89' lang='lat' dir='ltr'><strong>admonemus</strong></span> <span class='ocrx_word' id='word_1_476' title='bbox 1457 4022 1518 4068; x_wconf 92' lang='lat' dir='ltr'><strong>ut</strong></span> <span class='ocrx_word' id='word_1_477' title='bbox 1560 4014 1878 4088; x_wconf 90' lang='lat' dir='ltr'><strong>episcopum</strong></span> 
     </span>
    </p>
   </div>
   <div class='ocr_carea' id='block_1_73' title="bbox 293 4100 1878 4174">
    <p class='ocr_par' dir='ltr' id='par_1_73' title="bbox 293 4100 1878 4174">
     <span class='ocr_line' id='line_1_73' title="bbox 293 4100 1878 4174; baseline 0.008 -21"><span class='ocrx_word' id='word_1_478' title='bbox 293 4100 665 4157; x_wconf 81' lang='lat' dir='ltr'><strong>Moravensem</strong></span> <span class='ocrx_word' id='word_1_479' title='bbox 696 4104 1044 4174; x_wconf 67' lang='lat' dir='ltr'><strong>praesentiam</strong></span> <span class='ocrx_word' id='word_1_480' title='bbox 1074 4122 1230 4161; x_wconf 89' lang='lat' dir='ltr'><strong>suam</strong></span> <span class='ocrx_word' id='word_1_481' title='bbox 1260 4106 1419 4162; x_wconf 91' lang='lat' dir='ltr'><strong>nobis</strong></span> <span class='ocrx_word' id='word_1_482' title='bbox 1449 4107 1698 4164; x_wconf 88' lang='lat' dir='ltr'><strong>exhibere</strong></span> <span class='ocrx_word' id='word_1_483' title='bbox 1727 4125 1878 4166; x_wconf 89' lang='lat' dir='ltr'><strong>com-</strong></span> 
     </span>
    </p>
   </div>
   <div class='ocr_carea' id='block_1_74' title="bbox 297 4189 1880 4266">
    <p class='ocr_par' dir='ltr' id='par_1_74' title="bbox 297 4189 1880 4266">
     <span class='ocr_line' id='line_1_74' title="bbox 297 4189 1880 4266; baseline 0.008 -19"><span class='ocrx_word' id='word_1_484' title='bbox 297 4195 559 4250; x_wconf 89' lang='lat' dir='ltr'><strong>moneatis</strong></span> <span class='ocrx_word' id='word_1_485' title='bbox 592 4216 603 4251; x_wconf 86' lang='lat'>:</span> <span class='ocrx_word' id='word_1_486' title='bbox 639 4205 693 4250; x_wconf 87' lang='lat' dir='ltr'><strong>et</strong></span> <span class='ocrx_word' id='word_1_487' title='bbox 713 4189 993 4266; x_wconf 72' lang='lat' dir='ltr'><strong>praeterea</strong></span> <span class='ocrx_word' id='word_1_488' title='bbox 1029 4198 1096 4253; x_wconf 90' lang='lat' dir='ltr'><strong>de</strong></span> <span class='ocrx_word' id='word_1_489' title='bbox 1129 4200 1322 4256; x_wconf 88' lang='lat' dir='ltr'><strong>vestris</strong></span> <span class='ocrx_word' id='word_1_490' title='bbox 1361 4199 1609 4257; x_wconf 86' lang='lat' dir='ltr'><strong>ﬁdelibus</strong></span> <span class='ocrx_word' id='word_1_491' title='bbox 1645 4203 1780 4258; x_wconf 88' lang='lat' dir='ltr'><strong>tales</strong></span> <span class='ocrx_word' id='word_1_492' title='bbox 1813 4204 1880 4260; x_wconf 91' lang='lat' dir='ltr'><strong>ad</strong></span> 
     </span>
    </p>
   </div>
   <div class='ocr_carea' id='block_1_75' title="bbox 296 4289 1880 4364">
    <p class='ocr_par' dir='ltr' id='par_1_75' title="bbox 296 4289 1880 4364">
     <span class='ocr_line' id='line_1_75' title="bbox 296 4289 1880 4364; baseline 0.008 -24"><span class='ocrx_word' id='word_1_493' title='bbox 296 4301 388 4342; x_wconf 89' lang='lat' dir='ltr'><strong>nos</strong></span> <span class='ocrx_word' id='word_1_494' title='bbox 430 4289 653 4345; x_wconf 83' lang='lat' dir='ltr'><strong>nuntios</strong></span> <span class='ocrx_word' id='word_1_495' title='bbox 683 4289 944 4362; x_wconf 86' lang='lat' dir='ltr'><strong>dirigatis,</strong></span> <span class='ocrx_word' id='word_1_496' title='bbox 993 4308 1120 4347; x_wconf 90' lang='lat' dir='ltr'><strong>cum</strong></span> <span class='ocrx_word' id='word_1_497' title='bbox 1169 4293 1387 4364; x_wconf 88' lang='lat' dir='ltr'><strong>quibus,</strong></span> <span class='ocrx_word' id='word_1_498' title='bbox 1421 4311 1605 4351; x_wconf 88' lang='lat' dir='ltr'><strong>rerum</strong></span> <span class='ocrx_word' id='word_1_499' title='bbox 1653 4296 1880 4353; x_wconf 84' lang='lat' dir='ltr'><strong>veritate</strong></span> 
     </span>
    </p>
   </div>
   <div class='ocr_carea' id='block_1_76' title="bbox 296 4380 1878 4461">
    <p class='ocr_par' dir='ltr' id='par_1_76' title="bbox 296 4380 1878 4461">
     <span class='ocr_line' id='line_1_76' title="bbox 296 4380 1878 4461; baseline 0.009 -28"><span class='ocrx_word' id='word_1_500' title='bbox 296 4380 465 4435; x_wconf 87' lang='lat' dir='ltr'><strong>solerti</strong></span> <span class='ocrx_word' id='word_1_501' title='bbox 506 4382 852 4454; x_wconf 88' lang='lat' dir='ltr'><strong>indagatione</strong></span> <span class='ocrx_word' id='word_1_502' title='bbox 896 4385 1184 4456; x_wconf 89' lang='lat' dir='ltr'><strong>perquisita</strong></span> <span class='ocrx_word' id='word_1_503' title='bbox 1221 4395 1276 4443; x_wconf 91' lang='lat' dir='ltr'><strong>et</strong></span> <span class='ocrx_word' id='word_1_504' title='bbox 1314 4387 1551 4460; x_wconf 90' lang='lat' dir='ltr'><strong>undique</strong></span> <span class='ocrx_word' id='word_1_505' title='bbox 1581 4390 1878 4461; x_wconf 85' lang='lat' dir='ltr'><strong>explorate,</strong></span> 
     </span>
    </p>
   </div>
   <div class='ocr_carea' id='block_1_77' title="bbox 296 4471 1870 4546">
    <p class='ocr_par' dir='ltr' id='par_1_77' title="bbox 296 4471 1870 4546">
     <span class='ocr_line' id='line_1_77' title="bbox 296 4471 1870 4546; baseline 0.01 -22"><span class='ocrx_word' id='word_1_506' title='bbox 296 4471 496 4530; x_wconf 83' lang='lat' dir='ltr'><strong>favente</strong></span> <span class='ocrx_word' id='word_1_507' title='bbox 531 4475 711 4532; x_wconf 83' lang='lat' dir='ltr'><strong>divina</strong></span> <span class='ocrx_word' id='word_1_508' title='bbox 739 4477 1047 4546; x_wconf 88' lang='lat' dir='ltr'><strong>clementia,</strong></span> <span class='ocrx_word' id='word_1_509' title='bbox 1085 4495 1280 4536; x_wconf 87' lang='lat' dir='ltr'><strong>omnes</strong></span> <span class='ocrx_word' id='word_1_510' title='bbox 1324 4480 1726 4539; x_wconf 85' lang='lat' dir='ltr'><strong>dissensionum</strong></span> <span class='ocrx_word' id='word_1_511' title='bbox 1751 4500 1870 4540; x_wconf 87' lang='lat' dir='ltr'><strong>cau-</strong></span> 
     </span>
    </p>
   </div>
   <div class='ocr_carea' id='block_1_78' title="bbox 299 4567 1867 4645">
    <p class='ocr_par' dir='ltr' id='par_1_78' title="bbox 299 4567 1867 4645">
     <span class='ocr_line' id='line_1_78' title="bbox 299 4567 1867 4645; baseline 0.008 -24"><span class='ocrx_word' id='word_1_512' title='bbox 299 4579 374 4621; x_wconf 82' lang='lat' dir='ltr'><strong>sas</strong></span> <span class='ocrx_word' id='word_1_513' title='bbox 409 4567 747 4637; x_wconf 88' lang='lat' dir='ltr'><strong>abscindere,</strong></span> <span class='ocrx_word' id='word_1_514' title='bbox 773 4579 828 4625; x_wconf 91' lang='lat' dir='ltr'><strong>et</strong></span> <span class='ocrx_word' id='word_1_515' title='bbox 855 4572 1120 4644; x_wconf 92' lang='lat' dir='ltr'><strong>quidquid</strong></span> <span class='ocrx_word' id='word_1_516' title='bbox 1150 4589 1374 4645; x_wconf 58' lang='lat' dir='ltr'><strong>equum</strong></span> <span class='ocrx_word' id='word_1_517' title='bbox 1413 4573 1574 4632; x_wconf 89' lang='lat' dir='ltr'><strong>fuerit</strong></span> <span class='ocrx_word' id='word_1_518' title='bbox 1611 4577 1867 4634; x_wconf 85' lang='lat' dir='ltr'><strong>determi-</strong></span> 
     </span>
    </p>
   </div>
   <div class='ocr_carea' id='block_1_79' title="bbox 301 4663 1307 4723">
    <p class='ocr_par' dir='ltr' id='par_1_79' title="bbox 301 4663 1307 4723">
     <span class='ocr_line' id='line_1_79' title="bbox 301 4663 1307 4723; baseline 0.013 -13"><span class='ocrx_word' id='word_1_519' title='bbox 301 4667 413 4715; x_wconf 83' lang='lat' dir='ltr'><strong>nata</strong></span> <span class='ocrx_word' id='word_1_520' title='bbox 442 4663 706 4718; x_wconf 88' lang='lat' dir='ltr'><strong>sententia</strong></span> <span class='ocrx_word' id='word_1_521' title='bbox 739 4672 977 4722; x_wconf 88' lang='lat' dir='ltr'><strong>statuere</strong></span> <span class='ocrx_word' id='word_1_522' title='bbox 1010 4667 1307 4723; x_wconf 89' lang='lat' dir='ltr'><strong>valeamus.</strong></span> 
     </span>
    </p>
   </div>
   <div class='ocr_carea' id='block_1_80' title="bbox 365 4756 1873 4830">
    <p class='ocr_par' dir='ltr' id='par_1_80' title="bbox 365 4756 1873 4830">
     <span class='ocr_line' id='line_1_80' title="bbox 365 4756 1873 4830; baseline 0.011 -23"><span class='ocrx_word' id='word_1_523' title='bbox 365 4756 493 4810; x_wconf 90' lang='lat' dir='ltr'><strong>Data</strong></span> <span class='ocrx_word' id='word_1_524' title='bbox 513 4759 712 4814; x_wconf 79' lang='lat' dir='ltr'><strong>Romae</strong></span> <span class='ocrx_word' id='word_1_525' title='bbox 735 4772 782 4812; x_wconf 74' lang='grc' dir='ltr'><strong>ιι</strong></span> <span class='ocrx_word' id='word_1_526' title='bbox 803 4759 1080 4815; x_wconf 83' lang='lat' dir='ltr'><strong>Kalendas</strong></span> <span class='ocrx_word' id='word_1_527' title='bbox 1107 4761 1407 4830; x_wconf 87' lang='lat' dir='ltr'><strong>Februarii,</strong></span> <span class='ocrx_word' id='word_1_528' title='bbox 1438 4762 1734 4822; x_wconf 90' lang='lat' dir='ltr'><strong>indictione</strong></span> <span class='ocrx_word' id='word_1_529' title='bbox 1755 4782 1873 4823; x_wconf 82' lang='lat' dir='ltr'><strong>xu.</strong></span> 
     </span>
    </p>
   </div>
   <div class='ocr_carea' id='block_1_81' title="bbox 787 4870 1389 4929">
    <p class='ocr_par' dir='ltr' id='par_1_81' title="bbox 787 4870 1389 4929">
     <span class='ocr_line' id='line_1_81' title="bbox 787 4870 1389 4929; baseline 0.007 -6"><span class='ocrx_word' id='word_1_530' title='bbox 787 4870 1148 4926; x_wconf 82' lang='lat' dir='ltr'><strong>EPISTOLA</strong></span> <span class='ocrx_word' id='word_1_531' title='bbox 1185 4873 1389 4929; x_wconf 85' lang='lat' dir='ltr'><strong>XLVI.</strong></span> 
     </span>
    </p>
   </div>
   <div class='ocr_carea' id='block_1_82' title="bbox 457 4981 1714 5034">
    <p class='ocr_par' dir='ltr' id='par_1_82' title="bbox 457 4981 1714 5034">
     <span class='ocr_line' id='line_1_82' title="bbox 457 4981 1714 5034; baseline 0.009 -13"><span class='ocrx_word' id='word_1_532' title='bbox 457 4981 536 5022; x_wconf 74' lang='lat' dir='ltr'><strong>AD</strong></span> <span class='ocrx_word' id='word_1_533' title='bbox 574 4981 973 5026; x_wconf 73' lang='lat' dir='ltr'><strong>GUILIBLMUM</strong></span> <span class='ocrx_word' id='word_1_534' title='bbox 1011 4985 1285 5028; x_wconf 73' lang='lat' dir='ltr'><strong>COIITBM</strong></span> <span class='ocrx_word' id='word_1_535' title='bbox 1315 4987 1714 5034; x_wconf 60' lang='lat' dir='ltr'><strong>BUBGUNDIE.</strong></span> 
     </span>
    </p>
   </div>
   <div class='ocr_carea' id='block_1_83' title="bbox 873 5065 1282 5134">
    <p class='ocr_par' dir='ltr' id='par_1_83' title="bbox 873 5065 1282 5134">
     <span class='ocr_line' id='line_1_83' title="bbox 873 5065 1282 5134; baseline 0.01 -17"><span class='ocrx_word' id='word_1_536' title='bbox 873 5065 1053 5128; x_wconf 78' lang='lat' dir='ltr'><strong>(Anno</strong></span> <span class='ocrx_word' id='word_1_537' title='bbox 1098 5071 1282 5134; x_wconf 81' lang='lat'><strong>1074.)</strong></span> 
     </span>
    </p>
   </div>
   <div class='ocr_carea' id='block_1_84' title="bbox 304 5158 1876 5246">
    <p class='ocr_par' dir='ltr' id='par_1_84' title="bbox 304 5158 1876 5246">
     <span class='ocr_line' id='line_1_84' title="bbox 304 5158 1876 5246; baseline 0.013 -36"><span class='ocrx_word' id='word_1_538' title='bbox 304 5158 461 5246; x_wconf 71' lang='lat' dir='ltr'><strong>Mouet</strong></span> <span class='ocrx_word' id='word_1_539' title='bbox 489 5167 546 5244; x_wconf 76' lang='lat' dir='ltr'><strong>ut</strong></span> <span class='ocrx_word' id='word_1_540' title='bbox 567 5178 687 5246; x_wconf 57' lang='lat' dir='ltr'><strong>una</strong></span> <span class='ocrx_word' id='word_1_541' title='bbox 698 5179 816 5246; x_wconf 58' lang='lat' dir='ltr'><strong>cum</strong></span> <span class='ocrx_word' id='word_1_542' title='bbox 841 5167 1310 5246; x_wconf 69' lang='lat' dir='ltr'><strong>quibusdamaliis</strong></span> <span class='ocrx_word' id='word_1_543' title='bbox 1321 5173 1662 5246; x_wconf 70' lang='lat' dir='ltr'><strong>principibus</strong></span> <span class='ocrx_word' id='word_1_544' title='bbox 1691 5174 1876 5246; x_wconf 86' lang='lat' dir='ltr'><strong>(prout</strong></span> 
     </span>
    </p>
   </div>
   <div class='ocr_carea' id='block_1_85' title="bbox 355 5234 1878 5315">
    <p class='ocr_par' dir='ltr' id='par_1_85' title="bbox 355 5234 1878 5315">
     <span class='ocr_line' id='line_1_85' title="bbox 355 5234 1878 5315; baseline 0.012 -29"><span class='ocrx_word' id='word_1_545' title='bbox 355 5234 692 5315; x_wconf 64' lang='lat' dir='ltr'><strong>prmiserat)</strong></span> <span class='ocrx_word' id='word_1_546' title='bbox 747 5237 993 5315; x_wconf 75' lang='lat' dir='ltr'><strong>Ecclesia:</strong></span> <span class='ocrx_word' id='word_1_547' title='bbox 1045 5238 1246 5315; x_wconf 55' lang='lat' dir='ltr'><strong>sumlib</strong></span> <span class='ocrx_word' id='word_1_548' title='bbox 1291 5234 1518 5304; x_wconf 46' lang='lat' dir='ltr'><strong>u&#39;eniatf</strong></span> <span class='ocrx_word' id='word_1_549' title='bbox 1542 5249 1624 5310; x_wconf 87' lang='lat' dir='ltr'><strong>ut,</strong></span> <span class='ocrx_word' id='word_1_550' title='bbox 1664 5234 1878 5315; x_wconf 59' lang='lat' dir='ltr'><strong>pacatis</strong></span> 
     </span>
    </p>
   </div>
   <div class='ocr_carea' id='block_1_86' title="bbox 354 5303 1879 5442">
    <p class='ocr_par' dir='ltr' id='par_1_86' title="bbox 354 5303 1879 5442">
     <span class='ocr_line' id='line_1_86' title="bbox 354 5303 1879 5442; baseline 0.01 -83"><span class='ocrx_word' id='word_1_551' title='bbox 354 5303 699 5442; x_wconf 43' lang='lat' dir='ltr'><strong>gogm‘annis,</strong></span> <span class='ocrx_word' id='word_1_552' title='bbox 755 5310 1028 5364; x_wconf 66' lang='lat' dir='ltr'><strong>auxilium</strong></span> <span class='ocrx_word' id='word_1_553' title='bbox 1076 5303 1685 5387; x_wconf 68' lang='lat' dir='ltr'><strong>Constantinopblitanis</strong></span> <span class='ocrx_word' id='word_1_554' title='bbox 1731 5321 1879 5387; x_wconf 83' lang='lat' dir='ltr'><strong>ferre</strong></span> 
     </span>
     <span class='ocr_line' id='line_1_87' title="bbox 446 5392 539 5431; baseline 0.022 -2"><span class='ocrx_word' id='word_1_555' title='bbox 446 5392 494 5430; x_wconf 69' lang='lat' dir='ltr'><strong>si</strong></span> <span class='ocrx_word' id='word_1_556' title='bbox 525 5418 539 5431; x_wconf 95' lang='lat'><strong>.</strong></span> 
     </span>
    </p>
   </div>
   <div class='ocr_carea' id='block_1_87' title="bbox 358 5485 1874 5569">
    <p class='ocr_par' dir='ltr' id='par_1_87' title="bbox 358 5485 1874 5569">
     <span class='ocr_line' id='line_1_88' title="bbox 358 5485 1874 5569; baseline 0.012 -29"><span class='ocrx_word' id='word_1_557' title='bbox 358 5485 716 5547; x_wconf 73' lang='lat' dir='ltr'><strong>Gemonias</strong></span> <span class='ocrx_word' id='word_1_558' title='bbox 739 5491 1054 5564; x_wconf 88' lang='lat' dir='ltr'><strong>episcopus,</strong></span> <span class='ocrx_word' id='word_1_559' title='bbox 1071 5510 1261 5551; x_wconf 88' lang='lat' dir='ltr'><strong>servus</strong></span> <span class='ocrx_word' id='word_1_560' title='bbox 1281 5512 1566 5554; x_wconf 90' lang='lat' dir='ltr'><strong>servorum</strong></span> <span class='ocrx_word' id='word_1_561' title='bbox 1581 5501 1704 5569; x_wconf 92' lang='lat' dir='ltr'><strong>Dei,</strong></span> <span class='ocrx_word' id='word_1_562' title='bbox 1726 5503 1874 5560; x_wconf 84' lang='lat' dir='ltr'><strong>Gur-</strong></span> 
     </span>
    </p>
   </div>
   <div class='ocr_carea' id='block_1_88' title="bbox 295 5583 1874 5667">
    <p class='ocr_par' dir='ltr' id='par_1_88' title="bbox 295 5583 1874 5667">
     <span class='ocr_line' id='line_1_89' title="bbox 295 5583 1874 5667; baseline 0.014 -35"><span class='ocrx_word' id='word_1_563' title='bbox 295 5589 380 5634; x_wconf 78' lang='lat' dir='ltr'><strong>us</strong></span> <span class='ocrx_word' id='word_1_564' title='bbox 389 5593 502 5637; x_wconf 81' lang='lat' dir='ltr'><strong>um</strong></span> <span class='ocrx_word' id='word_1_565' title='bbox 523 5583 988 5656; x_wconf 85' lang='lat' dir='ltr'><strong>Burgundionum</strong></span> <span class='ocrx_word' id='word_1_566' title='bbox 1003 5587 1188 5644; x_wconf 90' lang='lat' dir='ltr'><strong>comiti</strong></span> <span class='ocrx_word' id='word_1_567' title='bbox 1209 5590 1437 5648; x_wconf 87' lang='lat' dir='ltr'><strong>salutem</strong></span> <span class='ocrx_word' id='word_1_568' title='bbox 1454 5601 1508 5649; x_wconf 91' lang='lat' dir='ltr'><strong>et</strong></span> <span class='ocrx_word' id='word_1_569' title='bbox 1523 5597 1874 5667; x_wconf 89' lang='lat' dir='ltr'><strong>apostolicam</strong></span> 
     </span>
    </p>
   </div>
   <div class='ocr_carea' id='block_1_89' title="bbox 293 5667 745 5733">
    <p class='ocr_par' dir='ltr' id='par_1_89' title="bbox 293 5667 745 5733">
     <span class='ocr_line' id='line_1_90' title="bbox 293 5667 745 5733; baseline 0.018 -8"><span class='ocrx_word' id='word_1_570' title='bbox 293 5667 745 5733; x_wconf 84' lang='lat' dir='ltr'><strong>benedictionem.</strong></span> 
     </span>
    </p>
   </div>
   <div class='ocr_carea' id='block_1_90' title="bbox 353 5767 1876 5855">
    <p class='ocr_par' dir='ltr' id='par_1_90' title="bbox 353 5767 1876 5855">
     <span class='ocr_line' id='line_1_91' title="bbox 353 5767 1876 5855; baseline 0.013 -35"><span class='ocrx_word' id='word_1_571' title='bbox 353 5767 675 5827; x_wconf 82' lang='lat' dir='ltr'><strong>Meminisse</strong></span> <span class='ocrx_word' id='word_1_572' title='bbox 701 5772 816 5829; x_wconf 80' lang='lat' dir='ltr'><strong>vale</strong></span> <span class='ocrx_word' id='word_1_573' title='bbox 865 5774 1148 5846; x_wconf 84' lang='lat' dir='ltr'><strong>prudentia</strong></span> <span class='ocrx_word' id='word_1_574' title='bbox 1185 5787 1363 5836; x_wconf 88' lang='lat' dir='ltr'><strong>vestra</strong></span> <span class='ocrx_word' id='word_1_575' title='bbox 1391 5797 1557 5852; x_wconf 88' lang='lat' dir='ltr'><strong>quam</strong></span> <span class='ocrx_word' id='word_1_576' title='bbox 1600 5783 1744 5855; x_wconf 86' lang='lat' dir='ltr'><strong>larga</strong></span> <span class='ocrx_word' id='word_1_577' title='bbox 1786 5783 1876 5840; x_wconf 86' lang='lat' dir='ltr'><strong>af-</strong></span> 
     </span>
    </p>
   </div>
   <div class='ocr_carea' id='block_1_91' title="bbox 1904 4529 1952 4590">
    <p class='ocr_par' dir='ltr' id='par_1_91' title="bbox 1904 4529 1952 4590">
     <span class='ocr_line' id='line_1_92' title="bbox 1904 4529 1952 4590; baseline 0 0"><span class='ocrx_word' id='word_1_578' title='bbox 1904 4529 1952 4590; x_wconf 80' lang='lat' dir='ltr'><strong>U</strong></span> 
     </span>
    </p>
   </div>
   <div class='ocr_carea' id='block_1_92' title="bbox 1995 3257 3589 3329">
    <p class='ocr_par' dir='ltr' id='par_1_92' title="bbox 1995 3257 3589 3329">
     <span class='ocr_line' id='line_1_93' title="bbox 1995 3257 3589 3329; baseline 0.006 -19"><span class='ocrx_word' id='word_1_579' title='bbox 1995 3257 2155 3311; x_wconf 91' lang='lat' dir='ltr'><strong>etiam</strong></span> <span class='ocrx_word' id='word_1_580' title='bbox 2192 3257 2338 3329; x_wconf 93' lang='lat' dir='ltr'><strong>quod</strong></span> <span class='ocrx_word' id='word_1_581' title='bbox 2370 3257 2597 3314; x_wconf 77' lang='lat' dir='ltr'><strong>forsitan</strong></span> <span class='ocrx_word' id='word_1_582' title='bbox 2623 3259 2725 3313; x_wconf 90' lang='lat' dir='ltr'><strong>alia</strong></span> <span class='ocrx_word' id='word_1_583' title='bbox 2754 3259 2876 3314; x_wconf 93' lang='lat' dir='ltr'><strong>inde</strong></span> <span class='ocrx_word' id='word_1_584' title='bbox 2901 3261 3104 3317; x_wconf 87' lang='lat' dir='ltr'><strong>utilitas</strong></span> <span class='ocrx_word' id='word_1_585' title='bbox 3128 3262 3354 3326; x_wconf 88' lang='lat' dir='ltr'><strong>oriatur,</strong></span> <span class='ocrx_word' id='word_1_586' title='bbox 3386 3263 3589 3319; x_wconf 87' lang='lat' dir='ltr'><strong>scilicet</strong></span> 
     </span>
    </p>
   </div>
   <div class='ocr_carea' id='block_1_93' title="bbox 1994 3352 3585 3427">
    <p class='ocr_par' dir='ltr' id='par_1_93' title="bbox 1994 3352 3585 3427">
     <span class='ocr_line' id='line_1_94' title="bbox 1994 3352 3585 3427; baseline 0.005 -23"><span class='ocrx_word' id='word_1_587' title='bbox 1994 3359 2076 3416; x_wconf 93' lang='lat' dir='ltr'><strong>ut,</strong></span> <span class='ocrx_word' id='word_1_588' title='bbox 2122 3352 2328 3421; x_wconf 91' lang='lat' dir='ltr'><strong>pacatis</strong></span> <span class='ocrx_word' id='word_1_589' title='bbox 2368 3352 2723 3420; x_wconf 85' lang='lat' dir='ltr'><strong>Normannis,</strong></span> <span class='ocrx_word' id='word_1_590' title='bbox 2755 3361 3097 3410; x_wconf 89' lang='lat' dir='ltr'><strong>transeamus</strong></span> <span class='ocrx_word' id='word_1_591' title='bbox 3133 3355 3585 3427; x_wconf 86' lang='lat' dir='ltr'><strong>Constantinopo-</strong></span> 
     </span>
    </p>
   </div>
   <div class='ocr_carea' id='block_1_94' title="bbox 1993 3443 3585 3519">
    <p class='ocr_par' dir='ltr' id='par_1_94' title="bbox 1993 3443 3585 3519">
     <span class='ocr_line' id='line_1_95' title="bbox 1993 3443 3585 3519; baseline 0.004 -21"><span class='ocrx_word' id='word_1_592' title='bbox 1993 3444 2088 3498; x_wconf 89' lang='lat' dir='ltr'><strong>lim</strong></span> <span class='ocrx_word' id='word_1_593' title='bbox 2109 3444 2163 3498; x_wconf 92' lang='lat' dir='ltr'><strong>in</strong></span> <span class='ocrx_word' id='word_1_594' title='bbox 2181 3443 2518 3515; x_wconf 89' lang='lat' dir='ltr'><strong>adjutorium</strong></span> <span class='ocrx_word' id='word_1_595' title='bbox 2537 3445 3002 3515; x_wconf 88' lang='lat' dir='ltr'><strong>Christianorum;</strong></span> <span class='ocrx_word' id='word_1_596' title='bbox 3029 3447 3122 3519; x_wconf 92' lang='lat' dir='ltr'><strong>qui</strong></span> <span class='ocrx_word' id='word_1_597' title='bbox 3147 3449 3379 3504; x_wconf 87' lang='lat' dir='ltr'><strong>nimium</strong></span> <span class='ocrx_word' id='word_1_598' title='bbox 3397 3448 3585 3506; x_wconf 84' lang='lat' dir='ltr'><strong>afflicti</strong></span> 
     </span>
    </p>
   </div>
   <div class='ocr_carea' id='block_1_95' title="bbox 1989 3537 3584 3615">
    <p class='ocr_par' dir='ltr' id='par_1_95' title="bbox 1989 3537 3584 3615">
     <span class='ocr_line' id='line_1_96' title="bbox 1989 3537 3584 3615; baseline 0.004 -24"><span class='ocrx_word' id='word_1_599' title='bbox 1989 3537 2334 3593; x_wconf 85' lang='lat' dir='ltr'><strong>creberrimis</strong></span> <span class='ocrx_word' id='word_1_600' title='bbox 2373 3539 2646 3594; x_wconf 90' lang='lat' dir='ltr'><strong>morsibus</strong></span> <span class='ocrx_word' id='word_1_601' title='bbox 2673 3541 3091 3608; x_wconf 89' lang='lat' dir='ltr'><strong>Saracenorum,</strong></span> <span class='ocrx_word' id='word_1_602' title='bbox 3124 3541 3391 3598; x_wconf 90' lang='lat' dir='ltr'><strong>inhianter</strong></span> <span class='ocrx_word' id='word_1_603' title='bbox 3435 3543 3584 3615; x_wconf 85' lang='lat' dir='ltr'><strong>ﬂagi-</strong></span> 
     </span>
    </p>
   </div>
   <div class='ocr_carea' id='block_1_96' title="bbox 1991 3631 3589 3703">
    <p class='ocr_par' dir='ltr' id='par_1_96' title="bbox 1991 3631 3589 3703">
     <span class='ocr_line' id='line_1_97' title="bbox 1991 3631 3589 3703; baseline 0.004 -19"><span class='ocrx_word' id='word_1_604' title='bbox 1991 3638 2128 3698; x_wconf 86' lang='lat' dir='ltr'><strong>tant,</strong></span> <span class='ocrx_word' id='word_1_605' title='bbox 2173 3641 2234 3686; x_wconf 90' lang='lat' dir='ltr'><strong>ut</strong></span> <span class='ocrx_word' id='word_1_606' title='bbox 2262 3631 2366 3687; x_wconf 89' lang='lat' dir='ltr'><strong>sibi</strong></span> <span class='ocrx_word' id='word_1_607' title='bbox 2391 3648 2618 3688; x_wconf 88' lang='lat' dir='ltr'><strong>manum</strong></span> <span class='ocrx_word' id='word_1_608' title='bbox 2644 3633 2810 3689; x_wconf 90' lang='lat' dir='ltr'><strong>vestri</strong></span> <span class='ocrx_word' id='word_1_609' title='bbox 2851 3637 2946 3702; x_wconf 82' lang='lat' dir='ltr'><strong>[f.,</strong></span> <span class='ocrx_word' id='word_1_610' title='bbox 2977 3637 3172 3703; x_wconf 89' lang='lat' dir='ltr'><strong>nostri,</strong></span> <span class='ocrx_word' id='word_1_611' title='bbox 3200 3642 3250 3691; x_wconf 87' lang='lat' dir='ltr'><strong>et</strong></span> <span class='ocrx_word' id='word_1_612' title='bbox 3280 3639 3354 3691; x_wconf 87' lang='lat' dir='ltr'><strong>sic</strong></span> <span class='ocrx_word' id='word_1_613' title='bbox 3381 3640 3439 3690; x_wconf 81' lang='lat' dir='ltr'><strong>in</strong></span> <span class='ocrx_word' id='word_1_614' title='bbox 3468 3640 3589 3694; x_wconf 83' lang='lat' dir='ltr'><strong>Mu-</strong></span> 
     </span>
    </p>
   </div>
   <div class='ocr_carea' id='block_1_97' title="bbox 1990 3724 3585 3798">
    <p class='ocr_par' dir='ltr' id='par_1_97' title="bbox 1990 3724 3585 3798">
     <span class='ocr_line' id='line_1_98' title="bbox 1990 3724 3585 3798; baseline 0.006 -21"><span class='ocrx_word' id='word_1_615' title='bbox 1990 3724 2113 3795; x_wconf 83' lang='lat' dir='ltr'><strong>tin.]</strong></span> <span class='ocrx_word' id='word_1_616' title='bbox 2161 3725 2343 3780; x_wconf 74' lang='lat' dir='ltr'><strong>auxilii</strong></span> <span class='ocrx_word' id='word_1_617' title='bbox 2372 3725 2730 3798; x_wconf 90' lang='lat' dir='ltr'><strong>porrigamus.</strong></span> <span class='ocrx_word' id='word_1_618' title='bbox 2766 3730 2908 3784; x_wconf 85' lang='lat' dir='ltr'><strong>Nam</strong></span> <span class='ocrx_word' id='word_1_619' title='bbox 2944 3737 3135 3785; x_wconf 86' lang='lat' dir='ltr'><strong>contra</strong></span> <span class='ocrx_word' id='word_1_620' title='bbox 3179 3745 3272 3784; x_wconf 92' lang='lat' dir='ltr'><strong>eos</strong></span> <span class='ocrx_word' id='word_1_621' title='bbox 3315 3732 3585 3786; x_wconf 88' lang='lat' dir='ltr'><strong>Norman-</strong></span> 
     </span>
    </p>
   </div>
   <div class='ocr_carea' id='block_1_98' title="bbox 1989 3819 3587 3890">
    <p class='ocr_par' dir='ltr' id='par_1_98' title="bbox 1989 3819 3587 3890">
     <span class='ocr_line' id='line_1_99' title="bbox 1989 3819 3587 3890; baseline 0.005 -18"><span class='ocrx_word' id='word_1_622' title='bbox 1989 3833 2090 3872; x_wconf 87' lang='lat' dir='ltr'><strong>nos</strong></span> <span class='ocrx_word' id='word_1_623' title='bbox 2135 3819 2226 3890; x_wconf 90' lang='lat' dir='ltr'><strong>qui</strong></span> <span class='ocrx_word' id='word_1_624' title='bbox 2257 3819 2410 3874; x_wconf 92' lang='lat' dir='ltr'><strong>nobis</strong></span> <span class='ocrx_word' id='word_1_625' title='bbox 2453 3819 2682 3876; x_wconf 91' lang='lat' dir='ltr'><strong>rebelles</strong></span> <span class='ocrx_word' id='word_1_626' title='bbox 2711 3830 2856 3888; x_wconf 92' lang='lat' dir='ltr'><strong>sunt,</strong></span> <span class='ocrx_word' id='word_1_627' title='bbox 2888 3823 3020 3878; x_wconf 87' lang='lat' dir='ltr'><strong>satis</strong></span> <span class='ocrx_word' id='word_1_628' title='bbox 3063 3821 3346 3879; x_wconf 88' lang='lat' dir='ltr'><strong>sufﬁciunt</strong></span> <span class='ocrx_word' id='word_1_629' title='bbox 3385 3824 3587 3880; x_wconf 90' lang='lat' dir='ltr'><strong>milites</strong></span> 
     </span>
    </p>
   </div>
   <div class='ocr_carea' id='block_1_99' title="bbox 1987 3910 3585 3990">
    <p class='ocr_par' dir='ltr' id='par_1_99' title="bbox 1987 3910 3585 3990">
     <span class='ocr_line' id='line_1_100' title="bbox 1987 3910 3585 3990; baseline 0.004 -24"><span class='ocrx_word' id='word_1_630' title='bbox 1987 3910 2075 3966; x_wconf 90' lang='lat' dir='ltr'><strong>isti</strong></span> <span class='ocrx_word' id='word_1_631' title='bbox 2106 3912 2199 3983; x_wconf 92' lang='lat' dir='ltr'><strong>qui</strong></span> <span class='ocrx_word' id='word_1_632' title='bbox 2235 3913 2520 3968; x_wconf 91' lang='lat' dir='ltr'><strong>nobiscum</strong></span> <span class='ocrx_word' id='word_1_633' title='bbox 2566 3922 2714 3970; x_wconf 89' lang='lat' dir='ltr'><strong>sunt.</strong></span> <span class='ocrx_word' id='word_1_634' title='bbox 2752 3917 2944 3972; x_wconf 87' lang='lat' dir='ltr'><strong>Certus</strong></span> <span class='ocrx_word' id='word_1_635' title='bbox 2971 3917 3119 3972; x_wconf 91' lang='lat' dir='ltr'><strong>enim</strong></span> <span class='ocrx_word' id='word_1_636' title='bbox 3165 3925 3281 3974; x_wconf 90' lang='lat' dir='ltr'><strong>esto</strong></span> <span class='ocrx_word' id='word_1_637' title='bbox 3330 3919 3585 3990; x_wconf 88' lang='lat' dir='ltr'><strong>quoniam</strong></span> 
     </span>
    </p>
   </div>
   <div class='ocr_carea' id='block_1_100' title="bbox 1991 4007 3586 4083">
    <p class='ocr_par' dir='ltr' id='par_1_100' title="bbox 1991 4007 3586 4083">
     <span class='ocr_line' id='line_1_101' title="bbox 1991 4007 3586 4083; baseline 0.005 -25"><span class='ocrx_word' id='word_1_638' title='bbox 1991 4012 2066 4068; x_wconf 91' lang='lat' dir='ltr'><strong>te,</strong></span> <span class='ocrx_word' id='word_1_639' title='bbox 2106 4013 2157 4060; x_wconf 87' lang='lat' dir='ltr'><strong>et</strong></span> <span class='ocrx_word' id='word_1_640' title='bbox 2186 4021 2379 4062; x_wconf 89' lang='lat' dir='ltr'><strong>omnes</strong></span> <span class='ocrx_word' id='word_1_641' title='bbox 2419 4007 2509 4078; x_wconf 92' lang='lat' dir='ltr'><strong>qui</strong></span> <span class='ocrx_word' id='word_1_642' title='bbox 2542 4015 2722 4062; x_wconf 89' lang='lat' dir='ltr'><strong>tecum</strong></span> <span class='ocrx_word' id='word_1_643' title='bbox 2754 4008 2807 4063; x_wconf 93' lang='lat' dir='ltr'><strong>in</strong></span> <span class='ocrx_word' id='word_1_644' title='bbox 2854 4007 2956 4064; x_wconf 89' lang='lat' dir='ltr'><strong>hac</strong></span> <span class='ocrx_word' id='word_1_645' title='bbox 2999 4011 3342 4083; x_wconf 87' lang='lat' dir='ltr'><strong>expeditione</strong></span> <span class='ocrx_word' id='word_1_646' title='bbox 3381 4009 3586 4068; x_wconf 87' lang='lat' dir='ltr'><strong>fuerint</strong></span> 
     </span>
    </p>
   </div>
   <div class='ocr_carea' id='block_1_101' title="bbox 1985 4096 3584 4175">
    <p class='ocr_par' dir='ltr' id='par_1_101' title="bbox 1985 4096 3584 4175">
     <span class='ocr_line' id='line_1_102' title="bbox 1985 4096 3584 4175; baseline 0.006 -23"><span class='ocrx_word' id='word_1_647' title='bbox 1985 4096 2211 4171; x_wconf 84' lang='lat' dir='ltr'><strong>fatigati,</strong></span> <span class='ocrx_word' id='word_1_648' title='bbox 2252 4099 2473 4170; x_wconf 90' lang='lat' dir='ltr'><strong>duplici,</strong></span> <span class='ocrx_word' id='word_1_649' title='bbox 2528 4101 2640 4158; x_wconf 90' lang='lat' dir='ltr'><strong>imo</strong></span> <span class='ocrx_word' id='word_1_650' title='bbox 2681 4101 2968 4173; x_wconf 90' lang='lat' dir='ltr'><strong>multiplici</strong></span> <span class='ocrx_word' id='word_1_651' title='bbox 3009 4107 3474 4175; x_wconf 89' lang='lat' dir='ltr'><strong>remuneratione,</strong></span> <span class='ocrx_word' id='word_1_652' title='bbox 3523 4114 3584 4161; x_wconf 90' lang='lat' dir='ltr'><strong>ut</strong></span> 
     </span>
    </p>
   </div>
   <div class='ocr_carea' id='block_1_102' title="bbox 1983 4192 3580 4270">
    <p class='ocr_par' dir='ltr' id='par_1_102' title="bbox 1983 4192 3580 4270">
     <span class='ocr_line' id='line_1_103' title="bbox 1983 4192 3580 4270; baseline 0.005 -24"><span class='ocrx_word' id='word_1_653' title='bbox 1983 4192 2276 4260; x_wconf 90' lang='lat' dir='ltr'><strong>credimus,</strong></span> <span class='ocrx_word' id='word_1_654' title='bbox 2311 4196 2501 4248; x_wconf 85' lang='lat' dir='ltr'><strong>Petrus</strong></span> <span class='ocrx_word' id='word_1_655' title='bbox 2545 4203 2600 4249; x_wconf 89' lang='lat' dir='ltr'><strong>et</strong></span> <span class='ocrx_word' id='word_1_656' title='bbox 2643 4196 2841 4251; x_wconf 88' lang='lat' dir='ltr'><strong>Paulus</strong></span> <span class='ocrx_word' id='word_1_657' title='bbox 2885 4197 3154 4270; x_wconf 89' lang='lat' dir='ltr'><strong>principes</strong></span> <span class='ocrx_word' id='word_1_658' title='bbox 3201 4198 3580 4270; x_wconf 91' lang='lat' dir='ltr'><strong>apostolorum</strong></span> 
     </span>
    </p>
   </div>
   <div class='ocr_carea' id='block_1_103' title="bbox 1988 4284 2293 4340">
    <p class='ocr_par' dir='ltr' id='par_1_103' title="bbox 1988 4284 2293 4340">
     <span class='ocr_line' id='line_1_104' title="bbox 1988 4284 2293 4340; baseline -0.003 0"><span class='ocrx_word' id='word_1_659' title='bbox 1988 4284 2293 4340; x_wconf 86' lang='lat' dir='ltr'><strong>donabunt.</strong></span> 
     </span>
    </p>
   </div>
   <div class='ocr_carea' id='block_1_104' title="bbox 2059 4381 3582 4451">
    <p class='ocr_par' dir='ltr' id='par_1_104' title="bbox 2059 4381 3582 4451">
     <span class='ocr_line' id='line_1_105' title="bbox 2059 4381 3582 4451; baseline 0.005 -18"><span class='ocrx_word' id='word_1_660' title='bbox 2059 4381 2201 4433; x_wconf 88' lang='lat' dir='ltr'><strong>Data</strong></span> <span class='ocrx_word' id='word_1_661' title='bbox 2223 4381 2401 4435; x_wconf 79' lang='lat' dir='ltr'><strong>Roma</strong></span> <span class='ocrx_word' id='word_1_662' title='bbox 2427 4395 2493 4435; x_wconf 78' lang='grc' dir='ltr'><strong>ιν</strong></span> <span class='ocrx_word' id='word_1_663' title='bbox 2525 4383 2710 4436; x_wconf 85' lang='lat' dir='ltr'><strong>Nonas</strong></span> <span class='ocrx_word' id='word_1_664' title='bbox 2739 4382 3039 4451; x_wconf 87' lang='lat' dir='ltr'><strong>Februarii,</strong></span> <span class='ocrx_word' id='word_1_665' title='bbox 3072 4382 3360 4439; x_wconf 90' lang='lat' dir='ltr'><strong>indictione</strong></span> <span class='ocrx_word' id='word_1_666' title='bbox 3385 4383 3582 4440; x_wconf 83' lang='lat' dir='ltr'><strong>duode-</strong></span> 
     </span>
    </p>
   </div>
   <div class='ocr_carea' id='block_1_105' title="bbox 1987 4483 3098 4614">
    <p class='ocr_par' dir='ltr' id='par_1_105' title="bbox 1987 4483 3098 4614">
     <span class='ocr_line' id='line_1_106' title="bbox 1987 4483 3098 4614; baseline 0.005 -9"><span class='ocrx_word' id='word_1_667' title='bbox 1987 4483 2145 4524; x_wconf 47' lang='lat' dir='ltr'><strong>cm&#39;</strong></span> <span class='ocrx_word' id='word_1_668' title='bbox 2481 4556 2832 4614; x_wconf 83' lang='lat' dir='ltr'><strong>EPISTOLA</strong></span> <span class='ocrx_word' id='word_1_669' title='bbox 2869 4555 3098 4612; x_wconf 82' lang='lat' dir='ltr'><strong>XLVII.</strong></span> 
     </span>
    </p>
   </div>
   <div class='ocr_carea' id='block_1_106' title="bbox 2307 4663 3248 4706">
    <p class='ocr_par' dir='ltr' id='par_1_106' title="bbox 2307 4663 3248 4706">
     <span class='ocr_line' id='line_1_107' title="bbox 2307 4663 3248 4706; baseline 0 -2"><span class='ocrx_word' id='word_1_670' title='bbox 2307 4663 2389 4704; x_wconf 73' lang='lat' dir='ltr'><strong>AD</strong></span> <span class='ocrx_word' id='word_1_671' title='bbox 2428 4663 2812 4706; x_wconf 71' lang='lat' dir='ltr'><strong>COMITISSAM</strong></span> <span class='ocrx_word' id='word_1_672' title='bbox 2851 4664 3248 4706; x_wconf 71' lang='lat' dir='ltr'><strong>MATHILDIM.</strong></span> 
     </span>
    </p>
   </div>
   <div class='ocr_carea' id='block_1_107' title="bbox 2580 4741 2993 4813">
    <p class='ocr_par' dir='ltr' id='par_1_107' title="bbox 2580 4741 2993 4813">
     <span class='ocr_line' id='line_1_108' title="bbox 2580 4741 2993 4813; baseline 0 -16"><span class='ocrx_word' id='word_1_673' title='bbox 2580 4741 2763 4813; x_wconf 85' lang='lat' dir='ltr'><strong>(Anno</strong></span> <span class='ocrx_word' id='word_1_674' title='bbox 2805 4748 2993 4810; x_wconf 86' lang='grc'><strong>1074.)</strong></span> 
     </span>
    </p>
   </div>
   <div class='ocr_carea' id='block_1_108' title="bbox 1985 4837 3581 4906">
    <p class='ocr_par' dir='ltr' id='par_1_108' title="bbox 1985 4837 3581 4906">
     <span class='ocr_line' id='line_1_109' title="bbox 1985 4837 3581 4906; baseline 0.002 -14"><span class='ocrx_word' id='word_1_675' title='bbox 1985 4839 2246 4892; x_wconf 81' lang='lat' dir='ltr'><strong>Hortatur</strong></span> <span class='ocrx_word' id='word_1_676' title='bbox 2273 4851 2388 4892; x_wconf 89' lang='lat' dir='ltr'><strong>eam</strong></span> <span class='ocrx_word' id='word_1_677' title='bbox 2411 4837 2483 4891; x_wconf 88' lang='lat' dir='ltr'><strong>ad</strong></span> <span class='ocrx_word' id='word_1_678' title='bbox 2508 4839 2815 4906; x_wconf 83' lang='lat' dir='ltr'><strong>frequenter</strong></span> <span class='ocrx_word' id='word_1_679' title='bbox 2840 4837 3161 4892; x_wconf 82' lang='lat' dir='ltr'><strong>sumendum</strong></span> <span class='ocrx_word' id='word_1_680' title='bbox 3185 4841 3581 4895; x_wconf 84' lang='lat' dir='ltr'><strong>sanctissimum</strong></span> 
     </span>
    </p>
   </div>
   <div class='ocr_carea' id='block_1_109' title="bbox 2056 4909 3582 4980">
    <p class='ocr_par' dir='ltr' id='par_1_109' title="bbox 2056 4909 3582 4980">
     <span class='ocr_line' id='line_1_110' title="bbox 2056 4909 3582 4980; baseline 0.004 -20"><span class='ocrx_word' id='word_1_681' title='bbox 2056 4909 2393 4980; x_wconf 58' lang='lat' dir='ltr'><strong>gmcharistice</strong></span> <span class='ocrx_word' id='word_1_682' title='bbox 2427 4914 2838 4971; x_wconf 82' lang='lat' dir='ltr'><strong>sacramentum,</strong></span> <span class='ocrx_word' id='word_1_683' title='bbox 2883 4914 2932 4963; x_wconf 87' lang='lat' dir='ltr'><strong>et</strong></span> <span class='ocrx_word' id='word_1_684' title='bbox 2969 4909 3047 4963; x_wconf 86' lang='lat' dir='ltr'><strong>ad</strong></span> <span class='ocrx_word' id='word_1_685' title='bbox 3084 4909 3408 4965; x_wconf 83' lang='lat' dir='ltr'><strong>devotionem</strong></span> <span class='ocrx_word' id='word_1_686' title='bbox 3449 4927 3582 4980; x_wconf 88' lang='lat' dir='ltr'><strong>erga</strong></span> 
     </span>
    </p>
   </div>
   <div class='ocr_carea' id='block_1_110' title="bbox 2057 4979 2994 5048">
    <p class='ocr_par' dir='ltr' id='par_1_110' title="bbox 2057 4979 2994 5048">
     <span class='ocr_line' id='line_1_111' title="bbox 2057 4979 2994 5048; baseline 0.002 -16"><span class='ocrx_word' id='word_1_687' title='bbox 2057 4979 2419 5033; x_wconf 79' lang='lat' dir='ltr'><strong>beatissimam</strong></span> <span class='ocrx_word' id='word_1_688' title='bbox 2442 4982 2710 5048; x_wconf 81' lang='lat' dir='ltr'><strong>virginem</strong></span> <span class='ocrx_word' id='word_1_689' title='bbox 2738 4982 2994 5036; x_wconf 85' lang='lat' dir='ltr'><strong>Mariam.</strong></span> 
     </span>
    </p>
   </div>
   <div class='ocr_carea' id='block_1_111' title="bbox 2054 5072 3581 5144">
    <p class='ocr_par' dir='ltr' id='par_1_111' title="bbox 2054 5072 3581 5144">
     <span class='ocr_line' id='line_1_112' title="bbox 2054 5072 3581 5144; baseline 0.003 -18"><span class='ocrx_word' id='word_1_690' title='bbox 2054 5072 2418 5128; x_wconf 76' lang='lat' dir='ltr'><strong>GBEGOBIUS</strong></span> <span class='ocrx_word' id='word_1_691' title='bbox 2461 5074 2768 5144; x_wconf 90' lang='lat' dir='ltr'><strong>episcopus,</strong></span> <span class='ocrx_word' id='word_1_692' title='bbox 2798 5089 2984 5129; x_wconf 87' lang='lat' dir='ltr'><strong>servus</strong></span> <span class='ocrx_word' id='word_1_693' title='bbox 3024 5089 3307 5130; x_wconf 89' lang='lat' dir='ltr'><strong>servorum</strong></span> <span class='ocrx_word' id='word_1_694' title='bbox 3344 5075 3463 5141; x_wconf 92' lang='lat' dir='ltr'><strong>Dei,</strong></span> <span class='ocrx_word' id='word_1_695' title='bbox 3491 5075 3581 5131; x_wconf 89' lang='lat' dir='ltr'><strong>di-</strong></span> 
     </span>
    </p>
   </div>
   <div class='ocr_carea' id='block_1_112' title="bbox 1985 5160 3578 5236">
    <p class='ocr_par' dir='ltr' id='par_1_112' title="bbox 1985 5160 3578 5236">
     <span class='ocr_line' id='line_1_113' title="bbox 1985 5160 3578 5236; baseline 0.004 -21"><span class='ocrx_word' id='word_1_696' title='bbox 1985 5160 2138 5218; x_wconf 66' lang='lat' dir='ltr'><strong>lecta!</strong></span> <span class='ocrx_word' id='word_1_697' title='bbox 2164 5161 2214 5216; x_wconf 93' lang='lat' dir='ltr'><strong>in</strong></span> <span class='ocrx_word' id='word_1_698' title='bbox 2241 5161 2456 5218; x_wconf 89' lang='lat' dir='ltr'><strong>Christo</strong></span> <span class='ocrx_word' id='word_1_699' title='bbox 2486 5162 2611 5218; x_wconf 61' lang='lat' dir='ltr'><strong>ﬁliai</strong></span> <span class='ocrx_word' id='word_1_700' title='bbox 2639 5165 2968 5220; x_wconf 77' lang='lat' dir='ltr'><strong>MATHILDI</strong></span> <span class='ocrx_word' id='word_1_701' title='bbox 2992 5164 3226 5220; x_wconf 88' lang='lat' dir='ltr'><strong>salutem</strong></span> <span class='ocrx_word' id='word_1_702' title='bbox 3246 5173 3301 5220; x_wconf 91' lang='lat' dir='ltr'><strong>et</strong></span> <span class='ocrx_word' id='word_1_703' title='bbox 3322 5165 3578 5236; x_wconf 89' lang='lat' dir='ltr'><strong>apostoli-</strong></span> 
     </span>
    </p>
   </div>
   <div class='ocr_carea' id='block_1_113' title="bbox 1986 5251 2590 5308">
    <p class='ocr_par' dir='ltr' id='par_1_113' title="bbox 1986 5251 2590 5308">
     <span class='ocr_line' id='line_1_114' title="bbox 1986 5251 2590 5308; baseline 0.007 -4"><span class='ocrx_word' id='word_1_704' title='bbox 1986 5265 2106 5305; x_wconf 89' lang='lat' dir='ltr'><strong>cam</strong></span> <span class='ocrx_word' id='word_1_705' title='bbox 2133 5251 2590 5308; x_wconf 88' lang='lat' dir='ltr'><strong>benedictionem.</strong></span> 
     </span>
    </p>
   </div>
   <div class='ocr_carea' id='block_1_114' title="bbox 2058 5340 3580 5414">
    <p class='ocr_par' dir='ltr' id='par_1_114' title="bbox 2058 5340 3580 5414">
     <span class='ocr_line' id='line_1_115' title="bbox 2058 5340 3580 5414; baseline 0.003 -19"><span class='ocrx_word' id='word_1_706' title='bbox 2058 5340 2271 5409; x_wconf 86' lang='lat' dir='ltr'><strong>Quanta</strong></span> <span class='ocrx_word' id='word_1_707' title='bbox 2301 5342 2370 5397; x_wconf 89' lang='lat' dir='ltr'><strong>sit</strong></span> <span class='ocrx_word' id='word_1_708' title='bbox 2418 5341 2551 5397; x_wconf 93' lang='lat' dir='ltr'><strong>mihi</strong></span> <span class='ocrx_word' id='word_1_709' title='bbox 2581 5357 2729 5412; x_wconf 88' lang='lat' dir='ltr'><strong>cura,</strong></span> <span class='ocrx_word' id='word_1_710' title='bbox 2781 5350 3092 5414; x_wconf 89' lang='lat' dir='ltr'><strong>quantaque</strong></span> <span class='ocrx_word' id='word_1_711' title='bbox 3147 5343 3473 5399; x_wconf 88' lang='lat' dir='ltr'><strong>incessanter</strong></span> <span class='ocrx_word' id='word_1_712' title='bbox 3513 5342 3580 5401; x_wconf 88' lang='lat' dir='ltr'><strong>de</strong></span> 
     </span>
    </p>
   </div>
   <div class='ocr_carea' id='block_1_115' title="bbox 1896 5431 3581 5503">
    <p class='ocr_par' dir='ltr' id='par_1_115' title="bbox 1896 5431 3581 5503">
     <span class='ocr_line' id='line_1_116' title="bbox 1896 5431 3581 5503; baseline 0.003 -20"><span class='ocrx_word' id='word_1_713' title='bbox 1896 5439 1900 5442; x_wconf 82' lang='lat'>&#39;</span> <span class='ocrx_word' id='word_1_714' title='bbox 1985 5437 2038 5484; x_wconf 91' lang='lat' dir='ltr'><strong>te</strong></span> <span class='ocrx_word' id='word_1_715' title='bbox 2088 5437 2291 5500; x_wconf 89' lang='lat' dir='ltr'><strong>tuaque</strong></span> <span class='ocrx_word' id='word_1_716' title='bbox 2333 5431 2504 5487; x_wconf 89' lang='lat' dir='ltr'><strong>salute</strong></span> <span class='ocrx_word' id='word_1_717' title='bbox 2541 5431 2871 5498; x_wconf 91' lang='lat' dir='ltr'><strong>sollicitudo,</strong></span> <span class='ocrx_word' id='word_1_718' title='bbox 2925 5432 3036 5503; x_wconf 90' lang='lat' dir='ltr'><strong>ipse</strong></span> <span class='ocrx_word' id='word_1_719' title='bbox 3064 5431 3219 5488; x_wconf 87' lang='lat' dir='ltr'><strong>solus</strong></span> <span class='ocrx_word' id='word_1_720' title='bbox 3262 5431 3354 5503; x_wconf 91' lang='lat' dir='ltr'><strong>qui</strong></span> <span class='ocrx_word' id='word_1_721' title='bbox 3400 5432 3581 5489; x_wconf 88' lang='lat' dir='ltr'><strong>cordis</strong></span> 
     </span>
    </p>
   </div>
   <div class='ocr_carea' id='block_1_116' title="bbox 1986 5517 3573 5591">
    <p class='ocr_par' dir='ltr' id='par_1_116' title="bbox 1986 5517 3573 5591">
     <span class='ocr_line' id='line_1_117' title="bbox 1986 5517 3573 5591; baseline 0.004 -21"><span class='ocrx_word' id='word_1_722' title='bbox 1986 5532 2179 5571; x_wconf 90' lang='lat' dir='ltr'><strong>arcana</strong></span> <span class='ocrx_word' id='word_1_723' title='bbox 2220 5517 2449 5572; x_wconf 90' lang='lat' dir='ltr'><strong>rimatur</strong></span> <span class='ocrx_word' id='word_1_724' title='bbox 2497 5518 2762 5591; x_wconf 85' lang='lat' dir='ltr'><strong>intelligit,</strong></span> <span class='ocrx_word' id='word_1_725' title='bbox 2815 5527 2869 5574; x_wconf 90' lang='lat' dir='ltr'><strong>et</strong></span> <span class='ocrx_word' id='word_1_726' title='bbox 2912 5519 3086 5575; x_wconf 91' lang='lat' dir='ltr'><strong>multo</strong></span> <span class='ocrx_word' id='word_1_727' title='bbox 3129 5519 3320 5575; x_wconf 90' lang='lat' dir='ltr'><strong>melius</strong></span> <span class='ocrx_word' id='word_1_728' title='bbox 3364 5521 3573 5591; x_wconf 89' lang='lat' dir='ltr'><strong>meipso</strong></span> 
     </span>
    </p>
   </div>
   <div class='ocr_carea' id='block_1_117' title="bbox 1985 5605 3583 5680">
    <p class='ocr_par' dir='ltr' id='par_1_117' title="bbox 1985 5605 3583 5680">
     <span class='ocr_line' id='line_1_118' title="bbox 1985 5605 3583 5680; baseline 0.002 -20"><span class='ocrx_word' id='word_1_729' title='bbox 1985 5605 2282 5678; x_wconf 90' lang='lat' dir='ltr'><strong>cognoscit.</strong></span> <span class='ocrx_word' id='word_1_730' title='bbox 2335 5609 2417 5662; x_wconf 91' lang='lat' dir='ltr'><strong>Tu</strong></span> <span class='ocrx_word' id='word_1_731' title='bbox 2465 5615 2672 5675; x_wconf 87' lang='lat' dir='ltr'><strong>tamen,</strong></span> <span class='ocrx_word' id='word_1_732' title='bbox 2721 5608 2763 5663; x_wconf 90' lang='lat' dir='ltr'><strong>si</strong></span> <span class='ocrx_word' id='word_1_733' title='bbox 2815 5624 3043 5680; x_wconf 89' lang='lat' dir='ltr'><strong>pensare</strong></span> <span class='ocrx_word' id='word_1_734' title='bbox 3087 5624 3198 5662; x_wconf 91' lang='lat' dir='ltr'><strong>non</strong></span> <span class='ocrx_word' id='word_1_735' title='bbox 3234 5609 3478 5680; x_wconf 88' lang='lat' dir='ltr'><strong>negligis,</strong></span> <span class='ocrx_word' id='word_1_736' title='bbox 3522 5617 3583 5663; x_wconf 90' lang='lat' dir='ltr'><strong>ut</strong></span> 
     </span>
    </p>
   </div>
   <div class='ocr_carea' id='block_1_118' title="bbox 1983 5696 3580 5770">
    <p class='ocr_par' dir='ltr' id='par_1_118' title="bbox 1983 5696 3580 5770">
     <span class='ocr_line' id='line_1_119' title="bbox 1983 5696 3580 5770; baseline -0.001 -16"><span class='ocrx_word' id='word_1_737' title='bbox 1983 5713 2130 5764; x_wconf 88' lang='lat' dir='ltr'><strong>reor,</strong></span> <span class='ocrx_word' id='word_1_738' title='bbox 2172 5696 2558 5754; x_wconf 89' lang='lat' dir='ltr'><strong>animadvertis</strong></span> <span class='ocrx_word' id='word_1_739' title='bbox 2601 5699 2729 5770; x_wconf 87' lang='lat' dir='ltr'><strong>quia</strong></span> <span class='ocrx_word' id='word_1_740' title='bbox 2783 5714 2881 5769; x_wconf 89' lang='lat' dir='ltr'><strong>pro</strong></span> <span class='ocrx_word' id='word_1_741' title='bbox 2919 5697 3082 5753; x_wconf 85' lang='lat' dir='ltr'><strong>tantis</strong></span> <span class='ocrx_word' id='word_1_742' title='bbox 3125 5699 3205 5753; x_wconf 90' lang='lat' dir='ltr'><strong>tui</strong></span> <span class='ocrx_word' id='word_1_743' title='bbox 3255 5713 3442 5754; x_wconf 90' lang='lat' dir='ltr'><strong>curam</strong></span> <span class='ocrx_word' id='word_1_744' title='bbox 3489 5711 3580 5752; x_wconf 91' lang='lat' dir='ltr'><strong>me</strong></span> 
     </span>
    </p>
   </div>
   <div class='ocr_carea' id='block_1_119' title="bbox 1986 5783 3583 5859">
    <p class='ocr_par' dir='ltr' id='par_1_119' title="bbox 1986 5783 3583 5859">
     <span class='ocr_line' id='line_1_120' title="bbox 1986 5783 3583 5859; baseline 0.001 -17"><span class='ocrx_word' id='word_1_745' title='bbox 1986 5794 2238 5859; x_wconf 89' lang='lat' dir='ltr'><strong>opportet</strong></span> <span class='ocrx_word' id='word_1_746' title='bbox 2271 5786 2487 5854; x_wconf 84' lang='lat' dir='ltr'><strong>habere,</strong></span> <span class='ocrx_word' id='word_1_747' title='bbox 2527 5803 2624 5858; x_wconf 91' lang='lat' dir='ltr'><strong>pro</strong></span> <span class='ocrx_word' id='word_1_748' title='bbox 2651 5786 2864 5858; x_wconf 84' lang='lat' dir='ltr'><strong>quantis</strong></span> <span class='ocrx_word' id='word_1_749' title='bbox 2893 5793 2944 5842; x_wconf 89' lang='lat' dir='ltr'><strong>te</strong></span> <span class='ocrx_word' id='word_1_750' title='bbox 2965 5785 3246 5841; x_wconf 82' lang='lat' dir='ltr'><strong>charitatis</strong></span> <span class='ocrx_word' id='word_1_751' title='bbox 3276 5783 3457 5841; x_wconf 90' lang='lat' dir='ltr'><strong>studio</strong></span> <span class='ocrx_word' id='word_1_752' title='bbox 3488 5786 3583 5844; x_wconf 83' lang='lat' dir='ltr'><strong>de-</strong></span> 
     </span>
    </p>
   </div>
  </div>
