4106 6182
557 280 653 327 3‘27

1240 276 1289 326 S.
1334 273 1654 328 GREGORII
1694 274 1781 325 νη
1823 274 2016 325 ΡΑΡΑΕ
2057 272 2329 325 OPERUM
2369 272 2539 326 PARS
2581 274 2617 325 l.
2664 303 2729 310 —
2771 272 3168 326 REGISTHUM.

3740 277 3838 328 3‘28

552 401 716 467 tiuui,
760 417 829 456 ne
854 400 977 456 illos
1002 398 1296 463 deserercs,
1337 404 1397 452 ut
1421 404 1527 451 tua:
1554 395 1719 450 solius
1761 395 1961 451 anima:
1984 394 2148 451 saluti
2179 401 2232 462 Α
2261 404 2378 451 tum
2408 396 2552 450 alere
2580 396 2660 450 sui
2696 395 2849 450 lactis
2878 394 3209 450 fecunditate
3243 394 3484 459 festinat,
3514 396 3595 451 sic
3621 404 3674 451 et
3701 397 3841 453 Chri-

555 493 866 567 provideres
894 511 908 547 :
941 495 1184 550 Charitas
1224 492 1389 557 enim,
1425 498 1485 543 ut
1508 505 1651 560 saepe
1690 488 1820 557 dixi,
1862 498 1916 544 et
1958 489 2032 543 ita
2062 489 2145 545 di-

554 605 698 655 cam,
748 602 981 658 sequens
1021 584 1302 641 caelestem
1334 583 1547 650 tubam,
1592 600 1696 637 non
1736 600 1854 653 qua
1880 600 1979 639 sua
2022 587 2148 637 sunt

549 684 750 752 quaerit
778 683 829 750 (Ι
853 681 969 737 Cor.
1010 678 1172 749 xm).
1200 677 1328 743 Sed,
1360 677 1484 749 quia
1516 677 1653 732 inter
1676 688 1873 732 cmtera
1900 692 2021 748 qum
2046 675 2145 731 tibi

560 782 747 830 contra
778 772 1069 845 principem
1094 770 1289 828 mundi
1318 787 1491 839 arma,
1522 773 1639 825 Deo
1664 769 1895 839 favente,
1917 769 2143 837 contuli,

552 867 695 940 quod
717 867 1065 939 potissimum
1091 874 1193 933 est,
1225 873 1284 921 ut
1303 880 1502 935 corpus
1519 864 1869 919 Dominicum
1898 862 2147 934 frequen-

550 967 634 1016 ter
669 960 957 1032 acciperes,
997 958 1224 1016 iudicavi
1258 978 1269 1012 :
1314 966 1372 1014 et
1410 966 1469 1012 ut
1496 966 1660 1015 certa:
1700 957 1915 1013 fiduciae
1953 956 2148 1012 matris

547 1054 769 1109 Domini
814 1063 866 1109 te
897 1053 1118 1108 omnino
1160 1052 1532 1108 committeres
1562 1051 1817 1123 praecepi;
1862 1050 1993 1122 quid
2024 1049 2146 1106 inde

550 1148 741 1203 beatus
784 1148 1131 1213 Ambrosius,
1196 1145 1448 1201 videlicet
1488 1144 1555 1199 de
1606 1143 1875 1200 sumendo
1918 1158 2147 1216 corpore

546 1241 794 1303 Domini,
823 1241 1072 1308 senserit,
1104 1240 1190 1295 bis
1216 1239 1268 1293 in
1294 1239 1479 1294 litteris
1504 1238 1761 1293 intimavi.
1801 1238 1894 1293 Ait
1923 1238 2065 1294 enim
2090 1238 2144 1292 in

546 1334 687 1390 libro
714 1343 911 1406 quarto
938 1337 1018 1389 De
1047 1333 1402 1390 sacramentis
1426 1333 1571 1387 inter
1602 1342 1801 1388 caatera
1826 1354 1837 1389 :
1872 1357 1895 1380 κ
1931 1332 1985 1388 Si
2008 1347 2150 1386 mor-

546 1434 657 1483 tem
718 1427 939 1483 Domini
989 1427 1390 1495 annuntiamus,
1442 1427 1829 1482 annuntiamus
1871 1425 2147 1481 remissio-

545 1537 668 1576 nem
713 1530 1078 1592 peccatorum.
1123 1521 1177 1578 Si
1225 1522 1659 1593 quotiescunque
1689 1519 1994 1576 effunditur
2022 1534 2142 1575 sau-

546 1615 664 1686 guis
695 1615 934 1683 Domini,
965 1616 1019 1669 in
1061 1615 1438 1671 remissionem
1485 1623 1835 1685 peccatorum
1874 1612 2141 1680 funditur,

545 1708 718 1764 debeo
754 1709 907 1763 illum
948 1724 1162 1779 semper
1198 1708 1464 1779 accipere,
1505 1717 1565 1763 ut
1593 1723 1810 1779 semper
1846 1706 1983 1762 mihi
2031 1722 2148 1778 pec-

2255 498 2371 545 stus
2400 506 2536 561 quos
2566 489 2677 560 ipse
2710 497 2998 560 regenerat
3029 504 3129 544 suo
3169 490 3432 560 sanguine
3460 504 3680 559 semper
3711 506 3842 546 euu-

2255 582 2366 638 trit.
2393 604 2420 636 »
2456 584 2699 650 Etenim,
2732 591 2791 638 ut
2820 581 2966 638 idem
3000 585 3241 636 Joannes
3270 582 3461 638 scribit
3497 582 3565 638 ad
3593 582 3843 638 Theodo—

2256 693 2376 732 rum
2410 676 2766 743 monachum,
2804 696 2830 729 «
2859 675 3133 731 lubricum
3157 691 3329 748 genus
3359 685 3444 731 est
3476 684 3669 731 natura
3696 692 3843 733 mor-

2256 771 2383 825 talis
2412 791 2424 826 :
2456 771 2562 827 cito
2596 769 2820 842 quidem
2850 770 3076 836 labitur,
3108 768 3205 825 sed
3234 786 3343 825 non
3374 785 3497 825 sero
3545 779 3841 841 reparatur,

2256 873 2328 932 et,
2352 873 2409 920 ut
2439 864 2597 920 facile
2622 864 2788 930 cadit,
2816 864 2891 919 ita
2912 872 2968 919 et
2992 863 3246 919 velociter
3268 862 3456 935 surgit.
3492 887 3516 911 υ
3542 864 3840 930 Debemus,

2256 974 2287 1012 ο
2338 958 2464 1027 ﬁlia,
2510 959 2576 1014 ad
2618 958 2724 1013 hoc
2766 958 3039 1029 singulare
3080 956 3373 1029 confugere
3418 965 3843 1023 sacramentum,

2254 1053 2521 1124 singulare
2560 1060 2812 1124 appetere
2852 1051 3340 1106 medicamentum.
3383 1052 3515 1106 Haec
3542 1049 3687 1116 ideo,
3713 1050 3847 1105 cha-

2256 1146 2469 1201 rissima
2499 1146 2670 1201 beatri
2701 1144 2843 1200 Petri
2866 1144 2993 1215 ﬁlia,
3023 1144 3264 1200 scribere
3286 1144 3592 1215 procuravi,
3620 1153 3683 1199 ut
3711 1144 3846 1199 ﬁdes

2255 1256 2318 1295 ac
2362 1239 2553 1295 ﬁducia
2592 1240 2643 1294 in
2685 1237 2999 1310 accipiendo
3043 1254 3239 1309 corpus
3280 1238 3501 1293 Domini
3543 1238 3714 1309 major
3753 1237 3847 1293 tibi

2254 1342 2547 1389 accrescat.
2581 1334 2773 1388 Talem
2801 1332 3023 1404 quidem
3054 1330 3391 1399 thesaurum,
3416 1330 3653 1402 taliaque
3679 1330 3845 1397 dona,

2253 1444 2365 1483 non
2390 1443 2608 1495 aurum,
2639 1443 2748 1482 non
2777 1426 2976 1498 lapides
3002 1425 3289 1496 pretiosos,
3320 1440 3505 1480 amore
3545 1424 3716 1496 patris
3742 1425 3843 1491 tui,

2254 1522 2524 1579 cmlorum
2566 1520 2818 1577 videlicet
2849 1519 3125 1591 principis,
3172 1535 3202 1573 a
3231 1534 3319 1573 me
3358 1528 3444 1573 tua
3478 1518 3699 1588 requirit
3724 1519 3845 1573 ani-

2255 1633 2367 1682 ma,
2415 1616 2539 1671 licet
2589 1614 2655 1670 ab
2686 1614 2806 1670 aliis
2855 1612 3231 1669 sacerdotibus
3278 1612 3436 1683 longe
3477 1612 3701 1667 meliora
3745 1628 3846 1682 pro

2253 1710 2462 1765 meritis
2495 1710 2739 1777 accipere
2778 1708 2973 1779 possis.
3010 1710 3091 1761 De
3118 1709 3295 1762 Matre
3328 1706 3721 1773 vero.Domini,
3754 1706 3843 1760 cui

545 1810 659 1857 cata
695 1801 1055 1857 dimittantur.
1104 1802 1205 1871 Qui
1244 1817 1460 1873 semper
1499 1818 1681 1873 pecco,
1723 1817 1936 1873 semper
1963 1800 2134 1856 debeo
2172 1787 2219 1849 Β
2246 1813 2299 1859 te
2346 1802 2713 1876 principaliter
2741 1801 2992 1857 commisi
3044 1809 3099 1856 et
3134 1800 3439 1867 committo,
3472 1808 3523 1855 et
3557 1814 3847 1871 nunquam

543 1895 741 1951 habere
771 1895 1120 1952 medicinam.
1156 1916 1184 1946 »
1220 1899 1360 1951 Item
1399 1896 1511 1969 ipse
1551 1895 1879 1951 Ambrosius
1908 1895 1964 1949 iu
2002 1894 2138 1949 libro

544 1990 734 2061 quinto
770 1989 836 2044 de
875 1990 1225 2044 sacramentis
1260 2009 1271 2044 :
1310 2014 1333 2036 σι
1377 1990 1428 2043 Si
1471 1990 1824 2060 quotidianus
1853 1996 1934 2043 est
1966 1988 2137 2058 panis,

542 2099 639 2137 cur
663 2091 784 2154 post
807 2099 1012 2138 annum
1044 2083 1197 2137 illum
1223 2098 1429 2149 sumas,
1454 2081 1918 2153 quemadmodum
1962 2082 2139 2137 Graeci

543 2176 597 2231 in
620 2176 845 2232 Oriente
879 2192 1208 2231 consuevere
1232 2175 1451 2233 facere?
1480 2176 1677 2247 Accipe
1710 2175 1965 2246 quotidie,
1993 2175 2139 2247 quod

542 2269 781 2340 quotidie
814 2269 910 2324 tibi
944 2270 1113 2341 prosit
1153 2288 1166 2325 :
1201 2270 1280 2325 sic
1323 2270 1459 2337 vive,
1500 2278 1562 2325 ut
1600 2268 1843 2340 quotidie
1880 2269 2141 2323 merearis

542 2363 805 2432 accipere.
843 2362 1075 2431 Quando
1108 2365 1205 2431 [f.,
1244 2363 1348 2432 Qui
1375 2379 1511 2431 nou,
1549 2380 1616 2418 em
1647 2363 1895 2419 Ambros.
1924 2361 1964 2416 l.
2005 2378 2041 2417 v
2073 2362 2139 2416 de

541 2472 679 2512 sacr.
716 2473 768 2509 n.
816 2455 905 2529 25]
946 2465 1186 2511 meretur
1218 2456 1463 2528 quotidie
1490 2456 1755 2528 accipere,
1800 2472 1909 2511 non
1954 2472 2138 2510 mere-

542 2558 632 2604 tur
663 2556 782 2621 post
807 2565 1011 2604 annum
1033 2550 1309 2622 accipere;
1337 2549 1619 2621 quomodo
1648 2549 1756 2605 Job
1785 2557 2005 2605 sanctus
2041 2564 2136 2619 pro

541 2642 668 2698 filiis
725 2644 837 2698 suis
877 2642 1145 2699 offerebat
1191 2643 1432 2714 quotidie
1482 2643 1831 2706 sacrificium,
1877 2658 1944 2698 ne
1993 2641 2138 2698 forte

541 2735 742 2808 aliquid
792 2736 873 2791 vel
923 2736 977 2791 iu
1021 2736 1206 2803 corde,
1258 2736 1341 2791 vel
1399 2736 1455 2791 in
1500 2751 1753 2792 sermone
1803 2744 2135 2806 peccassent.

542 2832 685 2901 Ergo
715 2838 775 2884 tu
818 2829 975 2885 audis
1019 2828 1165 2900 quod
1205 2830 1634 2900 quotiescunque
1674 2828 1905 2885 offertur
1932 2829 2138 2883 sacrifi-

537 2922 701 2989 cium,
726 2938 877 2978 mors
901 2923 1145 2989 Domini,
1177 2923 1508 2979 resurrectio
1537 2923 1756 2978 Domini
1782 2922 2134 2994 significetur,

538 3022 591 3070 et
618 3015 906 3071 remissido
937 3024 1388 3087 peccatorumget
1416 3032 1611 3088 panem
1641 3016 1807 3071 istum
1841 3016 1961 3071 vita:
1991 3032 2127 3086 quo-

538 3107 802 3165 tidianum
844 3125 955 3164 non
1000 3110 1276 3166 assumis?
1305 3109 1409 3179 Qui
1450 3109 1643 3165 vulnus
1678 3108 1863 3174 habet,
1908 3108 2132 3163 medici-

538 3218 668 3257 nam
696 3202 937 3273 requirit.
975 3204 1187 3258 Vulnus
1212 3212 1326 3269 est,
1358 3202 1479 3273 quia
1519 3202 1619 3257 sub
1652 3210 1871 3273 peccato
1902 3217 2125 3267 sumus;
2161 3174 2206 3237 ϐ

535 3295 807 3352 medicina
838 3305 921 3352 est
948 3296 1170 3352 caeleste
1198 3301 1253 3351 et
1290 3296 1598 3351 venerabile
1636 3303 2063 3350 sacramentum.
2098 3318 2122 3342 υ

534 3392 668 3444 Item
692 3390 991 3461 Gregorius
1021 3406 1157 3462 papa
1186 3390 1241 3444 in
1267 3389 1408 3445 libro
1438 3405 1499 3445 Iv
1528 3389 1885 3460 Dialogorum
1916 3409 1927 3442 :
1959 3407 1985 3440 ‹‹
2021 3392 2127 3443 De-

536 3481 730 3539 bemus
760 3484 943 3555 itaque
986 3499 1227 3556 prasseus
1268 3483 1557 3550 smculum,
1591 3483 1669 3539 vel
1700 3482 1825 3553 quia
1848 3482 1963 3554 jam
1993 3498 2123 3537 con-

534 3576 795 3648 spicimus
823 3579 1136 3645 defluxisse,
1162 3587 1275 3633 tota
1319 3583 1499 3631 mente
1528 3585 1906 3643 contemnere,
1941 3577 2124 3647 quoti-

534 3669 694 3726 diana
723 3673 841 3726 Deo
878 3671 1241 3742 lacrymarum
1269 3670 1552 3737 sacrificia,
1584 3669 1915 3741 quotidianis
1949 3669 2126 3724 carnis

534 3763 648 3833 ejus
696 3770 751 3817 et
802 3764 1080 3835 sanguinis
1132 3763 1336 3818 hostias
1361 3763 1669 3818 immolare.
1709 3766 1842 3818 Haec
1885 3779 2124 3835 namque

532 3855 881 3928 singulariter
908 3856 1130 3910 victima
1162 3856 1229 3911 ab
1253 3864 1461 3913 aeterno
1493 3856 1713 3911 interitu
1753 3857 1995 3912 animam
2025 3858 2127 3911 sal-

533 3956 643 4014 vat,
672 3963 796 4021 quae
837 3948 986 4004 illam
1023 3948 1182 4005 nobis
1211 3957 1445 4005 mortem
1486 3948 1749 4020 unigeniti
1779 3964 1874 4019 per
1918 3957 2124 4019 myste-

534 4042 675 4098 rium
720 4050 952 4113 reparat.
996 4042 1179 4113 Quod,
1230 4041 1355 4098 Iicet
1399 4058 1624 4114 surgens
1652 4058 1678 4096 a
1722 4045 1973 4108 mortuis,
2008 4042 2125 4113 jam

531 4151 644 4191 non
669 4136 923 4202 moritur,
957 4144 1014 4191 et
1039 4151 1187 4191 mors
1217 4136 1265 4191 ei
1292 4136 1435 4192 ultra
1475 4151 1586 4191 non
1620 4134 2012 4198 dominabitur,
2043 4145 2122 4190 ta.

534 4244 662 4285 men
715 4230 771 4285 in
816 4229 936 4301 ipso
979 4229 1370 4285 immortaliter
1428 4238 1598 4303 atque
1641 4228 2127 4299 iucorruptibiliter

532 4323 739 4390 vivens,
788 4339 886 4395 pro
933 4322 1089 4379 nobis
1140 4322 1341 4380 iterum
1394 4323 1446 4378 in
1491 4321 1596 4379 hoc
1640 4322 1902 4395 mysterio
1955 4338 2124 4379 sacrm

531 4414 824 4473 oblationis
852 4417 1200 4485 immolatur;
1242 4416 1358 4487 ejus
1392 4416 1590 4488 quippe
1616 4416 1684 4472 ibi
1723 4432 1920 4487 corpus
1949 4416 2124 4471 sumi-

531 4518 640 4577 tur,
682 4512 803 4583 ejus
832 4527 960 4567 caro
990 4512 1044 4566 iu
1071 4511 1250 4583 p0puli
1276 4510 1449 4565 salute
1490 4510 1710 4581 patitur,
1741 4509 1857 4581 ejus
1904 4510 2121 4579 sanguis

531 4620 645 4659 non
684 4603 803 4675 jam
847 4605 905 4660 in
936 4620 1135 4660 manus
1175 4603 1496 4670 inﬁdelium,
1534 4603 1629 4658 sed
1658 4602 1711 4658 in
1753 4618 1847 4658 ora
1878 4602 2121 4659 fidelium
2150 4581 2196 4643 D

531 4696 795 4753 funditur.
846 4698 986 4754 Hinc
1010 4714 1138 4769 ergo
1184 4713 1477 4769 pensemus
1515 4696 1674 4767 quale
1720 4696 1789 4752 sit
1837 4712 1934 4768 pro
1971 4696 2128 4751 nobis

531 4789 637 4845 hoc
691 4790 1038 4858 sacriﬁcium,
1083 4790 1231 4861 quod
1263 4807 1360 4861 pro
1390 4790 1732 4845 absolutione
1777 4799 1961 4846 nostra
2004 4806 2124 4859 pas-

529 4883 735 4938 sionem
784 4884 1047 4955 uuigeniti
1086 4884 1207 4939 Filii
1252 4900 1475 4955 semper
1513 4883 1778 4947 imitatur.
1814 4884 1949 4952 Quis
1977 4884 2125 4939 enim

530 4975 771 5032 ﬁdelium
802 4975 1003 5032 habere
1042 4975 1270 5032 dubium
1304 4977 1474 5048 possit
1506 4976 1559 5030 in
1590 4976 1702 5048 ipsa
1739 4977 2075 5032 immolatiou
2111 4994 2125 5031 ς

530 5069 666 5126 hora
713 5070 783 5125 ad
828 5069 1128 5126 sacerdotis
1168 5084 1360 5125 vocem
1407 5070 1578 5125 caelos
1620 5069 1813 5139 aperiri
1858 5086 1872 5123 :
1924 5069 1979 5124 in
2030 5069 2064 5122 il
2116 5095 2122 5111 -

525 5164 655 5219 Jesu
705 5162 901 5219 Christi
949 5162 1212 5234 mysterio
1266 5161 1589 5232 angelorum
1627 5160 1828 5216 choros
1869 5160 2058 5215 adesse

528 5257 762 5312 summis
810 5257 919 5311 ima
971 5255 1163 5312 sociari
1212 5272 1226 5309 :
1287 5264 1501 5309 terrena
1552 5254 1862 5309 caelestibus
1905 5255 2059 5325 jungi
2104 5274 2116 5309 :

527 5365 699 5405 unum
734 5348 864 5419 quid
895 5366 960 5403 ex
998 5348 1297 5403 visibilibus
1325 5356 1486 5418 atque
1515 5346 1867 5402 invisibilibus
1896 5347 2052 5403 ﬁeri?
2086 5368 2112 5399 ››

525 5442 665 5496 Item
712 5444 953 5498 Joannes
990 5442 1417 5513 Chrysostomns
1448 5439 1748 5511 patriarcha
1785 5440 1853 5497 ad
1880 5440 2116 5513 necphy-

525 5542 613 5591 tos
645 5554 657 5589 :
694 5554 723 5588 α
752 5534 943 5592 Videte
969 5534 1436 5608 quemadmodum
1465 5549 1725 5606 sponsam
1749 5534 1847 5591 sibi
1874 5535 2119 5591 Christus

524 5629 808 5700 conjunxit
848 5649 860 5683 :
907 5629 1088 5685 videte
1126 5644 1236 5700 quo
1280 5644 1377 5683 vos
1419 5628 1542 5683 cibo
1586 5628 1846 5683 satietatis
1892 5630 2116 5685 enutrit.

526 5725 648 5793 Ipse
677 5723 842 5780 nobis
883 5722 987 5779 cibi
1017 5722 1343 5779 substantia:
1373 5729 1456 5778 est
1491 5729 1658 5794 atque
1696 5722 2113 5778 nutrimentum.

520 5817 663 5871 Nam
700 5816 838 5873 sicut
875 5816 1090 5885 mulier,
1132 5814 1435 5872 affectionis
1464 5823 1654 5869 natura
1690 5824 1937 5887 cogente,
1972 5817 2121 5887 geni-

2246 1897 2619 1964 committere,
2652 1911 2940 1967 quousque
2969 1895 3118 1950 illam
3149 1893 3451 1957 videamus,
3477 1892 3845 1963 utcupimus,

2247 1992 2527 2057 omittam,
2552 1990 2682 2062 quid
2704 1989 2802 2045 tibi
2830 1990 3030 2056 dicam,
3053 2004 3216 2060 quam
3243 1987 3443 2043 caelum
3467 1995 3521 2042 et
3545 1995 3689 2041 terra
3720 1986 3843 2041 lau-

2245 2084 2398 2152 dare,
2442 2085 2568 2139 licet
2596 2093 2655 2139 ut
2683 2074 2924 2138 meretur
2962 2089 3250 2152 nequeant,
3287 2097 3399 2136 non
3437 2083 3686 2137 cessant?
3717 2081 3847 2135 Hoc

2248 2187 2431 2233 tamen
2477 2177 2662 2248 procul
2710 2176 2878 2231 dubio
2914 2185 3122 2242 teneas,
3169 2175 3316 2246 quia,
3356 2182 3561 2245 quanto
3589 2173 3746 2229 altior
3792 2181 3847 2228 et

2248 2273 2444 2327 melior
2487 2288 2549 2326 ac
2588 2270 2826 2326 sanctior
2861 2278 2944 2325 est
2982 2268 3132 2324 omni
3173 2277 3365 2335 matre,
3411 2275 3566 2323 tanto
3608 2266 3846 2323 clemen-

2246 2366 2352 2419 tior
2394 2373 2450 2419 et
2490 2363 2705 2419 dulcior
2733 2364 2872 2419 circa
2902 2377 3193 2418 conversos
3222 2368 3530 2433 peccatores
3558 2370 3612 2415 et
3641 2376 3847 2431 pecca—

2246 2458 2423 2513 trices.
2464 2462 2610 2515 Pone
2641 2458 2825 2528 itaque
2863 2456 3025 2511 ﬁnem
3066 2457 3121 2510 in
3149 2455 3427 2510 voluntate
3479 2452 3755 2525 peccandi,
3788 2461 3845 2509 et

2245 2559 2512 2624 prostrata
2543 2567 2727 2606 coram
2757 2551 2846 2605 illa
2885 2566 2950 2606 ex
2984 2547 3148 2605 corde
3180 2548 3414 2604 contrito
3456 2556 3512 2602 et
3550 2546 3847 2603 humiliato

2245 2647 2510 2718 lacrymas
2553 2643 2797 2700 effunde.
2835 2645 3081 2699 Invenies
3109 2640 3677 2707 illam,‘indubitanter
3713 2657 3847 2712 pro-

2246 2740 2428 2805 mitto,
2472 2738 2869 2810 promptiorem
2909 2736 3110 2793 carnali
3142 2744 3335 2803 matre,
3366 2751 3431 2790 ac
3473 2734 3752 2791 mitiorem
3786 2735 3848 2791 in

2246 2834 2322 2888 tui
2354 2833 2660 2889 dilectione.

2319 2931 2457 2983 Data
2482 2931 2676 2983 Romae
2695 2925 2906 2981 decimo
2931 2934 3125 2995 quarto
3151 2922 3435 2979 Kalendas
3459 2922 3585 2978 Maii
3610 2923 3842 2991 [Martii,

2239 3026 2288 3075 et
2332 3024 2407 3075 sic
2440 3024 2495 3075 in
2523 3023 2762 3087 Mutin.],
2795 3017 3107 3073 inductione
3149 3015 3495 3073 duodecima.

2720 3126 3071 3180 EPISTOLA
3099 3126 3351 3179 XLVIII.

2417 3249 2498 3289 ΑΙ)
2530 3247 2867 3289 HUDEBTUM
2896 3247 3269 3287 GENUBNSEM
3297 3243 3650 3287 BPISCOPUH

2808 3344 2988 3403 (Anno
3036 3342 3215 3403 1074.)

2234 3451 2486 3517 Praecipit
2508 3461 2733 3501 umorem
2752 3445 3031 3515 cujusdam
3060 3445 3296 3500 Ansaldi
3308 3444 3577 3499 adulterii
3595 3458 3844 3497 accensa-

2308 3525 2417 3574 tam
2441 3517 2518 3573 ad
2541 3520 2919 3589 purgationem
2957 3516 3198 3589 admitti,
3237 3517 3698 3589 excommunicans
3727 3529 3844 3589 pa-

2307 3596 2439 3645 trem
2485 3585 2620 3659 ejus,
2654 3585 2703 3643 et
2732 3603 3091 3658 quemcunque
3114 3585 3289 3642 alium
3328 3589 3424 3656 qui
3470 3586 3529 3640 id
3570 3587 3844 3656 impedire

2299 3663 2725 3731 prwsumpscrit.

2306 3769 2655 3825 Gaaaoaws
2680 3766 2987 3838 episcopus,
3015 3781 3205 3821 servus
3234 3780 3520 3821 servorum
3542 3765 3664 3833 Dei,
3710 3767 3838 3823 HU-

2235 3876 2429 3919 aua'ro
2449 3860 2716 3917 Genueusi
2739 3860 3014 3931 episcopo,
3031 3868 3086 3914 et
3105 3859 3359 3914 universo
3385 3857 3490 3914 loci
3519 3857 3665 3914 illius
3684 3859 3843 3914 clero

2234 3971 2297 4012 ac
2324 3956 2545 4027 populo,
2576 3955 2810 4010 salutem
2841 3962 2897 4010 et
2923 3952 3281 4025 apostolicam
3304 3950 3755 4009 benedictionem.

2308 4049 2671 4120 Intelligentes
2699 4064 2947 4103 errorem
2985 4056 3250 4115 vestrum,
3285 4046 3353 4102 de
3381 4046 3619 4116 periculo
3648 4053 3843 4103 vestro

2235 4142 2387 4198 valde
2416 4142 2697 4209 timemus,
2735 4140 2995 4214 quoniam
3029 4147 3371 4196 sacramenta
3396 4138 3652 4195 consortii
3694 4154 3843 4195 con-

2233 4236 2443 4308 iugalis,
2490 4236 2682 4292 divinis
2733 4235 2939 4290 sancita
2982 4233 3264 4306 praeceptis
3315 4240 3367 4288 et
3417 4232 3642 4303 legibus,
3687 4232 3844 4289 inter

2236 4345 2331 4384 vos
2392 4327 2637 4400 malignis
2680 4326 2876 4383 foedari
2919 4326 3114 4383 studiis
3170 4325 3499 4381 audivimus.
3549 4324 3839 4395 Scriptum

2234 4418 2433 4490 quippe
2459 4428 2541 4473 est
2569 4416 2637 4472 de
2657 4416 2932 4487 conjugali
2964 4415 3174 4470 vinculo
3215 4435 3227 4470 ε
3254 4415 3406 4483 Quod
3434 4419 3575 4471 Deus
3605 4413 3840 4484 conjun-

2231 4516 2337 4575 xit,
2365 4514 2517 4567 homo
2554 4528 2657 4567 non
2680 4515 2891 4582 separet
2922 4511 3136 4577 (Matth.
3167 4525 3295 4575 XIX,
3321 4512 3490 4566 Marc.
3528 4524 3591 4571 x,
3628 4510 3840 4565 Matth.

2232 4606 2334 4676 ix),
2393 4612 2449 4661 et
2504 4605 2713 4661 Veritas
2764 4604 2987 4659 omnino
3040 4602 3293 4674 prohibet
3352 4617 3420 4656 ne
3471 4601 3554 4657 vir
3599 4615 3842 4657 uxorem

2230 4713 2409 4767 suam,
2440 4697 2542 4753 nisi
2565 4696 2710 4753 forte
2740 4712 2900 4752 causa
2931 4694 3328 4763 fornicationis,
3372 4694 3668 4765 relinquat.
3717 4693 3842 4749 No-

2232 4790 2314 4847 bis
2356 4800 2541 4847 autem
2571 4791 2802 4847 relatum
2830 4798 2913 4845 est
2956 4788 3261 4844 Ansaldum
3300 4786 3617 4860 quemdam,
3648 4786 3843 4842 conci-

2231 4901 2354 4940 vem
2384 4894 2645 4951 vestrum,
2689 4900 2719 4939 a
2760 4892 2908 4954 patre
2938 4898 3037 4937 SUO
3068 4890 3321 4937 coactum
3348 4896 3467 4937 esse
3505 4888 3566 4936 ut
3593 4894 3840 4935 uxorem

2232 4977 2529 5049 propriam,
2559 4977 2626 5032 de
2655 4975 3013 5031 fornicatione
3042 4972 3182 5030 falso
3212 4974 3584 5040 criminatam,
3611 4988 3716 5028 nec
3746 4972 3843 5027 ul-

2230 5071 2399 5127 terius
2449 5070 2666 5137 habeat,
2730 5085 2833 5124 nec
2873 5068 3141 5141 judicium
3200 5067 3539 5140 purgationis
3595 5066 3715 5138 ejus
3771 5063 3842 5121 id

2229 5163 2375 5235 quod
2418 5164 2532 5235 ipsa
2572 5161 2723 5217 valde
2750 5161 3042 5230 desiderat,
3076 5177 3173 5232 pro
3212 5160 3550 5217 discutienda
3599 5159 3839 5214 veritate

2172 5316 2179 5319 _
2227 5258 2502 5328 suscipiat.
2528 5255 2693 5329 Quod
2714 5256 2838 5328 quia
2866 5254 3060 5310 divinis
3088 5264 3143 5310 et
3170 5254 3419 5310 humanis
3444 5252 3650 5325 legibus
3671 5250 3841 5307 valde

2225 5350 2563 5406 contrarium
2597 5359 2700 5418 est,
2734 5349 2911 5420 primo
2941 5356 2992 5402 te
3031 5348 3362 5419 episcopum,
3410 5346 3602 5402 deinde
3630 5359 3845 5400 omnes

2224 5459 2323 5499 vos
2366 5444 2747 5511 admonemus,
2780 5451 2835 5497 et
2881 5442 3176 5512 apostolica
3222 5440 3548 5496 auctoritate
3587 5436 3846 5511 praecipi-

2225 5553 2350 5593 mus
2390 5547 2472 5603 ut,
2511 5537 2555 5591 si
2588 5537 2783 5591 mulier
2826 5534 2895 5591 ad
2930 5533 3386 5590 examinationem
3431 5532 3726 5603 legitimam
3762 5545 3842 5585 se

2226 5630 2479 5685 conferre
2520 5630 2771 5695 voluerit,
2822 5644 2951 5685 cum
2993 5628 3147 5683 omni
3193 5626 3582 5698 tranquillitate
3638 5633 3693 5680 et
3732 5638 3841 5677 ex-

2226 5725 2558 5795 spectatione
2594 5723 2743 5795 juste
2782 5738 2913 5777 cum
2955 5719 3371 5793 probationibus
3415 5718 3737 5791 recipiatur;
3767 5726 3845 5773 et

2225 5818 2269 5873 si
2305 5833 2400 5889 per
2446 5814 2876 5873 misericordiam
2920 5815 3021 5871 Dei
3069 5815 3336 5870 innocens
3376 5811 3705 5885 apparuerit,
3739 5824 3842 5863 se-
