4106 6182
266 275 367 327 329

1424 282 1623 337 LIBER
1662 282 1928 339 PRIMUS.
1968 315 2039 325 —
2076 286 2283 342 EPIST.
2328 287 2409 343 LI.

3460 301 3565 355 330

265 396 441 467 parari
469 412 501 451 a
543 397 663 452 viro
690 413 789 454 suo
835 400 1149 458 nullatenus
1178 405 1478 475 patiamini.
1512 411 1584 462 At
1611 407 1657 463 si
1702 415 1850 479 pater
1877 414 1929 475 Α
1960 425 2130 467 'rnIcr
2146 420 2200 466 et
2212 414 2533 468 MATHILDI
2557 412 2804 485 gloriosis
2823 429 2886 470 ac
2907 414 3245 475 charissimis
3270 417 3325 474 in
3348 418 3564 479 Christo
3626 444 3627 447 η

266 483 477 555 praefati
493 487 720 543 Ansaldi
742 488 877 557 hac,
900 506 1023 561 qua
1042 491 1227 547 divina
1245 495 1569 550 auctoritate
1585 495 1853 566 diximus,

264 570 371 627 imo
414 574 458 627 si
498 575 622 645 quis
668 577 983 635 mortalium
1024 579 1141 634 hac
1189 581 1451 653 impedire
1474 599 1536 637 ac
1569 584 1856 655 prohibere

265 664 688 734 prasumpserit,
719 673 889 733 tuam,
912 667 1183 739 episcope,
1208 669 1605 727 fraternitatem
1630 684 1851 746 aposto-

262 748 357 803 lica
387 752 719 808 auctoritate
754 771 1048 812 monemus
1076 766 1161 823 ut,
1187 760 1340 814 omni
1373 772 1626 832 respectu
1668 764 1854 831 gratia

262 840 562 908 personalis
590 840 830 912 abjecto,
878 861 1001 900 reos
1041 847 1405 905 anathematis
1453 852 1632 922 gladio
1660 851 1849 923 ferire,

261 934 312 979 et
339 943 366 979 a
390 944 619 998 corpore
647 933 904 988 Ecclesia
930 933 1203 991 dissecare
1224 954 1335 992 non
1360 938 1598 1007 desinas,
1624 949 1677 995 et
1698 943 1856 998 nobis

258 1024 561 1072 extremam
600 1036 827 1076 manum
864 1022 1205 1095 imposituris
1259 1044 1354 1098 per
1393 1030 1597 1084 litteras
1626 1040 1747 1086 tuas
1800 1031 1855 1087 id

260 1109 582 1172 quantocius
610 1109 851 1166 indicare
877 1129 990 1168 non
1023 1117 1421 1184 pratermittas.
1458 1120 1723 1175 Praeterea
1753 1137 1851 1175 vo-

258 1194 439 1250 lumus
468 1205 547 1265 ut,
574 1214 743 1271 quam
766 1201 924 1258 citius
954 1204 1160 1275 possis,
1188 1208 1534 1277 prasentiam
1564 1218 1718 1265 tuam
1748 1227 1850 1266 no—

257 1284 335 1340 bis
357 1286 615 1344 exhibere
636 1291 881 1348 studeas.

322 1381 460 1434 Data
506 1384 791 1440 Lateranis
820 1395 1015 1457 quarto
1043 1390 1323 1448 Kalendas
1361 1392 1485 1448 Maii
1536 1392 1767 1466 [Martii,
1802 1400 1853 1451 et

258 1474 326 1522 sic
350 1472 407 1523 in
432 1471 678 1546 ﬁlatim],
718 1474 1011 1531 indictione
1040 1478 1384 1537 duodecima.

752 1569 1103 1628 EPISTOLA
1141 1574 1349 1629 XLIX.

653 1677 735 1718 ΔΙ)
764 1678 967 1721 OMNES
985 1681 1421 1725 CHRISTIANOS.

826 1760 1005 1823 (Anno
1054 1765 1234 1826 1074.)

258 1846 419 1899 Monet
444 1852 506 1899 ut
529 1848 1125 1926 constantinopolitanis
1155 1872 1303 1925 opem
1333 1859 1537 1923 ferant,
1563 1860 1659 1926 qui
1680 1876 1715 1913 α
1743 1860 1840 1916 Sa-

391 1922 598 1973 racenis
638 1923 823 1976 multis
866 1922 1261 1981 calamitatiﬁus
1301 1922 1697 1997 afﬁciebaritur.

315 2010 669 2069 GBEGORIUS
688 2016 991 2088 episcopus,
1013 2035 1201 2075 servus
1220 2036 1503 2077 servorum
1528 2023 1653 2086 Dei,
1667 2025 1841 2079 omni-

254 2101 347 2157 bus
378 2105 747 2163 Christianam
768 2110 932 2167 ﬁdem
962 2112 1253 2169 defendere
1278 2115 1585 2172 volentibus
1611 2118 1842 2174 salutem

248 2203 296 2250 et
317 2201 676 2269 apostolicam
703 2203 1146 2263 benedictionem.

313 2292 522 2349 Notum
551 2295 713 2351 vobis
740 2313 857 2353 esse
902 2300 1187 2365 volumus,
1222 2301 1370 2361 hunc
1394 2304 1571 2359 virum
1601 2321 1838 2378 prasen-

251 2384 380 2438 tium
404 2388 761 2460 portitorem,
794 2390 931 2448 dum
960 2393 1027 2449 de
1056 2396 1431 2452 ultramarinis
1459 2414 1634 2469 nuper
1664 2415 1841 2455 rever-

250 2484 447 2533 teretur
462 2482 712 2552 partibus
728 2525 742 2549 ,
764 2487 1139 2556 apostolorum
1158 2489 1343 2544 limina
1366 2500 1420 2545 et
1440 2501 1684 2547 nostram
1708 2509 1841 2564 pra-

248 2573 481 2628 sentiam
508 2575 791 2633 visitasse.
829 2584 875 2633 A
902 2596 1032 2651 quo,
1060 2581 1202 2637 sicut
1226 2599 1253 2637 a
1282 2584 1549 2655 plerisque
1578 2586 1715 2653 aliis,
1752 2603 1840 2642 co-

245 2667 535 2734 gnovimus
572 2679 794 2740 gentem
838 2689 1175 2745 paganorum
1224 2686 1410 2732 contra
1467 2678 1839 2735 Christianum

246 2755 453 2815 fortiter
490 2762 782 2820 invaluisse
821 2766 1113 2839 imperium
1136 2811 1149 2834 ,
1183 2778 1236 2825 et
1263 2771 1570 2827 miseranda
1604 2774 1842 2829 crudeli-

246 2858 347 2907 tate
370 2856 489 2925 jam
530 2855 647 2913 fere
675 2875 817 2930 uque
873 2861 942 2916 ad
998 2879 1188 2919 muros
1226 2867 1842 2937 Constantinopolitana

247 2944 469 3004 civitatis
508 2952 696 3006 omnia
720 2952 1032 3011 devastasse
1059 2964 1115 3011 et
1150 2960 1427 3029 tyrannica
1464 2960 1723 3015 violentia
1753 2977 1841 3017 oc—

245 3055 499 3110 cupasse,
529 3052 587 3098 et
624 3046 799 3102 multa
841 3049 1011 3105 millia
1047 3050 1454 3108 Chistianorum
1486 3055 1643 3125 quasi
1673 3070 1837 3125 pecu-

1966 504 2180 561 ﬁliabus
2207 507 2443 562 salutem
2468 516 2525 562 et
2562 509 2921 579 apostolicam
2952 509 3415 571 benedictionem.

2036 601 2160 653 Non
2198 600 2424 653 miretur
2442 609 2618 656 vestra
2647 602 2905 657 nobilitas
2935 618 3096 674 super
3140 605 3223 661 his
3260 623 3382 677 qua
3404 608 3563 665 vobis

1963 690 2030 746 de
2073 708 2231 747 causa
2278 693 2528 748 Dodonis
2580 697 2853 751 Rosellani
2899 697 3136 768 episcopi
3178 701 3397 770 scripsi,
3435 702 3562 772 quia

1964 784 2334 840 inhumanitas
2388 788 2688 856 videretur,
2733 791 2778 843 si
2807 807 2990 860 preces
3032 800 3086 845 et
3124 808 3381 848 murmur
3409 799 3560 867 Ugu-

1964 878 2060 932 lini
2126 878 2393 952 [Ugolini]
2456 882 2673 937 comitis
2722 884 3189 954 parvipenderem.
3242 890 3559 959 lmportune

1963 972 2182 1041 quidem
2235 990 2381 1044 sape
2420 991 2508 1029 me
2542 977 2747 1044 rogavit
2794 987 2853 1031 ut
2892 994 3112 1033 causam
3154 979 3321 1050 ipsius
3366 992 3557 1038 contra

1962 1067 2315 1122 Rosellanum
2346 1069 2663 1140 episcopum
2679 1069 2825 1139 juste
2847 1070 3221 1139 decernerem,
3254 1083 3308 1129 et
3332 1084 3390 1130 ut
3407 1075 3553 1131 idem

1961 1159 2250 1231 episcopus
2304 1162 2407 1217 sibi
2458 1162 2727 1233 justitiam
2769 1163 2974 1220 faceret
3020 1182 3391 1236 procurarem.
3440 1173 3552 1242 Ego

1962 1268 2119 1319 vero,
2162 1253 2230 1310 de
2284 1256 2441 1312 vobis
2492 1256 2836 1329 singulariter
2864 1259 3007 1314 inter
3044 1276 3242 1317 omnes
3286 1263 3557 1335 principes

1961 1347 2196 1402 Romani
2226 1349 2437 1419 imperii
2458 1350 2761 1419 conﬁdens,
2815 1355 2995 1424 rogavi
3045 1363 3107 1409 ut
3148 1355 3218 1410 ad
3245 1365 3457 1412 certum
3498 1366 3555 1413 et

1953 1439 2169 1509 justum
2197 1458 2261 1497 ac
2308 1444 2594 1513 paciﬁcum
2626 1445 2791 1501 ﬁnem
2840 1463 2938 1517 per
2960 1464 3058 1503 vos
3102 1464 3263 1505 causa
3288 1449 3430 1505 inter
3459 1465 3553 1507 eos

1959 1533 2280 1603 duceretur,
2335 1554 2445 1609 quo
2476 1539 2564 1593 ille
2605 1539 2699 1610 qui
2737 1540 2919 1610 justus
2940 1540 3109 1611 judex
3153 1550 3261 1611 est,
3311 1559 3341 1597 a
3374 1551 3552 1600 vestro

1961 1629 2142 1684 studio
2166 1638 2449 1703 vestraque
2500 1633 2722 1703 pietate,
2754 1649 2841 1689 me
2878 1634 3131 1699 instante,
3183 1637 3543 1708 gloriﬁcetur.

1881 1747 1929 1808 B
1960 1723 2071 1777 Scit
2098 1724 2245 1779 enim
2287 1725 2521 1782 charitas
2548 1736 2753 1792 vestra,
2795 1736 2851 1783 et
2886 1730 3114 1784 omnino
3134 1770 3149 1797 ,
3184 1739 3244 1785 ut
3271 1747 3417 1799 reor,
3460 1733 3549 1788 in-

1956 1816 2149 1888 telligit
2193 1819 2339 1889 quod
2382 1820 2441 1874 in
2486 1821 2746 1876 omnibus
2784 1821 2993 1878 actibus
3034 1824 3224 1880 vestris
3279 1823 3549 1881 honorem

1953 1912 2053 1965 Dei
2082 1922 2427 1985 vestramque
2456 1916 2691 1972 salutem
2720 1919 2963 1988 requiro.
2996 1922 3068 1975 Et
3088 1919 3211 1974 ideo
3260 1936 3385 1976 cum
3426 1938 3551 1992 pro-

1953 2003 2113 2074 pheta
2159 2005 2317 2062 dico:
2349 2010 2653 2079 Sacriﬁcate
2705 2013 3308 2081 sacriﬁciumjustitia,
3337 2020 3388 2068 et
3434 2031 3547 2084 spe-

1953 2105 2069 2153 rate
2110 2102 2167 2154 in
2198 2104 2421 2156 Domino
2455 2103 2619 2171 (Psal.
2648 2109 2748 2170 1v).
2792 2107 2860 2158 Et
2890 2104 3132 2159 iterum:
3187 2107 3548 2177 Judicatepu-

1946 2195 2108 2263 pillo,
2137 2199 2188 2248 et
2228 2196 2501 2262 defendite
2517 2198 2748 2265 viduas,
2778 2204 2830 2253 et
2867 2203 3072 2267 venite,
3128 2204 3182 2254 et
3206 2204 3418 2269 arguite
3442 2218 3542 2269 me,

1952 2288 2082 2341 dicit
2111 2291 2365 2344 Dominus
2397 2294 2526 2354 (lsa.
2558 2292 2614 2360 1).
2650 2293 2730 2345 Ex
2756 2307 2946 2347 amore
2975 2292 3198 2362 quidem
3226 2294 3323 2348 Dei
3365 2293 3545 2364 proxi-

1951 2396 2103 2435 mum
2125 2381 2399 2452 diligendo
2435 2384 2730 2455 adjuvare,
2778 2384 2989 2439 miseris
3028 2393 3083 2440 et
3119 2386 3386 2456 oppressis
3421 2387 3549 2442 sub-

1951 2475 2173 2543 venire,
2211 2476 2580 2543 orationibus,
2609 2478 2856 2549 jejuniis,
2888 2478 3078 2549 vigiliis
3109 2487 3164 2533 et
3188 2479 3306 2534 aliis
3344 2496 3546 2550 quam-

1952 2568 2201 2638 pluribus
2258 2569 2414 2624 bonis
2472 2570 2728 2641 operibus
2805 2587 3102 2641 prapouo,
3180 2573 3302 2644 quia
3362 2590 3545 2629 veram

1951 2662 2270 2718 charitatem
2297 2664 2504 2718 cunctis
2525 2664 2819 2718 virtutibus
2846 2662 3102 2735 praferre
3126 2682 3256 2721 cum
3286 2668 3546 2737 Apostolo

1952 2771 2060 2810 non
2084 2756 2275 2812 dubito
2306 2761 2353 2822 (Ι
2379 2758 2493 2813 Cor.
2517 2763 2680 2822 XIII).
2710 2759 2850 2812 Nam
2876 2757 2918 2811 si
2948 2757 3070 2813 hac
3093 2767 3267 2814 mater
3295 2762 3545 2816 omnium

1953 2849 2238 2916 virtutum,
2271 2866 2396 2921 qua
2432 2854 2612 2907 Deum
2638 2851 2705 2905 de
2745 2852 2885 2906 calo
2912 2852 2966 2905 in
2989 2861 3192 2907 terram
3220 2861 3281 2908 ut
3300 2863 3546 2909 nostram

1949 2943 2219 2999 miseriam
2251 2944 2412 2999 ferret
2428 2944 2694 3014 compulit
2718 2944 2924 3012 venire,
2956 2960 3045 2999 me
3078 2962 3191 3000 non
3221 2946 3542 3016 instrueret,

1946 3045 2001 3091 et
2043 3046 2187 3093 esset
2238 3038 2355 3109 qui,
2377 3038 2595 3093 miseris
2643 3046 2698 3093 et
2742 3038 3014 3109 oppressis
3062 3039 3320 3094 Ecclesiis
3369 3050 3545 3096 vestra

245 3130 335 3188 des
372 3136 655 3193 occidisse.
709 3141 825 3209 Qua
872 3142 939 3197 de
979 3159 1067 3211 re,
1125 3145 1167 3200 si
1222 3150 1399 3202 Deum
1431 3118 1738 3219 dil'igimu's,
1785 3159 1838 3204 et
1870 3118 1914 3180 C
1950 3130 2058 3186 vice
2086 3132 2425 3194 subveniret,
2475 3147 2538 3186 ac
2577 3131 2861 3186 universali
2902 3132 3159 3188 Ecclesia
3218 3132 3546 3189 deservirete

246 3226 582 3287 Christianos
608 3248 713 3289 nos
764 3250 882 3291 esse
934 3239 1340 3309 cognoscimus,
1387 3256 1484 3312 pro
1526 3242 1841 3299 miseranda

242 3317 460 3380 fortuna
502 3327 641 3382 tanti
685 3328 898 3400 imperii
933 3339 989 3386 et
1016 3339 1169 3387 tanta
1216 3334 1649 3393 Christianorum
1691 3336 1841 3393 clade

243 3414 394 3471 nobis
424 3418 584 3474 valde
614 3420 914 3478 dolendum
942 3433 1025 3480 est
1050 3444 1062 3480 :
1088 3435 1144 3481 et
1182 3443 1296 3482 non
1324 3428 1500 3484 solum
1530 3429 1715 3487 dolere
1751 3447 1838 3486 su-

242 3523 332 3577 per
356 3510 460 3567 hac
499 3528 558 3568 re
592 3514 792 3573 debita
833 3518 1185 3575 sollicitudini
1208 3530 1410 3578 nostra
1452 3522 1687 3591 sufﬁcit,
1739 3524 1837 3580 sed

247 3602 445 3659 animas
475 3622 575 3676 pro
623 3608 933 3666 liberatione
973 3611 1205 3669 fratrum
1248 3631 1481 3686 ponere,
1528 3618 1836 3688 exemplum

248 3694 628 3769 Redemptoris
674 3704 879 3772 nostri,
907 3712 963 3759 et
1005 3705 1248 3763 debitum
1280 3708 1533 3767 fraterna
1558 3710 1839 3767 charitatis

249 3802 273 3839 a
297 3790 448 3846 nobis
498 3793 702 3864 exigit:
733 3796 890 3869 quia,
934 3798 1077 3853 sicut
1121 3799 1233 3871 ipse
1262 3818 1359 3872 pro
1404 3806 1563 3859 nobis
1598 3806 1837 3860 animam

250 3894 394 3939 suam
422 3888 631 3956 posuit,
678 3897 734 3945 et
760 3906 863 3946 nos
909 3891 1177 3950 debemus
1202 3912 1298 3967 pro
1339 3897 1597 3955 fratribus
1632 3902 1837 3955 nostris

251 3978 446 4035 animas
482 3998 704 4052 ponere.
755 3986 965 4041 Scitote
1009 3987 1177 4058 igitur
1207 4006 1338 4058 nos,
1368 3991 1426 4046 in
1459 3993 1836 4050 misericordia

1950 3232 2009 3279 ut
2029 3225 2293 3281 saculum
2322 3225 2716 3296 relinqueretis,
2741 3241 2867 3280 cum
2911 3226 3171 3283 omnibus
3217 3226 3334 3298 ejus
3360 3228 3504 3282 curis
3525 3270 3540 3296 ,

1949 3334 2174 3374 monere
2214 3334 2582 3389 procurarem.
2634 3319 2738 3375 Sed
2787 3321 2913 3390 quia
2950 3318 3019 3375 de
3069 3329 3244 3376 vestra
3276 3320 3432 3388 aula,
3486 3330 3548 3377 ut

1948 3412 2105 3466 multi
2136 3412 2441 3483 principes,
2472 3414 2643 3466 Deum
2675 3428 2788 3466 non
2814 3412 3073 3483 abjicitis,
3122 3412 3234 3469 imo
3278 3413 3544 3469 sacriﬁcio

1939 3503 2173 3575 justitia
2200 3505 2267 3560 ad
2287 3521 2405 3559 eam
2447 3504 2627 3559 venire
2664 3504 2923 3571 invitatis,
2957 3522 3217 3579 rogamus
3255 3523 3374 3572 vos,
3406 3516 3460 3563 et
3486 3516 3546 3562 ut

1948 3599 2293 3654 charissimas
2319 3598 2453 3653 ﬁlias
2479 3598 2861 3664 admonemus,
2894 3600 3100 3656 bonum
3127 3601 3273 3672 quod
3301 3602 3544 3672 capistis

1947 3693 2014 3750 ad
2060 3693 2359 3764 perfectum
2387 3693 2559 3748 ﬁnem
2608 3693 2935 3765 perducatis.
2997 3696 3117 3750 Non
3165 3695 3317 3749 favor
3348 3695 3539 3751 huma-

1942 3803 2075 3853 nus,
2129 3802 2238 3842 non
2289 3803 2445 3841 amor
2494 3787 2768 3856 pecunia,
2823 3802 2938 3842 non
2991 3785 3331 3843 desiderium
3390 3805 3543 3845 vana

1942 3880 2131 3953 gloria
2182 3890 2423 3936 vestrum
2487 3881 2811 3936 sacriﬁcium
2860 3882 3029 3953 possit
3082 3881 3372 3938 offuseare.
3436 3885 3543 3941 Vili

1944 3973 2092 4027 enim
2122 3971 2298 4042 pretio
2326 3986 2579 4044 magnam
2606 3987 2719 4025 rem
2753 3972 2958 4038 vendit,
2985 3972 3076 4043 qui
3108 3971 3270 4043 hujus
3313 3973 3435 4029 vita
3459 3974 3542 4029 in-

1941 4066 2085 4122 tuitu
2115 4068 2234 4120 Deo
2286 4065 2470 4120 servit.
2527 4065 2689 4133 Quod
2727 4066 2906 4129 vobis,
2935 4081 3072 4137 quas
3110 4066 3320 4122 sincero
3369 4068 3540 4123 corde

1941 4158 2141 4231 diligo,
2202 4175 2393 4230 parum
2435 4160 2647 4227 scribo,
2704 4160 2850 4231 gravi
2890 4175 3020 4214 cura
3064 4176 3155 4216 me
3210 4160 3541 4232 implicitum

1944 4268 2061 4308 esse
2092 4252 2403 4308 manifesto.
2438 4253 2606 4329 Vobis
2653 4253 2798 4307 enim
2821 4253 2874 4307 in
2908 4253 3105 4308 talibus
3153 4270 3266 4309 non
3294 4256 3536 4327 aliquem

1938 4346 2201 4401 vicarium
2230 4346 2283 4401 in
2306 4347 2602 4402 dictitando
2622 4346 2867 4418 acquiro,
2900 4347 2996 4402 sed
3027 4347 3300 4419 meipsum
3335 4349 3527 4418 labori,

1942 4440 2065 4495 licet
2090 4440 2373 4495 rusticano
2409 4441 2577 4513 stylo,
2631 4455 2915 4511 suppono,»
2954 4439 3111 4510 quia,
3154 4440 3201 4495 si
3245 4441 3443 4513 diligor
3482 4451 3544 4497 ut

1861 4515 1911 4576 D
1940 4533 2127 4605 diligo,
2158 4533 2374 4589 nullum
2403 4532 2721 4589 mortalium
2753 4532 2887 4587 mihi
2918 4532 3163 4604 praponi
3196 4549 3225 4589 a
3246 4533 3401 4589 vobis
3446 4551 3541 4591 co-

256 4646 341 4689 vos
360 4638 579 4694 vulnera
595 4649 650 4694 et
676 4645 894 4715 sanguis
921 4643 1159 4701 fratrum
1177 4688 1192 4715 ,
1223 4656 1281 4703 et
1304 4649 1603 4719 periculum
1628 4649 1835 4721 prafati
1945 4643 2166 4700 gnosco'
2197 4628 2559 4733 Onfmil’mf‘s
2578 4627 3241 4733 Pefs_“!°”_“isu?,'°mae
3262 4630 3538 4733 D°‘T‘"“’3'

260 4725 456 4798 imperii
497 4731 657 4805 digna
684 4739 1063 4808 compassione
1090 4750 1337 4811 moveat,
1368 4751 1423 4798 et
1445 4720 1643 4799 vestra,
1665 4745 1837 4801 virtus
1944 4737 2041 4793 Per
2077 4722 2458 4829 a‘fcm‘rimfem
2483 4720 2793 4829 beatiem
2832 4726 2887 4825 ίῗῐ
2924 4720 3161 4826 Pauli,’a
3200 4723 3413 4829 om
3446 4740 3541 4829 Ws

260 4835 346 4891 pro
380 4825 575 4882 Christi
633 4832 859 4887 nomine
892 4850 1005 4890 non
1061 4836 1291 4892 invitam
1352 4836 1728 4911 fatigationem
1765 4838 1835 4895 ad
1944 4816 2179 4886 peccatis
2204 4814 2450 4871 absolvat
2462 4822 2566 4911 2et
2592 4812 2662 4869 ad
2690 4813 2962 4911 gremium
2991 4815 3314 4872 universalis
3352 4819 3542 4876 matris

263 4912 463 4974 ferenda
515 4918 781 4979 fratribus
826 4928 1015 4982 auxilia
1063 4930 1272 4986 subeat.
1335 4906 1607 5005 Quidquid
1651 4940 1832 4989 autem
1947 4917 2142 5016 νθξξτξθ
2178 4924 2307 5016 Eum
2345 4906 2884 5016 Ba“di°_ffd“°a‘;,
3083 5001 3095 5014 .
3155 5002 3190 5016 ,,
3233 5004 3267 5016 _.

262 5020 403 5079 super
432 5011 536 5067 hac
576 5029 639 5069 re
667 5015 851 5071 divina
890 5019 1065 5089 pietas
1100 5022 1291 5078 vestris
1317 5002 1515 5080 animis
1544 5024 1831 5092 indiderit,
2012 5005 2155 5059 Data
2178 5004 2377 5058 Romae
2400 5010 2596 5073 quarto
2615 5004 2802 5057 Nonas
2828 5002 3044 5072 Mami’
3080 5002 3378 5062 indiCtione
3406 5005 3541 5063 duo'

264 5100 358 5155 sine
388 5120 541 5163 mora
576 5109 745 5165 certis
782 5110 1142 5183 legationibus
1184 5116 1340 5172 nobis
1368 5119 1685 5174 renuntiare
1714 5126 1833 5174 stu-
1943 5096 2172 5153 άθθίωδο

264 5190 387 5251 dcte.

322 5290 450 5348 Data
500 5295 697 5352 Roma
735 5298 862 5354 Kal.
904 5301 1105 5371 Martii,
1135 5302 1437 5360 indictione
1482 5304 1836 5365 duodecima.

818 5396 1155 5453 EPISTOLA
1202 5400 1267 5454 L.

360 5496 435 5536 ΔΙ)
451 5496 806 5543 ΒΒΔΤΒΙΟΕΠ
830 5503 903 5545 ΕΤ
918 5506 1286 5550 ΜΑτΗιιΒΕΜ
1302 5508 1435 5551 EJUS
1461 5511 1511 5550 ΡΙ
1522 5511 1693 5553 LIAM.

833 5587 1014 5649 (Anno
1060 5590 1243 5658 1074.)

326 5669 622 5755 Committi}.
636 5678 715 5755 eis
730 5693 964 5755 causam
1008 5683 1145 5736 inter
1166 5688 1468 5755 episcopum
1497 5686 1839 5743 Rusellanum
2009 5670 2247 5755 1³⁷·οΡτῆτῇ
2274 5669 2683 5755 “contumaciam
2698 5669 2983 5755 confinng

491 5750 543 5798 et
576 5748 871 5814 Uguu’mm
905 5755 1147 5809 comitem
1171 5738 1835 5814 ιὲτηηίῆἀήἀ

2019 5741 2305 5807 gravatum
2334 5740 2561 5801 sentiat,
2608 5740 2834 5793 Romam
2858 5738 3063 5790 veniat.

320 5834 673 5895 Gnsaonius
693 5840 998 5913 episcopus,
1018 5861 1203 5904 servus
1227 5864 1509 5907 servorum
1537 5852 1656 5922 Dei,
1686 5854 1841 5909 ΒΕΑ·
2020 5852 2385 5909 Gnnooaws
2411 5850 2719 5922 episcopus,
2750 5860 2934 5901 servus
2954 5860 3244 5985 servorum
3274 5846 3399 5913 Dei,
3436 5852 3551 5905 An-

525 5927 751 5983 Punon.
793 5931 1053 5985 CXLVIII.
3158 5939 3174 5985 ¹

525 5927 751 5983 Ρλτειοι.
793 5931 1053 5989 CXLVIII.
3121 5937 3174 5987 “

252 4072 342 4126 Dei
380 4082 435 4128 et
482 4075 537 4129 in
578 4078 821 4147 potentia
866 4081 1077 4136 virtutis
1108 4083 1223 4153 ejus
1250 4083 1524 4153 conﬁsos,
1582 4088 1836 4144 omnibus

250 4164 414 4220 modis
441 4166 495 4221 id
521 4172 691 4239 agere)
711 4180 875 4242 atque
890 4189 1083 4243 parare
1097 4168 1155 4229 ut
1166 4174 1498 4247 adjutorium
1521 4179 1834 4235 Christiano

252 4256 473 4329 imperio
494 4278 660 4334 quam
683 4265 866 4333 citius,
899 4271 1019 4323 Deo
1052 4269 1298 4341 juvante,
1330 4270 1619 4328 faciamus.
1669 4272 1833 4329 Unde

252 4364 339 4407 vos
364 4370 456 4424 per
480 4355 674 4424 ﬁdem,
706 4359 761 4414 in
790 4375 895 4430 qua
928 4377 1023 4432 per
1067 4364 1344 4420 Christum
1376 4367 1430 4421 in
1476 4365 1830 4437 adoptionem

254 4442 475 4502 ﬁliorum
522 4452 623 4505 Dei
674 4454 813 4508 uniti
845 4455 1003 4519 estis,
1033 4456 1406 4525 obsecramus,
1431 4468 1487 4515 et
1513 4460 1833 4515 auctoritate

256 4537 379 4596 beati
404 4545 549 4600 Petri
573 4548 947 4616 apostolorum
979 4551 1239 4624 principis
1265 4554 1651 4623 admonemus,
1682 4562 1743 4612 ut
1780 4566 1836 4612 et

2502 5191 2855 5247 EPISTOLA
2894 5191 2984 5246 LI.

2090 5315 2175 5355 AD
2216 5312 2551 5355 ARNALDUM
2590 5313 2874 5354 ABBATEM
2913 5312 3130 5354 SANCTI
3170 5314 3398 5357 SEVERI.

2554 5410 2731 5481 (Anno
2758 5414 2939 5475 1074.)

1948 5522 2164 5591 Arguit
2186 5523 2327 5593 quod
2351 5520 2425 5577 ad
2449 5522 2715 5593 synodum
2737 5526 2954 5574 vocatus
2979 5535 3083 5575 non
3109 5525 3335 5585 venerit,
3353 5530 3549 5580 senten—

2019 5598 2153 5649 tiam
2194 5592 2449 5649 adversus
2482 5610 2599 5648 eum
2641 5592 2816 5647 latam
2850 5594 2917 5646 de
2947 5594 3179 5661 quodam
3229 5600 3548 5651 monasterio

2009 5670 2239 5739 propter
2288 5668 2671 5721 contumaciam
2710 5668 3005 5739 conﬁrmat.
3038 5666 3215 5739 Monet
3270 5671 3359 5729 ut,
3394 5671 3444 5720 si
3495 5683 3550 5723 se
