4106 6182
541 248 634 307 334

1225 251 1281 305 s.
1322 249 1637 305 GREGORII
1675 250 1766 302 vn
1804 250 1999 303 PAPAZ
2037 244 2311 301 OPERUM
2352 249 2521 302 mus
2562 250 2599 303 ι.
2645 280 2711 287 -
2750 236 3147 323 REGISTBUM.

3733 248 3835 304 332

530 376 745 433 ‘NALno
797 377 976 432 abbati
1011 374 1195 431 Sancti
1227 374 1406 429 Severi
1434 370 1668 428 salutem
1692 381 1746 428 et
1775 372 2129 442 apostolicam
2157 376 2211 437 Α
2240 387 2379 427 onus
2408 381 2471 427 ut
2492 381 2747 444 utrasque
2774 373 3024 429 abbatias
3042 381 3277 445 regeret,
3298 376 3604 428 Metensem
3634 372 3842 428 scilicet

539 473 999 529 benedictionem.

610 569 733 623 Non
760 564 1048 620 mediocris
1071 572 1127 618 te
1159 561 1548 618 inobedientiaa
1574 577 1800 633 arguere
1823 576 2135 633 possumus,

542 661 686 733 quod
736 668 855 731 post
897 659 1098 713 multas
1135 657 1506 726 querimonias
1546 655 1611 711 de
1661 665 1714 710 te
1763 656 1816 710 in
1865 654 2138 709 Romanis

543 752 785 825 conciliis
837 750 1029 815 factas,
1086 750 1485 805 monasterium
1544 751 1761 803 Sanctae
1807 747 1994 802 Crucis
2069 744 2136 799 de

538 845 775 901 ecclesiae
801 846 1014 899 Sancta:
1039 844 1249 911 Mariae,
1283 844 1491 898 nullam
1519 843 1698 897 adhuc
1744 841 2010 913 iustitiam
2065 839 2142 893 sit

539 952 917 998 consecutum.
978 940 1132 995 Licet
1182 956 1413 995 examen
1478 938 1834 1009 exquirendae
1894 937 2139 992 veritatis

542 1034 702 1107 hujus
748 1033 951 1105 negotii
994 1032 1197 1087 frivolis
1221 1032 1668 1087 excusationibus
1719 1032 1834 1102 jam
1867 1046 1933 1085 ex
1974 1030 2137 1099 longo

540 1136 788 1199 tempore
815 1128 1043 1183 evitasse
1067 1125 1300 1181 videaris
1318 1169 1333 1193 ,
1359 1124 1607 1195 praesenti
1640 1133 1822 1179 tamen
1864 1139 2009 1177 anno
2041 1139 2138 1193 pro

545 1221 851 1278 deﬁnienda
904 1222 997 1276 lite
1021 1229 1207 1276 nostra
1236 1236 1266 1274 a
1314 1222 1487 1293 legato
1517 1230 1705 1275 nostro
1741 1218 1967 1275 Giraldo
2012 1218 2137 1290 [Ge-

547 1315 734 1388 rardo]
767 1314 1004 1371 Ostiensi
1033 1315 1290 1386 episcopo
1315 1314 1383 1369 ad
1409 1315 1680 1385 synodum
1733 1322 1987 1377 vocatus,
2018 1313 2139 1367 nul-

521 1412 659 1465 lam
690 1413 811 1466 Deo
843 1417 898 1465 et
924 1418 1117 1465 sancto
1146 1412 1311 1464 Petro
1361 1408 1559 1464 diceris
1600 1407 1962 1463 reverentiam
1993 1406 2140 1461 exhi-

546 1504 759 1572 buisse,
791 1502 928 1559 adeo
965 1512 1057 1569 ut,
1096 1510 1407 1574 contempta
1460 1503 1785 1558 auctoritate
1829 1500 2143 1572 apostolicae

544 1599 706 1667 sedis,
733 1612 913 1671 neque
949 1606 1009 1653 tu
1036 1598 1243 1665 venire,
1297 1613 1476 1669 neque
1507 1597 1640 1653 alios
1666 1596 1813 1668 juste
1841 1604 1895 1651 te
1923 1611 2142 1650 excusa-

543 1700 699 1749 turos
722 1691 994 1747 studueris
1024 1691 1261 1747 mittere.
1292 1688 1489 1757 Unde,
1534 1690 1656 1761 quia
1704 1689 2010 1745 absentatio
2052 1697 2142 1743 tua

542 1786 799 1843 indicium
837 1785 1123 1857 injustitiaa
1150 1794 1259 1840 tuae
1288 1784 1652 1839 clarissimum
1684 1783 1901 1851 tribuit,
1943 1781 2144 1837 difﬁni-
2175 1771 2224 1834 B

538 1890 661 1939 tum
680 1891 763 1938 est
781 1883 835 1936 in
860 1883 1052 1938 eadem
1072 1881 1303 1953 synodo,
1339 1882 1671 1937 monasterio
1702 1882 1917 1935 Sanctae
1956 1879 2146 1935 Crucis

540 1979 812 2050 praedicta;
833 1978 1086 2034 ecclesiae
1106 1980 1321 2034 Sanctae
1349 1978 1641 2049 Mariaejus
1663 1986 1716 2031 et
1736 1976 2145 2048 possessionem

542 2074 946 2129 restituendam
970 2090 1107 2127 esse.
1141 2074 1319 2140 Quam
1346 2072 1609 2127 nimirum
1633 2069 2017 2125 diffinitionem
2044 2084 2145 2125 nos

541 2167 934 2239 approbantes,
978 2167 1325 2238 praecipimus
1364 2165 1463 2221 tibi
1502 2164 1797 2236 apostolica
1826 2163 2144 2218 auctoritate

540 2270 602 2317 ut
622 2261 905 2333 praefatum
938 2260 1332 2316 monasterium
1366 2263 1583 2315 Sanctae
1610 2258 1817 2323 Crucis,
1846 2258 1990 2312 sicut
2036 2266 2144 2312 sta-

539 2364 718 2413 tutum
734 2366 844 2421 est,
871 2356 1051 2426 quiete
1079 2364 1264 2409 tenere
1292 2353 1597 2425 permittas.
1639 2352 1797 2421 Quod
1821 2351 1866 2406 si
1904 2359 1959 2405 te
1986 2351 2144 2422 justi-

539 2451 674 2505 tiam
721 2450 921 2506 babere
949 2449 1208 2515 conﬁdis,
1254 2449 1401 2504 hunc
1450 2463 1623 2519 usque
1670 2446 1739 2502 ad
1782 2444 2139 2500 festivitatem

539 2544 795 2599 omnium
842 2550 1162 2599 sanctorum
1206 2541 1276 2597 ad
1306 2557 1411 2596 nos
1450 2540 1635 2596 venire
1685 2538 1933 2606 studeas,
1977 2547 2139 2608 teque

538 2637 795 2708 praedicto
821 2636 1003 2693 abbati
1043 2637 1237 2691 eodem
1266 2635 1503 2690 termino
1525 2641 1814 2689 venturum
1856 2631 2136 2698 notiﬁces;

537 2739 807 2802 quatenus
865 2731 1146 2801 utriusque
1212 2729 1380 2800 partis
1437 2727 1755 2799 perquisitis
1803 2725 2135 2790 rationibus,

538 2832 749 2881 certum
782 2839 961 2881 causae
991 2832 1186 2879 vestrm
1222 2822 1408 2890 ﬁnem,
1457 2825 1575 2876 Deo
1603 2821 1930 2887 auxiliante,
1962 2819 2133 2888 impo~

540 2926 754 2973 namus.
806 2922 807 2929 ‘

612 3016 754 3083 Data
790 3015 987 3067 Romae
1009 3010 1065 3067 in
1114 3009 1347 3083 synodo,
1393 3008 1633 3065 secundo
1662 3008 1792 3064 ldus
1818 3006 2017 3069 Martii,
2053 3006 2133 3059 in-

536 3103 778 3160 dictione
810 3105 1154 3161 duodecima.

1059 3198 1410 3253 EPISTOLA
1465 3198 1564 3250 LII
1575 3238 1588 3250 .

630 3309 711 3349 AD
749 3306 1081 3350 MANASSEM
1120 3304 1674 3348 ABCHIEPISCOPUM
1710 3302 2068 3345 BEMENSEM.

1137 3384 1316 3445 (Anno
1350 3380 1529 3449 1074.)

536 3480 753 3537 Laudat
780 3494 898 3532 eum
922 3477 1063 3547 quod
1084 3478 1397 3529 monasterii
1426 3476 1610 3529 Sancti
1654 3474 1885 3541 Remigii
1916 3473 2137 3547 religio-

606 3568 725 3606 sum
744 3544 992 3604 abbatem
1008 3549 1335 3617 prwfecerit,
1368 3549 1461 3600 cui
1478 3551 1789 3614 potestatem
1809 3545 1950 3611 facit
1971 3544 2137 3595 altam

610 3625 887 3677 abbatum:
914 3618 1356 3679 administrandi,
1389 3620 1439 3671 si
1474 3623 1683 3671 tantum
1712 3632 1841 3669 onus
1873 3617 2017 3681 ferre
2038 3630 2136 3666 ca-

608 3694 715 3747 leat
740 3710 758 3745 :
781 3693 922 3759 quod
946 3693 995 3744 si
1020 3706 1123 3743 non
1148 3691 1339 3759 possit,
1360 3688 1516 3757 jubet
1542 3690 1719 3757 ipsum
1740 3688 1874 3741 dare
1894 3700 2135 3754 operam,

608 3769 674 3818 ut
702 3765 841 3816 alius
874 3763 1054 3814 abbas
1069 3762 1420 3830 praeﬁciatur.

608 3856 965 3911 Gnnoonms
986 3854 1290 3923 episcopus,
1319 3867 1509 3907 servus
1539 3866 1825 3906 servorum
1846 3850 1971 3915 Dei,
2005 3852 2133 3904 ΜΑ-

538 3965 743 4006 ΝΑεεΑς.
764 3946 1023 4003 Remensi
1041 3946 1449 4017 archiepiscopo
1470 3945 1700 4000 salutem
1715 3953 1769 3999 et
1782 3942 2135 4014 apostolicam

539 4044 992 4099 benedictionem.

611 4141 867 4193 Romana
907 4132 1149 4190 Ecclesia
1178 4131 1512 4204 jamdudum
1538 4131 1946 4187 fraternitatem
1976 4136 2132 4186 tuam

542 4233 686 4288 ulnis
714 4240 978 4287 maternae
1002 4228 1307 4285 dilectionis
1335 4228 1699 4299 amplectens,
1753 4225 1966 4299 speciali
1996 4243 2131 4298 quo-

540 4328 843 4383 dammodo
869 4326 1137 4383 charitate
1189 4324 1402 4393 dilexit,
1444 4334 1498 4380 et
1525 4325 1963 4397 praestantissima
2001 4346 2130 4384 cura

541 4422 852 4478 dulcissime
883 4420 1047 4486 fovit;
1096 4420 1404 4492 praesertim
1433 4436 1534 4475 nos
1585 4421 1725 4477 adeo
1755 4429 1863 4478 tum
1912 4440 2131 4494 promo-

540 4514 673 4570 tioni
699 4513 935 4569 favimus
958 4520 1013 4568 et
1040 4512 1442 4577 consensimus,
1488 4522 1550 4567 ut
1595 4530 1932 4585 nequeamus
1964 4518 2134 4572 vitare

540 4624 700 4681 grave
746 4608 1072 4679 periculum,
1101 4608 1143 4662 si
1187 4623 1245 4662 ea
1293 4607 1485 4663 feceris
1535 4623 1657 4678 quae
1686 4618 1843 4664 tuum
1885 4612 2134 4667 ordinem

539 4702 929 4769 dehonestent,
992 4709 1084 4756 aut
1130 4710 1282 4756 tuam
1331 4717 1446 4757 non
1506 4700 1735 4757 deceant
1795 4702 2136 4775 dignitatem.

540 4794 703 4850 Unde
733 4794 779 4848 si
808 4793 1028 4865 quando
1069 4810 1131 4848 ea
1171 4794 1238 4849 de
1269 4803 1320 4849 te
1351 4794 1664 4849 audivimus
1685 4813 1808 4867 quae
1827 4806 1923 4853 tuo
1954 4800 2136 4855 ordini

538 4905 655 4943 non
692 4897 1023 4960 congruunt,
1071 4887 1318 4942 maximo
1350 4904 1587 4943 mmrore
1617 4890 2026 4959 confundimur,
2072 4910 2135 4948 ac

540 4982 767 5053 proinde
811 4983 999 5037 leviter
1050 4981 1397 5036 dissimulare
1453 4998 1567 5036 non
1624 5000 1933 5053 possumus.
1985 4989 2137 5041 Inter

538 5079 760 5128 caeteras
787 5070 1011 5142 quidem
1043 5069 1417 5140 querimonias
1446 5085 1568 5140 quae
1598 5070 1668 5125 de
1688 5079 1742 5125 te
1764 5074 1966 5127 nostris
1990 5076 2135 5129 auri-

539 5166 644 5221 bus
673 5173 801 5219 sunt
843 5164 1063 5228 delatae,
1109 5163 1450 5232 querimonia
1477 5164 1796 5217 monasterii
1827 5168 1993 5221 sancti
2022 5170 2133 5222 Re-

541 5254 695 5323 migii
738 5252 937 5306 acriter
979 5251 1227 5305 animum
1272 5259 1527 5304 nostrum
1570 5250 1846 5317 turbavit,
1894 5262 1945 5307 et
1979 5254 2031 5308 in
2082 5263 2134 5309 te

539 5345 885 5398 vehementer
930 5343 1253 5397 commovit.
1282 5344 1511 5410 Verum,
1544 5342 1665 5411 quia
1707 5359 1850 5399 nunc
1883 5348 2132 5418 cognovi-

539 5451 665 5489 mus
692 5434 837 5505 quod
858 5433 1001 5486 idem
1035 5433 1429 5488 monasterium
1459 5433 1649 5487 melius
1676 5435 1940 5492 ordinasti
1966 5455 2131 5509 quam

538 5528 846 5584 audivimus
874 5527 956 5581 vel
1003 5526 1369 5596 speravimus,
1416 5527 1674 5598 quoniam
1723 5529 1794 5585 ibi
1840 5532 2132 5588 honestum

537 5623 786 5680 moribus
824 5630 878 5676 et
915 5621 1189 5675 eruditum
1220 5621 1407 5675 litteris
1432 5621 1707 5677 hominem
1730 5627 1989 5693 posuisti,
2021 5644 2132 5683 non

542 5716 767 5771 minima
797 5713 982 5771 laetitia
1020 5714 1262 5768 animum
1292 5723 1545 5769 nostrum
1587 5715 1917 5773 refocillasti.
1950 5721 2131 5775 Abbas

536 5811 752 5882 quidem
780 5808 941 5864 nobis
982 5807 1282 5864 admodum
1316 5810 1531 5877 placet:
1565 5818 1645 5875 et,
1679 5810 1725 5864 si
1773 5820 1955 5880 posset
1993 5812 2133 5869 ferre.

2242 474 2298 520 et
2319 468 2672 534 Remensem,
2705 467 3013 523 laudassem
3042 483 3139 537 pro
3170 483 3257 535 eo,
3285 466 3416 538 quia
3446 465 3529 521 vir
3558 474 3610 521 et
3628 466 3841 537 religio-

2243 577 2337 615 sus
2367 567 2421 615 et
2449 560 2668 632 sapiens
2711 568 2812 615 est.
2843 560 3106 631 Alioquin
3156 561 3201 614 si
3235 560 3447 631 pondus
3478 568 3841 630 utrarumque

2242 655 2519 726 regiminis
2566 671 2727 726 super
2756 671 2916 726 posse
2963 655 3062 709 sibi
3110 663 3213 721 est,
3258 663 3318 710 ut
3342 654 3455 724 ipse
3496 653 3719 720 fatetur,
3768 670 3840 708 ne

2246 748 2407 802 nimia
2442 748 2733 819 gravedine
2762 765 2979 820 pressus
3020 748 3362 813 succumbat,
3410 764 3666 818 rogamus
3707 764 3843 817 pru-

2243 840 2484 896 dentiam
2518 851 2701 909 tuam,
2736 842 2847 896 imo
2871 842 3173 913 apostolica
3198 842 3524 896 auctoritate
3552 856 3843 896 monemus

2245 942 2515 1004 quatenus
2543 949 2645 987 suo
2675 933 2898 987 consilio
2952 941 3007 987 et
3046 948 3343 996 consensu,
3374 948 3467 1002 per
3514 930 3843 986 electionem

2245 1027 2684 1097 congregationis
2712 1025 3015 1081 secundum
3060 1026 3300 1097 regulam
3335 1025 3506 1079 sancti
3545 1023 3841 1089 Benedicti,

2245 1121 2503 1177 idoneum
2536 1121 2607 1175 ibi
2642 1129 2945 1188 rectorem,
2970 1124 3085 1175 Deo
3134 1119 3486 1185 concedente,
3518 1120 3841 1174 constituas.

2246 1217 2354 1271 Pro
2384 1224 2531 1271 certo
2559 1215 2704 1270 enim
2732 1216 2944 1270 noveris
2981 1214 3238 1284 quoniam
3267 1215 3338 1269 ita
3366 1212 3527 1269 chara
3559 1213 3660 1267 erit
3686 1213 3847 1268 nobis

2246 1311 2389 1367 illius
2420 1312 2731 1367 monasterii
2760 1312 2989 1367 honesta
3035 1319 3089 1365 et
3130 1310 3389 1382 regularis
3421 1309 3698 1381 regiminis
3744 1324 3841 1362 or-

2248 1406 2477 1471 dinatio,
2503 1423 2567 1461 ac
2592 1406 2635 1461 si
2666 1415 2808 1461 esset
2829 1405 2883 1460 in
2914 1404 3249 1461 monasterio
3280 1405 3450 1460 sancti
3480 1405 3660 1459 Pauli.

2319 1502 2458 1554 Data
2513 1502 2711 1555 Romae
2765 1498 2821 1553 in
2863 1497 3104 1571 synodo,
3158 1498 3397 1553 secundo
3453 1496 3581 1553 ldus
3633 1495 3848 1562 Martii,

2250 1592 2546 1648 indictione
2565 1592 2910 1649 duodecima.

2783 1736 3130 1790 EPISTOLA
3171 1735 3315 1789 LIII.

2397 1866 2479 1906 AD
2517 1868 2946 1908 HERIMANNUM
2994 1867 3323 1908 METENSEM
3362 1864 3702 1906 EPISCOPUM

2856 1976 3033 2037 (Anno
3068 1976 3268 2035 1074.)‘

2252 2091 2419 2148 Suum
2462 2110 2590 2159 erga
2642 2093 2799 2147 illum
2844 2109 3079 2148 amorem
3126 2096 3377 2146 testatur.
3409 2093 3549 2146 Petit
3577 2095 3637 2143 ut
3661 2106 3767 2158 pro
3790 2106 3851 2143 se

2330 2168 2628 2221 Domi-2mm
2680 2167 3011 2233 deprecetur.
3045 2166 3329 2231 Signiﬁcat
3374 2164 3617 2216 abbatem
3647 2162 3851 2216 Arnul-

2317 2238 2491 2307 phum
2520 2239 2652 2290 velle
2682 2239 2928 2291 Remensi
2954 2237 3187 2289 abbatiw
3206 2238 3535 2294 renuntiare,
3562 2239 3611 2287 et
3638 2236 3845 2286 Meten-

2320 2312 2394 2362 sis
2424 2324 2530 2362 esse
2574 2312 2889 2362 contentum.

2320 2448 2683 2503 Gnnoonws
2700 2448 3009 2518 episcopus,
3026 2463 3215 2502 servus
3232 2463 3515 2503 servorum
3534 2446 3850 2511 Dei,Hnar-

2249 2557 2462 2597 ΜΑΝΝΟ
2510 2541 2869 2614 [Hermanno]
2924 2542 3153 2596 Metensi
3214 2541 3468 2612 episcopo
3509 2541 3743 2595 salutem
3789 2548 3849 2594 et

2244 2637 2603 2706 apostolicam
2630 2635 3095 2693 benedictionem.

2316 2728 2553 2784 Litteras
2572 2728 2878 2784 dilectionis
2907 2738 3016 2784 tuae
3047 2736 3323 2799 gratanter
3351 2726 3692 2798 accepimus,
3714 2728 3845 2797 quia

2245 2823 2299 2877 in
2348 2823 2426 2878 eis
2455 2822 2852 2878 abundantiam
2883 2823 3188 2878 devotionis
3216 2833 3325 2877 tua:
3350 2838 3476 2894 erga
3513 2837 3613 2876 nos
3642 2822 3845 2876 exube-

2244 2932 2363 2971 rare
2419 2916 2795 2988 cognovimus.
2846 2920 2960 2972 Nos
3004 2914 3226 2987 quidem
3287 2917 3540 2971 omnibus
3593 2914 3843 2969 debitum

2241 3010 2618 3066 sollicitudinis
2646 3020 2852 3066 nostrae
2875 2998 3137 3065 exhibere
3163 3010 3416 3065 volumus
3453 3016 3508 3063 et
3541 3008 3843 3073 debemus,

2245 3104 2503 3175 quoniam
2556 3105 2809 3159 omnium
2857 3119 3043 3158 curam
3083 3103 3457 3173 suscepimus,
3487 3111 3541 3157 et
3592 3101 3845 3157 omnium

2174 3177 2219 3239 (ἶ
2250 3198 2481 3252 salutem
2529 3197 2780 3268 cupimus
2843 3207 2897 3252 et
2957 3206 3249 3268 optamus:
3289 3198 3414 3268 quia
3467 3196 3595 3251 licet
3637 3195 3845 3265 indigni

2249 3290 2458 3345 meritis
2483 3293 2725 3361 regimen
2754 3292 3077 3346 universalis
3122 3290 3374 3346 Ecclesia:
3413 3288 3719 3360 regendum
3756 3305 3848 3344 ac-

2246 3385 2510 3455 cepimus,
2541 3393 2596 3440 et
2611 3385 2976 3440 ministerium
2992 3384 3476 3456 evangelizandum
3503 3384 3844 3454 accepimus,

2248 3494 2328 3535 va:
2356 3478 2513 3534 nobis
2538 3479 2582 3533 si
2606 3495 2720 3534 non
2744 3478 3306 3549 evangelizaverimus.
3337 3481 3408 3533 Et
3431 3478 3555 3532 licet
3587 3476 3848 3533 omnibus

2246 3572 2517 3627 debitores
2562 3588 2775 3637 sumus,
2825 3572 3091 3642 praecipue
3133 3581 3319 3627 tamen
3351 3570 3666 3627 domesticis
3716 3570 3845 3625 ﬁdei

2246 3682 2435 3721 curam
2487 3673 2690 3721 nostrae
2740 3666 3130 3721 sollicitudinis
3181 3665 3441 3721 exhibere
3484 3664 3748 3721 condecet
3786 3673 3846 3719 et

2245 3768 2481 3831 oportet.
2529 3759 2694 3815 Unde
2737 3760 2952 3815 noverit
2999 3758 3312 3815 fraternitas
3360 3769 3537 3815 vestra
3578 3758 3842 3829 quoniam

2244 3854 2311 3909 de
2341 3853 2493 3908 vobis
2525 3853 2837 3925 propensior
2887 3861 2970 3909 est
3008 3854 3164 3909 nobis
3206 3870 3333 3909 cura
3362 3864 3419 3911 et
3464 3855 3518 3907 in
3555 3852 3706 3908 vobis
3751 3868 3842 3907 ar-

2244 3946 2460 4003 dentior
2486 3963 2662 4015 amor,
2696 3964 2794 4019 pro
2823 3964 2888 4004 eo
2913 3947 3119 4003 scilicet
3142 3948 3291 4018 quod
3317 3947 3497 4018 dignae
3526 3961 3848 4016 recompen-

2242 4040 2470 4096 sationis
2528 4057 2733 4098 munus
2789 4058 2820 4096 a
2875 4050 3073 4098 vestra:
3129 4040 3431 4096 sanctitatis
3495 4038 3845 4095 orationibus

2240 4143 2639 4206 exspectamus.
2678 4135 2857 4192 Grave
2885 4135 3030 4191 enim
3071 4134 3283 4206 pondus
3322 4133 3624 4207 gerendum
3654 4148 3848 4188 susce—

2241 4229 2440 4300 pimus,
2472 4237 2555 4294 et,
2598 4228 2698 4284 nisi
2726 4229 2924 4284 vestris
2950 4238 3006 4284 et
3028 4228 3200 4284 totius
3236 4227 3659 4285 Christianitatis
3700 4225 3843 4282 ﬁde-

2242 4322 2377 4377 lium
2433 4322 2770 4378 orationibus
2813 4321 3120 4389 fulciamur,
3178 4320 3322 4378 ferre
3370 4321 3680 4377 nullatenus
3719 4336 3847 4387 pos-

2244 4431 2452 4471 sumus.
2520 4416 2864 4487 QuaprOpter
2940 4432 3237 4489 rogamus,
3303 4424 3363 4470 ut
3440 4423 3641 4470 sanctae
3702 4429 3845 4470 con-

2245 4507 2574 4580 gregationis
2621 4517 2813 4565 vestrae
2871 4510 3100 4566 assiduis
3160 4509 3499 4566 orationibus
3568 4508 3843 4563 sublevari

2164 4577 2215 4638 D
2251 4605 2715 4659 mereamur.Non
2747 4605 2925 4660 solum
2946 4604 3091 4659 enim
3110 4612 3228 4659 tam
3266 4600 3463 4659 sancta:
3476 4603 3846 4674 congregatio-

2251 4696 2340 4751 nis
2367 4696 2638 4753 orationes
2658 4697 2915 4753 ardenter
2936 4698 3229 4769 exigimus,
3252 4712 3441 4752 verum
3468 4695 3635 4750 totius
3651 4694 3842 4765 populi

2251 4792 2549 4860 quaerimus
2567 4799 2621 4846 et
2648 4800 2920 4861 Optamus.
2948 4794 3218 4847 Prazterea
3238 4790 3404 4845 abbas
3432 4788 3611 4844 Sancti
3641 4789 3847 4843 Arnul-

2248 4883 2361 4953 phi,
2398 4884 2477 4940 vir
2512 4891 2593 4951 (ut
2618 4885 2774 4940 nobis
2823 4883 3047 4953 videtur)
3080 4883 3361 4954 religiosus
3399 4890 3455 4939 et
3495 4882 3589 4936 tibi
3642 4881 3839 4947 ﬁdelis,

2245 4976 2403 5033 nobis
2431 4978 2681 5045 innotuit,
2714 4978 2859 5049 quod
2911 4977 3040 5031 velit
3074 4976 3167 5049 [f.,
3215 4976 3389 5047 malit]
3416 4976 3518 5031 sub
3564 4985 3659 5031 tuo
3686 4976 3841 5046 regi-

2247 5071 2393 5125 mine
2434 5088 2641 5143 pauper
2680 5072 2874 5137 vivere,
2924 5086 3091 5142 quam
3143 5070 3273 5127 alibi
3326 5071 3477 5125 dives
3520 5076 3577 5125 et
3622 5076 3837 5139 potens.

2246 5165 2375 5221 Vult
2394 5165 2538 5219 enim
2572 5165 2634 5235 (si
2666 5165 2760 5219 tibi
2788 5164 3014 5233 videtur)
3042 5164 3353 5220 renuntiare
3379 5163 3611 5218 abbatiae
3641 5162 3838 5217 Sancti

2245 5258 2513 5328 Remigii,
2545 5267 2602 5312 et
2628 5265 2843 5312 tantum
2887 5265 3081 5313 vestrae
3121 5257 3300 5329 Vorte,
3344 5264 3539 5312 vestra.
3574 5254 3671 5327 H.]
3716 5269 3840 5309 esse

2244 5359 2533 5406 contentus
2565 5369 2578 5405 :
2611 5350 2769 5420 cujus
2797 5350 2874 5406 rei
2906 5367 3068 5407 causa
3092 5352 3344 5407 misimus
3374 5350 3581 5405 litteras
3618 5359 3838 5404 nostras

2247 5443 2501 5499 Remensi
2526 5444 2950 5516 archiepiscopo,
2985 5454 3047 5501 ut
3092 5446 3295 5500 dictam
3328 5444 3603 5499 abbatiam
3640 5458 3836 5498 secun—

2243 5537 2378 5592 dum
2408 5540 2584 5593 Deum
2611 5540 3011 5595 consilioistius
3036 5540 3090 5593 in
3118 5538 3286 5592 alium
3317 5537 3546 5602 ordinet,
3576 5538 3676 5591 iste
3704 5552 3835 5615 vero

2245 5632 2396 5687 vobis
2428 5634 2814 5689 tantummodo
2841 5633 3022 5688 cedat.
3066 5634 3178 5686 Vos
3211 5640 3395 5686 autem
3426 5645 3679 5703 rogamus
3702 5646 3837 5701 qua-

2243 5735 2401 5781 tenus
2444 5743 2541 5797 pro
2596 5726 2862 5782 charitate
2902 5735 3089 5782 nostra
3117 5741 3243 5781 eum
3286 5725 3501 5781 charius
3552 5723 3835 5789 habeatis,

2242 5826 2301 5873 ut
2327 5821 2525 5874 sentiat
2547 5820 2842 5890 profecisse
2869 5819 2965 5875 sibi
2988 5818 3147 5891 quod
3159 5818 3233 5875 ad
3257 5834 3361 5875 nos
3378 5818 3540 5873 venit.
