4122 6184
240 262 325 323 333

1334 260 1537 324 LIBER
1572 270 1838 326 PRIMUS.
1878 300 1947 311 —
1984 274 2197 328 EPIS'I‘.
2237 273 2386 330 LVII.

3405 284 3512 336 334

300 396 423 448 Data
448 392 503 447 in
541 390 773 464 synodo,
808 390 1048 448 secundo
1091 390 1224 448 Idus
1260 393 1475 461 Martii,
1514 395 1811 452 indictione
1839 404 1894 464 Α
1921 401 2233 471 apostolica:
2273 400 2615 456 auctoritatis
2665 414 2761 456 vos
2815 401 2886 457 ad
2914 401 3277 459 obedientiam
3339 394 3509 459 ﬂexit.

235 486 559 544 duodecima.

746 592 1094 649 EPISTOLA
1132 594 1271 648 LIV.

497 709 580 749 AD
615 708 965 752 CANONICOS
1008 710 1229 752 SANCTI
1262 711 1527 753 HILABII.

806 792 988 856 (Anno
1044 795 1226 858 1074.)

231 887 371 942 Iubet
429 890 822 943 Pictavensium
867 891 1240 943 canonicorum
1285 890 1719 945 consuetudinem
1755 893 1813 944 in

294 960 589 1041 festivitate
654 962 829 1014 sancti
878 961 1083 1015 Hilarii
1129 967 1181 1016 et
1224 965 1461 1016 omnium
1513 967 1815 1016 sanctorum

296 1046 513 1085 δθνυατῑ.

298 1133 598 1190 Gnsconms
613 1134 918 1206 episcopus,
945 1149 1135 1190 servus
1150 1149 1431 1189 servorum
1454 1134 1578 1201 Dei,
1597 1134 1815 1190 canoni-

232 1227 305 1282 cis
331 1230 386 1282 S.
410 1228 601 1283 Hilarii
621 1228 852 1283 salutem
881 1236 938 1283 et
964 1228 1321 1299 apostolicam
1354 1227 1811 1284 benedictionem.

295 1324 500 1377 Notum
529 1321 679 1377 vobis
718 1338 837 1378 esse
876 1321 1134 1377 volumus
1175 1320 1327 1392 quod
1364 1321 1616 1377 canonici
1643 1322 1815 1378 Picta-

230 1430 413 1471 venses
444 1415 504 1470 in
542 1416 758 1489 synodo
786 1425 973 1471 nostra
1001 1415 1291 1487 conquesti
1319 1424 1471 1483 sunt,
1520 1430 1620 1472 vos
1644 1416 1819 1473 dene-

230 1525 347 1581 gare
387 1518 445 1566 et
480 1510 859 1566 contradicere
903 1511 1009 1566 illis
1051 1511 1532 1579 consuetudinem,
1565 1526 1732 1582 quam
1762 1512 1817 1567 in

230 1607 444 1663 ecclesia
482 1608 660 1663 Sancti
702 1607 894 1664 Hilarii
934 1608 1056 1680 jure
1094 1606 1301 1663 habere
1350 1607 1575 1674 debent,
1620 1607 1818 1664 videli-

228 1710 327 1768 cet,
351 1703 502 1758 utin
530 1703 822 1760 festivitate
871 1704 1119 1759 omnium
1160 1711 1507 1771 sanctorum,
1555 1712 1612 1759 et
1636 1703 1811 1759 sancti

230 1796 434 1865 Hilarii,
455 1813 581 1852 cum
607 1797 735 1853 illuc
754 1807 821 1853 ex“
837 1813 993 1853 more
1031 1812 1158 1852 cum
1187 1797 1537 1869 processione
1562 1798 1816 1865 veniunt,
1845 1769 1893 1831 Β

226 1888 268 1944 si
290 1890 577 1961 episcopus
602 1889 800 1959 aderit,
830 1890 946 1961 ipse
968 1890 1194 1945 missam
1216 1890 1491 1946 celebret:
1521 1890 1607 1946 sin
1630 1899 1818 1947 autem

229 1998 338 2037 non
359 1981 506 2038 adsit
534 1985 840 2055 episcOpus,
886 1983 1159 2051 decanus,
1191 1992 1287 2039 aut
1313 1984 1513 2055 aliquis
1541 1983 1610 2039 de
1638 1983 1820 2055 majo—

228 2075 376 2131 ribus
427 2076 705 2133 canonicis
734 2077 1062 2134 Pictavensis
1089 2076 1375 2161 Ecclesiae,
1408 2076 1651 2133 officium
1703 2078 1821 2133 vice

230 2169 466 2242 episcopi
497 2187 757 2245 peragere
801 2171 1014 2228 debeat.
1051 2171 1214 2240 Quod
1258 2188 1385 2227 cum
1431 2171 1575 2243 apud
1606 2188 1709 2228 nos
1768 2175 1823 2229 in

232 2265 446 2336 publico
487 2264 720 2322 concilio
765 2266 1087 2322 ventilatum
1129 2265 1310 2334 fuerit,
1342 2266 1605 2323 Gozelino
1635 2268 1825 2324 Bur'di-

230 2359 431 2431 galensi
470 2360 884 2431 archiepiscopo
911 2374 1131 2415 causam
1160 2368 1403 2416 vestram
1435 2377 1563 2417 cum
1586 2361 1821 2432 quibus-

231 2453 356 2509 dam
383 2454 506 2509 aliis
532 2453 879 2519 defendente,
913 2453 1146 2509 scientes
1164 2454 1334 2509 talem
1365 2454 1823 2511 consuetudinem

232 2546 280 2600 in
314 2551 572 2603 Romana
616 2546 849 2603 Ecclesia
886 2562 984 2618 per
1028 2548 1271 2620 singulas
1311 2549 1587 2615 stationes,
1619 2557 1673 2603 et
1716 2548 1827 2605 fere

234 2656 319 2711 per
340 2640 661 2696 universum
690 2640 882 2696 orbem
908 2640 961 2695 in
1007 2640 1127 2696 aliis
1156 2642 1414 2697 Ecclesiis
1441 2642 1547 2698 rite
1572 2651 1625 2697 et
1656 2643 1827 2698 ratio-

235 2734 489 2790 nabiliter
538 2735 735 2802 teneri,
793 2732 1127 2805 dijudicante
1171 2735 1426 2802 concilio,
1469 2735 1681 2807 justam
1732 2752 1829 2792 eos

238 2828 512 2900 requirere
560 2844 783 2885 causam
843 2828 1346 2898 comprobavimus,
1403 2836 1459 2885 et
1506 2830 1828 2901 praedictum

238 2937 391 2978 usum
458 2936 556 2977 eos
604 2920 857 2977 obtinere
909 2920 1109 2977 debere
1161 2922 1457 2994 apostolica
1510 2922 1833 2977 auctoritate

238 3016 567 3072 censuimus.
616 3017 823 3071 Verum
879 3023 939 3071 ut
996 3015 1151 3072 vobis
1199 3016 1570 3073 abundantius
1624 3016 1832 3072 satisfa-

238 3111 426 3167 eiendo
454 3126 681 3167 omnem
723 3109 1057 3165 reclamandi
1082 3110 1427 3166 occasionem
1457 3111 1825 3176 demeremus,

238 3213 297 3258 ut
318 3205 671 3261 Pictavenses
714 3204 927 3273 clericif,
966 3204 1058 3276 qui
1095 3214 1392 3275 praesentes
1418 3205 1671 3272 aderant,
1706 3222 1825 3277 par-

237 3308 340 3355 tem
370 3317 537 3357 suam
580 3301 743 3367 (sicut
780 3300 1100 3373 approbatio
1131 3302 1312 3373 agenti
1363 3317 1577 3373 semper
1612 3301 1831 3357 incum-

232 3394 326 3461 bit)
396 3403 740 3451 sacramento
797 3394 1084 3450 ﬁrmarent
1153 3394 1592 3466 dijudicavimus.
1673 3395 1832 3464 Quod

230 3488 459 3560 quidem
485 3489 607 3561 ipsi,
641 3497 907 3560 praesente
926 3488 1301 3561 Burdigalensi
1320 3488 1754 3560 archiepiscopo,
1779 3496 1834 3544 et

229 3583 465 3652 caeteris,
496 3582 679 3639 facere
706 3583 1030 3654 paratissimi
1058 3591 1233 3650 erant,
1275 3590 1439 3654 atque
1469 3582 1616 3637 idem
1654 3582 1835 3638 archi-

230 3679 527 3750 episcopus
570 3695 601 3733 a
629 3677 785 3733 nobis
814 3679 1188 3734 commonitus
1207 3677 1589 3748 juramentum
1624 3692 1683 3732 se
1707 3676 1834 3733 reci-

234 3788 363 3842 pere
390 3771 674 3844 professus
696 3784 797 3829 est.
823 3775 1166 3844 QuaprOpter
1190 3772 1489 3844 apostolica
1514 3785 1613 3827 vos
1647 3779 1834 3827 aucto-

233 3867 397 3923 ritate
446 3883 742 3923 monemus
790 3875 951 3938 atque
994 3867 1343 3939 praecipimus
1392 3876 1474 3935 ut,
1505 3867 1657 3922 omni
1694 3867 1840 3923 inter

234 3974 331 4015 vos
375 3970 433 4016 et
474 3961 823 4017 Pictavenses
855 3960 1154 4016 canonicos
1184 3960 1279 4015 lite
1319 3960 1516 4031 scpita,
1547 3969 1837 4017 consuetu-

232 4053 426 4111 dinem
479 4063 539 4110 et
578 4054 847 4126 justitiam
884 4069 1064 4121 suam,
1113 4053 1255 4109 sicut
1294 4053 1548 4124 superius
1586 4053 1838 4125 synodali

224 4146 441 4217 judicio
472 4148 758 4204 decretum
802 4162 919 4202 esse
966 4147 1322 4218 cognoscitis,
1369 4147 1483 4202 sine
1526 4148 1679 4203 omni
1713 4163 1842 4203 con-

230 4243 565 4299 tradictione
603 4240 861 4313 deinceps
906 4240 1105 4296 habere
1132 4240 1484 4312 permittatis.

305 4340 456 4394 Data
487 4340 687 4393 Romae
714 4335 772 4391 in
805 4334 1038 4408 synodo,
1067 4335 1281 4391 decimo
1309 4343 1501 4392 octavo
1536 4335 1698 4407 [ΠΗ]
1728 4337 1841 4391 Ka-

235 4431 432 4488 lendas
460 4431 691 4504 Aprilis,
736 4431 1034 4487 indictione
1067 4429 1412 4488 duodecima.

782 4535 1137 4591 EPISTOLA
1186 4536 1303 4589 LV.

371 4654 455 4694 ΔῙ)
490 4651 960 4695 SUFFBAGANBOS
999 4651 1349 4693 AUSCIBNSIS
1386 4650 1714 4692 ECCLESIE.

834 4735 1027 4796 (Anno
1074 4734 1256 4796 1074.)

248 4831 512 4900 Pracipit
564 4833 631 4883 ut
680 4844 859 4884 eorum
906 4830 1321 4897 archiepiscopo,
1368 4830 1507 4882 sicut
1551 4829 1848 4897 apostolica:

533 4902 679 4956 sedis
729 4903 935 4969 legatus
974 4902 1239 4970 jusserat,
1293 4899 1561 4953 obedz'ant.

323 5002 682 5061 Gnnconms
729 5003 1035 5074 episcopus,
1066 5017 1256 5057 servus
1284 5018 1569 5057 servorum
1610 5002 1733 5070 Dei,
1762 5002 1851 5056 Bi-

257 5099 501 5167 goritano
529 5098 790 5169 episcOpo
809 5139 823 5162 ,
854 5106 911 5152 et
935 5095 1149 5152 caeteris
1192 5094 1552 5167 suffraganeis
1595 5097 1853 5152 Auscien-

259 5190 332 5245 sis
379 5192 730 5263 [Auxitensis]
784 5190 1063 5256 Ecclesiae,
1114 5190 1345 5246 salutem
1391 5199 1446 5247 et
1494 5190 1851 5262 apostolicam

262 5280 724 5343 benedictionem.

335 5379 568 5451 Legatus
598 5386 804 5435 sancta!
841 5382 1115 5435 Romanae
1150 5378 1424 5445 Ecclesiae,
1453 5377 1857 5434 videlicetcon-

268 5467 430 5527 frater
456 5482 647 5529 noster
684 5471 942 5529 Giraldus
989 5471 1308 5543 [Gerardus]
1351 5471 1621 5527 Ostiensis
1648 5471 1856 5541 episco—

268 5578 391 5633 pus,
423 5574 481 5623 ut
508 5566 785 5624 Gulielmo
821 5566 1233 5638 archiepiscopo
1275 5574 1456 5621 vestro
1498 5565 1741 5621 debitam
1779 5580 1861 5619 re—

269 5661 564 5716 verentiam
584 5659 885 5715 exhibeatis
910 5659 1270 5716 commonuit.
1296 5662 1526 5725 Verum,
1552 5658 1690 5714 sicut
1717 5657 1862 5713 idem

268 5752 706 5826 archiepiscopus
758 5754 1149 5826 conquerendo
1210 5753 1373 5810 nobis
1419 5753 1628 5820 retulit,
1677 5760 1862 5822 postea

170 5862 177 5871 '
269 5856 370 5901 nec
394 5846 760 5904 consideratio
804 5846 1003 5904 debite
1029 5846 1412 5921 subjectionis.
1461 5863 1563 5902 nec
1591 5853 1867 5914 respectus

1872 4534 1922 4594 D

1921 494 2084 566 Quod
2150 509 2467 566 quanquam
2530 510 2643 549 non
2702 512 2897 566 parum
2965 495 3403 569 praesumptionis
3462 508 3517 553 et

1920 586 2247 643 damnanda:
2272 589 2631 645 contumacia;
2659 588 2876 656 habeat,
2918 590 3097 646 adhuc
3139 600 3348 658 tamen,
3376 591 3513 648 facta

1923 688 2099 736 vestra
2134 681 2426 752 apostolica
2454 682 2871 739 mansuetudine
2899 683 3325 749 dissimulantes,
3353 701 3514 740 man-

1922 773 2115 829 damus
2140 775 2296 831 vobis
2320 784 2377 830 et
2404 776 2702 847 apostolica
2726 778 3049 833 auctoritate
3076 779 3423 850 praecipimus
3452 788 3516 835 ut

1923 868 2235 923 nullatenus
2264 869 2311 923 ei
2350 868 2623 924 honorem
2661 870 3011 941 subjectionis
3059 871 3259 929 debitae
3297 872 3516 928 subtra-

1925 960 2086 1017 hatis.
2139 963 2189 1017 Si
2222 962 2350 1032 quid
2404 971 2587 1017 autem
2632 962 2891 1019 adversus
2938 980 3063 1020 eum
3120 963 3353 1033 habetis,
3404 981 3511 1021 una

1923 1070 2109 1111 secum
2138 1056 2284 1111 adite
2313 1064 2556 1111 nostram
2589 1057 2955 1127 praesentiam,
2995 1066 3050 1112 et
3077 1059 3119 1113 si
3148 1058 3280 1129 quid
3303 1058 3510 1115 discus-

1924 1151 2073 1205 sione
2117 1149 2347 1221 dignum
2395 1150 2747 1221 protuleritis,
2780 1150 3072 1220 adjuvante
3112 1155 3252 1217 Deo,
3288 1152 3513 1207 sollicita

1927 1242 2272 1316 indagatione
2316 1244 2696 1299 examinatum
2741 1245 3068 1314 competenti
3115 1245 3380 1300 sententia
3424 1244 3516 1300 de-
3558 1300 3565 1315 ,

1923 1337 2364 1393 terminabimus.
2554 1326 2557 1329 ἰ

1996 1435 2139 1487 Data
2193 1434 2389 1487 Romae
2426 1430 2641 1487 decimo
2692 1432 2926 1503 septimo
2964 1432 3244 1489 Kalendas
3291 1431 3513 1504 Aprilis,

1926 1524 2220 1581 indictione
2264 1524 2604 1581 duodecima.
2685 1520 2693 1533 ’
3400 1531 3405 1536 ’

2440 1630 2789 1684 EPISTOLA
2855 1632 2999 1686 LVI.

1998 1746 2080 1785 AD
2122 1745 2445 1787 BOGEBIUM
2496 1745 3034 1787 CATALAUNENSEM
3074 1744 3443 1786 EPISCOPUH.

2516 1827 2701 1891 (Anno
2748 1828 2925 1892 1074.)

1998 1924 2249 1992 Praecipit
2273 1926 2334 1976 ut
2354 1926 2607 1991 prcestita
2636 1923 2722 1976 die
2758 1938 2812 1977 se
2851 1926 3068 1978 Romam
3090 1925 3291 1986 veniat,
3317 1928 3379 1976 ut
3407 1923 3520 1991 ejus

2396 2010 2560 2047 causa
2602 1994 2820 2062 deﬁniri
2868 1997 3056 2063 possit.

1999 2103 2346 2158 Ganeonms
2369 2100 2673 2171 episcopus,
2699 2115 2887 2155 servus
2906 2113 3186 2155 servorum
3206 2099 3307 2154 Dei
3328 2100 3525 2156 Roen-

1930 2210 2036 2252 nlo
2071 2195 2216 2251 dicto
2258 2193 2636 2250 Catalaunensi
2678 2193 2953 2264 episcopo.

2000 2288 2280 2359 Philippus
2306 2303 2401 2343 rex
2433 2290 2794 2353 Francorum,
2831 2302 2945 2342 non
2989 2286 3200 2342 modica
3232 2286 3333 2341 tibi
3360 2286 3519 2355 ,dile-

1930 2382 2109 2439 ctione
2150 2382 2435 2448 astrictus,
2466 2380 2704 2436 multum
2746 2395 2847 2435 nos
2887 2388 2947 2435 ut
2982 2388 3036 2435 te
3079 2379 3520 2449 absolveremus,

1932 2486 2050 2532 tum
2084 2492 2177 2546 per
2205 2476 2413 2530 litteras
2442 2484 2559 2529 tum
2592 2490 2686 2545 per
2721 2474 3025 2545 legatorum
3067 2473 3263 2541 verba,
3294 2474 3521 2546 rogavit.

1933 2570 2094 2639 Quod
2115 2568 2337 2640 quidem
2362 2568 2505 2622 salva
2528 2567 2740 2638 justitia
2765 2582 3112 2638 nequaquam
3140 2567 3298 2622 nobis
3332 2565 3527 2622 facien-

1916 2663 2071 2737 dum
2100 2677 2218 2717 esse
2246 2661 2604 2732 pervidimus,
2637 2660 2772 2715 dum
2789 2660 2945 2730 juxta
2977 2660 3220 2731 vigorem
3244 2661 3525 2717 canonicae

1935 2756 2257 2826 disciplina},
2298 2755 2470 2809 multo
2500 2754 2717 2824 gravius
2773 2753 2827 2806 in
2884 2762 2936 2807 te
2988 2752 3527 2809 animadvertendum

1941 2865 2059 2905 esse
2089 2862 2558 2920 cognosceremus.
2589 2845 2691 2900 Sed
2734 2844 2910 2900 adhuc
2938 2847 3230 2916 apostolica
3272 2862 3528 2902 mansue-

1941 2943 2126 2999 tudine
2137 2940 2405 3014 judicium
2437 2941 2489 2995 in
2531 2947 2585 2995 te
2615 2939 2834 2993 ultionis
2862 2939 3064 2994 debitae
3106 2940 3526 3009 suspendentes,

1942 3036 2197 3109 praesenti
2235 3035 2554 3091 auctoritate
2584 3032 2680 3088 tibi
2713 3032 3063 3104 praecipimus
3088 3041 3151 3088 ut
3184 3034 3531 3103 praesentiam

1939 3141 2089 3187 tuam
2132 3130 2201 3186 ab
2260 3127 2385 3184 hinc
2435 3143 2607 3199 usque
2674 3126 2743 3182 ad
2813 3127 3118 3197 proximam
3185 3125 3532 3183 festivitatem

1937 3225 2186 3282 omnium
2212 3231 2529 3279 sanctorum
2567 3221 2880 3292 conspectui
2926 3230 3116 3295 nostro
3144 3230 3536 3291 repraesentare

1938 3320 2091 3375 nullo
2145 3317 2309 3373 modo
2352 3315 2743 3387 praetermittas
2788 3334 2801 3369 :
2842 3324 3117 3386 quatenus
3146 3314 3435 3369 adversum
3484 3323 3538 3369 te

1941 3415 2104 3469 toties
2162 3412 2415 3467 iteratam
2463 3408 2955 3480 proclamationem
2994 3408 3406 3464 Catalaunensis
3434 3411 3537 3463 Ec-

1942 3507 2118 3563 clesiae
2150 3505 2298 3575 justo
2343 3503 2484 3570 ﬁne,
2527 3506 2644 3557 Deo
2672 3501 2989 3570 auxiliante,
3030 3501 3350 3556 decidamus
3385 3520 3397 3555 :
3444 3502 3535 3557 ad-

1942 3608 2232 3656 monentes
2281 3596 2538 3668 equidem
2581 3608 2650 3650 ne
2693 3594 2935 3661 interim,
2988 3594 3040 3649 in
3082 3604 3399 3665 contemptu
3448 3595 3533 3649 vel

1944 3690 2376 3764 transgressione
2408 3689 2524 3762 jam
2564 3697 2691 3745 ante
2727 3688 2869 3744 datae
2899 3687 3199 3752 sententiae,
3234 3688 3537 3759 periculum

1947 3788 2037 3843 tibi
2071 3795 2133 3842 tu
2160 3786 2271 3857 ipse
2300 3784 2519 3857 gravius
2545 3782 2775 3853 ingeras.
2803 3782 3010 3851 Quibus
3036 3781 3093 3837 in
3112 3782 3274 3837 rebus
3295 3783 3340 3837 si
3374 3783 3535 3837 nobis

1945 3879 2265 3937 inobediens
2311 3877 2501 3948 fueris,
2536 3885 2589 3933 et
2632 3876 2812 3948 aliqua
2859 3875 3303 3948 tergiversatione
3349 3884 3403 3931 te
3454 3891 3542 3931 ex-

1944 3990 2138 4031 cusans
2155 3973 2295 4029 infra
2316 3970 2666 4043 praelibatum
2693 3969 2991 4026 terminum
3020 3970 3322 4040 praesentiae
3342 3978 3545 4024 nostra:

1941 4078 1996 4125 te
2026 4084 2141 4124 non
2170 4065 2505 4132 exhibueris,
2533 4063 2604 4119 de
2642 4072 2739 4119 tua
2762 4062 3117 4119 damnatione
3144 4070 3199 4118 et
3227 4063 3546 4119 incommu-

1949 4162 2095 4217 tabili
2123 4159 2461 4232 depositione
2498 4157 2724 4213 ulterius
2744 4172 2856 4212 non
2887 4156 3184 4213 dubitabis.

2021 4259 2165 4311 Data
2208 4248 2405 4310 Romae
2452 4252 2511 4307 in
2553 4250 2784 4324 synodo,
2828 4250 3043 4307 decimo
3088 4257 3246 4306 sexto
3272 4248 3548 4305 Kalendas

1950 4350 2174 4420 Aprilis,
2206 4347 2502 4403 indictione
2528 4346 2868 4402 duodecima.

2448 4449 2794 4506 EPISTOLA
2848 4448 3017 4503 LVII.

2094 4570 2175 4610 AD
2213 4567 2609 4611 GUILIBLMUM
2640 4564 2994 4606 PAPIBNSBM
3034 4561 3403 4605 EPISCOPUM.

2390 4652 2391 4655 “
2551 4648 2735 4713 (Anno
2764 4643 2947 4713 1074.)

1956 4758 2131 4812 Monet
2161 4757 2223 4807 ut
2250 4768 2367 4806 cum
2396 4752 2579 4807 Azone
2604 4750 2909 4804 marehicme
2937 4748 3003 4802 de
3030 4750 3326 4803 incestuosa
3346 4747 3554 4818 copula.

2030 4828 2167 4879 tuine
2213 4840 2331 4878 cum
2388 4826 2559 4892 ipsius
2601 4822 2830 4892 episcopi
2877 4836 3050 4875 sorore
3100 4826 3344 4875 accusato
3385 4821 3459 4874 ad
3498 4837 3552 4873 se

2026 4899 2229 4963 veniat,
2259 4900 2321 4948 ut
2346 4894 2461 4964 ejus
2486 4909 2649 4948 causa
2670 4895 2873 4947 discuti
2888 4894 3085 4962 possit.

2029 5001 2393 5057 Gnneonms
2413 4996 2719 5067 episcopus,
2743 5008 2931 5050 servus
2953 5009 3236 5050 servorum
3260 4993 3382 5059 Dei,
3410 4994 3556 5050 Gur-

1962 5109 2192 5152 LIBLMO
2236 5090 2481 5163 Papiensi
2526 5091 2780 5161 episcopo
2828 5088 3060 5144 salutem
3114 5098 3170 5144 et
3195 5088 3551 5159 apostolicam

1962 5185 2417 5244 benedictionem.

2034 5278 2465 5353 Signiﬁcandum
2519 5276 2618 5332 tibi
2669 5275 2926 5333 duximus
2978 5273 3356 5329 marchionem
3412 5279 3557 5331 Azo-

1965 5390 2094 5431 nem
2138 5374 2194 5429 in
2235 5377 2487 5428 Romana
2532 5369 2742 5442 synodo
2773 5384 2935 5440 super
2975 5367 3176 5423 incesta
3217 5368 3562 5439 copulatione

1967 5468 2173 5524 sororis
2210 5476 2322 5521 tua:
2363 5472 2681 5521 accusatum
2741 5478 2859 5518 esse
2906 5480 2919 5515 :
2959 5477 3064 5532 qua
3114 5461 3182 5516 de
3233 5477 3291 5515 re
3330 5461 3440 5533 ipse
3472 5478 3566 5532 per

1970 5561 2307 5634 prOpinquos
2367 5558 2615 5614 mulieris
2680 5554 3109 5612 satisfactionem
3169 5554 3442 5625 pollicitus
3486 5556 3568 5608 in-

1971 5655 2155 5710 ducias
2202 5652 2510 5723 postulavit.
2559 5653 2849 5720 Propterea
2901 5664 3194 5718 rogamus,
3243 5657 3299 5702 et
3348 5655 3569 5718 aposto-

1973 5749 2069 5803 lica
2117 5747 2443 5803 auctoritate
2501 5743 2908 5800 fraternitatem
2969 5750 3127 5795 tuam
3186 5739 3572 5804 admonemus,

1975 5850 2037 5898 ut
2061 5842 2131 5899 ad
2186 5840 2470 5896 servitium
2516 5836 2689 5892 sancti
2739 5835 2877 5888 Petri
2913 5839 3153 5904 paratus.
3183 5840 3237 5885 et
3277 5842 3338 5885 ut
3386 5830 3580 5887 melius
