4106 6182
512 296 515 297 ν
572 271 674 323 335

1283 269 1338 321 S.
1378 265 1695 320 GREGORII
1736 264 1821 317 Vll
1860 263 2052 317 ΡΑΡᾸΞ
2091 261 2364 318 OPERUM
2401 263 2574 317 PARS
2602 264 2642 316 Ι.
2686 290 2751 300 -
2791 261 3191 317 REGISTRUM.
3781 262 3878 317 336

548 391 749 462 possis
796 391 1110 458 instructus,
1170 406 1297 445 cum
1342 387 1535 445 eodem
1584 387 1901 442 marchione
1942 386 2011 442 ad
2060 402 2163 443 nos
2191 390 2243 452 Α
2346 390 2486 443 Data
2523 388 2720 442 Roma
2767 386 2820 441 in
2871 386 3105 458 synodo,
3148 385 3365 442 decimo
3390 392 3549 441 sexto
3594 383 3876 442 Kalendas

575 485 755 540 venire
782 484 931 540 nullo
976 482 1142 538 modo
1182 482 1587 554 pratermittas,
1618 489 1798 537 certus
1842 488 1897 535 te
1939 496 1967 534 a
2009 479 2167 535 nobis

570 577 867 633 honoriﬁce
896 575 1270 646 recipiendum
1305 582 1358 630 et
1375 573 1818 647 relinquendum.
1858 575 2030 641 Nam,
2067 574 2164 629 etsi

573 668 927 726 fraternitatis
961 678 1070 724 tua
1108 668 1308 724 auxilia
1340 669 1397 723 in
1435 669 1554 724 aliis
1592 668 1822 722 minime
1861 667 2020 722 nobis
2062 683 2165 722 ne-

573 765 802 819 cessaria
848 762 1097 828 fuissent,
1143 772 1326 818 tamen
1368 762 1469 819 hac
1506 762 1575 818 de
1616 778 1778 817 causa
1822 762 2163 833 prasentiam

568 865 717 912 tuam
768 857 924 913 nobis
986 857 1230 913 exhiberi
1284 866 1520 929 opertet,
1578 865 1639 911 ut
1680 864 1899 911 exortas
1950 854 2159 927 prafati

569 952 804 1022 conjugii
865 952 1193 1022 quastiones
1236 951 1480 1024 diligenti
1528 950 1932 1007 examinatione
1984 949 2163 1006 discu-

568 1045 789 1111 tiamus,
854 1054 908 1100 et
956 1044 1221 1117 justitiam
1291 1045 1446 1117 legali
1518 1044 1721 1117 judicio
1785 1045 2160 1113 decernentes,

565 1138 856 1209 adjuvante
900 1138 1169 1205 Domino,
1215 1138 1259 1193 si
1302 1136 1436 1210 quid
1484 1138 1853 1209 periculosum
1900 1153 2161 1208 apparue-

567 1233 638 1286 rit
680 1240 1050 1303 amputemus,
1095 1242 1152 1288 et
1196 1232 1343 1304 quod
1383 1230 1564 1287 ofﬁcio
1608 1240 1798 1287 nostro
1840 1240 1896 1286 et
1936 1231 2159 1287 illorum

570 1326 726 1380 saluti
763 1326 1013 1397 congruit
1046 1334 1372 1382 statuamus.

633 1422 777 1473 Data
820 1422 1016 1474 Roma
1042 1419 1098 1473 in
1124 1419 1330 1491 synodo
1364 1418 1526 1491 [deest
1567 1419 1623 1473 in
1669 1416 1899 1490 synodo]
1941 1417 2158 1472 decimo

563 1521 718 1568 sexto
758 1512 1043 1569 Kalendas
1092 1513 1315 1585 Aprilis,
1361 1513 1656 1569 indictione
1687 1528 1794 1568 x11.

1067 1624 1411 1679 EPISTOLA
1449 1625 1647 1678 LVIII.

797 1750 879 1790 AD
917 1750 1161 1791 GBUSAM
1200 1750 1411 1791 DUCBM
1452 1747 1921 1790 HUNGAROBUM.

1168 1841 1350 1903 (Anno
1386 1843 1568 1902 1074.)

562 1936 904 1991 Commendat
954 1937 1067 2005 ejus
1115 1938 1510 1991 observantiam
1561 1952 1692 2004 erga
1736 1940 1910 1989 sedem
1956 1936 2156 2005 aposto-

631 2008 812 2070 licam,
844 2004 1073 2061 testatur
1100 2024 1255 2062 suam
1284 2025 1413 2076 erga
1437 2024 1553 2062 eum
1574 2008 1928 2061 dilectionem.
1959 2004 2161 2061 Scribit

629 2082 691 2130 ut
738 2095 835 2147 per
881 2080 1115 2132 Azonem
1143 2082 1502 2134 marchionem
1551 2093 1878 2147 quacunque
1927 2077 2155 2130 voluerit

629 2149 737 2201 sibi
772 2151 1053 2219 signiﬁcet.

626 2260 976 2316 GREGORIUS
987 2261 1289 2333 episcopus,
1302 2276 1487 2317 servus
1496 2276 1778 2316 servorum
1796 2259 1919 2328 Dei,
1934 2259 2153 2315 Gansm

554 2352 681 2409 duci
729 2334 1120 2427 Hungarorum
1163 2355 1397 2411 salutem
1447 2364 1505 2411 et
1542 2352 1904 2426 apostolicam
1932 2351 2151 2408 benedi-

558 2447 822 2511 ctionem.
1012 2436 1017 2441 ’

624 2540 761 2596 Visis
835 2542 1028 2597 litteris
1102 2542 1231 2605 tuis,
1294 2540 1631 2597 laudabilem
1682 2539 1992 2597 devotionis
2043 2546 2152 2594 tua

551 2633 950 2703 professionem
996 2636 1379 2707 cognovimus,
1426 2636 1480 2689 in
1532 2650 1637 2706 qua
1684 2651 1778 2690 cor
1825 2642 1879 2689 et
1906 2632 2151 2688 animum

550 2733 711 2782 tuum
752 2745 877 2801 erga
906 2729 1264 2785 reverentiam
1293 2728 1608 2799 apostolica
1643 2727 1786 2783 sedis
1816 2728 1941 2800 igne
1967 2726 2150 2782 divino

548 2818 955 2877 inflammatum
1014 2838 1134 2877 esse
1186 2822 1579 2878 intelleximus.
1626 2824 1742 2890 Qua
1794 2820 1861 2878 de
1917 2837 1977 2876 re
2038 2836 2150 2876 non

548 2912 752 2969 incerta
796 2932 922 2987 spes
966 2924 1075 2971 tua
1125 2914 1319 2971 salutis
1367 2914 1704 2982 ostenditur;
1757 2923 1813 2969 et
1866 2930 1981 2970 non
2023 2930 2147 2985 par.-

546 3024 681 3066 vum
708 3009 868 3065 nobis
894 3017 1149 3065 exortum
1173 3017 1257 3064 est
1299 3008 1560 3080 gaudium
1593 3026 1607 3063 :
1641 3007 1902 3079 quoniam
1937 3006 2030 3079 qui
2050 3006 2146 3062 de-

544 3105 655 3161 bita
704 3104 810 3159 ﬁde
854 3112 915 3159 et
957 3103 1248 3159 devotione
1302 3102 1615 3173 apostolica
1662 3101 1980 3156 reverentiae
2023 3110 2145 3156 vota

543 3198 866 3269 concipiunt
925 3212 1274 3268 nequaquam
1326 3195 1493 3251 dubia
1556 3194 1624 3249 ab
1682 3194 1760 3249 eis
1803 3193 2051 3265 prasidia
2094 3202 2149 3249 et
2181 3190 2225 3252 C

543 3292 813 3347 beneﬁcia
859 3290 1262 3361 prastolantur.
1310 3287 1474 3345 Unde
1530 3289 1694 3343 etiam
1735 3292 1891 3343 tuam
1939 3303 2143 3343 mone-

542 3402 665 3440 mus
709 3384 1083 3451 dilectionem,
1126 3392 1187 3439 ut
1215 3382 1396 3438 studia
1426 3391 1523 3437 tua
1562 3397 1693 3453 erga
1718 3381 1989 3437 honorem
2013 3398 2139 3453 apo-

540 3480 811 3534 stolorum
850 3493 1073 3549 semper
1119 3485 1455 3542 excrescant,
1494 3483 1548 3530 et
1576 3484 1781 3546 quanto
1818 3482 1871 3530 te
1898 3475 2141 3546 quotidie

539 3587 606 3628 ex
645 3572 952 3628 necessario
998 3570 1106 3626 ﬁne
1132 3571 1258 3625 vita
1283 3577 1397 3625 tua
1436 3568 1661 3640 judiciis
1690 3569 1915 3624 illorum
1943 3584 2138 3640 appro-

537 3666 808 3737 pinquare
837 3664 1140 3736 cognoscis,
1171 3672 1327 3718 tanto
1358 3661 1681 3734 propensius
1723 3677 1819 3717 eos
1858 3661 2140 3718 debitores

538 3757 638 3812 tibi
678 3757 900 3813 efﬁcere
938 3756 1159 3811 studeas
1204 3777 1216 3811 :
1262 3763 1531 3827 quatenus
1562 3771 1657 3826 per
1698 3755 2135 3812 misericordiam

536 3850 666 3916 Dei,
696 3850 800 3905 illis
843 3848 1291 3921 suffragantibus,
1324 3858 1672 3919 peccatorum
1697 3856 1919 3905 tuorum
1959 3848 2137 3905 indul-

537 3944 775 4015 gentiam
816 3952 871 3999 et
898 3950 1122 3998 aeterna
1153 3941 1506 3998 beatitudinis
1552 3942 1785 4014 gloriam
1832 3950 1885 3997 te
1914 3941 2135 4013 adipisci

538 4036 798 4108 gaudeas.
852 4041 935 4093 De
980 4044 1169 4091 nostra
1227 4051 1357 4091 vero
1404 4034 1669 4090 charitate
1723 4034 2032 4091 nullatenus
2077 4044 2133 4092 te

535 4130 785 4186 dubitare
830 4130 1114 4197 volumus;
1157 4128 1250 4184 sed
1294 4128 1483 4184 effusis
1522 4128 1577 4183 in
1615 4137 1670 4183 te
1705 4127 1915 4183 intimis
1942 4136 1998 4184 et
2036 4145 2131 4200 pa-

533 4224 703 4278 ternis
732 4222 1043 4290 affectibus,
1088 4223 1272 4278 Iocum
1301 4222 1445 4294 apud
1476 4238 1576 4277 nos
1630 4221 1827 4293 agendi
1880 4230 1935 4277 et
1971 4222 2130 4293 impe—

532 4318 713 4373 trandi
758 4334 882 4391 qua
922 4317 1087 4373 saluti
1134 4326 1189 4373 et
1218 4316 1414 4373 honori
1453 4324 1548 4372 tuo
1578 4315 1738 4387 digne
1786 4325 2124 4387 competunt,

530 4418 585 4467 te
612 4411 832 4476 habere,
881 4420 1092 4467 remota
1122 4410 1272 4465 omni
1311 4409 1683 4475 dubitatione,
1729 4410 2123 4481 promittimus.

530 4507 601 4559 Et
649 4506 692 4559 si
748 4505 869 4575 quis
914 4504 1269 4559 inimicorum
1326 4512 1546 4559 tuorum
1603 4505 1807 4575 aliquid
1835 4504 2129 4561 adversum

2276 479 2498 551 Aprilis,
2532 480 2831 537 indictione
2857 480 3199 537 duodecima.

2802 576 3153 631 EPISTOLA
3212 575 3359 629 LIX.

2415 684 2499 724 AD
2524 684 2812 725 OTTONEM
2852 684 2928 725 ΕΤ
2973 682 3394 725 ΩΗΠΟΝΒΛΒΗΜ
3437 681 3731 723 ιιίιΑτΒεε.

2861 760 3039 820 (Anno
3108 762 3285 820 1074.)

2381 852 2456 905 Ne
2496 852 2825 905 Olomucensi
2866 852 3109 906 Ecclesiae
3154 851 3452 904 molestiam
3493 850 3763 916 inferant.

2343 944 2700 999 Gnaoonws
2736 944 3039 1015 episcopus,
3079 959 3268 999 servus
3295 958 3582 999 servorum
3612 942 3734 1010 Dei,
3767 943 3871 997 Οτ-

2272 1051 2418 1093 'rom
2446 1046 2500 1092 et
2520 1038 2908 1094 CHUONBADO
2932 1036 3191 1093 fratribus
3220 1036 3495 1093 Wratislai
3516 1035 3670 1092 ducis
3692 1034 3869 1090 Bobe-

2271 1147 2491 1187 morum
2520 1132 2756 1187 salutem
2778 1140 2841 1187 et
2878 1131 3237 1203 apostolicam
3270 1130 3731 1187 benedictionem.

2340 1225 2650 1280 Meminisse
2693 1224 2858 1281 debet
2897 1225 3151 1281 nobilitas
3190 1233 3368 1280 vestra
3398 1223 3547 1296 quod
3591 1224 3659 1279 de
3703 1238 3867 1279 causa

2268 1319 2654 1375 Olomucensis
2698 1320 2953 1377 Ecclesia
2978 1321 3096 1393 jam
3143 1325 3267 1375 ante
3304 1318 3603 1391 apostolica
3657 1318 3869 1373 monita

2268 1412 2569 1484 accepistis,
2597 1429 2667 1469 ne
2695 1414 2960 1485 justitiam
2998 1416 3113 1487 ejus
3136 1414 3317 1486 aliqua
3349 1413 3629 1470 occasione
3656 1414 3867 1470 minue-

2268 1507 2437 1573 retis,
2491 1524 2673 1578 neque
2735 1508 3150 1564 molestantibus
3204 1524 3324 1563 eam
3387 1507 3610 1579 aliquod
3656 1506 3867 1579 adjuto-

2269 1602 2409 1658 rium
2444 1603 2776 1674 praberetis.
2817 1606 2976 1659 Nunc
3014 1620 3110 1659 vos
3148 1603 3513 1660 admonemus
3546 1611 3601 1659 et
3641 1612 3861 1675 paterna

2272 1697 2533 1753 charitate
2553 1714 2811 1769 rogamus
2844 1715 2915 1755 ne
2940 1700 3178 1771 aliquam
3204 1699 3649 1755 contrarietatem
3683 1696 3864 1754 eidem

2194 1808 2240 1868 Β
2277 1792 2532 1851 Ecclesia
2550 1792 2782 1860 faciatis,
2809 1794 2904 1849 sed
2926 1810 3022 1866 pro
3044 1794 3345 1849 reverentia
3370 1802 3571 1850 sancta
3592 1796 3864 1849 Romana

2274 1886 2553 1955 Ecclesia,
2600 1887 2757 1959 cujus
2798 1888 3108 1959 apostolicis
3150 1888 3441 1959 privilegiis
3489 1888 3700 1942 munita
3742 1895 3858 1955 est,

2268 1995 2517 2035 amorem
2546 1989 2599 2035 et
2641 1980 2741 2051 pia
2768 1980 3070 2037 devotionis
3112 1981 3292 2037 studia
3347 1997 3477 2053 erga
3506 1982 3658 2037 illam
3701 1981 3859 2036 exhi-

2269 2074 2460 2140 beatis,
2532 2082 2605 2138 et,
2662 2082 2931 2145 quantum
2988 2083 3183 2131 vestra
3248 2076 3560 2147 potestatis,
3635 2075 3759 2147 jura
3805 2083 3861 2130 et

2267 2167 2619 2237 pertinentias
2650 2167 2769 2239 ejus
2789 2184 2819 2223 a
2842 2169 2992 2225 vobis
3008 2178 3065 2225 et
3095 2169 3291 2225 vestris
3340 2169 3599 2225 inviolata
3635 2184 3857 2224 conser-

2264 2261 2375 2315 vari
2403 2260 2697 2317 studeatis.‘
2728 2265 2858 2318 Hac
2882 2263 3028 2317 enim
3057 2271 3141 2318 est
3164 2279 3353 2331 causa,
3385 2263 3441 2319 in
3482 2280 3589 2336 qua
3629 2270 3685 2318 et
3710 2261 3855 2319 divi-

2262 2370 2348 2409 na
2376 2356 2828 2411 remunerationis
2867 2357 3117 2428 gloriam,
3163 2366 3219 2413 et
3263 2358 3645 2429 apostolorum
3667 2398 3682 2426 ,
3712 2364 3857 2412 certa

2264 2442 2529 2514 prasidia,
2572 2461 2635 2500 ac
2680 2454 2887 2501 nostra
2918 2445 3230 2502 dilectionis
3268 2447 3657 2518 plenitudinem
3707 2445 3859 2502 vobis

2264 2536 2458 2593 lucrari
2496 2547 2551 2593 et
2584 2538 2867 2610 aptissime
2910 2540 3131 2611 possitis
3158 2541 3461 2612 astringere
3503 2562 3514 2595 ε
3563 2542 3647 2596 sin
3672 2549 3856 2597 autem

2263 2630 2435 2703 (quod
2479 2648 2595 2688 non
2639 2634 2917 2707 optamus)
2962 2635 3126 2690 aliter
3165 2634 3420 2705 feceritis,
3452 2636 3651 2707 ’procul
3686 2634 3855 2691 dubio

2260 2722 2377 2779 hac
2399 2723 2588 2780 eadem
2604 2725 2757 2780 vobis
2780 2741 3155 2797 corrumpere,
3178 2735 3230 2782 et
3250 2728 3304 2782 in
3325 2726 3681 2794 contrarium,
3704 2726 3857 2799 quod

2260 2818 2423 2885 absit,
2450 2828 2658 2874 vertere
2688 2820 2959 2890 poteritis.

2329 2913 2469 2967 Data
2498 2915 2692 2968 Romae
2724 2911 2939 2968 decimo
2968 2913 3155 2984 quinto
3179 2912 3455 2969 Kalendas
3483 2912 3678 2984 Aprilis
3717 2912 3856 2969 indi-

2258 3004 2433 3059 ctione
2478 3004 2817 3061 duodecima.

2791 3096 3147 3151 EPISTOLA
3186 3098 3313 3151 LX.

2360 3197 2442 3237 ΔΙ)
2490 3198 2877 3240 διῦΙΕΒΕΒΙΙΜ
2918 3199 3335 3241 NOGUNTINUM
3366 3200 3738 3245 EPISCOPUI.

2835 3278 3018 3338 (Anno
3085 3280 3265 3340 1074.)

2250 3362 2451 3429 Arguit
2485 3361 2628 3430 quod
2651 3377 2888 3425 causam,
2924 3378 3044 3431 qua
3078 3366 3221 3417 inter
3246 3366 3570 3418 Jeromirum
3603 3368 3852 3435 Bragen—

2320 3448 2427 3505 sem
2470 3438 2518 3487 et
2543 3436 2798 3488 Joannem
2822 3437 3181 3489 Moravensem
3210 3437 3473 3505 episcopos
3514 3438 3849 3503 vertebatur,

2321 3504 2394 3556 ad
2433 3505 2774 3573 apostolicam
2831 3506 3006 3559 sedem
3038 3506 3157 3575 jam
3199 3504 3337 3576 sape
3376 3504 3634 3576 delatam,
3682 3510 3756 3562 ad
3792 3525 3853 3564 se

2322 3580 2616 3630 convertere
2660 3580 3089 3647 praesumpserit.

2318 3665 2673 3721 Gnaeoams
2701 3665 3003 3737 episcopus,
3035 3681 3222 3723 servus
3242 3682 3527 3723 servorum
3541 3668 3664 3735 Dei,
3680 3670 3846 3725 διαι-

2250 3775 2448 3816 rnano
2481 3761 2808 3833 Moguntino
2838 3760 3249 3833 archiepiscopo
3278 3762 3508 3818 salutem
3542 3771 3595 3818 et
3625 3770 3847 3833 aposto-

2248 3856 2404 3911 licam
2453 3854 2914 3911 benedictionem.

2315 3950 2567 4005 Pervenit
2602 3949 2671 4005 ad
2710 3965 2867 4006 aures
2900 3956 3112 4005 nostras
3139 3949 3391 4023 quadam
3429 3949 3499 4006 de
3540 3958 3593 4006 te
3618 3950 3842 4022 indigna

2245 4046 2454 4115 relatio,
2499 4047 2585 4103 cui
2632 4064 2980 4120 nequaquam
3023 4048 3189 4104 ﬁdem
3237 4048 3695 4117 adhibuissemus,
3738 4048 3847 4106 nisi

2241 4142 2391 4215 quod
2425 4143 2479 4197 in
2502 4142 2695 4199 litteris
2727 4143 2833 4198 tuis
2861 4159 2993 4215 quas
3022 4143 3091 4200 de
3114 4160 3275 4200 causa
3306 4144 3559 4200 Jeromiri
3600 4146 3842 4215 Bragen-

2241 4236 2313 4290 sis
2340 4244 2396 4291 et
2417 4236 2641 4291 Joannis
2671 4237 3010 4293 Moravensis
3038 4238 3417 4310 episcoporum
3448 4236 3610 4293 nobis
3637 4237 3840 4294 direxi-

2239 4324 2328 4394 sti,
2376 4323 2522 4379 idem
2566 4325 2619 4379 in
2648 4326 2895 4381 animum
2940 4334 3099 4382 tuum
3145 4334 3198 4381 te
3242 4326 3521 4383 induxisse
3569 4327 3839 4385 intellexi~

2239 4434 2380 4486 mus,
2415 4419 2686 4487 videlicet,
2715 4430 2777 4476 ut
2798 4422 3083 4494 negotium
3113 4422 3257 4494 quod
3287 4423 3385 4494 ipsi
3420 4423 3621 4480 habent
3650 4425 3721 4480 ad
3747 4425 3836 4480 in-

2240 4512 2447 4581 vicem,
2496 4514 2613 4586 jam
2642 4515 2803 4571 toties
2833 4516 2903 4572 ad
2944 4516 3299 4587 apostolicam
3335 4517 3585 4575 delatum
3612 4519 3839 4575 audien-

528 4605 581 4652 te
638 4598 831 4654 molire
900 4614 1065 4669 prave
1138 4598 1446 4664 tentaverit,
1523 4599 1713 4669 procul
1780 4597 1948 4653 dubio
2021 4614 2129 4653 non
2158 4586 2207 4648 D
2236 4607 2392 4675 tiam,
2422 4625 2452 4662 a
2494 4618 2684 4665 nostro
2706 4609 2916 4682 judicio
2941 4586 3010 4667 ad
3054 4624 3287 4667 examen
3314 4612 3393 4667 tui
3419 4613 3623 4669 arbitrii
3652 4622 3836 4669 trans-

526 4689 707 4745 solum
732 4699 920 4746 nostra
970 4690 1176 4746 carebit
1203 4691 1504 4759 audientia,
1556 4691 1651 4747 sed
1692 4691 2127 4763 indignationem

524 4783 841 4853 apostolica
904 4785 1095 4855 gratia
1139 4785 1191 4839 in
1243 4801 1368 4840 eum
1418 4785 1724 4858 exasperari
1775 4785 1989 4841 sentiet.
2042 4787 2126 4843 Tu

524 4884 707 4933 autem
757 4878 800 4931 si
852 4877 983 4947 quid
1022 4878 1297 4933 interdum
1343 4888 1438 4934 aut
1489 4879 1556 4934 de
1604 4879 1712 4934 tuis
1770 4880 1980 4947 causis,
2036 4886 2127 4936 aut

521 4967 669 5040 quod
732 4970 956 5025 servitio
1035 4972 1351 5041 apostolica
1434 4972 1763 5028 reverentia
1830 4974 2122 5044 pertineat,

522 5062 722 5118 nostris
773 5063 998 5119 auribus
1062 5064 1314 5119 intimare
1366 5064 1573 5136 cupias,
1637 5065 1803 5121 habes
1842 5067 2122 5138 egregium

521 5155 769 5212 videlicet
816 5155 1191 5211 marchionem
1219 5160 1489 5224 Azonem,
1535 5158 1691 5214 nobis
1722 5158 1942 5228 quidem
1983 5161 2123 5217 inter

520 5256 750 5304 cateros
776 5249 944 5305 Italia
974 5248 1245 5321 principes
1276 5250 1429 5307 valde
1472 5251 1777 5319 dilectum,
1824 5269 1917 5323 per
1955 5270 2117 5326 quem

519 5358 580 5397 ea
610 5358 734 5413 qua
764 5343 834 5399 ad
872 5342 1229 5414 apostolicam
1266 5345 1599 5401 audientiam
1642 5344 1926 5402 referenda
1951 5347 2115 5404 desti-

517 5436 752 5505 naveris,
811 5436 971 5491 nobis
1019 5436 1298 5507 aptissime
1363 5437 1591 5493 indicari
1640 5447 1692 5494 et
1741 5441 2113 5497 commendari

516 5537 787 5599 poterunt.
820 5532 903 5584 De
943 5538 1140 5585 catero
1172 5530 1349 5585 divina
1385 5532 1675 5587 clementia
1706 5541 1761 5588 et
1786 5534 1858 5589 ab
1894 5535 2110 5590 instan-

514 5622 663 5679 tibus
690 5622 852 5695 hujus
889 5624 1073 5679 saculi
1105 5633 1156 5679 te
1191 5624 1613 5682 adversitatibus
1658 5636 1927 5700 protegat,
1959 5638 2014 5685 et
2040 5629 2109 5686 ad

512 5717 885 5789 peragendum
917 5733 978 5773 ea
1029 5733 1152 5789 qua
1177 5718 1277 5773 sibi
1325 5718 1661 5792 beneplacita
1713 5730 1841 5777 sunt
1882 5723 2109 5780 invictas

512 5809 610 5865 tibi
658 5811 797 5868 vires
829 5819 882 5867 et
916 5810 1201 5870 facultates
1243 5813 1463 5871 tribuat.

2236 4699 2490 4758 ferretur.
2548 4706 2665 4773 Qua
2721 4704 2776 4759 in
2840 4721 2918 4774 re,
2967 4706 3226 4776 quoniam
3270 4706 3549 4763 evidenter
3604 4716 3837 4779 apparet

2235 4809 2401 4865 quam
2431 4812 2623 4868 parum
2648 4798 2990 4854 consultores
3012 4798 3086 4853 tui
3103 4798 3229 4870 jura
3249 4799 3564 4870 apostolica
3588 4802 3834 4857 auctori-

2233 4889 2363 4943 tatis
2401 4888 2700 4961 intelligant
2738 4891 2819 4946 vel
2861 4890 3167 4957 attendant,
3218 4890 3618 4950 fraternitatem
3666 4904 3827 4951 tuam

2236 4989 2296 5036 ut
2335 4983 2620 5039 nobiscum
2647 4986 2933 5040 canonicas
2974 4984 3295 5041 traditiones
3336 4995 3392 5042 et
3433 4986 3647 5043 decreta
3695 5005 3831 5044 san-

2233 5084 2445 5131 ctorum
2510 5080 2735 5133 Patrum
2805 5088 3083 5150 percurrat
3129 5079 3445 5145 invitemus,
3498 5081 3555 5136 in
3604 5082 3830 5154 quibus,

2231 5170 2670 5241 prasumptionis
2734 5186 2846 5227 sua
2901 5170 3105 5227 fastum
3167 5172 3351 5229 denuo
3403 5190 3831 5246 recognoscens,

2229 5264 2446 5335 culpam
2486 5264 2539 5319 in
2591 5265 2764 5337 seipsa
2810 5264 3165 5338 negligentia
3210 5268 3410 5338 pariter
3453 5268 3832 5340 deprehendat

2228 5365 2283 5412 et
2305 5373 2487 5415 ausus.
2538 5360 2701 5426 Nam,
2754 5376 2879 5415 cum
2928 5360 3166 5431 primum
3203 5362 3443 5418 Joannes
3488 5364 3831 5420 Moravensis

2225 5445 2539 5517 episcopus,
2587 5448 2843 5503 Ecclesia
2884 5449 2971 5504 cui
3014 5458 3211 5520 praest
3236 5450 3358 5521 jura
3404 5451 3693 5508 defendere
3724 5468 3826 5507 vo-

2226 5540 2362 5605 lens,
2407 5542 2592 5599 multis
2635 5544 2849 5615 injuriis
2878 5560 2939 5599 ac
2984 5546 3353 5613 contumeliis,
3384 5546 3610 5619 ﬂagellis
3650 5548 3827 5603 etiam

2223 5638 2306 5701 (ut
2342 5634 2669 5702 audivimus)
2699 5636 3027 5705 afﬁceretur,
3061 5648 3113 5692 et
3136 5642 3336 5706 stamen
3384 5640 3653 5711 justitiam
3708 5658 3825 5697 non

2222 5736 2401 5797 posset
2442 5730 2719 5801 consequi,
2754 5738 2847 5787 tua
2886 5730 3078 5802 religio
3132 5732 3340 5788 nullam
3404 5732 3527 5791 inde
3566 5734 3832 5790 sollicitu-

2218 5819 2421 5889 dinem,
2474 5823 2683 5879 nullam
2728 5822 2781 5879 in
2826 5823 3171 5881 discutienda
3220 5840 3380 5881 causa
3440 5812 3828 5900 fatigationem
