4106 6182
272 301 381 354 337

1406 304 1600 359 LIBER
1640 306 1904 362 PRIMUS.
1946 337 2013 346 —
2054 309 2260 365 EPIST.
2303 311 2450 367 LXII.

3475 317 3577 369 338

264 424 569 495 suscepisse
595 422 953 496 dignoscitur.
1001 429 1203 482 Verum
1246 436 1537 501 postquam
1568 431 1862 501 apostolica
1896 438 1947 499 Α
1974 449 2069 503 per
2111 435 2391 504 epistolam
2437 443 2681 491 nostram
2710 433 2916 489 duriter
2962 435 3375 508 increpavimus,
3416 438 3579 492 inter-

266 517 450 583 sedes,
506 528 724 590 accepta
772 517 979 590 praefati
1026 520 1259 592 episcopi
1307 522 1675 593 querimonia,
1722 541 1866 597 saepe

264 628 362 684 per
408 612 683 683 epistolas,
728 612 1012 685 aliquoties
1054 614 1215 669 etiam
1264 631 1358 687 per
1404 617 1605 687 legatos
1646 634 1865 674 causam

265 706 411 774 iusto
440 706 546 760 ﬁne
573 706 934 762 determinare
972 716 1026 762 et
1070 708 1219 763 litem
1266 725 1609 781 compescere
1636 710 1865 768 desuda-

261 808 447 867 verat;
484 807 618 855 tunc
657 799 882 856 demum
910 801 1166 873 evigilans
1206 803 1421 858 solertia
1460 812 1551 859 tua
1580 806 1864 876 negotium

258 893 668 962 animadvertit,
719 895 831 949 suis
877 894 984 950 hoc
1037 895 1465 953 discussionibus
1522 897 1862 955 referendum

254 1002 377 1041 esse
399 986 666 1058 judicavit
693 996 746 1042 et
790 986 1014 1044 fratrem
1042 1005 1136 1059 per
1172 991 1467 1061 apostolica
1496 991 1755 1063 suffragia
1796 994 1863 1049 ad

256 1090 483 1152 portum
523 1080 739 1152 iustitiae
768 1090 824 1137 et
868 1082 1061 1153 quietis
1097 1093 1407 1139 enatantem
1446 1086 1501 1139 in
1530 1084 1863 1156 profundum

256 1174 467 1242 (credo)
516 1175 845 1232 renovandae
894 1178 1253 1233 contentionis
1296 1188 1349 1233 et
1399 1179 1648 1235 laborum
1693 1189 1861 1237 retra-

253 1268 385 1323 here
405 1268 642 1323 voluisti.
675 1270 1026 1342 Quamquam
1058 1270 1220 1342 igitur
1247 1272 1377 1327 hinc
1409 1272 1572 1328 ofﬁcii
1608 1274 1685 1328 tui
1714 1274 1865 1330 incu-

249 1360 366 1427 ria,
426 1361 573 1416 illinc
629 1372 881 1434 suscepta
918 1363 1177 1419 adversus
1243 1367 1593 1437 apostolicam
1644 1367 1862 1437 sedem,

250 1464 546 1510 accusante
594 1464 681 1526 te,
724 1458 1029 1527 arrogantia
1075 1458 1270 1514 merito
1316 1460 1370 1514 in
1434 1468 1487 1515 te
1527 1464 1860 1517 commoveri

250 1546 611 1616 deberemus;
638 1557 854 1606 utentes
881 1559 1065 1606 tamen
1094 1554 1387 1622 apostolica
1422 1555 1856 1624 mansuetudine,

250 1640 467 1712 placido
519 1649 573 1696 te
638 1640 1004 1698 admonemus
1066 1642 1262 1700 affectu
1326 1662 1397 1702 ne
1460 1647 1685 1704 ulterius
1742 1657 1857 1704 tam

248 1734 582 1802 inordinata,
603 1741 714 1791 tam
740 1735 1043 1792 inconsulta
1075 1754 1397 1810 praesumas,
1422 1744 1533 1809 [ne]
1563 1742 1861 1812 apostolica

1975 522 2217 578 dicentes
2263 526 2311 578 ei
2351 542 2418 579 ne
2462 524 2689 579 ulterius
2734 540 2789 578 se
2830 524 3143 595 hujusmodi
3182 527 3370 581 inertia
3418 528 3578 594 [forte

1973 611 2217 679 audacia]
2267 620 2319 666 et
2354 611 2601 667 fatuitate
2644 628 2910 683 occupare
2956 613 3194 684 incipiat.
3229 618 3487 670 Attamen
3526 618 3571 671 si

1972 701 2102 772 quid
2130 700 2421 758 adversum
2447 712 2500 758 te
2526 703 2810 758 temerario
2832 702 3031 772 judicio
3069 703 3270 773 fecerit,
3300 714 3572 779 praeventu

1972 790 2287 861 apostolicae
2317 791 2653 847 auctoritatis
2689 799 2838 846 tutus
2882 799 3042 863 atque
3066 772 3344 862 defensus,
3368 772 3569 849 ‘donec

1977 880 2172 933 iterum
2216 877 2285 934 ad
2330 888 2385 934 te
2432 888 2617 934 nostra
2662 878 2859 950 legatio
2899 878 3218 949 perferatur,
3251 897 3349 951 pro
3398 881 3567 937 nihilo

1972 968 2159 1034 ducas,
2191 969 2476 1040 magisque
2504 968 2605 1023 sibi
2644 968 2709 1022 ad
2741 968 3059 1038 periculum,
3088 986 3252 1040 quam
3293 971 3390 1025 tibi
3420 970 3565 1025 futu-

1972 1074 2096 1114 rum
2124 1072 2240 1112 esse
2279 1074 2388 1112 non
2417 1058 2682 1129 ambigas.
2726 1058 2800 1112 De
2836 1065 3033 1113 caetero
3077 1059 3380 1129 apostolicis
3406 1061 3565 1116 bene-

1973 1146 2299 1203 dictionibus
2328 1162 2542 1218 semper
2583 1154 2638 1201 te
2676 1146 2949 1202 munitum
2988 1162 3105 1202 esse
3133 1149 3383 1219 gaudeas.

2045 1240 2187 1292 Data
2211 1239 2409 1291 Romae
2435 1234 2645 1290 decimo
2667 1235 2856 1305 quinto
2885 1235 3165 1292 Kalendas
3185 1238 3406 1307 Aprilis,
3430 1238 3564 1295 indi-

1972 1325 2149 1380 ctione
2175 1322 2525 1379 duodecima.

2490 1418 2842 1472 EPISTOLA
2881 1419 3060 1473 LXII.

2119 1526 2204 1567 AD
2246 1526 2549 1568 HUGONBM
2589 1526 2880 1566 ABBATBM
2919 1526 3415 1570 CLUNIACBNSEM.

2554 1602 2735 1665 (Anno
2780 1600 2958 1669 1074.)

1970 1697 2210 1750 Miratur
2245 1710 2363 1749 eum
2390 1694 2467 1747 ad
2504 1694 2835 1747 uisitandum
2874 1695 3222 1762 apostolicam
3246 1695 3420 1749 sedem
3458 1712 3563 1751 non

2042 1769 2336 1820 accessisse.
2365 1768 2538 1820 Monet
2579 1765 2641 1817 id
2680 1767 2850 1831 faciat
2884 1770 2933 1818 et
2977 1766 3181 1831 fratres
3229 1781 3350 1821 suos
3384 1783 3563 1837 preces

239 1826 459 1899 judicia
500 1845 613 1883 non
646 1829 789 1898 dico,
829 1831 943 1897 tibi,
994 1831 1090 1887 sed
1135 1848 1234 1888 nec
1273 1833 1367 1888 ulli
1407 1833 1856 1905 patriarcharum,
1890 1819 1936 1880 Β
2034 1819 2215 1906 prose
2256 1819 2491 1903 fundere
2520 1820 2683 1890 curet:

246 1929 350 1976 aut
376 1922 673 1993 primatum
714 1924 1040 1979 retractandi
1090 1925 1363 1981 licentiam
1404 1926 1523 1982 fore
1552 1927 1842 1991 existimes,

243 2031 323 2070 ne
353 2024 543 2071 contra
584 2027 826 2073 sanctam
878 2022 1190 2075 Romanam
1223 2021 1520 2075 Ecclesiam
1549 2021 1847 2092 quidquam

242 2109 349 2164 tibi
384 2110 679 2166 attribuere
705 2111 785 2167 vel
812 2112 990 2167 moliri
1036 2114 1267 2184 cogites,
1314 2114 1431 2168 sine
1475 2114 1629 2186 cujus
1672 2115 1843 2171 abun-

238 2203 401 2259 danti
448 2204 755 2274 clementia,
804 2221 904 2261 nec
959 2205 1014 2260 in
1066 2207 1185 2263 loco
1235 2207 1455 2279 quidem
1510 2213 1628 2275 tuo,
1677 2217 1738 2263 ut
1788 2217 1847 2263 tu

238 2299 365 2368 ipse
392 2298 555 2366 nosti,
600 2298 896 2354 subsistere
938 2308 1109 2370 potes.
1152 2304 1265 2357 Nos
1311 2302 1533 2369 etenim,
1562 2301 1848 2374 adjuvante

238 2394 390 2456 Deo,
445 2407 539 2461 per
588 2392 967 2449 auctoritatem
1019 2394 1157 2450 beati
1200 2396 1364 2463 Petri,
1420 2396 1557 2452 sicut
1594 2396 1712 2467 jam
1753 2396 1848 2451 diu

234 2486 295 2539 in
360 2485 659 2555 apostolica
730 2486 855 2542 sede
906 2486 1187 2543 decretum
1247 2498 1349 2557 est,
1398 2489 1538 2544 inter
1596 2488 1849 2560 praefatos

232 2578 533 2649 episcopos
611 2579 760 2634 litem
836 2579 974 2651 iuste
1054 2581 1331 2649 decidere,
1407 2591 1459 2637 et
1534 2584 1847 2638 Moravensi

226 2671 509 2727 Ecclesiae
529 2687 650 2743 quae
675 2673 911 2745 suijuris
933 2683 1061 2730 sunt
1088 2674 1378 2732 decernere
1404 2686 1459 2732 et
1486 2677 1846 2733 corroborare

232 2765 685 2837 procurabimus.

311 2862 459 2913 Data
494 2862 687 2916 Romae
724 2860 941 2917 decimo
982 2862 1174 2933 quinto
1200 2862 1477 2919 Kalendas
1506 2865 1727 2935 Aprilis,
1756 2865 1843 2920 in-

226 2952 493 3008 dictione
538 2953 882 3009 duodecima.

777 3056 1134 3114 EPISTOLA
1165 3061 1314 3115 LXI.

500 3164 578 3204 ΔΙ)
612 3164 1013 3209 WRATISLAUM
1044 3167 1255 3209 DUCEM
1288 3167 1599 3208 ΒΟΗΕΜΙΕ.

853 3249 1035 3309 (Anno
1077 3252 1255 3311 1074.)

224 3342 512 3394 Hortatur
556 3343 615 3391 ut
661 3342 717 3393 in
762 3339 875 3394 dies
920 3339 1152 3409 majores
1186 3356 1505 3409 progressus
1566 3343 1743 3408 faciat
1782 3344 1841 3395 in

301 3410 659 3465 observantia
726 3427 851 3479 erga
914 3413 1214 3465 Romanam
1280 3414 1586 3467 Ecclesiam.
1663 3414 1839 3468 Osten-

298 3482 399 3535 dit
462 3496 517 3533 se
564 3483 958 3551 archiepiscopo
1000 3485 1312 3550 Moguntina
1373 3486 1717 3552 signiﬁcasse,
1776 3500 1840 3537 ne

298 3555 369 3604 in
413 3567 577 3605 causa
621 3556 910 3621 Bragensis
964 3556 1197 3623 episcopi
1243 3554 1453 3623 longius
1498 3556 1843 3623 progredere-

299 3628 455 3748 21:1.-
505 3640 669 3748 qtuare
712 3640 831 3693 quia
882 3631 1067 3679 contra
1108 3627 1285 3695 ipsum
1330 3629 1497 3694 egerit
1537 3627 1687 3680 nulla
1736 3643 1842 3680 esse

348 3711 379 3748 ε
427 3711 527 3748 ara
558 3735 570 3748 .

348 3700 570 3749 celarat.

302 3800 680 3854 GBEGOBIUS
744 3798 1046 3870 episcopus,
1115 3814 1304 3854 servus
1359 3815 1645 3856 servorum
1711 3801 1836 3867 Dei,

222 3894 619 3947 W’Butsuo
662 3891 786 3948 duci
820 3891 1098 3948 Bohemiaa
1134 3895 1364 3948 salutem
1403 3902 1457 3949 et
1485 3894 1836 3964 apostolicam

220 3982 690 4040 benedictionem.

297 4077 578 4145 Quoniam
623 4077 837 4133 afﬂatus
882 4078 1004 4150 igne
1059 4078 1242 4134 divino
1298 4078 1476 4134 studia
1525 4078 1829 4134 devotionis

220 4186 367 4242 erga
446 4180 689 4226 sanctam
742 4180 796 4226 et
850 4172 1203 4243 apostolicam
1270 4172 1565 4228 Ecclesiam
1628 4172 1826 4228 habere

222 4264 469 4335 ccepisti,
499 4265 658 4320 silere
699 4280 800 4320 nos
834 4265 1067 4321 charitas
1110 4266 1169 4320 in
1212 4274 1263 4320 te
1304 4265 1503 4322 diffusa
1550 4281 1660 4320 non
1703 4265 1834 4337 pati-

220 4367 345 4424 tur,
385 4358 511 4427 quin
562 4356 815 4413 ardorem
854 4358 1055 4414 divinae
1083 4359 1355 4414 servitutis
1383 4359 1451 4415 de
1479 4359 1565 4414 die
1606 4359 1659 4413 in
1689 4358 1833 4414 diem

220 4452 532 4507 ferventius
573 4459 625 4506 te
666 4451 950 4523 concipere
997 4451 1259 4524 frequenti
1293 4452 1671 4508 exhortatione
1713 4467 1832 4506 mo-

2008 1928 2869 2001 Gnseoniusepisc0pus,servus
2881 1944 3165 1985 servorum
3179 1931 3301 1999 Dei,
3315 1933 3563 1988 Hucom

1956 2022 2133 2079 abbati
2176 2023 2512 2079 Cluniacensi
2545 2022 2779 2078 salutem
2832 2031 2887 2077 et
2934 2022 3287 2094 apostolicam
3334 2024 3559 2080 benedi-

1956 2116 2062 2172 ctio
2070 2132 2216 2171 nem.

2028 2210 2191 2264 Grata
2223 2209 2376 2265 nobis
2397 2219 2451 2264 et
2478 2209 2655 2265 dulcia
2679 2218 2807 2264 sunt
2830 2209 2995 2264 verba
3026 2218 3226 2278 vestra,
3258 2209 3356 2265 sed
3381 2212 3557 2267 multo

1958 2302 2190 2359 uberiori
2222 2302 2576 2359 delectatione
2604 2318 2708 2358 nos
2735 2311 3009 2375 caperent,
3037 2304 3081 2357 si
3118 2310 3295 2358 vestra
3326 2304 3558 2359 charitas

1957 2395 2233 2452 ardentius
2305 2412 2426 2468 erga
2485 2399 2799 2452 Romanam
2850 2395 3084 2451 ferveret
3119 2397 3442 2452 Ecclesiam.
3494 2400 3555 2452 In

1959 2489 2063 2545 hoc
2082 2491 2226 2545 enim
2247 2489 2548 2545 dilectionis
2573 2499 2764 2545 vestrae
2786 2489 3069 2544 ﬂammam
3096 2489 3332 2545 residere
3362 2490 3552 2561 depre-

1958 2582 2267 2651 hendimus,
2318 2582 2468 2654 quod
2520 2583 2954 2638 consolationem
2998 2592 3188 2638 vestrae
3240 2583 3556 2640 visitationis

1958 2676 2116 2732 toties
2144 2677 2430 2746 quaesitam
2474 2676 2719 2731 invenire
2753 2692 2865 2730 non
2895 2691 3204 2746 possumus.
3240 2676 3303 2731 Id
3332 2676 3553 2748 quidem

1958 2785 2067 2825 non
2117 2770 2233 2824 aliis
2278 2769 2733 2840 occupationibus
2774 2768 2964 2823 vestris
3003 2768 3391 2840 imputandum
3437 2785 3553 2825 esse

1958 2863 2251 2930 credimus,
2297 2862 2401 2917 nisi
2452 2862 2597 2934 quod
2641 2861 2988 2917 sanctitatem
3044 2870 3279 2916 vestram
3335 2863 3553 2918 labores

1961 2956 2163 3028 fugere,
2208 2965 2261 3011 et
2289 2956 2565 3026 aliquanto
2611 2955 2857 3027 graviora
2903 2954 3143 3026 negotia,
3192 2955 3343 3026 quasi
3386 2957 3548 3026 pigri-

1956 3057 2127 3105 tatem
2166 3052 2234 3117 [f.
2275 3049 2569 3122 pigritate],
2599 3048 2933 3121 quibusdam
2977 3047 3350 3103 occasionibus
3378 3047 3550 3104 decli—

1953 3160 2081 3198 nare
2106 3143 2369 3199 videmus.
2395 3143 2627 3199 Proinde
2650 3151 2841 3198 noscat
2869 3141 3054 3214 religio
3086 3150 3258 3197 vestra
3284 3143 3547 3213 quoniam

1879 3215 1923 3277 C
1958 3238 2050 3307 qui
2079 3236 2400 3309 denegatam
2444 3236 2602 3291 nobis
2654 3236 2994 3307 praesentiam
3023 3242 3260 3292 vestram
3286 3235 3549 3291 hactenus

1953 3346 2081 3385 cum
2108 3329 2470 3385 admiratione
2519 3329 2898 3397 sustinuimus,
2930 3329 3187 3400 deinceps
3234 3329 3346 3384 sine
3378 3329 3547 3384 multa

1956 3422 2312 3494 anxietatelet
2347 3422 2546 3477 mentis
2567 3422 3001 3493 [perturbatione
3038 3421 3179 3477 ferre
3211 3439 3322 3478 non
3360 3438 3547 3494 possu-

1957 3532 2106 3572 mus.
2145 3515 2455 3571 Meminisse
2495 3515 2639 3570 enim
2688 3514 2894 3570 debetis
2935 3524 3069 3586 quot
3108 3524 3161 3569 et
3199 3523 3401 3587 quanta
3443 3531 3543 3571 ne-

1956 3611 2103 3681 gotia
2150 3610 2204 3664 in
2249 3616 2425 3664 vestra
2466 3624 2653 3674 manu,
2696 3616 2751 3663 et
2795 3607 3082 3664 confratris
3127 3609 3298 3663 nostri
3340 3608 3543 3664 Giraldi

1957 3702 2222 3777 [Gerardi]
2264 3702 2532 3760 Ostiensis
2578 3701 2815 3773 episcopi
2852 3701 3215 3772 posuerimus,
3253 3717 3373 3773 quae
3417 3719 3543 3773 pro-

1954 3805 2074 3868 pter
2109 3797 2409 3852 absentiam
2453 3802 2687 3851 vestram
2733 3804 2828 3850 aut
2868 3795 3107 3866 neglecta
3154 3803 3402 3865 pereunt,
3448 3807 3544 3852 aut

1952 3898 2355 3962 competentem
2392 3889 2560 3944 ﬁnem
2596 3887 2795 3943 habere
2822 3904 2932 3943 non
2962 3897 3216 3959 possunt,
3261 3889 3540 3960 quoniam,

1951 4000 2075 4040 cum
2122 3983 2405 4055 praefatum
2450 3983 2768 4054 episcopum
2821 3981 2875 4035 in
2921 3982 3138 4036 servitio
3185 3983 3355 4037 sancti
3395 3984 3541 4038 Petri

1950 4077 2089 4132 ultra
2120 4086 2334 4133 montes
2364 4084 2427 4132 ut
2458 4075 2528 4131 ad
2574 4090 2758 4142 regem
2794 4074 3070 4143 misimus,
3104 4090 3200 4129 vos
3247 4082 3538 4131 venturum

1949 4171 2375 4227 mstimabamus.
2423 4171 2784 4241 Quapropter,
2826 4168 2921 4224 etsi
2968 4168 3254 4236 commoti,
3292 4168 3534 4226 dilectio-

1947 4280 2071 4319 nem
2108 4273 2341 4320 vestram
2379 4261 2972 4319 intimo.admonemus
2999 4260 3220 4329 affectu,
3254 4271 3315 4316 ut
3351 4278 3454 4319 nos
3480 4264 3537 4320 in

1947 4356 2136 4411 multis
2166 4367 2221 4412 et
2250 4358 2464 4429 magnis
2500 4356 2765 4427 angustiis
2810 4354 3016 4424 positos
3050 4354 3371 4425 quantocius
3416 4356 3538 4411 visi-

1942 4458 2057 4505 tare
2109 4451 2335 4506 curetis.
2388 4455 2676 4507 Portamus
2720 4449 2890 4516 enim,
2943 4462 3259 4519 quanquam
3310 4448 3532 4517 inﬁrmi,

220 4560 479 4601 neamus.
513 4545 607 4600 Illa
630 4545 829 4601 etenim
852 4553 977 4601 vota
996 4546 1139 4616 apud
1168 4549 1344 4601 Deum
1370 4547 1588 4616 praemia
1619 4561 1828 4601 meren-
1858 4587 1906 4649 Β
1940 4559 2255 4617 quanquam
2323 4553 2473 4599 extra
2519 4544 2657 4598 vires
2715 4541 2914 4613 ingenii
2974 4549 3029 4596 et
3090 4541 3360 4611 corporis,
3433 4543 3533 4598 soli

220 4648 320 4694 tur
350 4646 408 4694 et
446 4639 697 4711 gloriam,
736 4655 861 4710 quae
892 4656 987 4710 per
1031 4639 1231 4711 gradus
1278 4640 1546 4694 bonorum
1598 4654 1829 4710 operum

222 4733 295 4789 ad
327 4748 593 4787 cacumen
622 4732 970 4804 plenitudinis
997 4732 1248 4799 tendunt,
1277 4741 1330 4787 et
1361 4748 1574 4804 semper
1602 4734 1656 4787 in
1684 4733 1827 4788 bona

226 4824 506 4881 desideria
552 4826 819 4897 ampliora
855 4826 1184 4897 concipiunt.
1226 4826 1585 4897 Quapropter,
1630 4825 1830 4882 Charis-

228 4921 371 4974 sime
426 4919 498 4974 ﬁli
555 4920 611 4974 in
659 4920 898 4985 Christo,
947 4920 1090 4975 bona
1135 4935 1277 4992 quae,
1333 4922 1449 4996 Deo
1516 4919 1825 4991 inspirante,

232 5028 391 5067 mens
426 5020 480 5067 et
508 5012 729 5069 devotio
770 5021 862 5069 tua
906 5014 1205 5084 proposuit,
1252 5012 1319 5067 ad
1348 5011 1611 5068 effectum
1654 5010 1828 5084 perfe-

230 5106 433 5161 ctionis
476 5105 766 5161 extendere
797 5106 953 5162 stude
986 5126 998 5162 :
1031 5115 1296 5178 quatenus
1344 5105 1642 5177 apostolica
1670 5105 1831 5160 bene-

234 5200 491 5267 volentia,
530 5200 681 5255 nulla
710 5200 807 5255 tibi
840 5198 1158 5255 labefactata
1198 5199 1442 5271 segnitie,
1492 5215 1591 5270 pro
1622 5198 1829 5255 meritis

232 5294 341 5347 tuis
395 5292 643 5364 ampliori
693 5307 906 5363 semper
952 5300 1005 5348 te
1048 5291 1333 5348 dilectione
1375 5292 1823 5366 comprehendat.

233 5388 321 5440 De
370 5385 608 5457 reliquiis
663 5393 717 5441 et
765 5386 1044 5458 privilegio
1086 5385 1227 5441 unde
1274 5402 1375 5442 nos
1416 5386 1639 5459 rogasti,
1698 5402 1827 5442 cum

236 5479 456 5535 nuntius
484 5488 635 5549 tuus,
666 5478 816 5535 ﬁnita
853 5488 908 5535 et
936 5478 1167 5551 perfecta
1192 5479 1436 5547 ecclesia,
1466 5480 1824 5536 consecratio-

232 5572 321 5626 nis
347 5573 632 5629 consilium
661 5589 689 5628 a
727 5572 886 5629 nobis
922 5572 1211 5644 quaesierit,
1242 5573 1501 5629 voluntati
1531 5584 1640 5633 tuae
1676 5575 1828 5630 satis-

234 5663 415 5720 facere
475 5666 709 5739 benigne
782 5666 1218 5738 procurabimus.
1293 5666 1618 5739 Sigifredum
1698 5684 1826 5724 vero

238 5757 704 5832 archiepiscopum
778 5760 1183 5832 Moguntinum,
1249 5760 1317 5816 de
1405 5762 1827 5835 praesumptione

240 5865 400 5920 quam
429 5853 485 5908 in
532 5868 695 5909 causa
742 5853 994 5910 Jeromiri
1025 5855 1315 5926 Bragensis
1352 5838 1590 5927 episcopi
1616 5854 1824 5919 habuit,

1938 4646 2119 4693 tamen
2170 4646 2475 4709 portamus,
2515 4637 2571 4691 in
2603 4637 2706 4691 hoc
2754 4635 3071 4707 gravissimo
3104 4644 3373 4707 tempore,
3419 4652 3533 4692 non

1936 4732 2115 4787 solum
2145 4731 2506 4801 spiritualium
2536 4730 2629 4785 sed
2651 4738 2707 4785 et
2730 4728 3078 4784 smcularium
3102 4729 3293 4799 ingens
3322 4730 3533 4801 pondus

1936 4825 2311 4896 negotiorum,
2342 4831 2397 4879 et
2435 4838 2621 4878 casum
2654 4832 2905 4878 nostrum
2947 4821 3189 4893 quotidie
3242 4839 3303 4879 ex
3347 4824 3528 4879 immi-

1937 4919 2086 4974 nenti
2114 4918 2321 4973 sarcina
2349 4915 2735 4982 formidamus,
2765 4916 2855 4987 qui
2888 4916 3299 4973 sustentationis
3336 4918 3531 4975 auxilia

1938 5012 1988 5066 in
2037 5011 2141 5067 hoc
2170 5011 2371 5067 saeculo
2413 5025 2757 5082 nequaquam
2799 5014 3057 5082 [nequam
3103 5012 3383 5079 legendum
3423 5027 3532 5067 esse

1937 5108 2194 5173 arbitror]
2235 5104 2471 5176 reperire
2514 5104 2820 5175 nequimus.
2864 5103 3027 5160 Unde
3067 5120 3159 5176 per
3186 5105 3533 5176 omnipoten-

1938 5210 2047 5255 tem
2078 5198 2377 5253 Dominum
2414 5214 2669 5270 rogamus
2698 5206 2758 5252 ut
2784 5196 2982 5253 fratres
3022 5206 3231 5254 vestros
3270 5199 3429 5265 (sicut
3461 5200 3529 5255 ab

1935 5293 2087 5348 initio
2130 5292 2486 5348 ordinationis
2532 5300 2737 5347 nostrae
2774 5292 3181 5362 postulavimus)
3220 5309 3318 5364 pro
3361 5292 3520 5350 nobis

1929 5387 2132 5459 jugiter
2173 5402 2330 5442 orare
2376 5389 2558 5441 Deum
2605 5386 3030 5451 commoneatis,
3083 5387 3369 5457 quoniam,
3424 5388 3529 5443 nisi

1935 5481 2151 5536 illorum
2212 5487 2265 5535 et
2318 5480 2549 5535 aliorum
2604 5478 2845 5535 ﬁdelium
2901 5479 3297 5536 interventibus
3343 5480 3528 5536 divina

1935 5573 2199 5645 suffragia
2226 5589 2555 5642 mereamur,
2583 5582 2854 5642 nostrum,
2889 5582 2961 5641 et,
2986 5573 3138 5645 quod
3164 5574 3338 5646 magis
3373 5576 3531 5629 time-

1935 5682 2078 5734 mus,
2132 5667 2391 5722 Ecclesiae
2438 5668 2736 5738 periculum
2794 5668 2998 5723 evitare
3055 5683 3167 5722 non
3208 5667 3526 5738 poterimus.

1937 5761 2302 5833 Omnipotens
2349 5764 2519 5828 Deus,
2562 5778 2590 5816 a
2631 5777 2741 5831 quo
2785 5762 2923 5816 bona
2968 5768 3161 5815 cuncta
3202 5758 3524 5831 procedunt,

1936 5872 2032 5912 vos
2057 5872 2121 5912 ac
2148 5856 2475 5912 commissos
2502 5854 2653 5911 vobis
2678 5854 2731 5909 in
2750 5854 2852 5908 hac
2879 5853 3093 5907 mortali
3121 5853 3230 5907 vita
3251 5852 3321 5904 ita
3350 5850 3528 5909 vivere
