4106 6182
610 360 712 413 339
988 388 993 395 ι
1293 362 1345 417 S.
1391 361 1709 417 GREGORII
1741 364 1831 417 Vll
1869 365 2059 419 PAPA'I
2098 365 2372 419 t‘lPERUM
2410 366 2583 420 PARS
2624 368 2661 420 Ι.
2704 396 2772 407 -
2810 329 3210 424 RlZGlSTRUM.
3796 372 3901 426 340

611 482 769 539 faciat
824 492 886 540 ut
934 483 1005 540 ad
1059 499 1245 539 veram
1303 494 1357 540 et
1410 486 1782 541 immortalem
1842 488 2032 555 vitam,
2082 491 2195 543 Deo
2226 500 2275 556 Α
2306 506 2509 544 γΗοΝεο
2545 499 2597 545 et
2634 492 2831 546 Sucro
2852 497 3020 561 (349),
3049 492 3265 562 regibus
3291 490 3567 562 Hispania
3591 506 3622 546 a
3660 492 3901 563 paribus,

609 579 859 646 ducente,
886 578 1228 650 perveniatis.

678 674 814 725 Data
858 674 1056 727 Roma
1086 672 1300 727 decimo
1329 682 1522 744 quarto
1544 673 1822 730 Kalendas
1850 675 2087 746 Aprilis,
2118 676 2197 730 in-

608 762 844 819 dictione
873 763 1221 820 duodecima.

1118 870 1458 924 EPISTOLA
1498 872 1704 925 LXIII.

896 977 978 1016 AD
1016 978 1294 1019 SANCIUM
1338 979 1548 1019 BEGEM
1580 980 1934 1019 ABAGONIE.

1219 1060 1405 1121 (Anno
1452 1063 1628 1122 1074.)

614 1148 959 1201 Commendat
987 1150 1104 1217 ejus
1128 1152 1521 1206 observantiam
1548 1169 1677 1221 erga
1710 1156 2004 1207 Romanam
2031 1154 2200 1207 Eccle-

689 1221 844 1281 sium,
875 1222 1121 1289 quodque
1168 1224 1222 1274 in
1257 1237 1355 1275 sua
1396 1225 1597 1277 (titione
1633 1227 1873 1292 ofﬁcium
1912 1228 2207 1279 Romanum

681 1291 940 1343 celebrari
968 1293 1198 1346 studeat.
1239 1295 1492 1348 Absentis
1517 1291 1799 1363 cujusdam
1822 1298 2206 1349 accusationem

688 1376 791 1413 non
820 1364 1009 1430 recipit
1043 1388 1061 1413 .-
1091 1367 1345 1417 nuntium
1386 1382 1588 1419 reverso
1630 1368 1801 1434 legato
1828 1382 1882 1420 se
1917 1369 2205 1421 missurum

676 1434 971 1500 promittit,
1001 1437 1099 1501 qui
1122 1451 1337 1489 causam
1377 1437 1598 1506 deﬁnire
1633 1442 1802 1491 curet.

686 1525 1046 1582 GnnGonIUs
1065 1528 1369 1599 episcopus,
1396 1545 1587 1584 servus
1607 1544 1893 1586 servorum
1918 1530 2041 1594 Dei,
2063 1532 2213 1585 SAN-

614 1633 710 1674 cro
733 1619 842 1690 regi
862 1621 1225 1691 Aragonensi,
1247 1623 1502 1689 salutem,
1520 1631 1574 1678 et
1588 1624 1947 1694 apostolicam
1967 1623 2214 1679 benedic.

605 1711 838 1769 tionem.

680 1807 914 1863 Litteras
939 1808 1234 1863 nobilitatis
1258 1818 1367 1865 tua
1384 1810 1653 1866 suavitate
1681 1811 1867 1881 plenas
1887 1810 1997 1867 lati
2022 1827 2205 1866 susce-

2304 592 2359 639 et
2374 585 2642 657 episcopis
2665 586 2720 640 in
2745 585 2949 641 ditione
2967 600 3064 642 sua
3083 584 3418 653 constitutis,
3444 585 3675 641 salutem
3701 595 3758 642 et
3773 601 3901 658 apo-

2306 679 2553 741 stolicam
2582 679 3038 736 benedictionem.

2377 775 2517 829 Cum
2547 772 2736 829 beatus
2753 775 3031 845 apostolus
3050 774 3250 831 Paulus
3268 775 3592 846 Hispaniam
3620 790 3680 831 se
3708 774 3906 832 adiisse

2310 868 2578 939 signiﬁcet
2600 873 2773 934 (Rom.
2807 872 2934 939 xv),
2971 885 3035 925 ac
3064 878 3250 941 postea
3280 879 3486 941 septem
3517 869 3799 942 episcopos
3836 870 3904 925 ab

2312 964 2445 1018 urbe
2488 967 2667 1018 Roma
2700 963 3050 1019 instruendos
3086 965 3362 1035 Hispania
3402 965 3633 1037 populos
3676 981 3705 1019 a
3743 968 3905 1021 Petro

2314 1066 2367 1113 et
2392 1057 2559 1112 Paulo
2587 1057 2845 1127 apostolis
2873 1058 3105 1113 directos
3142 1058 3326 1126 fuisse,
3357 1059 3446 1131 qui
3476 1058 3749 1114 destructa
3784 1057 3904 1114 ido-

2316 1151 2523 1205 lolatria
2594 1150 3054 1207 Christianitatem
3122 1151 3505 1220 fundaverunt,
3583 1152 3905 1225 religionem

2315 1253 2690 1315 pantaverunt,
2720 1245 2968 1301 ordinem
2997 1253 3051 1301 et
3079 1246 3327 1303 ofﬁcium
3369 1245 3641 1315 indivinis
3669 1245 3909 1301 cultibus

2315 1338 2539 1408 agendis
2568 1338 2948 1406 ostenderunt,
2979 1348 3032 1395 et
3050 1341 3309 1412 sanguine
3331 1356 3432 1396 suo
3463 1340 3729 1395 Ecclesias
3756 1338 3911 1395 dedi-

2320 1447 2530 1496 cavere,
2575 1442 2750 1487 vestra
2778 1432 3053 1504 diligentia
3081 1449 3195 1488 non
3227 1435 3458 1505 ignoret,
3490 1442 3750 1505 quantam
3776 1447 3909 1489 cono

2320 1527 2564 1583 cordiam
2584 1542 2712 1582 cum
2744 1530 2993 1582 Romana
3024 1527 3159 1583 urbe
3192 1528 3451 1599 Hispania
3482 1528 3537 1582 in
3566 1527 3825 1599 religione
3850 1533 3909 1582 et

2321 1620 2514 1675 ordine
2534 1618 2699 1675 divini
2722 1618 2885 1675 ofﬁcii
2911 1620 3160 1677 habuisse
3182 1621 3369 1693 (forte;
3397 1620 3690 1686 habuisset,
3711 1622 3909 1675 Hann.

2319 1718 2398 1768 ita
2430 1719 2483 1768 et
2526 1712 2745 1785 Mutin.]
2800 1714 2932 1769 satis
2983 1722 3128 1785 patet
3174 1732 3188 1770 :
3238 1714 3334 1770 sed
3370 1723 3659 1787 postquam
3698 1713 3909 1768 vesania

2321 1806 2846 1863 Priscillianistarum
2876 1806 2969 1863 diu
2998 1808 3291 1879 pollutum,
3319 1817 3375 1865 et
3403 1808 3635 1880 perﬁdia
3665 1808 3905 1862 Ariano-

613 1902 814 1969 pimus,
865 1902 919 1956 in
972 1903 1168 1973 quibus
1211 1912 1410 1973 quanta
1457 1904 1719 1959 ﬁdelitate
1767 1920 1893 1976 erga
1934 1905 2206 1976 principes
2241 1906 2288 1969 B
2315 1918 2441 1955 rum
2470 1900 2833 1972 depravatum
2864 1909 2920 1956 et
2962 1918 2993 1957 a
3022 1904 3280 1958 Romano
3308 1903 3420 1957 ritu
3464 1910 3803 1974 separatum,
3837 1901 3909 1955 ir-

611 1996 985 2064 apostolorum
1024 2000 1248 2051 Petrum
1298 2006 1353 2051 et
1381 1997 1609 2078 Paulum
1645 2013 1709 2052 ac
1756 2000 2068 2053 Romanam
2108 2000 2209 2053 Ec-

612 2090 833 2143 clesiam
879 2090 1085 2146 ferveas
1126 2092 1254 2146 satis
1294 2092 1667 2163 perspeximus
1713 2113 1723 2147 :
1768 2109 1954 2164 quam,
1988 2093 2207 2148 tametsi

614 2181 823 2235 litteras
842 2191 965 2237 tuas
994 2184 1168 2238 nullas
1190 2184 1518 2251 videremus,
1550 2201 1644 2256 per
1674 2187 1876 2258 legatos
1897 2186 2208 2257 apostolica

614 2275 759 2331 sedis
773 2266 1055 2333 evidenter
1075 2288 1411 2350 compertam
1430 2279 1786 2336 habebamus.
1812 2283 1881 2335 In
1898 2281 2003 2336 hoc
2025 2289 2204 2335 autem

613 2370 761 2440 quod
789 2370 889 2425 sub
929 2371 1133 2427 ditione
1160 2381 1252 2427 tua
1292 2374 1528 2453 Itomani
1558 2373 1762 2429 ordinis
1800 2374 2047 2429 ofﬁcium
2089 2372 2206 2429 ﬁeri

612 2463 790 2518 studio
820 2471 874 2517 et
908 2463 1246 2535 jussionibus
1273 2466 1383 2521 tuis
1406 2467 1625 2533 asseris,
1655 2470 1925 2521 Romana
1955 2466 2207 2523 Ecclesia

613 2564 666 2611 te
708 2556 905 2623 ﬁlium,
932 2574 997 2612 ac
1023 2574 1147 2613 eam
1171 2558 1519 2615 concordiam
1541 2568 1609 2628 et
1636 2560 1883 2615 eamdem
1911 2560 2208 2615 amicitiam

612 2658 666 2705 te
686 2650 971 2705 nobiscum
1001 2652 1218 2719 habere,
1240 2668 1406 2724 quam
1436 2653 1570 2708 olim
1598 2668 1754 2725 reges
1774 2653 2052 2725 Hispania
2081 2670 2206 2709 cum

611 2744 880 2799 Romanis
926 2744 1274 2816 pontiﬁcibus
1306 2745 1603 2814 habebant,
1651 2746 2013 2818 cognosceris.
2072 2750 2205 2803 Esto

612 2837 790 2907 itaque
815 2846 1090 2901 constans,
1117 2850 1172 2894 et
1198 2838 1454 2895 ﬁduciam
1481 2841 1697 2895 ﬁrmam
1721 2840 1941 2908 habeas,
1974 2850 2028 2896 et
2056 2841 2206 2913 quod

612 2930 818 3001 capisti
844 2930 1088 3002 perﬁcias
1123 2952 1135 2987 :
1177 2933 1300 3003 quia
1326 2934 1381 2988 in
1410 2935 1652 2990 Domino
1677 2937 1807 2990 Jesu
1835 2934 2053 2991 Christo
2078 2951 2208 2990 con-

611 3022 835 3078 ﬁdimus
859 3025 983 3096 quia
1027 3025 1219 3083 beatus
1256 3029 1451 3082 Petrus
1480 3028 1781 3099 apostolus,
1815 3045 1980 3100 quem
2012 3028 2208 3083 Domi-

612 3132 715 3172 nus
742 3119 902 3173 Jesus
917 3119 1160 3175 Christus
1190 3135 1284 3175 rex
1303 3121 1489 3191 gloria
1514 3121 1816 3193 principem
1847 3137 2014 3192 super
2042 3137 2207 3193 regna

614 3210 801 3265 mundi
816 3211 1118 3281 constituit,
1149 3213 1235 3268 cui
1259 3222 1312 3268 te
1339 3213 1561 3269 ﬁdelem
1582 3214 1803 3269 exhibes
1820 3254 1835 3280 ,
1862 3223 1916 3269 te
1944 3214 2012 3269 ad
2036 3214 2210 3270 hono-

613 3319 730 3359 rem
758 3303 1009 3360 desiderii
1043 3305 1125 3359 tui
1155 3305 1417 3373 adducet,
1461 3307 1574 3378 ipse
1604 3315 1657 3362 te
1702 3307 1966 3363 victorem
2007 3307 2075 3363 de
2115 3308 2206 3363 ad-
2242 3286 2289 3350 C-

615 3397 860 3453 versariis
901 3398 1013 3454 tuis
1054 3398 1272 3455 efficiet.
1327 3401 1465 3456 Cum
1514 3401 1660 3455 enim
1704 3401 1981 3456 Dominus
2032 3401 2205 3456 ﬁlium

613 3498 789 3560 amat,
818 3491 1055 3563 ﬂagellat
1082 3501 1136 3548 et
1163 3494 1388 3565 castigat
1414 3495 1598 3577 gHebr.
1626 3498 1761 3563 χιι).
1794 3495 1988 3551 Melius
2017 3502 2072 3549 et
2100 3495 2205 3550 uti-

614 3585 721 3641 lius
761 3603 829 3642 ex
875 3588 1117 3644 adversis
1147 3590 1455 3660 pervenitur
1495 3590 1563 3645 ad
1599 3604 1875 3662 prospera.
1922 3591 2027 3660 Qui
2057 3589 2206 3645 enim

613 3679 750 3735 dicit
776 3682 1080 3739 ridentibus
1117 3703 1128 3738 :
1166 3678 1275 3741 Va:
1312 3686 1491 3748 vobis,
1530 3688 1661 3754 quia
1689 3687 1880 3753 ﬂebitis
1915 3686 2059 3757 (Luc.
2103 3690 2205 3755 vr),

616 3772 733 3844 ipse
769 3776 1017 3845 lugentes
1046 3777 1233 3832 beatos
1272 3779 1489 3845 asserit,
1530 3782 1787 3849 quoniam
1818 3782 1925 3850 ipsi
1970 3781 2205 3835 consola-

617 3868 814 3922 buntur
851 3871 1069 3934 (Matth.
1116 3876 1196 3938 v).
1228 3876 1309 3927 De
1339 3874 1632 3927 Salomone
1660 3882 1845 3927 autem
1868 3874 1941 3928 ad
1966 3889 2207 3945 prasens

615 3960 749 4015 nihil
798 3963 1194 4034 respondimus,
1244 3966 1503 4037 quoniam
1549 3968 1945 4022 accusationem
1984 3984 2082 4039 per
2124 3967 2211 4023 lit-

616 4063 779 4123 teras,
824 4072 891 4112 eo
937 4057 1160 4113 absente
1210 4059 1303 4129 qui
1342 4069 1578 4127 accusat,
1624 4061 1763 4116 sacri
1808 4077 2049 4117 canones
2094 4078 2206 4118 non

616 4149 904 4220 recipiunt.
948 4153 1047 4206 Est
1083 4168 1301 4224 quoque
1332 4153 1504 4220 aliud,
1550 4154 1700 4226 quod
1750 4155 1957 4226 legatus
2000 4163 2200 4227 noster,

616 4243 707 4313 qui
733 4242 802 4298 ad
823 4252 1007 4315 partes
1032 4244 1148 4300 illas
1169 4246 1255 4301 his
1279 4247 1613 4317 temporibus
1634 4247 1752 4314 fuit,
1776 4249 1987 4317 aberat,
2018 4258 2071 4304 et
2093 4249 2208 4305 sine

616 4352 682 4390 eo
720 4336 991 4407 judicium
1032 4338 1157 4393 inde
1198 4338 1331 4395 dare
1378 4340 1672 4396 noluimus.
1730 4344 1809 4397 Eo
1853 4358 1981 4398 vero
2033 4359 2207 4399 rever-

616 4437 764 4484 tente
792 4429 1140 4501 habebimus,
1174 4436 1290 4488 Deo
1316 4433 1553 4502 favente,
1586 4434 1894 4506 consilium,
1923 4445 1977 4491 et
2009 4436 2081 4492 ad
2110 4452 2204 4493 vos

614 4524 871 4579 nuntium
897 4533 1148 4581 nostrum
1180 4527 1481 4595 mittemus,
1512 4529 1603 4600 qui
1657 4528 1798 4584 hanc
1840 4539 1897 4585 et
1936 4530 2067 4585 alias
2112 4546 2206 4585 ne-

614 4617 872 4672 cessarias
918 4634 1109 4675 causas
1138 4620 1376 4693 diligenti
1414 4622 1664 4678 examine
1699 4624 2042 4695 perquirens,
2092 4624 2201 4679 sin-

615 4709 753 4779 gulis
800 4711 1110 4783 quibusque
1146 4714 1312 4785 justa
1366 4692 1835 4771 determinationis
1890 4716 2057 4773 ﬁnem
2110 4692 2285 4772 im-D

617 4811 806 4872 ponet.

686 4898 826 4952 Data
851 4900 1047 4955 Roma
1073 4899 1286 4956 decimo
1322 4903 1484 4958 tertio
1513 4904 1789 4961 Kalendas
1817 4904 2035 4975 Aprilis,
2068 4904 2208 4960 indi-

615 4990 799 5046 ctione
839 4992 1179 5050 duodecima.

1121 5100 1477 5155 EPISTOLA
1510 5102 1708 5157 LXIV.

612 5208 680 5246 AD
711 5208 1021 5248 LLBHONSUM
1046 5211 1338 5262 CASTELLE,
1370 5212 1432 5249 ΕΤ
1453 5212 1689 5250 SANCIUM
1714 5211 1996 5251 ARAGONIJE
2016 5212 2200 5251 REGES.

1205 5294 1385 5355 (Anno
1434 5294 1606 5354 1074.)

610 5383 877 5457 Hortatur
899 5382 972 5457 ad
992 5384 1349 5457 recip-"tendum
1372 5386 1679 5457 Romanum,
1696 5381 1951 5457 officium.
1983 5389 2202 5439 Emcom-

680 5455 1095 5507 municatt'mwm
1114 5470 1175 5505 ac
1190 5455 1567 5522 depositionem
1590 5455 1881 5522 cujusdam
1900 5456 2202 5512 Simonz'aci

674 5540 782 5593 per
804 5539 925 5577 suos
956 5525 1165 5591 legatos
1190 5529 1482 5594 conﬁrmat.

678 5616 991 5671 GREGORIUS
1036 5615 1343 5687 episcopus,
1392 5633 1581 5673 servus
1629 5634 1911 5674 servorum
1963 5621 2064 5676 Dei
2111 5638 2200 5676 AL-

676 5780 820 5856 (349)
847 5779 929 5831 De
951 5776 1234 5904 Alplionso
1262 5787 1316 5834 et
1344 5780 1534 5835 Sancio
1560 5781 1776 5853 regibus
1800 5783 2193 5854 HiSpaniarum

676 5847 909 5901 ulortcus
932 5864 1024 5903 arc
1043 5850 1370 5904 lienisconus
1395 5853 1688 5904 Toletanus
1709 5853 1778 5904 de
1806 5854 1969 5904 rebus
2001 5855 2193 5904 Hisna-

606 5847 909 5926 Hodoricus
932 5847 1370 5923 archiepiscopus
1395 5847 1688 5909 Toletanus
1709 5853 1778 5909 de
1806 5847 1969 5910 rebus
2000 5855 2197 5927 Hispa-

603 5932 757 5971 mets.

2318 1994 2606 2049 ruentibus
2627 1994 2777 2066 prius
2806 1995 3026 2061 Gothis,
3057 2012 3119 2050 ac
3150 1995 3357 2051 demun
3380 1995 3775 2052 invadentibus
3802 1995 3913 2050 Sa-

2320 2089 2553 2153 racenis,
2578 2104 2809 2159 regnum
2834 2090 3109 2159 Hispania
3127 2088 3250 2157 fuit,
3277 2105 3391 2145 non
3417 2090 3595 2145 solum
3616 2088 3807 2160 religio
3826 2097 3911 2143 est

2318 2182 2613 2248 diminuta,
2643 2197 2831 2237 verum
2872 2183 3041 2238 etiam
3084 2183 3385 2240 mundana
3419 2191 3549 2238 sunt
3585 2198 3717 2254 opes
3753 2182 3911 2237 labe-

2320 2274 2555 2331 factata.
2588 2277 2940 2346 Quapropter
2969 2285 3031 2331 ut
3056 2276 3198 2332 ﬁlios
3226 2277 3565 2333 clarissimos
3593 2292 3688 2331 vos
3712 2275 3913 2332 adhor-

2316 2376 2406 2423 tor
2433 2377 2488 2423 et
2516 2384 2716 2424 moneo
2743 2377 2806 2422 ut
2844 2386 2962 2437 vos,
2993 2370 3134 2425 sicut
3174 2370 3340 2426 bona
3368 2370 3605 2437 soboles,
3638 2370 3741 2425 etsi
3784 2377 3913 2441 post

2316 2461 2611 2517 diuturnas
2653 2463 2938 2528 scissuras,
2970 2463 3197 2520 demum
3225 2473 3415 2519 tamen
3440 2472 3503 2518 ut
3538 2471 3779 2518 matrem
3822 2479 3912 2519 re-

2316 2572 2445 2611 vera
2472 2565 2712 2611 vestram
2740 2559 3059 2612 Romanam
3078 2558 3375 2613 Ecclesiam
3395 2557 3822 2630 recognoscatis,
3850 2557 3911 2612 in

2316 2667 2421 2721 qua
2442 2658 2499 2705 et
2522 2665 2625 2705 nos
2647 2649 2843 2706 fratres
2865 2651 3171 2723 reperietis,
3189 2655 3463 2707 Romana
3478 2651 3734 2707 Ecclesia
3758 2649 3912 2706 ordi-

2318 2759 2442 2799 nem
2459 2752 2515 2799 et
2544 2743 2810 2812 ofﬁcium,
2836 2744 3135 2816 recipiatis,
3161 2762 3275 2801 non
3294 2746 3598 2812 Toletana,
3621 2745 3699 2800 vel
3727 2744 3913 2816 cujus-

2318 2838 2447 2893 libet
2470 2838 2613 2905 alia,
2649 2837 2747 2894 sed
2771 2838 2931 2893 istius
2960 2854 3082 2910 qua
3110 2856 3139 2894 a
3170 2840 3329 2894 Petro
3356 2846 3409 2893 et
3426 2838 3595 2894 Paulo
3621 2854 3783 2910 supra
3812 2838 3909 2893 ﬁr-

2318 2948 2471 2987 mam
2506 2940 2719 3003 petram
2744 2947 2844 3003 per
2872 2932 3155 2988 Christum
3178 2930 3407 2988 fundata
3430 2940 3533 2999 est,
3564 2940 3619 2987 et
3645 2932 3911 3004 sanguine

2317 3036 2663 3096 consecrata,
2695 3028 2781 3082 cui
2810 3037 2980 3098 porta
3011 3027 3240 3095 inferni,
3272 3027 3327 3083 id
3356 3035 3437 3082 est
3467 3027 3671 3098 lingua
3696 3026 3915 3083 haereti-

2318 3138 2533 3189 corum,
2560 3138 2846 3193 nunquam
2864 3123 3159 3192 pravalere
3192 3130 3509 3193 potuerunt,
3541 3122 3683 3177 sicut
3708 3130 3913 3178 catera

2319 3232 2486 3288 regna
2533 3216 2853 3271 Occidentis
2888 3225 2944 3271 et
2976 3216 3398 3287 Septentrionis,
3448 3214 3704 3270 teneatis.
3747 3215 3920 3271 Unde

2318 3310 2467 3363 enim
2511 3324 2625 3363 non
2663 3308 2931 3364 dubitatis
2975 3325 3070 3370 vos
3099 3310 3401 3381 suscepisse
3448 3308 3731 3380 religionis
3755 3324 3921 3364 exor-

2317 3402 2493 3469 dium,
2540 3410 2714 3458 restat
2751 3402 2918 3458 etiam
2963 3411 3025 3457 ut
3067 3403 3195 3458 inde
3246 3403 3523 3474 recipiatis
3551 3403 3607 3457 in
3658 3403 3922 3458 ecclesia-

2316 3498 2455 3554 stico
2476 3498 2669 3554 ordine
2688 3498 2939 3554 divinum
2951 3499 3198 3555 ofﬁcium
3224 3518 3237 3555 :
3256 3498 3403 3571 quod
3421 3498 3735 3553 Innocentii
3753 3514 3918 3569 papa

2316 3595 2386 3651 ad
2420 3596 2772 3666 Eugubinum
2801 3596 3007 3652 directa
3032 3597 3349 3669 episcopum
3380 3613 3474 3652 vos
3498 3596 3658 3651 docet
3676 3595 3919 3668 epistola

2317 3692 2493 3758 (epist.
2536 3696 2646 3756 29),
2683 3691 2831 3761 quod
2866 3691 3183 3748 Hormisda
3218 3691 3288 3747 ad
3316 3691 3703 3763 Hispalensem
3739 3691 3917 3746 missa

2316 3782 2535 3839 decreta
2582 3784 2890 3850 insinuant,
2930 3785 3074 3855 quod
3103 3784 3435 3841 Toletanum
3485 3793 3541 3840 et
3573 3787 3919 3840 Bracarense

2317 3877 2703 3933 demonstrant
2722 3879 2954 3935 concilia
2986 3879 3165 3949 :quod
3180 3880 3350 3935 etiam
3383 3878 3625 3950 episcopi
3643 3879 3808 3934 vestri
3841 3880 3918 3935 ad

2318 3987 2421 4026 nos
2465 3987 2640 4043 nuper
2676 3973 2958 4027 venientes
3002 3973 3157 4045 juxta
3187 3973 3641 4029 constitutionem
3687 3973 3919 4028 concilii

2316 4081 2413 4135 per
2444 4065 2643 4136 scripta
2677 4066 2971 4132 suafacere
2998 4066 3393 4137 promiserunt,
3420 4076 3475 4122 et
3512 4067 3572 4121 in
3612 4081 3783 4121 manu
3812 4082 3921 4121 no-

2316 4166 2429 4214 stra
2457 4159 2842 4217 ﬁrmaverunt.
2874 4164 3167 4229 Praterea,
3199 4161 3341 4216 sicut
3358 4162 3425 4218 de
3447 4161 3569 4217 aliis
3593 4176 3922 4216 excommu-

2316 4254 2687 4311 nicationibus
2707 4273 2803 4327 per
2832 4258 3038 4328 legatos
3056 4260 3329 4312 Romana
3358 4256 3614 4313 Ecclesia
3642 4254 3920 4312 satisfeci-

2316 4366 2441 4405 mus
2488 4350 2894 4421 depositionem
2943 4360 2997 4406 et
3052 4352 3687 4406 excommunicationem
3738 4366 3919 4421 quam

2315 4444 2586 4500 Geraldus
2614 4445 2933 4514 [Gerardus]
2980 4445 3252 4501 Ostiensis
3279 4444 3564 4516 episcopus
3588 4460 3717 4499 cum
3741 4445 3920 4500 Rem-

2312 4538 2475 4593 baldo
2503 4537 2860 4611 [Rambaldo]
2905 4540 2961 4593 in
3000 4540 3327 4595 Munionem
3372 4538 3768 4603 simoniacum,
3814 4542 3918 4609 qui

2314 4647 2474 4703 super
2534 4632 2854 4689 Simeonem
2923 4633 3297 4688 venerabilem
3364 4632 3593 4688 fratrem
3652 4640 3916 4689 nostrum

2314 4727 2619 4782 Oscensem
2660 4730 2807 4797 (350)
2847 4726 3167 4797 episcOpum
3214 4725 3504 4781 ordinatus
3555 4732 3695 4790 erat,
3748 4724 3923 4798 [forte

2313 4821 2457 4875 deest
2500 4819 2649 4893 fecit]
2692 4829 2875 4876 ratam
2914 4836 3032 4876 esse
3070 4819 3430 4888 decrevimus,
3472 4830 3639 4892 atque
3668 4819 3841 4875 ﬁrma
3857 4822 3926 4877 ri-

2314 4929 2459 4979 mus,
2499 4929 2672 4984 usque
2698 4914 2832 4970 dum
2866 4914 3210 4985 resipiscens,
3252 4913 3319 4969 de
3366 4914 3710 4986 episcopatu,
3738 4930 3920 4986 quem

2314 5005 2555 5061 indebite
2573 5006 2773 5070 tenuit,
2812 5006 2917 5060 sibi
2956 5005 3282 5075 satisfaciat,
3310 5016 3476 5080 atque
3503 5006 3634 5061 inde
3657 5008 3841 5064 recedi
3858 5018 3916 5065 .t.

2384 5102 2531 5155 Data
2573 5102 2786 5166 Roma,
2830 5115 2939 5155 xxv
2978 5100 3257 5157 Kalendas
3312 5101 3547 5172 Aprilis,
3599 5100 3837 5158 indictio
3858 5120 3922 5159 1e

2311 5192 2543 5249 decima.

2811 5266 3167 5321 EPISTOLA
3209 5270 3388 5324 LXV.

2876 5373 2961 5413 AD
2990 5374 3318 5417 BAGUSEOS.

2856 5457 3040 5518 (Anno
3078 5459 3254 5508 1074.)

2308 5548 2515 5620 Argiuit
2549 5547 2694 5620 quod
2735 5562 2913 5620 eorum
2969 5551 3208 5617 episcopo
3260 5551 3317 5603 in
3367 5565 3629 5606 carcerem
3671 5552 3836 5620 conjet
3857 5557 3915 5606 to

2379 5619 2551 5673 alium
2577 5617 2686 5673 sibi
2712 5619 2983 5687 elegerint.
3008 5622 3260 5691 Praecipit
3286 5626 3349 5675 ut
3377 5637 3497 5677 eum
3523 5617 3777 5676 vinculis
3794 5638 3836 5677 si
3857 5622 3913 5675 l-

2377 5783 2523 5855 (350)
2563 5779 2884 5850 Legendum
2936 5782 3199 5855 Oeensem,
3253 5782 3517 5838 admonet
3573 5784 3774 5855 Pagius
3829 5786 3911 5841 31d

2305 5866 2436 5905 ann.
2465 5851 2594 5906 Chr.
2624 5856 2788 5918 1074,
2809 5867 2966 5907 num.
2997 5860 3079 5907 ιι.
3111 5853 3235 5908 Alia
3263 5854 3413 5910 enim
3437 5855 3568 5911 Osca
3587 5851 3817 5911 ab'Oca.
