4122 6184
277 335 361 399 341

334 464 498 514 eant:
529 464 580 513 et
605 459 703 512 hac
754 458 820 514 de
855 474 1022 514 causa
1040 457 1279 530 legatum
1298 461 1486 513 mittit.
1519 457 1672 525 Quod
1692 410 1749 511 ἐἰ
1767 472 1868 528 per
1895 461 1948 521 Α

333 530 773 613 eammeam
800 531 915 613 ’ξωσ
952 529 1117 585 causa
1145 532 1220 613 τλά
1254 533 1460 613 “vim”?
1491 529 1721 613 MM

327 604 547 685 poterit,
568 603 727 685 jubet
749 605 1070 685 episcopam,
1109 608 1161 658 et
1200 619 1323 658 eum
1358 605 1454 673 qui
1477 602 1546 656 ab
1582 601 1719 673 ipsis
1748 600 1862 667 fuit

244 708 245 711 η
337 674 550 735 electus,
582 677 805 743 Romam
840 676 1039 729 venire.
1692 704 1702 713 ι

335 767 687 823 Gnaeonms
722 766 1028 840 episcopus,
1057 784 1246 824 servus
1273 783 1553 824 servorum
1584 766 1710 833 Dei,
1734 781 1860 822 om-

270 859 421 914 nibus
451 860 743 931 Baguseis,
773 860 1011 916 salutem
1057 869 1114 917 et
1139 861 1496 934 apostolicam
1522 858 1858 915 benedictio-

269 969 409 1022 nem,
433 953 478 1007 si
503 953 825 1010 obedierint.

333 1047 587 1103 Pervenit
609 1047 678 1104 ad
704 1063 868 1105 aures
895 1057 1132 1119 nostras,
1163 1065 1260 1105 vos
1282 1049 1514 1106 Vitalem
1540 1049 1858 1123 episcOpum

270 1151 505 1198 vestrum
536 1144 761 1215 cepisse,
784 1153 856 1214 et,
889 1159 955 1200 eo
976 1145 1028 1200 in
1059 1144 1303 1201 custodia
1326 1154 1381 1200 et
1404 1145 1630 1200 vinculis
1658 1146 1857 1215 posito,

267 1234 429 1291 alium
461 1236 620 1291 vobis
645 1237 697 1291 in
726 1238 1042 1310 episcopum
1067 1239 1313 1312 elegisse.
1354 1240 1489 1309 Qua
1525 1237 1744 1310 quidem
1772 1253 1861 1295 res

268 1344 426 1404 quam
456 1330 527 1386 sit
556 1330 886 1399 inordinata,
916 1349 1085 1404 quam
1114 1333 1320 1404 iniqua,
1355 1348 1519 1405 quam
1543 1332 1857 1400 criminosa,

266 1441 425 1496 quam
472 1424 666 1480 divinis
715 1433 769 1482 et
814 1426 1071 1482 humanis
1119 1427 1331 1500 legibus
1386 1427 1680 1493 contraria,
1728 1426 1859 1481 nulli

268 1517 508 1574 ﬁdelium
547 1518 603 1574 in
640 1517 809 1577 dubio
853 1536 973 1577 esse
1007 1521 1302 1577 credimus.
1333 1519 1570 1577 Proinde
1610 1519 1861 1575 misimus

267 1612 328 1669 ad
350 1628 450 1668 vos
479 1611 741 1669 dilectum
785 1613 1011 1669 fratrem
1039 1623 1292 1670 nostrum
1324 1612 1610 1671 Giraldum
1651 1610 1859 1684 [Geral-

267 1705 414 1779 dum]
477 1706 829 1778 Sipontinum
878 1706 1373 1779 archiepiscopum,
1437 1715 1499 1763 ut
1545 1706 1651 1762 hac
1702 1706 1758 1762 in
1803 1721 1861 1762 re

266 1808 448 1855 nostra
488 1799 759 1872 legatione
811 1798 1065 1874 fungens,
1096 1800 1370 1874 justitiam
1401 1799 1524 1855 inde
1564 1798 1863 1855 decernere

1250 304 1255 311 ”
1358 335 1555 389 LIBER
1592 331 1852 387 PRIMUS.
1892 358 1964 371 —
2004 329 2206 384 EPIST.
2253 326 2466 382 LXVIII.

3366 314 3367 317 V
3458 321 3561 375 342

2450 448 2808 506 EPISTOLA
2855 444 3078 503 LXVII.

2078 561 2159 602 AD
2196 558 2524 603 GIBALDUM
2565 555 3052 601 SISTABICENSBH
3098 552 3453 597 BPISCOPUM.

2556 641 2740 704 (Anno
2788 639 2966 702 l074.)

1971 737 2221 804 Praecipit
2264 739 2325 787 ut
2360 734 2627 788 ecclesiam
2667 733 3025 804 Crosciensem
3055 745 3221 804 quam
3244 730 3558 804 invaserat,

2038 801 2332 875 relinquat,
2364 810 2416 858 et
2442 806 2491 858 si
2538 803 2688 873 quod
2731 804 2826 872 jus
2873 805 2930 856 in
2959 817 3021 856 ea
3070 801 3285 856 ecclesia
3311 815 3365 855 se
3407 803 3562 870 putet

2038 879 2251 940 habere,
2282 877 2355 932 ad
2390 892 2445 931 se
2467 878 2665 930 veniat.

2040 973 2389 1028 Gneconws
2419 969 2727 1040 episcOpus,
2759 982 2948 1023 servus
2968 981 3248 1022 servorum
3287 964 3410 1033 Dei,
3450 963 3558 1022 Gl—

1967 1081 2161 1133 RALDO
2214 1062 2495 1138 [Geraldo]
2528 1060 2867 1117 Sistaricensi
2918 1059 3178 1131 episcopo
3224 1058 3455 1115 salutem
3506 1065 3561 1112 et

1966 1159 2319 1232 apostolicam
2360 1155 2828 1221 benedictionem,
2868 1153 2914 1208 si
2955 1142 3249 1207 obedieris.

2040 1251 2267 1308 Michael
2290 1249 2571 1322 presbyter
2592 1247 2834 1304 ecclesia
2856 1244 3189 1302 Crosciensis
3211 1243 3563 1317 [Ocociensis]

1964 1354 2296 1419 conquestus
2311 1352 2393 1399 est
2404 1343 2565 1398 nobis
2579 1350 2633 1396 te
2646 1338 2930 1413 prafatam
2944 1337 3259 1403 ecclesiam,
3272 1336 3564 1408 quamipse

1959 1439 2103 1512 juris
2115 1436 2288 1494 sancti
2299 1435 2443 1492 Petri
2463 1450 2578 1491 esse
2593 1451 2706 1490 non
2720 1433 2958 1496 dubitas,
2991 1430 3274 1494 invasisse,
3292 1430 3435 1485 bona
3448 1429 3565 1499 ejus

1967 1531 2278 1604 diripuisse,
2297 1528 2641 1602 presbyteros
2656 1537 2712 1583 et
2732 1527 2964 1582 clericos
2979 1525 3203 1597 cepisse,
3228 1538 3291 1578 ac
3303 1523 3352 1577 vi
3377 1530 3567 1577 contra

1966 1625 2050 1681 fas
2074 1634 2129 1681 et
2144 1625 2271 1697 jura
2296 1623 2474 1695 iurare
2500 1621 2852 1694 compulisse.
2883 1619 3023 1675 Cum
3060 1632 3191 1673 vero
3219 1615 3490 1671 Ananiam
3515 1624 3570 1671 et

1966 1718 2290 1790 Sapphiram
2315 1720 2455 1783 (Act.
2491 1720 2565 1783 v),
2588 1723 2811 1786 propter
2835 1712 3055 1785 propria
3082 1711 3231 1766 bona
3257 1724 3381 1781 qua
3408 1708 3570 1764 beato

1970 1816 2133 1869 Petro
2146 1811 2510 1882 promiserant
2523 1816 2582 1864 et
2594 1823 2709 1863 non
2725 1805 3012 1873 dederunt,
3028 1802 3569 1860 mortemincurrisse

267 1894 477 1949 debeat.
511 1893 893 1951 Admonemus
928 1896 1112 1967 itaque
1159 1902 1214 1949 et
1247 1893 1544 1967 apostolica
1572 1893 1726 1949 vobis
1767 1910 1860 1948 au-

1984 1923 2074 1961 lOll
2102 1906 2338 1978 ignores,
2367 1918 2476 1975 quo
2507 1902 2784 1966 instinctu,
2813 1899 2915 1954 nisi
2938 1895 3228 1964 diabolico,
3257 1903 3464 1975 tantam
3488 1895 3569 1949 in-

270 1989 514 2044 ctoritate
555 1989 903 2061 pracipimus
935 1998 1014 2058 ut,
1046 1989 1287 2045 relaxato
1325 1989 1578 2060 episcopo
1615 2003 1778 2058 quem
1806 1987 1859 2042 in

266 2082 517 2154 captione
569 2082 787 2149 tenetis,
836 2082 891 2137 in
949 2083 1296 2155 prasentiam
1342 2080 1549 2154 prafati
1593 2080 1859 2152 archiepi-

266 2178 412 2248 scopi
452 2177 807 2245 conveniatis,
855 2184 909 2232 et
958 2176 1028 2233 ad
1077 2175 1383 2232 faciendam
1438 2190 1603 2247 super
1665 2174 1766 2230 hac
1800 2192 1859 2230 re

266 2271 584 2326 canonicam
603 2270 894 2342 justitiam,
930 2279 989 2326 et
1019 2271 1072 2326 in
1108 2270 1227 2326 aliis
1275 2262 1441 2326 etiam
1484 2268 1861 2325 ecclesiasticis

267 2364 441 2421 causis
464 2380 592 2436 qua
612 2365 753 2421 inter
770 2381 865 2421 vos
887 2364 1221 2438 corrigenda
1243 2374 1391 2432 sunt,
1419 2363 1671 2420 eamdem
1694 2379 1862 2435 quam

267 2458 570 2529 prasentia
598 2468 802 2515 nostra
840 2458 1112 2515 deberetis
1140 2459 1505 2515 obedientiam
1535 2467 1591 2513 et
1620 2457 1863 2513 favorem

268 2554 583 2610 exbibeatis.
636 2553 800 2623 Quod
844 2555 888 2610 si
930 2553 1165 2626 peccatis
1216 2552 1640 2625 impedientibus
1704 2568 1863 2608 causa

270 2648 413 2721 apud
439 2663 542 2704 vos
570 2649 869 2704 examinari
904 2657 960 2703 et
987 2647 1216 2704 difﬁniri
1242 2663 1356 2703 non
1382 2648 1575 2719 possit,
1609 2645 1867 2702 volumus

268 2753 321 2799 et
364 2752 664 2815 utrumque
711 2741 962 2798 videlicet
997 2743 1311 2814 episcopum
1348 2750 1594 2813 captum,
1636 2748 1692 2795 et
1736 2754 1867 2796 eum
1901 2734 1906 2739 ’

270 2848 428 2905 quem
457 2831 833 2901 irregulariter
863 2831 1109 2904 elegistis
1132 2832 1189 2887 in
1218 2840 1464 2887 nostram
1517 2830 1867 2902 prasentiam

268 2921 621 2988 conducatis;
664 2930 957 2993 quatenus,
987 2921 1277 2993 adjuvante
1302 2923 1445 2986 Deo,
1474 2918 1622 2990 quod
1657 2918 1869 2990 justum

268 3014 427 3070 fuerit
454 3014 587 3071 inde
621 3014 867 3087 judicare
892 3024 947 3070 et
979 3013 1392 3071 auctorabiliter
1418 3020 1657 3070 statuere
1695 3012 1869 3067 valea-

268 3124 390 3165 mus
411 3107 705 3180 :alioquin,
723 3109 769 3164 si
782 3117 991 3175 nostra,
1007 3108 1119 3164 imo
1136 3107 1429 3180 apostolica
1440 3106 1647 3162 monita
1661 3114 1716 3162 et
1728 3121 1870 3178 pra-

1966 2000 2238 2055 vasionem
2288 1994 2715 2067 prasumpsisti?
2760 2001 2962 2048 tantam
2992 1989 3381 2047 contumeliam
3408 1986 3569 2043 intu-

1968 2094 2111 2150 Iisti?
2162 2100 2381 2147 tantum
2428 2088 2772 2161 sacrilegium
2833 2087 2891 2142 in
2939 2085 3322 2158 apostolorum
3370 2081 3569 2153 princi-

1968 2204 2094 2260 pem
2123 2184 2467 2259 perpetrasti?
2508 2185 2860 2256 Quapropter
2896 2178 3193 2252 apostolica
3233 2175 3335 2233 tibi
3375 2183 3571 2232 aucto-

1968 2282 2126 2337 ritate
2158 2279 2504 2352 pracipimus
2527 2286 2589 2333 ut
2613 2274 2911 2349 perqectis
2939 2272 3025 2328 his
3051 2271 3299 2343 apicibus
3316 2310 3332 2336 ,
3362 2269 3571 2339 absque

1971 2375 2122 2431 omni
2176 2372 2465 2430 occasione
2505 2372 2587 2427 vel
2639 2369 2927 2436 dilatione,
2972 2366 3289 2438 pradictam
3324 2371 3573 2419 nostram

1970 2469 2343 2525 Crosciensem
2399 2464 2684 2521 ecclesiam
2735 2461 3023 2535 expediens
3079 2460 3306 2516 liberam
3351 2457 3572 2529 reddas,

1971 2564 2314 2637 presbyteros
2346 2570 2399 2616 et
2417 2559 2648 2615 clericos
2672 2557 2976 2620 absolutos,
3009 2562 3065 2610 et
3082 2553 3269 2609 omnia
3291 2567 3415 2624 qua
3443 2551 3574 2607 inde

1974 2657 2143 2714 tulisti
2182 2656 2287 2711 sibi
2318 2654 2591 2716 restituas,
2625 2662 2681 2708 et
2709 2668 2838 2708 cum
2877 2666 3010 2723 pace
3036 2658 3092 2706 et
3130 2648 3310 2720 quiete
3341 2646 3414 2703 ibi
3451 2650 3573 2703 Deo

1976 2750 2176 2808 servire
2213 2749 2315 2805 sub
2369 2746 2516 2803 beati
2548 2745 2691 2801 Petri
2745 2744 2949 2800 ditione
2997 2743 3055 2798 in
3105 2740 3336 2797 tuitione
3383 2748 3574 2796 nostra

1977 2842 2280 2915 permittas.
2303 2841 2359 2896 Si
2378 2848 2563 2895 autem
2583 2846 2639 2894 te
2669 2838 2901 2909 aliquam
2917 2835 3187 2908 justitiam
3212 2834 3266 2889 in
3291 2833 3574 2905 pramissa

1979 2936 2203 2993 ecclesia
2230 2935 2429 2990 habere
2474 2932 2776 2999 existimas,
2820 2929 2890 2985 ad
2927 2944 3032 2984 nos
3073 2928 3183 2983 cito
3231 2941 3360 2982 cum
3388 2926 3575 2998 prali-

1980 3031 2123 3086 batis
2165 3027 2443 3085 canonicis
2471 3026 2677 3082 nostris
2718 3022 2920 3092 venias,
2953 3029 3015 3078 ut
3033 3020 3306 3092 justitiam
3341 3019 3399 3073 in
3439 3034 3575 3090 pra-

1980 3124 2153 3180 sentia
2179 3129 2369 3178 nostra
2398 3120 2646 3192 recipias.
2674 3119 2735 3175 Si
2764 3126 2950 3173 autem
2983 3115 3090 3170 hoc
3110 3130 3226 3169 non
3263 3106 3481 3181 feceris,
3520 3120 3574 3168 te

270 3212 423 3273 cepta
460 3201 927 3296 contempserim,
960 3216 991 3256 ³
1014 3201 1303 3257 “minibus
1325 3201 1605 3296 Εφιθδίεν
1635 3207 1692 3256 εἴ
1717 3198 1870 3296 9mm
1904 3232 1951 3296 ρ
1982 3216 2276 3289 apostolica
2322 3214 2647 3271 auctoritate
2702 3207 3292 3266 excommunicandum
3336 3205 3574 3261 noveris.

267 3296 576 3352 Christiana
605 3295 1020 3361 communione,
1064 3310 1161 3350 vos
1188 3294 1486 3366 apostolica
1538 3292 1871 3349 auctoritate

269 3389 550 3460 pellendos
575 3397 631 3444 et
657 3388 1078 3460 sequestrandos
1102 3403 1221 3444 esse
1241 3386 1438 3443 sciatis.

340 3488 484 3539 Data
517 3486 716 3537 Roma
733 3479 948 3536 decimo
973 3480 1137 3537 tertio
1163 3479 1441 3536 Kalendas
1484 3479 1704 3552 Aprilis,
1732 3477 1871 3534 indi-

267 3579 453 3633 ctione
482 3574 831 3633 duodecima.

775 3669 1128 3725 EPISTOLA
1167 3668 1367 3724 LXVI.

465 3779 551 3820 AD
590 3777 936 3820 HONACHOS
978 3777 1204 3819 SANCTI
1240 3776 1507 3829 QUIBICI,
1544 3774 1681 3817 ETC.

866 3856 1055 3921 (Anno
1101 3855 1291 3917 1074.)

266 3952 425 4006 habet
450 3950 698 4017 episcopo
714 3949 941 4003 Reatino
961 3948 1183 4000 restitui
1200 3946 1336 4000 bona
1359 3945 1545 3999 ablata
1562 3943 1878 3998 monasterii

846 4019 1035 4074 Sancti
1071 4018 1299 4085 Quirici.

342 4113 708 4169 Ganeonms
726 4110 1035 4183 episcopus,
1051 4125 1242 4166 servus
1260 4123 1537 4164 servorum
1555 4107 1658 4163 Dei
1676 4108 1878 4170 ,omni-

266 4206 374 4262 bus
405 4206 700 4262 monachis
736 4212 791 4260 et
822 4204 971 4260 laicis
1006 4202 1321 4260 monasterii
1347 4201 1528 4258 Sancti
1572 4200 1796 4271 Quirici,
1826 4209 1882 4256 et

267 4299 539 4355 omnibus
582 4297 952 4371 Joseppingis,
994 4305 1049 4353 et
1091 4296 1220 4352 ﬁliis
1248 4293 1483 4353 Alberici
1532 4292 1781 4363 [Alberti,
1829 4298 1882 4348 et

267 4397 352 4448 sic
390 4396 592 4463 infra,]
632 4401 685 4448 et
727 4391 849 4448 ﬁliis
891 4390 1138 4463 Bapteri,
1171 4390 1406 4446 salutem
1443 4397 1501 4444 et
1526 4386 1878 4460 apostolicam

271 4474 741 4544 benedictionem.

2054 3311 2194 3363 Data
2217 3309 2416 3361 Roma
2438 3318 2532 3360 xu
2550 3299 2832 3358 Kalendas
2852 3298 3078 3372 Aprilis,
3110 3295 3409 3353 indictione
3437 3293 3574 3350 duo-

1979 3401 2215 3458 decima.

2452 3485 2810 3541 EPISTOLA
2844 3481 3101 3537 LXVIII.

2088 3593 2171 3634 AD
2207 3588 2563 3633 FBOTEBIUM
2600 3585 3051 3629 ΝΒΜΑΠεΒΝεΕΜ
3088 3580 3455 3625 EPISCOPUM.

2575 3671 2759 3733 (Anno
2799 3668 2989 3726 1074.)

1986 3768 2247 3834 Queritar
2289 3764 2354 3818 de
2374 3763 2600 3832 injuriis
2626 3761 2816 3816 illatis
2852 3758 3178 3834 monasterio
3200 3757 3399 3834 Sancti
3419 3756 3574 3834 1_Egi-_

2056 3838 2159 3903 dii,
2182 3841 2232 3891 et
2245 3851 2367 3905 ejus
2381 3825 2592 3900 abbati,
2610 3837 2918 3901 contempta
2936 3827 3234 3902 apostolica
3248 3825 3396 3882 sede.
3422 3825 3578 3881 Iubet

2054 3912 2231 3979 ipsum
2269 3908 2545 3962 desistere.

2058 4002 2423 4059 Gneconms
2483 3998 2790 4071 episcopus,
2867 4010 3056 4051 servus
3105 4007 3391 4050 servorum
3454 3988 3579 4056 Dei,

1986 4098 2287 4153 Fnoranto
2336 4091 2696 4150 Nemausensi
2743 4089 2798 4144 in
2826 4087 3102 4162 provincia
3138 4085 3397 4158 episcopo
3441 4082 3584 4139 salu-

1986 4196 2101 4244 tem
2144 4197 2200 4245 et
2226 4186 2580 4258 apostolicam
2632 4183 3091 4240 benedictionem.

2060 4281 2384 4336 Audivimus
2444 4278 2576 4335 olim
2635 4277 2809 4333 nostri
2861 4285 3109 4346 tempore
3165 4266 3587 4344 pradecessoris

1987 4374 2316 4431 venerabilis
2344 4373 2632 4429 memoria
2676 4369 2977 4429 Alexandri
3021 4376 3076 4422 te
3098 4374 3289 4422 contra
3315 4362 3585 4435 justitiam

1985 4468 2376 4524 monasterium
2412 4465 2599 4524 Sancti
2654 4462 2885 4535 Egidii,
2928 4459 3077 4533 quod
3125 4458 3272 4513 idem
3319 4454 3589 4528 gloriosus

349 4584 562 4637 Notum
594 4580 748 4636 vobis
782 4578 898 4635 ﬁeri
941 4578 1215 4644 volumus,
1264 4575 1415 4648 quod
1470 4575 1872 4632 monasterium
1905 4584 1956 4647 Ι)
1992 4560 2279 4618 confessor
2311 4560 2422 4634 juri
2455 4559 2596 4615 beati
2631 4556 2773 4613 Petri
2801 4552 3047 4621 tradidit,
3086 4566 3258 4623 usque
3296 4548 3433 4605 adeo
3461 4545 3594 4604 affe-

278 4674 468 4731 Sancti
517 4673 732 4746 Quirici
775 4673 915 4744 juris
951 4670 1200 4728 ecclesia
1225 4670 1403 4726 Sancti
1446 4668 1596 4725 Petri
1627 4666 1889 4725 cont'ratri

282 4776 477 4824 nostro
530 4766 796 4822 Rainerio
842 4775 899 4821 et
939 4764 1263 4835 coepiscopo
1321 4762 1557 4818 Reatino
1612 4760 1889 4818 dedimus.

290 4861 524 4917 Proinde
574 4876 857 4932 rogamus,
886 4859 999 4914 imo
1050 4856 1398 4930 pracipimus
1444 4863 1609 4926 atque
1634 4855 1896 4927 jubemus

288 4961 353 5008 ut
379 4954 529 5010 illum
561 4954 617 5010 in
654 4952 911 5009 omnibus
954 4959 1010 5007 et
1049 4957 1245 5007 contra
1277 4964 1476 5004 omnes
1521 4948 1806 5021 adjuvetis,
1840 4960 1897 5008 et

291 5056 483 5116 castra,
511 5062 641 5119 qua
682 5062 781 5102 vos
816 5043 1159 5116 Joseppingi,
1207 5050 1260 5098 et
1287 5042 1381 5097 ﬁlii
1413 5040 1677 5109 Alberici,
1708 5049 1764 5095 et
1798 5039 1893 5096 ﬁlii

292 5141 529 5212 Rapteri,
578 5140 855 5207 detinetis,
885 5136 1178 5211 supradicti
1206 5135 1442 5207 episcopi
1493 5134 1689 5190 ditioni
1734 5133 1895 5189 resti-

295 5235 476 5301 tuatis,
507 5242 714 5290 etcum
739 5233 799 5287 in
826 5231 909 5287 his
938 5239 994 5287 et
1036 5230 1094 5284 in
1120 5229 1374 5284 omnibus
1403 5227 1560 5283 bonis
1594 5225 1664 5283 ad
1706 5242 1896 5297 supra-

297 5324 493 5382 dictum
526 5325 926 5383 monasterium
973 5323 1372 5395 pertinentibus
1409 5320 1646 5376 ﬁdeliter
1669 5319 1894 5392 adjuve-

298 5417 382 5483 tis,
406 5429 459 5476 et
473 5421 683 5476 nullam
712 5420 758 5474 ei
784 5419 937 5474 nullo
964 5416 1130 5471 modo
1157 5414 1465 5472 molestiam
1490 5413 1721 5481 faciatis,
1755 5413 1899 5469 sicut

310 5516 530 5584 gratiam
559 5514 733 5569 sancti
763 5512 907 5567 Petri
950 5520 1005 5566 et
1030 5517 1280 5565 nostram
1315 5508 1514 5563 habere
1546 5506 1735 5574 vultis;
1769 5506 1874 5562 alio

304 5607 428 5677 quin
454 5610 595 5663 iram
621 5616 826 5662 nostra
856 5602 1270 5670 malevolentia,
1319 5617 1416 5657 seu
1460 5600 1899 5656 excommunica-

302 5699 465 5758 tionis
488 5701 768 5756 vinculum
805 5716 915 5755 non
946 5697 1204 5755 evadatis.

376 5798 515 5850 Data
544 5798 746 5850 Roma
770 5794 985 5849 decimo
1021 5793 1182 5850 tertio
1210 5789 1491 5848 Kalendas
1523 5787 1749 5860 Aprilis,
1781 5786 1898 5843 indi

304 5889 480 5944 ctione
516 5887 868 5945 duodecima.

2001 4657 2138 4712 cisse
2165 4655 2398 4728 injuriis,
2439 4662 2501 4709 ut
2537 4651 2784 4723 ejusdem
2811 4641 3076 4705 abbatem'
3109 4662 3140 4699 a
3179 4648 3595 4712 Romanopon-

2000 4750 2144 4805 tiﬁce
2162 4748 2545 4804 Consecratum
2573 4759 2768 4817 capere
2791 4756 3172 4814 prasumeres,
3203 4744 3387 4810 spreto
3412 4736 3594 4807 rigore

2003 4858 2309 4911 canonum,
2354 4840 2792 4912 contemptisque
2842 4836 3133 4909 privilegiis
3180 4834 3254 4890 ab
3290 4831 3594 4906 apostolica

2004 4936 2133 4993 sede
2150 4935 2421 4993 derivatis.
2451 4933 2616 4992 Unde
2643 4942 2773 4988 tunc
2804 4931 2999 4987 merito
3029 4939 3086 4986 et
3111 4927 3294 4985 adhuc
3321 4926 3593 4995 dolemus,

2003 5048 2117 5089 non
2145 5030 2462 5087 dubitantes
2498 5028 2709 5084 abbatis
2742 5024 3103 5082 contumelias
3131 5027 3403 5079 Romana
3432 5019 3597 5091 maje-

2005 5127 2132 5184 stati
2163 5125 2329 5181 fuisse
2348 5125 2541 5180 illatas.
2570 5121 2949 5179 Nihilominus
2972 5134 3190 5192 quoque
3220 5116 3381 5172 nobis
3410 5114 3596 5186 displi-

2004 5230 2109 5290 cet,
2155 5219 2304 5292 quod
2350 5218 2505 5291 quasi
2549 5217 2615 5272 de
2656 5217 2873 5285 integro
2906 5214 3003 5271 tibi
3045 5213 3321 5269 licentiam
3371 5223 3601 5279 usurpas

2006 5315 2293 5387 praefatum
2312 5308 2833 5369 excommunicandi
2856 5307 3169 5366 coenobium
3184 5347 3200 5375 ,
3222 5320 3348 5361 cum
3368 5303 3474 5359 hoc
3500 5301 3601 5357 tibi

2006 5426 2117 5465 non
2161 5408 2319 5464 licere
2365 5405 2526 5477 hujus
2566 5412 2769 5459 sancta
2818 5400 2962 5457 sedis
3008 5398 3301 5455 auctoritas
3327 5394 3602 5452 authenti—

2006 5518 2197 5558 corum
2218 5510 2450 5556 testetur
2472 5500 2528 5554 in
2551 5498 2776 5554 datione
2803 5496 3230 5568 privilegiorum.
3262 5494 3607 5561 Quapmpter

2007 5592 2368 5666 praecipiendo
2399 5608 2678 5665 rogamus,
2721 5598 2776 5645 et
2813 5588 3059 5661 rogando
3089 5586 3451 5657 pracipimus,
3484 5582 3607 5635 nul-

2008 5688 2113 5743 lius
2157 5687 2322 5742 etiam
2366 5687 2467 5742 sub
2498 5686 2726 5741 obtentu
2777 5685 3063 5739 occasione
3088 5678 3344 5749 justitia,
3379 5678 3488 5730 sive
3517 5689 3608 5726 ex-

2008 5780 2511 5849 communicando,_
2572 5779 2683 5834 sive
2745 5776 2942 5831 missas
3000 5771 3351 5839 celebrando,
3414 5767 3612 5822 fratres

2012 5874 2524 5949 pradicticanobii
2554 5881 2857 5944 prasumes
2880 5862 3201 5938 inquietare.
3235 5862 3295 5916 Si
3329 5868 3512 5917 autem
3540 5856 3618 5914 illi
