4106 6182
374 334 411 399 ί
500 333 602 389 343

1190 331 1244 385 S.
1286 326 1607 383 GREGORII
1650 328 1737 382 νη
1776 328 1969 384 ΡΑΡΛΕ
2008 328 2094 382 ΟΡ

2204 328 2282 382 'JM
2316 328 2492 382 PARS
2533 306 2589 381 ιζ
2613 354 2681 366 -
2719 325 3118 381 REGISTRUM.

3688 324 3790 397 34,4

500 457 559 512 in
599 456 785 529 aliquo
832 454 928 511 tibi
963 469 1082 510 esse
1115 452 1447 510 videbuntur
1489 451 1698 523 injusti,
1746 452 1991 508 volentes
2028 467 2093 507 ac
2123 460 2177 522 Α
2205 452 2430 517 caveris,
2472 459 2663 521 rogatu
2711 460 2894 507 tamen
2943 448 3187 522 ejusdem
3220 449 3455 521 episcopi
3486 448 3562 503 tui
3611 446 3793 503 adhuc

502 560 751 625 potentes
793 565 906 605 non
945 546 1221 604 deerimus
1263 545 1333 601 ad
1373 544 1672 616 faciendam
1717 546 1813 601 tibi
1854 545 1922 601 de
1961 546 2092 616 ipsis

495 646 786 717 justitiam.
826 643 913 698 Sin
944 657 1102 707 vero,
1131 624 1282 712 quod
1320 640 1485 702 absit,
1529 648 1717 695 nostra
1756 640 2088 695 exhortatio-

499 742 604 805 nis,
636 740 746 795 imo
784 736 1037 809 praecepti
1091 735 1368 806 neglector
1409 734 1706 800 exstiteris,
1766 734 1884 789 illos
1927 736 2092 801 [deest

506 833 737 903 aliquid,
769 835 831 885 ut
860 830 978 884 illos
1010 828 1173 896 scias,
1203 831 1332 895 etc.)
1362 836 1546 882 autem
1571 843 1598 882 a
1624 828 1758 900 jugo
1794 829 2088 890 servitutis,

500 942 597 999 per
638 925 1017 981 auctoritatem
1057 938 1180 994 quae
1216 923 1339 977 data
1379 930 1463 976 est
1491 923 1741 991 apostolo
1781 924 1941 976 Petro
1988 934 2091 977 nos

499 1020 747 1093 ejusdem
778 1019 1024 1081 vicarios,
1054 1026 1112 1073 ut
1138 1020 1254 1072 Deo
1283 1016 1449 1071 libere
1500 1017 1758 1083 serviant,
1790 1032 1906 1072 esse
1931 1016 2089 1072 abso-

499 1116 645 1172 lutos
673 1118 842 1181 (351).

570 1213 709 1265 Data
732 1211 929 1264 Romae
959 1222 1025 1262 χι
1054 1205 1331 1261 Kalendas
1365 1205 1583 1276 Aprilis,
1626 1205 1924 1261 indictione
1964 1221 2077 1263 χιι.

990 1309 1344 1364 EPISTOLA
1390 1308 1603 1364 LXIX.

710 1429 791 1469 AD
829 1427 1224 1472 GUILIELHUM
1260 1426 1533 1467 DIENSBM
1575 1426 1871 1468 COMITEM.

1085 1510 1271 1572 (Anno
1326 1510 1505 1570 1074.)

498 1603 745 1657 Remittit
764 1603 1062 1670 episcopum
1085 1601 1154 1653 ab
1184 1602 1317 1669 ipsis
1339 1600 1578 1666 electum,
1600 1603 1651 1653 et
1669 1614 1703 1651 a
1730 1612 1784 1652 se
1812 1613 2091 1652 consecra-

571 1678 703 1734 tum,
737 1672 1000 1741 jubetque
1027 1687 1111 1725 eos
1142 1673 1252 1740 ipsi
1282 1671 1516 1737 obedire,
1549 1672 1817 1740 prcecipue
1845 1672 1902 1723 in
1926 1672 2093 1725 Simo-

569 1745 727 1797 niaca
750 1744 939 1797 haeresi
972 1742 1350 1812 exstirpanda.
1386 1745 1628 1797 Minatur
1653 1744 1762 1810 ipsi
1797 1743 1988 1794 comiti
2012 1758 2093 1795 em-

569 1816 1119 1895 (ςοηπηιιηίοᾳιιξιῃιωη-ζ
1150 1815 1201 1895 si
1217 1813 1312 1895 jus
1346 1828 1501 1866 suum
1530 1813 1827 1867 retribuere
1864 1812 2092 1868 noluerit
2126 1834 2171 1895 Β

572 1889 813 1956 episcopo
847 1891 897 1940 et
921 1886 1035 1954 ejus
1074 1885 1339 1941 Ecclesiae.

570 1981 923 2038 Gnaeonws
955 1977 1259 2049 episcopus,
1284 1992 1468 2033 servus
1487 1991 1769 2032 servorum
1800 1976 1924 2041 Dei,
1947 1977 2089 2033 Gur-

498 2090 722 2132 LIELMO
746 2073 1122 2128 Diensicomiti
1140 2089 1203 2129 ac
1224 2072 1491 2128 universis
1509 2071 1761 2126 ﬁdelibus
1776 2087 1838 2125 ac
1865 2071 2094 2127 subditis

498 2168 717 2227 Diensis
769 2168 1019 2224 Ecclesiae
1059 2167 1290 2223 salutem
1355 2176 1409 2222 et
1464 2166 1821 2238 apostolicam
1866 2166 2089 2223 benedi-

498 2264 760 2321 ctionem.

569 2357 890 2413 Venientem
927 2355 993 2411 ad
1038 2370 1140 2411 nos
1166 2358 1458 2426 Hugonem
1487 2355 1806 2426 episcopum
1847 2363 2090 2410 vestrum

495 2452 730 2525 benigne
760 2450 1124 2522 suscepimus,
1154 2458 1228 2517 et,
1257 2450 1382 2521 quia
1414 2465 1509 2504 vos
1534 2450 1593 2504 in
1622 2450 1946 2505 electionem
1976 2451 2094 2522 ejus

498 2545 841 2603 unanimiter
869 2545 1192 2601 convenisse
1216 2543 1548 2609 audivimus,
1587 2544 1873 2615 epiSCOpali
1906 2559 2096 2598 conse-

497 2640 744 2697 cratione
777 2655 910 2694 eum
957 2638 1177 2694 vobisin
1210 2644 1492 2709 pastorem
1528 2635 1941 2701 ordinavimus;
1974 2652 2095 2707 qua-

495 2744 657 2791 tenus
689 2734 793 2790 sub
822 2734 938 2805 ejus
966 2734 1222 2804 regimine
1254 2732 1621 2802 spiritualibus
1645 2732 1890 2787 instructi
1928 2733 2088 2787 disci-

500 2829 654 2901 plinis
701 2836 969 2900 perceptae
1000 2826 1127 2881 ﬁdei
1160 2826 1396 2882 fructum
1441 2834 1494 2880 et
1532 2826 1762 2897 gloriam
1809 2826 2092 2896 sempiter-

500 2940 630 2980 nam
658 2924 952 2994 consequi,
976 2926 1091 2977 Deo
1116 2922 1300 2989 dante,
1328 2921 1565 2992 possitis.
1602 2922 1827 2992 Expleto
1850 2922 2015 2993 igitur
2038 2922 2093 2976 in

499 3032 564 3074 eo
600 3017 883 3073 ministerii
919 3017 1089 3072 nostri
1115 3016 1326 3083 debito,
1354 3030 1478 3069 cum
1503 3014 1650 3068 omni
1679 3014 1939 3069 charitate
1964 3031 2091 3070 eum

496 3111 566 3167 ad
588 3128 682 3168 vos
709 3112 1066 3177 remittimus,
1091 3109 1469 3164 admomentes
1488 3124 1586 3161 vos
1609 3124 1704 3178 per
1723 3107 1890 3163 ﬁdem
1912 3108 1965 3161 in
1985 3125 2092 3179 qua

2202 547 2398 602 debita:
2450 545 2673 600 ultionis
2713 544 2955 615 jaculum
2993 543 3049 598 in
3101 553 3155 599 te
3201 543 3409 598 vibrare
3455 541 3788 597 distulimus.

2201 642 2476 696 Caeterum
2516 654 2583 693 ne
2623 638 2741 694 haec
2790 638 3045 708 patientia
3091 645 3279 692 nostra
3322 636 3460 690 tein
3506 634 3793 690 audaciam

2200 733 2393 806 erigat,
2439 741 2494 790 et
2529 748 2627 786 nos
2662 732 2717 786 in
2757 731 2975 802 culpam
3015 730 3279 801 neglectae
3312 727 3537 800 justitite
3580 726 3786 795 trahat,

2201 827 2495 899 apostolica
2529 835 2583 881 te
2620 825 2941 881 auctoritate
2986 839 3308 890 monemus,
3342 831 3509 893 atque
3548 820 3791 892 praecipi-

2201 940 2326 979 mus
2373 930 2452 989 ut,
2484 921 2596 976 sine
2643 920 2793 975 omni
2835 920 3118 987 dilatione,
3150 933 3489 990 quaecunque
3526 915 3791 973 adversus

2200 1018 2518 1089 episcopum
2556 1024 2612 1070 et
2638 1015 2940 1070 Ecclesiam
2979 1013 3078 1068 sibi
3108 1013 3456 1067 commissam
3493 1019 3699 1067 temere
3736 1022 3791 1069 et

2199 1112 2381 1181 inique
2421 1108 2769 1174 commisisti,
2804 1108 2965 1180 digna
3016 1105 3376 1163 satisfactione
3419 1105 3696 1172 emendes,
3737 1115 3792 1162 et

2202 1204 2427 1260 ulterius
2469 1204 2617 1259 nulla
2646 1218 2772 1257 eum
2819 1202 3201 1257 contrarietate
3248 1201 3538 1255 molestare
3583 1216 3788 1271 praesu-

2202 1313 2337 1352 mas.
2375 1296 2630 1367 Alioquin
2657 1294 2796 1350 scias
2836 1295 3150 1367 episcopum
3186 1303 3459 1361 nostrum,
3494 1294 3791 1365 apostolica

2193 1392 2442 1466 jussione
2477 1392 2859 1455 constrictum,
2898 1398 2954 1446 te
2983 1390 3126 1446 sicut
3160 1389 3375 1444 hostem
3423 1398 3477 1444 et
3510 1389 3794 1461 impugna-

2202 1492 2378 1541 torem
2439 1485 2666 1557 justitize
2714 1501 2743 1540 a
2795 1484 3071 1540 liminibus
3137 1484 3380 1539 ecclesiae
3429 1483 3795 1539 anathematis

2199 1578 2523 1636 innodatum
2590 1578 2813 1634 vinculis
2859 1585 3217 1649 sequestrare.
3277 1575 3439 1646 Quod
3478 1584 3532 1631 et
3587 1576 3629 1630 si
3678 1576 3792 1646 ipse

2203 1674 2365 1746 (quod
2407 1690 2517 1728 non
2556 1672 2851 1737 credimus)
2894 1672 3094 1727 timore
3124 1671 3302 1742 aliquo
3342 1671 3423 1726 vel
3452 1670 3623 1742 gratia
3653 1685 3793 1742 pra:-

2202 1768 2551 1835 termitteret,
2578 1782 2682 1822 nos
2703 1775 2889 1821 tamen
2908 1770 3079 1820 tanta;
3096 1763 3414 1818 temeritatis
3439 1762 3643 1817 facinus
3676 1777 3790 1815 non

2202 1863 2567 1935 relinquemus
2631 1860 2812 1934 [forte,
2869 1860 3324 1929 relinqueremus]
3391 1857 3664 1923 inultum,
3729 1865 3789 1910 et

2202 1959 2491 2029 episcopus
2524 1971 2623 2027 pro
2664 1954 2987 2026 negligentia
3033 1951 3198 2007 ofﬁcii
3244 1952 3324 2007 sui
3370 1967 3478 2006 non
3517 1950 3633 2004 leve
3668 1964 3790 2004 sus-

2202 2051 2342 2123 cepti
2390 2049 2678 2105 ministerii
2729 2047 3095 2120 perpenderet
3148 2046 3249 2103 sibi
3300 2045 3591 2100 imminere
3640 2043 3788 2114 peri-

2202 2145 2405 2201 culum.

2276 2243 2479 2294 Datum
2539 2241 2734 2294 Romae
2792 2236 3007 2292 decimo
3076 2234 3312 2306 septimo
3376 2237 3459 2300 [χ]
3513 2230 3799 2287 Kalendas

2205 2335 2428 2407 Aprilis,
2457 2333 2753 2389 indictione
2790 2330 3144 2387 duodecima.

2708 2443 3062 2499 EPISTOLA
3099 2441 3285 2496 LXX.

2311 2566 2392 2606 an
2427 2532 2837 2606 'GUILIELMUM
2880 2561 3092 2601 ansam
3135 2557 3465 2601 ANGLOBUM
3518 2545 3680 2609 (352).

2794 2644 2970 2713 (Anno
3015 2644 3199 2707 1074).

2216 2742 2590 2800 Commendat
2625 2740 2914 2799 Guilielmi
2938 2741 3081 2807 regis
3102 2740 3248 2807 'erga
3271 2752 3323 2790 se
3351 2739 3400 2789 et
3433 2733 3799 2807 apostolicam

2274 2815 2453 2869 sedem
2485 2814 2905 2873 observantiam,
2933 2804 3287 2877 hortaturque
3307 2823 3427 2860 eum
3450 2806 3523 2858 ad
3542 2804 3801 2859 ecclesia-

2276 2903 2397 2940 rum
2452 2884 2838 2949 defensionem,
2905 2884 3172 2950 signiﬁcat
3217 2896 3270 2933 se
3308 2884 3357 2931 et
3390 2878 3687 2950 Ecclesiam
3733 2877 3798 2950 in

2275 2960 2488 3025 magnis
2509 2948 3007 3026 perturbationibus
3025 2948 3260 3026 versari.
3286 2948 3799 3026 Quoddam_p1'2'_ri'le-

2274 3020 2420 3097 gium
2444 3020 2620 3081 sancti
2642 3026 2913 3094 Stephani
2936 3030 3115 3077 ratum
3144 3022 3338 3097 haberi
3363 3020 3613 3073 consulit.
3650 3020 3797 3072 Bona

2269 3095 2447 3153 sancti
2485 3101 2633 3152 Petri
2668 3100 2724 3150 in
2762 3097 2969 3163 Anglia
3018 3095 3361 3148 commendat.

497 3206 765 3278 redempti
787 3215 840 3261 et
862 3222 957 3277 per
976 3206 1259 3261 Christum
1280 3203 1465 3257 salvati
1486 3203 1639 3268 estis,
1672 3210 1733 3257 ut
1752 3218 1881 3257 eum
1902 3202 2085 3257 debito
2126 3216 2169 3279 Ο
2269 3208 2621 3263 Gnnconms
2645 3208 2952 3277 episcopus,
2976 3220 3163 3260 servus
3189 3218 3469 3259 servorum
3506 3201 3629 3269 Dei,
3653 3200 3802 3255 Gur-

500 3302 709 3357 honore
741 3309 797 3355 et
836 3299 1131 3354 reverentia
1164 3296 1492 3368 suscipiatis,
1525 3305 1580 3352 et
1608 3313 1831 3352 omnem
1885 3297 1937 3351 in
1969 3313 2091 3351 om-

499 3395 662 3449 nibus
714 3409 838 3464 qua:
885 3394 951 3446 ad
1008 3391 1252 3462 regimen
1300 3392 1383 3447 sui
1426 3392 1775 3463 episcopatus
1824 3391 2094 3463 pertinent

501 3489 872 3544 obedientiam
901 3496 957 3542 et
992 3486 1240 3541 favorem
1287 3487 1388 3541 sibi
1443 3488 1766 3542 exhibeatis.
1800 3489 1914 3542 Nos
1951 3487 2094 3542 enim

502 3582 643 3636 inter
689 3590 885 3638 caetera
937 3598 1060 3635 eum
1091 3581 1320 3636 sollicite
1348 3582 1745 3636 admonuimus
1797 3592 1856 3636 ut
1903 3592 2093 3637 contra

503 3674 873 3728 Simoniacam
926 3672 1181 3728 haeresim
1235 3673 1370 3727 totis
1414 3674 1715 3744 erigeretur
1767 3673 1995 3742 viribus,
2041 3682 2095 3729 et

503 3768 801 3821 Ecclesiam
832 3782 945 3822 sua
984 3767 1253 3837 parochiae
1291 3784 1401 3821 non
1432 3770 1578 3837 prius
1605 3777 1972 3835 consecraret,
1999 3785 2097 3824 nec

501 3868 845 3914 consecratas
874 3859 1032 3913 aliter
1075 3861 1322 3915 divinum
1361 3859 1611 3915 ofﬁcium
1660 3862 1936 3917 celebrare
1965 3879 2091 3932 per-

506 3952 766 4019 mitteret,
807 3952 914 4006 nisi
962 3952 1115 4022 prius
1168 3955 1415 4009 absolute
1462 3970 1491 4007 a
1529 3955 1792 4009 laicorum
1845 3957 2097 4012 manibus

506 4046 678 4113 (sicut
724 4046 1046 4101 canonicum
1092 4054 1206 4115 est)
1254 4064 1351 4102 suo
1388 4047 1498 4119 juri
1542 4056 1597 4102 et
1645 4049 1935 4121 episcopali
1981 4051 2097 4121 ejus

505 4138 861 4212 providentiae
916 4140 1293 4197 redderentur.
1349 4142 1722 4213 Quamobrem
1768 4158 1839 4197 ne
1883 4143 2004 4213 quis
2050 4147 2097 4199 ei

505 4234 811 4289 contrarius
858 4234 916 4289 in
962 4234 1307 4305 exsequendo
1357 4236 1564 4290 monita
1610 4245 1797 4292 nostra
1846 4237 2094 4303 obsistat,

503 4326 799 4399 apostolica
855 4328 1175 4383 auctoritate
1226 4328 1330 4383 sub
1375 4328 1741 4385 anathematis
1797 4332 2097 4387 commina-

504 4420 653 4477 tione
706 4421 1098 4478 interdicimus.
1148 4426 1225 4478 Te
1290 4431 1497 4492 autem,
1554 4424 1813 4495 praedicto
1890 4442 2096 4495 comes,

509 4514 855 4587 singulariter
927 4515 1281 4587 alloquentes,
1353 4515 1508 4571 valde
1572 4516 1864 4585 miramur,
1929 4519 2096 4589 quod,

2203 3315 2434 3358 nemo
2498 3300 2609 3371 regi
2664 3300 2971 3371 Anglorum
3029 3299 3262 3354 salutem
3323 3306 3379 3353 et
3439 3295 3800 3367 apostolicam

2202 3394 2655 3451 benedictionem.

2272 3494 2513 3546 Mmrore
2543 3488 2741 3543 mentis
2775 3495 2903 3551 tuae,
2945 3486 3016 3540 ﬁli
3041 3485 3262 3552 dilecte,
3296 3501 3360 3540 ex
3387 3484 3609 3540 decessu
3637 3493 3802 3540 ante-

2203 3582 2437 3638 cessoris
2466 3582 2640 3637 nostri
2671 3582 2842 3637 beatae
2873 3580 3153 3635 memoriae
3183 3578 3495 3645 Alexandri,
3526 3577 3603 3633 tui
3631 3578 3803 3633 etiam

2205 3676 2473 3732 hilaritate
2539 3692 2605 3730 ex
2655 3681 2858 3731 nostra:
2922 3675 3281 3745 promotionis
3342 3683 3492 3728 certo
3551 3689 3802 3745 rumore,

2204 3770 2409 3840 absque
2431 3768 2599 3825 dubio
2625 3768 2897 3824 credimus
2916 3776 2969 3822 te
2989 3784 3049 3822 ex
3076 3769 3239 3823 corde
3263 3767 3423 3822 matri
3452 3777 3561 3823 tuae
3588 3776 3800 3823 sanctae

2205 3867 2473 3919 Romanae
2501 3863 2755 3919 Ecclesiae
2797 3863 3094 3930 adhaerere,
3127 3878 3358 3933 eamque
3390 3863 3523 3917 totis
3568 3862 3799 3932 viribus,

2205 3966 2268 4014 ut
2314 3957 2508 4025 debes,
2564 3957 2810 4029 diligere.
2846 3959 2985 4012 Nam
3024 3957 3145 4027 quia
3189 3958 3300 4027 ejus
3337 3956 3492 4028 quasi
3536 3955 3801 4012 viduitate

2205 4052 2384 4107 audita
2435 4052 2669 4124 graviter
2723 4051 3008 4123 angebaris
3061 4050 3432 4105 consolatione
3489 4049 3652 4104 etiam
3702 4065 3803 4105 sua

2206 4147 2273 4204 de
2298 4147 2465 4203 nostri
2498 4147 2843 4218 promotione
2866 4162 2993 4200 vero
3018 4144 3214 4216 gaudio
3237 4144 3458 4206 laetaris,
3482 4152 3803 4215 statumque

2206 4250 2460 4295 nostrum
2502 4248 2555 4293 te
2592 4239 2726 4295 velle
2768 4239 2909 4294 scire
2954 4254 3047 4309 per
3093 4239 3299 4293 litteras
3346 4245 3468 4292 tuas
3508 4236 3706 4292 obnixe
3743 4248 3805 4294 et

2207 4333 2481 4387 humiliter
2508 4332 2764 4403 precaris.
2794 4331 3072 4387 Affectum
3099 4330 3228 4386 boni
3258 4329 3376 4397 ﬁlii,
3403 4328 3665 4385 affectum
3705 4329 3804 4385 filii

2208 4436 2441 4481 matrem
2495 4442 2560 4481 ex
2613 4426 2776 4481 corde
2817 4425 3120 4496 diligentis,
3175 4424 3437 4481 ostendis.
3491 4428 3804 4495 Exsequere

2204 4537 2332 4591 ergo
2383 4520 2667 4591 operibus,
2725 4519 2800 4575 ﬁli
2858 4518 3075 4587 dilecte,
3136 4520 3282 4590 quod
3333 4534 3427 4574 ore
3479 4517 3798 4573 conﬁteris:

508 4619 803 4682 postquam
843 4608 1131 4681 praefatum
1172 4609 1506 4666 confratrem
1550 4620 1803 4667 nostrum
1839 4612 2094 4668 instinctu
2125 4632 2174 4693 Ι)
2206 4614 2375 4685 imple
2418 4610 2711 4669 efﬁcaciter
2758 4613 2908 4685 quod
2955 4613 3108 4679 dicis,
3142 4621 3207 4667 ut
3238 4613 3546 4667 consentias
3579 4613 3679 4683 ipsi
3721 4616 3805 4669 Ve

509 4701 703 4758 divina
746 4702 1049 4758 clementiae
1096 4719 1220 4757 cum
1267 4720 1535 4759 consensu
1565 4704 1797 4760 aliorum
1845 4706 2097 4762 omnium

509 4795 563 4849 in
604 4797 919 4867 episcopum
948 4796 1211 4868 elegeras,
1257 4806 1313 4852 et
1341 4797 1660 4853 ﬁdelitatem
1697 4798 1797 4855 sibi
1841 4815 1905 4855 ex
1945 4815 2097 4855 more

510 4886 737 4957 feceras,
789 4888 970 4943 nescio
1019 4890 1217 4958 quibus
1262 4889 1328 4945 de
1373 4891 1549 4947 causis
1599 4892 1792 4961 elatus,
1841 4909 1905 4949 eo
1959 4909 2097 4965 prae-

507 4990 680 5050 sente,
709 4982 1151 5038 commotionem
1180 4983 1437 5040 adversus
1477 5002 1603 5040 eum
1646 5004 1803 5059 agere
1829 5003 2098 5059 praesum-

509 5077 686 5146 psisti,
719 5084 772 5131 et
803 5086 1101 5149 postquam
1136 5078 1205 5133 ad
1240 5080 1540 5148 apostolica
1579 5080 1763 5136 limina
1797 5083 1961 5152 venit,
1992 5084 2099 5139 cle—

507 5170 650 5225 ricos
679 5178 733 5224 et
756 5170 899 5225 cives
944 5172 1095 5227 urbis
1139 5170 1484 5242 depraedatus
1523 5189 1602 5243 es,
1645 5183 1700 5229 et
1743 5176 1906 5246 (quod
1946 5177 2098 5233 valde

507 5262 817 5318 nefandum
849 5269 947 5330 est)
986 5264 1285 5334 quemdam
1316 5266 1573 5320 clericum
1604 5268 1815 5339 cepisti.
1844 5270 2099 5337 Quamvis

509 5356 671 5429 igitur
719 5357 777 5411 in
815 5356 917 5412 hac
965 5364 1120 5412 tanta
1177 5367 1232 5412 et
1263 5368 1376 5413 tam
1431 5359 1635 5414 crudeli
1676 5364 2097 5433 praesumptione

506 5466 793 5515 censuram
841 5451 1154 5522 apostolicae
1182 5451 1668 5508 animadversionis
1712 5456 1768 5509 in
1811 5464 1864 5511 te
1906 5473 2098 5528 provo-

575 5605 721 5678 (3_51)
754 5604 839 5658 Sic
865 5605 939 5678 in
981 5605 1253 5678 integrum
1286 5607 1652 5663 restituendus
1691 5609 1847 5664 nobis
1878 5609 2095 5665 videtur

503 5675 805 5757 illenlocus,
860 5676 919 5729 in
962 5675 1120 5757 quo;
1150 5695 1433 5757 perperam
1478 5681 1766 5757 immutate
1809 5682 2101 5737 verborum

504 5746 717 5813 ordine,
750 5761 916 5815 pauca
947 5746 1187 5802 desunt‘:
1214 5746 1313 5804 Sin
1342 5767 1481 5815 vero,
1512 5754 1659 5820 quod
1687 5754 1825 5808 absit
1853 5756 1871 5807 !
1901 5760 2101 5809 nostrae

505 5820 894 5906 exhprtgtionis
924 5820 1324 5906 imaprt‘ecept‘i
1366 5824 1956 5906 neglectornearstiteris,
1998 5842 2101 5906 per

501 5892 876 5945 auctoritatem
903 5906 1024 5962 qua
1062 5892 1196 5947 data
1231 5898 1309 5947 est
1338 5894 1585 5963 apostolo
1612 5899 1784 5958 Petro,
1821 5911 1916 5950 nos
1960 5892 2101 5965 ejus-

2205 4708 2344 4765 ritati
2396 4709 2647 4764 clamanti
2700 4729 2711 4764 :
2772 4712 2879 4776 Qui
2929 4708 3117 4777 diligit
3159 4725 3274 4775 me,
3325 4724 3584 4765 sermones
3634 4724 3802 4774 meos,

2205 4805 2437 4859 servabit
2470 4808 2638 4868 (Joan.
2678 4802 2874 4872 xxxv);
2906 4811 2961 4856 et
2978 4800 3099 4855 alibi
3130 4820 3142 4857 :
3183 4802 3437 4857 Probatio
3470 4802 3800 4869 dilectionis,

2208 4900 2471 4953 emhibitio
2499 4903 2578 4951 est
2606 4899 2801 4966 operis.
2852 4898 3141 4952 Sermones
3168 4896 3376 4967 ,matris
3417 4905 3525 4951 tuae
3571 4896 3623 4950 hi
3668 4906 3806 4952 sunt

2208 5000 2262 5048 et
2304 4989 2617 5063 hujusmodi
2666 5009 2678 5044 :
2721 4990 2951 5045 Iustitiae
3000 5005 3096 5061 per
3129 4991 3338 5055 omnia,
3378 5005 3503 5044 cum
3543 4998 3803 5060 opportu-

2208 5102 2341 5141 num
2382 5093 2485 5151 est,
2518 5094 2578 5139 tu
2608 5084 2774 5139 modo
2804 5083 3061 5138 insudare
3102 5100 3212 5139 non
3246 5084 3492 5150 desinas,
3545 5083 3804 5139 Ecclesiis

2206 5179 2302 5234 tibi
2335 5178 2400 5235 ad
2438 5177 2847 5234 defendendum
2879 5176 3189 5233 commissis
3211 5178 3287 5232 sic
3316 5178 3600 5231 consulere
3632 5183 3693 5230 ut
3716 5174 3802 5231 fo-

2208 5280 2392 5328 menta
2441 5273 2625 5327 salutis
2681 5271 2880 5326 animae
2918 5280 3028 5327 tum
3086 5271 3385 5339 conﬁcias,
3443 5278 3799 5341 peccatorum

2208 5366 2451 5421 maculas
2477 5366 2677 5431 deleas,
2706 5366 2981 5419 virtutum
3014 5364 3207 5420 odores
3233 5364 3307 5418 sic
3336 5362 3431 5418 tibi
3461 5362 3797 5433 introducas,

2210 5469 2269 5514 ut
2296 5474 2423 5514 cum
2451 5458 2717 5529 Apostolo
2760 5458 2906 5513 dicas
2941 5476 2954 5513 :
2990 5458 3205 5513 Christi
3246 5458 3405 5512 bonus
3446 5458 3579 5512 odor
3616 5474 3801 5513 sumus

2205 5612 2324 5666 dem
2342 5612 2572 5664 viearios
2614 5609 2868 5681 [senties].
2904 5612 3020 5664 illos
3050 5615 3229 5664 autem
3256 5627 3289 5664 a
3325 5612 3460 5679 jugo
3490 5611 3793 5678 servitutis,

2210 5688 2270 5737 ut
2296 5687 2396 5738 Deo
2421 5682 2579 5736 libere
2616 5684 2878 5744 serviant,
2911 5697 3018 5735 esse
3045 5682 3311 5754 absolutos
3338 5682 3605 5751 [patebit].
3641 5684 3801 5754 (ΕΒ.)

2281 5759 2426 5820 (352)
2484 5755 2565 5807 De
2629 5754 2924 5809 Guilielmo
2981 5753 3252 5807 Marianus
3305 5754 3500 5807 Scotus
3550 5762 3604 5806 et
3646 5755 3799 5823 Sige-

2212 5826 2398 5879 bertus
2424 5824 2483 5879 in
2522 5824 2780 5898 chronica
2809 5824 2931 5878 anni
2986 5828 3137 5878 1066.
3173 5823 3499 5879 Guilielmus
3529 5824 3797 5898 Neubrig.

2210 5911 2389 5950 rerum
2420 5896 2693 5968 Anglicar.
2728 5895 2822 5949 lib.
2868 5909 2914 5961 I,
2952 5909 3067 5964 cap.
3105 5901 3151 5949 ι.
