4122 6184
360 206 409 229 γλκ

283 298 381 354 345

1368 290 1567 344 LIBER
1610 285 1881 343 PRIMUS.
1925 313 1993 323 —
2032 280 2239 336 EPIST.
2283 277 2496 361 LXXIII.

3483 269 3584 323 346

280 425 358 489 (Π
382 424 505 478 Cor.
538 420 625 491 ιι).
660 421 946 474 Honorem
988 416 1112 483 Dei,
1140 423 1194 471 et
1222 415 1406 471 omnia
1436 428 1559 484 quae
1582 412 1683 467 Dei
1726 418 1877 477 sunt,
1908 413 1954 475 Α
1988 412 2398 476 exspectamus,
2452 400 2563 454 imo
2621 405 2735 452 tota
2784 394 2986 450 mentis
3032 392 3299 449 desiderio
3346 392 3588 462 accipere

281 526 373 571 tuo
415 522 471 570 et
513 511 809 568 mundanis
846 510 1103 567 omnibus
1150 524 1465 580 praeponere
1510 505 1877 570 consulimus,

280 609 643 665 admonemus
689 614 745 661 et
789 619 1075 677 precamur
1120 624 1131 658 :
1182 619 1309 659 cum
1357 601 1461 656 hoc
1501 616 1566 655 ex
1611 606 1763 655 certo
1809 598 1880 651 sit

278 718 485 771 unum,
516 699 667 773 quod
704 700 1012 771 neglectum
1040 697 1243 769 saepius
1269 706 1380 751 tuae
1415 692 1687 765 dignitatis
1724 700 1877 763 pote-

275 804 446 852 states
474 794 615 850 solet
644 791 870 864 perdere
894 798 948 846 et
977 790 1046 845 ad
1069 787 1273 845 inferos
1296 787 1542 843 trudere.
1573 789 1708 842 Haec
1732 785 1878 853 ideo,

274 890 634 952 charissime,
687 886 784 942 tibi
836 885 1203 953 inculcamus,
1257 883 1383 954 quia
1432 882 1574 937 inter
1621 895 1777 952 reges
1826 887 1881 934 te

271 983 452 1039 solum
484 982 754 1037 habemus
786 994 952 1053 quem
984 993 1094 1050 prae
1123 976 1240 1031 aliis
1269 975 1492 1048 diligere
1517 974 1880 1047 suprascripta

272 1075 577 1133 credimus.
621 1076 836 1130 Statum
884 1087 1070 1127 verum
1120 1078 1399 1135 nostrum,
1449 1084 1611 1139 quem
1650 1076 1704 1123 te
1744 1067 1882 1123 scire

270 1170 601 1243 suppliciter
643 1183 801 1233 oras,
830 1166 910 1221 sic
940 1164 1122 1235 accipe
1163 1183 1175 1217 :
1209 1164 1418 1218 Navem
1446 1161 1600 1216 inviti
1641 1160 1883 1216 ascendi-

273 1280 421 1327 mus,
454 1278 582 1334 quae
613 1277 706 1333 per
733 1258 1011 1316 undosum
1040 1256 1264 1329 pelagus
1291 1255 1545 1311 violentia
1576 1263 1881 1322 ventorum,

270 1366 327 1413 et
380 1357 593 1428 impetu
641 1354 969 1433 turbinum,
1010 1360 1064 1407 et
1112 1350 1368 1407 ﬂuctibus
1423 1349 1491 1405 ad
1545 1364 1671 1404 aera
1715 1364 1887 1419 usque

272 1449 689 1523 insurgentibus
717 1448 773 1502 in
808 1448 1013 1502 incerta
1039 1444 1289 1517 dejicitur
1331 1463 1343 1497 :
1382 1442 1533 1499 saxis
1571 1444 1881 1511 occultatis,

272 1552 328 1600 et
377 1543 506 1599 aliis
549 1543 771 1613 alonge
812 1540 872 1596 in
898 1539 1072 1594 altum
1115 1536 1530 1610 apparentibus,
1580 1536 1706 1591 licet
1756 1552 1881 1592 cum

272 1636 543 1709 periculo,
576 1634 761 1690 obviat
786 1641 974 1688 tamen
1023 1640 1079 1688 et
1105 1647 1169 1686 ex
1198 1631 1406 1685 animo.
1438 1632 1635 1685 Sancta
1688 1630 1884 1702 quippe

269 1737 541 1789 Romana
573 1732 827 1797 Ecclesia,
858 1729 944 1784 cui
976 1728 1099 1783 licet
1138 1725 1344 1798 indigni
1387 1734 1442 1780 et
1472 1726 1721 1780 nolentes
1747 1740 1885 1795 prm-

268 1827 552 1891 sidemus,
580 1822 805 1881 diversis
843 1819 1257 1887 tentationibus,
1304 1818 1721 1891 quamplurimis
1764 1834 1881 1890 per-

268 1918 670 1977 secutionibus
712 1915 1121 1989 hypocritarum
1151 1921 1207 1969 et
1247 1913 1635 1969 haereticorum
1670 1911 1883 1967 insidiis

270 2023 326 2069 et
358 2013 574 2069 dolosis
598 2009 991 2082 objectionibus
1006 2008 1266 2063 continue
1287 2015 1343 2062 et
1359 2006 1602 2077 quotidie
1621 2006 1882 2079 quatitur,

270 2106 589 2163 mundanis
619 2121 747 2160 vero
778 2102 1139 2175 potestatibus
1168 2098 1381 2156 occulte
1410 2109 1464 2155 et
1490 2100 1765 2155 evidenter
1791 2116 1887 2171 per

268 2202 501 2257 diversa
539 2198 878 2255 distrahitur.
911 2195 1127 2269 Quibus
1158 2193 1413 2250 omnibus
1442 2194 1679 2261 obviare,
1710 2202 1766 2249 et
1806 2193 1889 2248 his

269 2304 333 2349 et
410 2290 831 2365 quamplurimis
887 2290 1005 2344 aliis
1071 2303 1422 2358 summopere
1488 2303 1705 2355 cavere,
1767 2295 1892 2358 post

265 2392 505 2452 Deum,
552 2394 606 2440 et
642 2385 785 2440 inter
836 2384 1088 2438 homines
1134 2381 1309 2437 nostri
1352 2390 1410 2436 et
1448 2380 1612 2437 ofﬁcii
1642 2388 1698 2437 et
1744 2396 1892 2437 cura

265 2480 595 2554 Specialiter
625 2478 824 2534 horum
865 2493 996 2533 cura
1025 2475 1113 2532 die
1148 2483 1424 2547 noctuque
1452 2475 1758 2546 coquimur,
1805 2475 1893 2530 his

267 2585 329 2630 et
386 2572 656 2629 similibus
695 2571 951 2627 continue
977 2569 1311 2636 divellimur,
1358 2569 1484 2625 licet
1512 2585 1610 2640 pro
1649 2578 1894 2639 tempore

266 2669 353 2725 ab
400 2666 566 2738 hujus
593 2664 788 2720 mundi
818 2664 943 2719 ﬁliis
974 2663 1091 2719 haec
1129 2664 1286 2719 nobis
1326 2662 1611 2718 videantur
1638 2661 1892 2718 arridere.

268 2763 442 2831 Quae
485 2768 667 2815 tamen
709 2759 918 2830 (grates
959 2761 1077 2813 Deo
1120 2756 1437 2824 referimus)
1485 2756 1765 2812 mundana
1811 2772 1900 2811 co-

267 2864 504 2929 guntur
530 2853 684 2909 nobis
725 2852 1037 2924 displicere.
1070 2851 1158 2907 Sic
1201 2851 1468 2917 vivimus,
1512 2859 1594 2916 et,
1644 2853 1763 2905 Deo
1806 2866 1900 2904 an-

267 2955 530 3013 nuente,
562 2947 831 3002 vivemus.
864 2945 1216 3017 Privilegium
1247 2960 1375 2999 vero
1408 2944 1580 2998 sancti
1619 2941 1897 3014 Stephani,

266 3044 359 3098 de
431 3056 532 3112 quo
578 3038 883 3103 mandasti,
939 3040 1139 3095 anima:
1180 3046 1292 3094 tuae
1335 3038 1484 3092 salus
1530 3046 1644 3105 est,
1707 3046 1761 3092 et
1802 3053 1898 3108 pro

268 3135 502 3194 eodem
538 3133 628 3188 tibi
675 3132 1022 3189 consulimus
1067 3132 1145 3187 sic
1178 3141 1357 3186 ratum
1394 3140 1447 3186 te
1474 3130 1693 3196 habere,
1738 3139 1901 3201 prout
1935 3149 1976 3209 ρ

270 3227 471 3301 legati
521 3227 690 3282 nostri
721 3228 914 3281 Petrus
968 3234 1023 3281 et
1059 3227 1299 3280 Joannes
1342 3225 1593 3279 Minutus
1640 3225 1901 3280 canonice

269 3320 713 3381 observandum
732 3320 1071 3391 judicarunt.
1116 3318 1169 3374 Si
1214 3326 1405 3374 tamen
1451 3318 1905 3389 superabundans

270 3412 519 3486 aliquid
545 3413 821 3486 privilegio
861 3413 955 3468 tibi
989 3412 1199 3468 videtur
1235 3410 1593 3482 adscriptum,
1633 3421 1902 3482 quantum

277 3512 470 3584 plura
513 3524 608 3579 pro
669 3510 787 3562 Deo
848 3515 904 3562 et
944 3514 1133 3561 sancto
1184 3508 1371 3575 Petro,
1425 3505 1583 3560 beato
1626 3505 1904 3577 Stephano

276 3602 680 3667 concesseris,
720 3609 871 3656 tanto
918 3600 1129 3671 majora
1184 3600 1241 3654 in
1297 3598 1662 3654 retributione
1707 3599 1775 3654 ab
1825 3598 1907 3653 his

281 3697 505 3772 procul
537 3693 703 3767 dubio
735 3692 979 3749 habebis.
1014 3692 1203 3748 Rebus
1229 3708 1357 3747 vero
1386 3692 1556 3747 sancti
1590 3692 1755 3761 Petri,
1786 3708 1908 3765 quae

285 3795 361 3848 in
387 3789 588 3860 Anglia
612 3787 969 3859 colliguntur,
988 3786 1066 3840 sic
1085 3795 1135 3840 te
1153 3794 1212 3840 ut
1226 3786 1333 3840 tuis
1351 3784 1633 3857 invigilare
1656 3786 1909 3842 admone-

283 3899 460 3947 mus,
483 3883 561 3937 sic
576 3881 881 3937 liberalitati
905 3888 1037 3947 tute,
1056 3887 1118 3934 ut
1133 3887 1222 3934 tua
1247 3881 1662 3948 committimus,
1680 3890 1740 3935 ut
1758 3881 1910 3951 pium

286 3990 357 4036 et
414 3976 712 4047 propitium
742 3974 1049 4031 debitorem
1098 3976 1323 4029 Petrum
1365 3974 1629 4044 reperias,
1684 3984 1738 4030 et
1783 3990 1911 4030 eum

286 4072 413 4130 tibi
446 4086 515 4125 ex
544 4068 724 4124 debito
752 4067 1044 4123 subvenire
1069 4066 1387 4133 admoneas,
1420 4082 1587 4138 quem
1612 4067 1715 4122 sibi
1743 4068 1913 4123 multa

286 4179 357 4224 te
398 4164 654 4219 tribuisse
679 4178 787 4217 non
821 4161 1025 4216 latebit.

384 4262 533 4313 Data
560 4259 751 4313 Romae
779 4272 829 4312 II
858 4257 1042 4311 Nonas
1079 4254 1304 4325 Aprilis,
1337 4253 1526 4311 indict.
1557 4270 1672 4311 xu.

815 4368 1164 4422 EPISTOLA
1202 4367 1414 4421 LXXI.

541 4494 619 4534 AD
634 4494 1007 4536 HATHILDEM
1023 4492 1313 4535 BBGINAM
1335 4493 1701 4536 ANGLOBUM.

959 4589 1142 4651 (Anno
1186 4589 1365 4651 1074.)

298 4688 669 4751 Commendat
696 4689 808 4757 ejus
843 4688 1199 4742 humilitatem
1228 4693 1277 4742 et
1320 4688 1652 4751 charitatem,
1681 4690 1925 4743 hortatur

395 4767 461 4815 ut
492 4764 551 4813 in
589 4760 703 4814 dies
738 4762 795 4812 in
823 4759 907 4813 his
926 4762 1102 4827 magis
1125 4762 1404 4830 proﬁciat,
1436 4765 1486 4814 et
1510 4763 1567 4813 in
1596 4763 1711 4813 viro
1733 4775 1826 4814 suo
1864 4776 1925 4814 ea

394 4831 623 4960 Wt
655 4846 775 4901 qua:
817 4832 898 4885 ad
934 4834 1134 4885 animce
1176 4832 1412 4887 salutem
1456 4833 1517 4885 in
1558 4833 1754 4901 primis
1790 4847 1926 4902 per-

396 5013 763 5069 Gnnoonws
784 5011 1090 5081 episcopus,
1118 5025 1306 5065 servus
1330 5025 1618 5066 servorum
1651 5009 1773 5077 Dei,
1806 5013 1929 5065 MA-

300 5122 545 5166 THILDI
592 5104 791 5177 reginas
837 5104 1146 5176 Anglorum
1194 5104 1429 5160 salutem
1477 5113 1532 5159 et
1571 5104 1927 5175 apostolicam

308 5199 783 5261 benedictionem.

396 5293 623 5352 Auditis
648 5292 944 5348 nobilitatis
976 5299 1085 5347 tuae
1106 5291 1315 5361 litteris,
1350 5291 1724 5347 liberalitatem
1750 5300 1924 5359 tuam,

315 5393 436 5449 ﬁlia
467 5389 691 5457 dilecta,
720 5388 994 5445 dilectioni
1023 5396 1080 5443 et
1108 5387 1404 5443 humilitati
1445 5387 1724 5460 invigilare
1770 5387 1924 5443 intel-

321 5486 593 5549 Ieximus,
633 5500 696 5539 ex
742 5482 944 5556 quibus
990 5491 1099 5537 tua:
1144 5482 1332 5537 salutis
1372 5481 1637 5537 indicium
1685 5490 1740 5537 et
1773 5496 1927 5553 spem

321 5589 541 5635 certam
563 5577 803 5633 hilariter
830 5577 1156 5647 accepimus.
1190 5577 1314 5631 Non
1344 5576 1543 5647 quippe
1563 5575 1924 5631 dubitandum

321 5674 400 5730 de
464 5672 582 5743 ejus
620 5672 795 5727 salute
848 5669 962 5726 fore
1012 5669 1318 5737 credimus,
1363 5684 1486 5742 quae
1533 5668 1828 5724 humilitati
1872 5677 1929 5725 et

323 5765 638 5833 dilectioni,
678 5764 735 5820 in
778 5780 885 5836 qua
925 5764 1009 5819 lex
1036 5780 1100 5821 ex
1142 5772 1260 5820 toto
1290 5764 1621 5829 continetur,
1667 5778 1728 5817 ex
1760 5762 1926 5818 corde

322 5856 599 5914 inservire
644 5854 996 5927 dignoscitur.
1030 5858 1262 5915 Munera
1325 5857 1446 5914 haec
1486 5865 1541 5913 et
1598 5856 1796 5913 similia
1822 5865 1926 5912 ate

1946 4506 1997 4567 D

1986 499 2265 570 cupimus;
2305 502 2397 565 ut,
2455 508 2581 565 quae
2619 489 2816 546 nobilis
2881 504 2938 544 es
2996 486 3282 559 sanguine,
3356 485 3589 540 nobilior

1989 594 2131 648 vivas
2171 599 2488 647 sanctorum
2531 600 2749 641 morum
2782 585 3091 639 honestate.
3128 585 3275 635 lnsta
3299 579 3414 634 viro
3444 587 3541 634 tuo
3574 594 3587 632 :

1988 687 2184 744 animae
2226 684 2376 740 utilia
2421 695 2710 753 suggerere
2752 693 2823 733 ne
2879 677 3119 732 desinas.
3164 676 3388 730 Certum
3436 673 3588 728 enim

1989 790 2073 836 est
2100 789 2180 847 ut,
2227 780 2269 834 si
2314 778 2391 831 vir
2419 774 2647 830 inﬁdelis
2676 788 2771 843 per
2815 770 3103 826 mulierem
3154 768 3393 833 ﬁdelem,
3425 776 3487 821 ut
3516 766 3593 821 ait

1989 873 2292 945 Apostolus
2321 870 2389 941 (11
2444 871 2563 926 Cor.
2605 870 2751 931 v11),
2801 865 3061 927 salvatur,
3091 862 3169 916 vir
3215 862 3378 915 etiam
3416 859 3591 916 ﬁdelis

1993 985 2087 1041 per
2109 966 2403 1022 mulierem
2425 962 2639 1018 ﬁdelem
2670 960 2729 1013 in
2758 959 2954 1013 melius
2973 963 3375 1026 augmentatur.

2066 1065 2206 1115 Data
2242 1063 2465 1125 Romae,
2516 1052 2757 1111 secundo
2807 1053 2989 1106 Nonas
3018 1049 3247 1120 Aprilis,
3295 1048 3591 1104 indictione

1992 1154 2338 1211 duodecima.

2486 1241 2829 1297 EPISTOLA
2868 1239 3110 1293 LXXII.

2396 1336 2928 1406 anfoorsraenuu
2969 1345 3183 1387 DUCBH

2593 1435 2776 1495 (Anno
2818 1425 3001 1497 1074.)

1997 1533 2198 1600 Arguit
2227 1528 2368 1599 quod
2394 1524 2591 1600 milites
2616 1523 2827 1600 auxilio
2856 1524 3035 1600 sancto
3062 1521 3350 1600 Petroniioit
3365 1518 3596 1581 miserit,

2236 1591 2297 1653 ut
2327 1599 2681 1667 promiserat.
2723 1596 2898 1649 Monet
2934 1597 2995 1645 ut
3034 1605 3115 1645 eos
3154 1591 3365 1642 mittat.

2068 1709 2434 1764 GBEGOBIUS
2463 1702 2766 1773 episcopus,
2799 1712 2985 1754 servus
3010 1708 3299 1750 servorum
3328 1693 3454 1759 Dei,
3480 1694 3599 1748 Go-

1994 1816 2263 1859 TBFBEDO
2310 1795 2640 1865 [Gotifredo]
2681 1792 2807 1849 duci
2855 1791 3087 1847 salutem
3136 1796 3193 1845 et
3240 1786 3599 1858 apostolicam

1990 1895 2448 1953 benedictionem.

2066 1990 2122 2045 Si
2162 1988 2237 2044 sic
2265 1985 2469 2042 mentis
2500 1982 2707 2039 stabilis
2736 1981 2789 2035 in
2834 1977 3211 2051 apostolorum
3244 1974 3503 2047 principis
3537 1973 3602 2027 ﬁ-

1995 2084 2213 2141 delitate
2244 2066 2492 2135 maneres
2521 2078 2667 2133 sicut
2690 2074 2852 2129 nobis
2882 2071 3231 2144 promiseras,
3270 2077 3321 2124 et
3345 2084 3410 2123 ex
3441 2067 3606 2123 corde

1998 2175 2103 2230 sibi
2128 2173 2455 2238 adhaereres,
2493 2168 2662 2223 multa
2692 2165 2792 2221 tibi
2820 2163 2972 2236 quasi
3004 2178 3067 2217 ex
3102 2160 3370 2233 pactione,
3401 2166 3457 2214 et
3481 2173 3609 2213 vera

1998 2270 2260 2327 charitate
2298 2267 2653 2327 deberemus;
2697 2276 2903 2328 verum,
2950 2258 3073 2329 quia
3133 2271 3309 2311 omnes
3356 2255 3601 2308 declina-

1999 2369 2210 2429 verunt,
2239 2362 2399 2417 simul
2418 2359 2637 2413 inutiles
2665 2357 2807 2424 facti
2829 2358 2976 2415 sunt,
2999 2360 3075 2417 et,
3106 2358 3168 2405 ut
3196 2347 3481 2405 Psalmista
3508 2347 3606 2414 ait,

2001 2478 2107 2517 non
2143 2464 2221 2515 est
2262 2460 2359 2529 qui
2383 2458 2555 2525 faciat
2596 2455 2808 2517 bonum,
2862 2465 2972 2503 non
3020 2452 3097 2501 est
3125 2461 3293 2517 usque
3333 2442 3406 2497 ad
3443 2457 3608 2497 unum

2001 2553 2164 2622 [Psal.
2198 2553 2362 2617 xm],
2401 2547 2542 2602 viam
2580 2545 2885 2600 multorum
2916 2541 3150 2596 aliorum
3187 2546 3405 2593 secutus
3441 2533 3611 2591 decli-

1973 2708 1977 2712 ,
2006 2646 2145 2702 nasti
2180 2666 2192 2699 :
2222 2643 2310 2699 ubi
2344 2650 2427 2698 est
2461 2640 2725 2697 auxilium
2761 2637 2907 2709 quod
2940 2632 3324 2706 pollicebaris?
3372 2629 3462 2685 ubi
3502 2628 3611 2684 mi-

2010 2741 2132 2795 lites
2160 2752 2297 2810 quos
2334 2734 2403 2791 ad
2446 2734 2716 2790 honorem
2747 2738 2803 2785 et
2837 2727 3142 2784 subsidium
3172 2723 3343 2781 sancti
3375 2722 3521 2778 Petri
3559 2730 3614 2776 te

2010 2833 2304 2889 ducturum
2349 2828 2512 2883 nobis
2558 2823 2898 2897 promisisti?
2946 2821 3050 2876 Sed
3095 2819 3221 2890 quia
3257 2817 3402 2889 quod
3452 2816 3611 2871 beato

2012 2930 2175 2982 Petro
2205 2920 2507 2995 promisisti
2550 2934 2662 2974 non
2702 2914 3017 2987 implevisti,
3062 2928 3165 2967 nos
3216 2912 3335 2966 licet
3384 2909 3612 2979 indigni,

2010 3023 2100 3095 qui
2129 3019 2305 3076 vicarii
2350 3016 2469 3089 ejus
2509 3014 2766 3079 dicimur,
2807 3009 2953 3065 nulla
2982 3007 3085 3064 alia
3116 3006 3211 3061 tibi
3249 3004 3614 3077 promissione

2007 3117 2384 3179 adhaeremus,
2428 3109 2535 3166 nisi
2566 3108 2693 3181 quia
2738 3115 2799 3161 ut
2838 3102 3145 3159 Christiano
3201 3098 3297 3153 tibi
3334 3097 3617 3152 consulere

1964 3188 1979 3209 ¹
2008 3195 2308 3267 (Ιθῢεθῐηυεῖ
2339 3202 2713 3261 Reminiscere
2755 3206 2967 3270 patrem
3000 3204 3153 3250 tuam
3200 3190 3373 3247 multa
3408 3196 3613 3244 sanctae

2008 3308 2275 3360 Romanae
2332 3296 2587 3353 Ecclesiae
2643 3291 2989 3365 promisisse,
3062 3302 3185 3360 quae
3235 3286 3279 3340 si
3330 3292 3617 3340 exsecutus

2013 3398 2174 3463 foret,
2206 3394 2363 3464 longe
2398 3390 2553 3445 aliter
2578 3396 2631 3442 et
2664 3385 2892 3440 hilarius
2916 3381 2983 3437 de
3020 3396 3086 3435 eo
3116 3394 3281 3450 quam
3311 3376 3617 3431 sentiamus

2011 3495 2102 3561 [f.,
2134 3488 2426 3553 sentimus]
2450 3493 2630 3539 tecum
2656 3478 3042 3554 gauderemus.
3078 3476 3162 3528 De
3193 3470 3438 3527 Sardinia
3467 3484 3614 3532 vero,

2015 3585 2139 3656 quia
2182 3580 2454 3637 terminus
2499 3590 2665 3647 quem
2696 3571 2984 3645 posuimus
3026 3569 3146 3641 jam
3189 3564 3429 3631 transiit,
3481 3562 3619 3617 nihil

2015 3679 2162 3735 aliud
2233 3674 2590 3736 mandamus,
2667 3684 2832 3741 quam
2900 3664 3047 3736 quod
3108 3667 3406 3734 praesentes
3460 3656 3620 3713 simul

2018 3774 2277 3829 diximus.
2320 3767 2592 3838 Denique,
2639 3763 2685 3819 si
2723 3763 2779 3817 in
2817 3759 2903 3815 his
2940 3772 3064 3830 qua:
3093 3756 3255 3811 nobis
3298 3750 3619 3824 promisisti,

2020 3868 2270 3924 videlicet
2292 3871 2479 3919 sancto
2520 3864 2678 3917 Petro
2717 3872 2782 3913 ex
2815 3854 2981 3910 corde
3025 3851 3327 3917 adhaerere,
3361 3844 3625 3903 immobi-

2021 3962 2144 4018 liter
2183 3967 2422 4031 perstare
2450 3952 2710 4020 volueris,
2747 3959 2802 4006 te
2843 3948 2982 4004 sicut
3021 3943 3410 4019 charissimum
3450 3940 3625 3994 ﬁlium

2023 4054 2361 4119 habebimus,
2396 4058 2450 4105 et
2482 4056 2540 4104 tu
2563 4062 2687 4113 nos,
2721 4055 3037 4116 quanquam
3068 4038 3376 4110 indignum,
3407 4035 3625 4090 dulcem

2024 4157 2209 4205 tamen
2232 4143 2465 4201 habebis
2494 4149 2730 4212 patrem.

2095 4248 2236 4299 Data
2298 4243 2523 4307 Roma,
2573 4235 2806 4307 septimo
2855 4231 2987 4288 ldus
3035 4226 3270 4299 Aprilis,
3326 4222 3627 4279 indictione

2027 4335 2366 4395 duodecima.

2502 4422 2856 4480 EPISTOLA
2892 4417 3164 4472 LXXIII.

2140 4540 2221 4580 AD
2255 4534 2652 4579 ISEMBEBTUM
2688 4526 3122 4573 PICTAVENSEM
3153 4520 3519 4564 EPISCOPUM.

2619 4613 2801 4680 (Anno
2845 4609 3027 4671 1074.)

2041 4718 2108 4772 Ut
2154 4716 2212 4766 in
2260 4710 2583 4781 provinciali
2632 4707 2855 4781 concilio
2878 4776 2890 4781 _
2915 4700 3341 4781 metropolitaao.
3368 4698 3629 4781 rationem

2111 4769 2305 4839 reddat
2333 4782 2398 4835 de
2442 4779 2764 4833 monasterio
2790 4773 3149 4831 Nobiliacensi
3181 4774 3197 4836 [
3222 4770 3567 4826 Obilciacensi
3594 4769 3631 4834 ],

2107 4855 2250 4925 quod
2278 4853 2460 4907 clerici
2503 4851 2688 4905 sancti
2716 4848 2921 4925 Hilarii
2955 4860 3064 4925 per!
3088 4844 3197 4896 vim
3226 4842 3293 4895 ab
3323 4856 3378 4924 eo
3408 4841 3638 4925 detiiieri

2107 4911 2474 4997 querebantur
2512 4941 2529 4973 :
2580 4926 2659 4988 et,
2708 4922 2756 4975 si
2790 4934 2845 4973 se
2876 4911 3161 4986 gravatum
3192 4915 3417 4975 sentiat,
3462 4911 3536 4965 ad
3582 4924 3635 4963 se

2103 5003 2323 5055 Romam
2347 4997 2543 5049 veniat.

2107 5102 2460 5157 Gnaeonms
2482 5096 2785 5167 episcopus,
2807 5106 2995 5149 servus
3012 5104 3295 5147 servorum
3315 5088 3442 5154 Dei,
3466 5087 3637 5141 Isau-

2038 5210 2233 5251 BERTO
2258 5191 2560 5249 Pictavensi
2586 5189 2864 5260 episc0po.

2109 5288 2301 5344 Clerici
2333 5282 2773 5357 congregationis
2811 5279 2981 5335 sancti
3017 5277 3205 5333 Hilarii
3258 5275 3444 5331 venire
3486 5273 3643 5341 [lege

2039 5386 2283 5451 venerel
2317 5380 2383 5436 ad
2411 5396 2533 5447 nos,
2574 5382 2977 5448 conquerentes
3016 5388 3180 5444 super
3208 5380 3263 5427 te
3302 5370 3369 5425 de
3409 5368 3641 5424 Nobilia-

2036 5477 2183 5532 censi
2210 5473 2565 5530 monasterio.
2610 5471 2818 5526 Dicunt
2852 5468 2998 5524 enim
3029 5467 3084 5522 id
3113 5464 3250 5536 juris
3288 5461 3459 5517 sancti
3486 5461 3640 5516 Hila-

2036 5572 2100 5626 rii
2148 5586 2287 5636 esse,
2332 5577 2388 5625 et
2430 5585 2460 5623 a
2502 5576 2556 5623 te
2605 5566 2752 5621 nulla
2792 5563 3011 5619 ratione
3049 5558 3282 5631 justitiac
3339 5555 3571 5612 detineri
3624 5572 3635 5607 :

2036 5663 2182 5720 unde
2226 5663 2396 5718 etiam
2448 5658 2795 5732 prudentiam
2851 5664 3008 5711 tuam
3054 5649 3383 5722 apostolicas
3428 5646 3638 5719 prazde-

2034 5760 2269 5816 cessoris
2285 5757 2457 5812 nostri
2480 5752 2774 5810 Alexandri
2794 5750 3003 5806 litteras
3023 5743 3323 5816 suscepisse
3348 5749 3638 5805 testantur,

2036 5852 2133 5908 sed
2172 5852 2297 5909 inde
2332 5849 2603 5922 justitiam
2645 5844 2881 5914 recipere
2920 5858 2980 5899 se
3019 5855 3128 5895 non
3163 5834 3427 5907 potuisse.
3450 5834 3641 5889 iterata
