  <div class='ocr_page' id='page_1' title='image "/cluster/home/n/w/nwhite01/storage/ocr_20150623/148/hvd.32044054760061/179.png"; bbox 0 0 4106 6182; ppageno 0'>
   <div class='ocr_carea' id='block_1_1' title="bbox 3690 192 3737 221">
    <p class='ocr_par' dir='ltr' id='par_1_1' title="bbox 3690 192 3737 221">
     <span class='ocr_line' id='line_1_1' title="bbox 3690 192 3737 221; baseline 0 -2"><span class='ocrx_word' id='word_1_1' title='bbox 3690 192 3737 221; x_wconf 48' lang='grc' dir='ltr'><em>κ</em></span> 
     </span>
    </p>
   </div>
   <div class='ocr_carea' id='block_1_2' title="bbox 490 280 3826 367">
    <p class='ocr_par' dir='ltr' id='par_1_2' title="bbox 490 280 3826 367">
     <span class='ocr_line' id='line_1_2' title="bbox 490 280 3826 367; baseline 0.004 -31"><span class='ocrx_word' id='word_1_2' title='bbox 490 349 492 352; x_wconf 15' lang='grc' dir='ltr'>ν</span> <span class='ocrx_word' id='word_1_3' title='bbox 526 282 630 336; x_wconf 63' lang='grc'><strong>647</strong></span> <span class='ocrx_word' id='word_1_4' title='bbox 774 320 783 329; x_wconf 95' lang='grc'><strong>.</strong></span> <span class='ocrx_word' id='word_1_5' title='bbox 1212 284 1270 337; x_wconf 91' lang='lat' dir='ltr'><strong>s.</strong></span> <span class='ocrx_word' id='word_1_6' title='bbox 1315 284 1632 339; x_wconf 70' lang='lat' dir='ltr'><strong>causam]</strong></span> <span class='ocrx_word' id='word_1_7' title='bbox 1675 285 1760 339; x_wconf 87' lang='lat' dir='ltr'><strong>vu</strong></span> <span class='ocrx_word' id='word_1_8' title='bbox 1800 288 1996 342; x_wconf 68' lang='lat' dir='ltr'><strong>PAPE</strong></span> <span class='ocrx_word' id='word_1_9' title='bbox 2034 290 2308 345; x_wconf 84' lang='lat' dir='ltr'><strong>OPERUM</strong></span> <span class='ocrx_word' id='word_1_10' title='bbox 2347 293 2519 348; x_wconf 82' lang='lat' dir='ltr'><strong>PARS</strong></span> <span class='ocrx_word' id='word_1_11' title='bbox 2556 293 2598 347; x_wconf 77' lang='grc' dir='ltr'><strong>ι.</strong></span> <span class='ocrx_word' id='word_1_12' title='bbox 2639 321 2709 334; x_wconf 89' lang='grc'><strong>-</strong></span> <span class='ocrx_word' id='word_1_13' title='bbox 2746 280 3146 348; x_wconf 79' lang='lat' dir='ltr'><strong>REGISTRUM.</strong></span> <span class='ocrx_word' id='word_1_14' title='bbox 3721 298 3826 367; x_wconf 63' lang='lat'><strong>358</strong></span> 
     </span>
    </p>
   </div>
   <div class='ocr_carea' id='block_1_3' title="bbox 527 406 3351 485">
    <p class='ocr_par' dir='ltr' id='par_1_3' title="bbox 527 406 3351 485">
     <span class='ocr_line' id='line_1_3' title="bbox 527 406 3351 485; baseline 0.004 -24"><span class='ocrx_word' id='word_1_15' title='bbox 527 406 921 464; x_wconf 88' lang='lat' dir='ltr'><strong>reclamatione</strong></span> <span class='ocrx_word' id='word_1_16' title='bbox 941 406 1308 463; x_wconf 80' lang='lat' dir='ltr'><strong>manifestam.</strong></span> <span class='ocrx_word' id='word_1_17' title='bbox 1337 410 1604 463; x_wconf 84' lang='lat' dir='ltr'><strong>Asserunt</strong></span> <span class='ocrx_word' id='word_1_18' title='bbox 1619 425 1843 482; x_wconf 89' lang='lat' dir='ltr'><strong>quoque</strong></span> <span class='ocrx_word' id='word_1_19' title='bbox 1858 411 2123 483; x_wconf 63' lang='lat' dir='ltr'><strong>praedium</strong></span> <span class='ocrx_word' id='word_1_20' title='bbox 2154 423 2207 485; x_wconf 81' lang='grc' dir='ltr'><strong>Α</strong></span> <span class='ocrx_word' id='word_1_21' title='bbox 2423 430 2431 438; x_wconf 65' lang='grc' dir='ltr'><em>ί</em></span> <span class='ocrx_word' id='word_1_22' title='bbox 2735 418 3082 474; x_wconf 76' lang='lat' dir='ltr'><strong>EPISTOLA</strong></span> <span class='ocrx_word' id='word_1_23' title='bbox 3120 420 3351 474; x_wconf 83' lang='lat' dir='ltr'><strong>LXXV.</strong></span> 
     </span>
    </p>
   </div>
   <div class='ocr_carea' id='block_1_4' title="bbox 529 500 2128 575">
    <p class='ocr_par' dir='ltr' id='par_1_4' title="bbox 529 500 2128 575">
     <span class='ocr_line' id='line_1_4' title="bbox 529 500 2128 575; baseline 0.003 -18"><span class='ocrx_word' id='word_1_24' title='bbox 529 503 948 575; x_wconf 74' lang='lat' dir='ltr'><strong>Campaniscum</strong></span> <span class='ocrx_word' id='word_1_25' title='bbox 970 500 1209 570; x_wconf 86' lang='lat' dir='ltr'><strong>nomine,</strong></span> <span class='ocrx_word' id='word_1_26' title='bbox 1234 510 1287 555; x_wconf 91' lang='lat' dir='ltr'><strong>te</strong></span> <span class='ocrx_word' id='word_1_27' title='bbox 1308 503 1698 573; x_wconf 81' lang='lat' dir='ltr'><strong>consentiente,</strong></span> <span class='ocrx_word' id='word_1_28' title='bbox 1724 519 1752 558; x_wconf 91' lang='lat' dir='ltr'><strong>a</strong></span> <span class='ocrx_word' id='word_1_29' title='bbox 1773 504 2128 575; x_wconf 70' lang='lat' dir='ltr'><strong>praedonibus</strong></span> 
     </span>
    </p>
   </div>
   <div class='ocr_carea' id='block_1_5' title="bbox 530 593 3240 699">
    <p class='ocr_par' dir='ltr' id='par_1_5' title="bbox 530 593 3240 699">
     <span class='ocr_line' id='line_1_5' title="bbox 530 593 3240 699; baseline 0.002 -49"><span class='ocrx_word' id='word_1_30' title='bbox 530 596 638 651; x_wconf 91' lang='lat' dir='ltr'><strong>tuis</strong></span> <span class='ocrx_word' id='word_1_31' title='bbox 668 596 870 667; x_wconf 86' lang='lat' dir='ltr'><strong>injuste</strong></span> <span class='ocrx_word' id='word_1_32' title='bbox 898 593 1184 649; x_wconf 83' lang='lat' dir='ltr'><strong>devastari.</strong></span> <span class='ocrx_word' id='word_1_33' title='bbox 1222 594 1444 651; x_wconf 82' lang='lat' dir='ltr'><strong>Addunt</strong></span> <span class='ocrx_word' id='word_1_34' title='bbox 1470 596 1690 669; x_wconf 82' lang='lat' dir='ltr'><strong>insuper</strong></span> <span class='ocrx_word' id='word_1_35' title='bbox 1715 613 1775 659; x_wconf 84' lang='lat' dir='ltr'><strong>se</strong></span> <span class='ocrx_word' id='word_1_36' title='bbox 1804 615 1870 653; x_wconf 82' lang='lat' dir='ltr'><strong>ex</strong></span> <span class='ocrx_word' id='word_1_37' title='bbox 1903 600 2128 672; x_wconf 86' lang='lat' dir='ltr'><strong>antiqua</strong></span> <span class='ocrx_word' id='word_1_38' title='bbox 2833 634 3015 699; x_wconf 62' lang='lat' dir='ltr'><strong>(Auno</strong></span> <span class='ocrx_word' id='word_1_39' title='bbox 3058 637 3240 699; x_wconf 43' lang='lat'><strong>1074.)</strong></span> 
     </span>
    </p>
   </div>
   <div class='ocr_carea' id='block_1_6' title="bbox 529 688 3806 790">
    <p class='ocr_par' dir='ltr' id='par_1_6' title="bbox 529 688 3806 790">
     <span class='ocr_line' id='line_1_6' title="bbox 529 688 3806 790; baseline 0.005 -46"><span class='ocrx_word' id='word_1_40' title='bbox 529 688 929 744; x_wconf 81' lang='lat' dir='ltr'><strong>consuetudine</strong></span> <span class='ocrx_word' id='word_1_41' title='bbox 964 705 1091 744; x_wconf 91' lang='lat' dir='ltr'><strong>cum</strong></span> <span class='ocrx_word' id='word_1_42' title='bbox 1118 690 1325 747; x_wconf 90' lang='lat' dir='ltr'><strong>sanctis</strong></span> <span class='ocrx_word' id='word_1_43' title='bbox 1354 691 1593 762; x_wconf 90' lang='lat' dir='ltr'><strong>reliquiis</strong></span> <span class='ocrx_word' id='word_1_44' title='bbox 1623 701 1678 748; x_wconf 91' lang='lat' dir='ltr'><strong>et</strong></span> <span class='ocrx_word' id='word_1_45' title='bbox 1705 692 1857 765; x_wconf 86' lang='lat' dir='ltr'><strong>plebe</strong></span> <span class='ocrx_word' id='word_1_46' title='bbox 1876 710 1985 777; x_wconf 79' lang='lat' dir='ltr'><strong>sua</strong></span> <span class='ocrx_word' id='word_1_47' title='bbox 2013 712 2127 751; x_wconf 88' lang='lat' dir='ltr'><strong>ma-</strong></span> <span class='ocrx_word' id='word_1_48' title='bbox 2234 737 2413 790; x_wconf 64' lang='lat' dir='ltr'><strong>Monet</strong></span> <span class='ocrx_word' id='word_1_49' title='bbox 2442 737 2503 787; x_wconf 60' lang='lat' dir='ltr'><strong>ut</strong></span> <span class='ocrx_word' id='word_1_50' title='bbox 2538 711 2742 788; x_wconf 46' lang='lat' dir='ltr'><em>damna</em></span> <span class='ocrx_word' id='word_1_51' title='bbox 2769 688 3073 790; x_wconf 50' lang='grc' dir='ltr'><strong>Βθὶυαωηεί</strong></span> <span class='ocrx_word' id='word_1_52' title='bbox 3107 688 3330 790; x_wconf 49' lang='grc' dir='ltr'><strong>ποιέείω</strong></span> <span class='ocrx_word' id='word_1_53' title='bbox 3355 736 3514 789; x_wconf 56' lang='lat' dir='ltr'><em>illam</em></span> <span class='ocrx_word' id='word_1_54' title='bbox 3538 736 3806 790; x_wconf 58' lang='lat' dir='ltr'><strong>resarciat</strong></span> 
     </span>
    </p>
   </div>
   <div class='ocr_carea' id='block_1_7' title="bbox 528 774 3826 874">
    <p class='ocr_par' dir='ltr' id='par_1_7' title="bbox 528 774 3826 874">
     <span class='ocr_line' id='line_1_7' title="bbox 528 774 3826 874; baseline 0.003 -40"><span class='ocrx_word' id='word_1_55' title='bbox 528 782 722 836; x_wconf 88' lang='lat' dir='ltr'><strong>tricem</strong></span> <span class='ocrx_word' id='word_1_56' title='bbox 763 780 1046 837; x_wconf 87' lang='lat' dir='ltr'><strong>ecclesiam</strong></span> <span class='ocrx_word' id='word_1_57' title='bbox 1075 780 1133 836; x_wconf 90' lang='lat' dir='ltr'><strong>in</strong></span> <span class='ocrx_word' id='word_1_58' title='bbox 1161 784 1534 855; x_wconf 74' lang='lat' dir='ltr'><strong>rogationibus</strong></span> <span class='ocrx_word' id='word_1_59' title='bbox 1563 785 1785 854; x_wconf 83' lang='lat' dir='ltr'><strong>adiisse,</strong></span> <span class='ocrx_word' id='word_1_60' title='bbox 1830 774 1884 842; x_wconf 84' lang='lat' dir='ltr'><strong>et</strong></span> <span class='ocrx_word' id='word_1_61' title='bbox 1910 804 1942 843; x_wconf 90' lang='lat' dir='ltr'><strong>a</strong></span> <span class='ocrx_word' id='word_1_62' title='bbox 1964 804 2125 843; x_wconf 84' lang='lat' dir='ltr'><strong>cano-</strong></span> <span class='ocrx_word' id='word_1_63' title='bbox 2534 774 3826 874; x_wconf 46' lang='lat' dir='ltr'><strong>&quot;gﬁfggﬁgdgﬁﬁi</strong></span> 
     </span>
    </p>
   </div>
   <div class='ocr_carea' id='block_1_8' title="bbox 528 874 2884 952">
    <p class='ocr_par' dir='ltr' id='par_1_8' title="bbox 528 874 2884 952">
     <span class='ocr_line' id='line_1_8' title="bbox 528 874 2884 952; baseline 0.006 -25"><span class='ocrx_word' id='word_1_64' title='bbox 528 874 665 927; x_wconf 92' lang='lat' dir='ltr'><strong>nicis</strong></span> <span class='ocrx_word' id='word_1_65' title='bbox 690 874 796 929; x_wconf 86' lang='lat' dir='ltr'><strong>tuis</strong></span> <span class='ocrx_word' id='word_1_66' title='bbox 816 875 887 933; x_wconf 89' lang='lat' dir='ltr'><strong>ad</strong></span> <span class='ocrx_word' id='word_1_67' title='bbox 912 877 1305 933; x_wconf 87' lang='lat' dir='ltr'><strong>contumeliam</strong></span> <span class='ocrx_word' id='word_1_68' title='bbox 1324 878 1428 934; x_wconf 89' lang='lat' dir='ltr'><strong>sibi</strong></span> <span class='ocrx_word' id='word_1_69' title='bbox 1443 878 1656 934; x_wconf 86' lang='lat' dir='ltr'><strong>clausas</strong></span> <span class='ocrx_word' id='word_1_70' title='bbox 1679 889 1862 952; x_wconf 89' lang='lat' dir='ltr'><strong>portas</strong></span> <span class='ocrx_word' id='word_1_71' title='bbox 1886 883 2129 940; x_wconf 74' lang='lat' dir='ltr'><strong>ecclesiae</strong></span> <span class='ocrx_word' id='word_1_72' title='bbox 2299 877 2609 947; x_wconf 69' lang='grc' dir='ltr'><strong>ΡΙίβοαηάίε</strong></span> <span class='ocrx_word' id='word_1_73' title='bbox 2630 877 2884 932; x_wconf 51' lang='lat'><strong>6661885“-</strong></span> 
     </span>
    </p>
   </div>
   <div class='ocr_carea' id='block_1_9' title="bbox 528 970 3826 1059">
    <p class='ocr_par' dir='ltr' id='par_1_9' title="bbox 528 970 3826 1059">
     <span class='ocr_line' id='line_1_9' title="bbox 528 970 3826 1059; baseline 0.008 -37"><span class='ocrx_word' id='word_1_74' title='bbox 528 978 581 1024; x_wconf 90' lang='lat' dir='ltr'><strong>et</strong></span> <span class='ocrx_word' id='word_1_75' title='bbox 611 970 903 1027; x_wconf 81' lang='lat' dir='ltr'><strong>introitum</strong></span> <span class='ocrx_word' id='word_1_76' title='bbox 948 981 1209 1041; x_wconf 83' lang='lat' dir='ltr'><strong>negatum</strong></span> <span class='ocrx_word' id='word_1_77' title='bbox 1240 972 1427 1030; x_wconf 88' lang='lat' dir='ltr'><strong>fuisse.</strong></span> <span class='ocrx_word' id='word_1_78' title='bbox 1460 977 1597 1047; x_wconf 67' lang='lat' dir='ltr'><strong>Quae</strong></span> <span class='ocrx_word' id='word_1_79' title='bbox 1636 977 1679 1031; x_wconf 93' lang='lat' dir='ltr'><strong>si</strong></span> <span class='ocrx_word' id='word_1_80' title='bbox 1711 977 1787 1033; x_wconf 89' lang='lat' dir='ltr'><strong>ita</strong></span> <span class='ocrx_word' id='word_1_81' title='bbox 1803 975 1949 1034; x_wconf 87' lang='lat' dir='ltr'><strong>facta</strong></span> <span class='ocrx_word' id='word_1_82' title='bbox 1976 988 2126 1045; x_wconf 91' lang='lat' dir='ltr'><strong>sunt,</strong></span> <span class='ocrx_word' id='word_1_83' title='bbox 2308 988 2669 1044; x_wconf 69' lang='lat' dir='ltr'><strong>Ganeonws</strong></span> <span class='ocrx_word' id='word_1_84' title='bbox 2731 991 3041 1059; x_wconf 89' lang='lat' dir='ltr'><strong>episcopus,</strong></span> <span class='ocrx_word' id='word_1_85' title='bbox 3105 1003 3291 1044; x_wconf 87' lang='lat' dir='ltr'><strong>servus</strong></span> <span class='ocrx_word' id='word_1_86' title='bbox 3357 1002 3642 1044; x_wconf 85' lang='lat' dir='ltr'><strong>servorum</strong></span> <span class='ocrx_word' id='word_1_87' title='bbox 3701 986 3826 1043; x_wconf 82' lang='lat' dir='ltr'><strong>Dei.</strong></span> 
     </span>
    </p>
   </div>
   <div class='ocr_carea' id='block_1_10' title="bbox 527 1065 3828 1153">
    <p class='ocr_par' dir='ltr' id='par_1_10' title="bbox 527 1065 3828 1153">
     <span class='ocr_line' id='line_1_10' title="bbox 527 1065 3828 1153; baseline 0.006 -36"><span class='ocrx_word' id='word_1_88' title='bbox 527 1065 825 1135; x_wconf 89' lang='lat' dir='ltr'><strong>apostolica</strong></span> <span class='ocrx_word' id='word_1_89' title='bbox 852 1066 1182 1123; x_wconf 84' lang='lat' dir='ltr'><strong>auctoritate</strong></span> <span class='ocrx_word' id='word_1_90' title='bbox 1207 1067 1304 1122; x_wconf 89' lang='lat' dir='ltr'><strong>tibi</strong></span> <span class='ocrx_word' id='word_1_91' title='bbox 1345 1070 1689 1141; x_wconf 70' lang='lat' dir='ltr'><strong>pmcipimus</strong></span> <span class='ocrx_word' id='word_1_92' title='bbox 1733 1079 1793 1126; x_wconf 90' lang='lat' dir='ltr'><strong>ut</strong></span> <span class='ocrx_word' id='word_1_93' title='bbox 1833 1080 1888 1128; x_wconf 90' lang='lat' dir='ltr'><strong>te</strong></span> <span class='ocrx_word' id='word_1_94' title='bbox 1930 1088 2128 1143; x_wconf 77' lang='lat' dir='ltr'><strong>reprze-</strong></span> <span class='ocrx_word' id='word_1_95' title='bbox 2236 1084 2526 1137; x_wconf 74' lang='lat' dir='ltr'><strong>PHILIPPO</strong></span> <span class='ocrx_word' id='word_1_96' title='bbox 2570 1081 2682 1153; x_wconf 90' lang='lat' dir='ltr'><strong>regi</strong></span> <span class='ocrx_word' id='word_1_97' title='bbox 2710 1082 3049 1137; x_wconf 85' lang='lat' dir='ltr'><strong>Francorum</strong></span> <span class='ocrx_word' id='word_1_98' title='bbox 3093 1082 3327 1138; x_wconf 87' lang='lat' dir='ltr'><strong>salutem</strong></span> <span class='ocrx_word' id='word_1_99' title='bbox 3369 1089 3424 1138; x_wconf 89' lang='lat' dir='ltr'><strong>et</strong></span> <span class='ocrx_word' id='word_1_100' title='bbox 3470 1080 3828 1152; x_wconf 87' lang='lat' dir='ltr'><strong>apostolicam</strong></span> 
     </span>
    </p>
   </div>
   <div class='ocr_carea' id='block_1_11' title="bbox 528 1158 2686 1234">
    <p class='ocr_par' dir='ltr' id='par_1_11' title="bbox 528 1158 2686 1234">
     <span class='ocr_line' id='line_1_11' title="bbox 528 1158 2686 1234; baseline 0.011 -24"><span class='ocrx_word' id='word_1_101' title='bbox 528 1165 712 1225; x_wconf 78' lang='lat' dir='ltr'><strong>sentes</strong></span> <span class='ocrx_word' id='word_1_102' title='bbox 768 1158 826 1213; x_wconf 91' lang='lat' dir='ltr'><strong>in</strong></span> <span class='ocrx_word' id='word_1_103' title='bbox 867 1159 1100 1215; x_wconf 90' lang='lat' dir='ltr'><strong>concilio</strong></span> <span class='ocrx_word' id='word_1_104' title='bbox 1145 1162 1525 1233; x_wconf 88' lang='lat' dir='ltr'><strong>episcoporum</strong></span> <span class='ocrx_word' id='word_1_105' title='bbox 1584 1165 1884 1234; x_wconf 63' lang='lat' dir='ltr'><strong>provincia:</strong></span> <span class='ocrx_word' id='word_1_106' title='bbox 1935 1175 2129 1223; x_wconf 69' lang='lat' dir='ltr'><strong>vestra:</strong></span> <span class='ocrx_word' id='word_1_107' title='bbox 2236 1174 2686 1230; x_wconf 86' lang='lat' dir='ltr'><strong>benedictionem.</strong></span> 
     </span>
    </p>
   </div>
   <div class='ocr_carea' id='block_1_12' title="bbox 533 1252 3833 1342">
    <p class='ocr_par' dir='ltr' id='par_1_12' title="bbox 533 1252 3833 1342">
     <span class='ocr_line' id='line_1_12' title="bbox 533 1252 3833 1342; baseline 0.005 -35"><span class='ocrx_word' id='word_1_108' title='bbox 533 1252 951 1324; x_wconf 85' lang='lat' dir='ltr'><strong>metropolitano</strong></span> <span class='ocrx_word' id='word_1_109' title='bbox 992 1263 1115 1323; x_wconf 90' lang='lat' dir='ltr'><strong>tuo,</strong></span> <span class='ocrx_word' id='word_1_110' title='bbox 1161 1265 1247 1323; x_wconf 89' lang='lat' dir='ltr'><strong>et,</strong></span> <span class='ocrx_word' id='word_1_111' title='bbox 1299 1256 1513 1313; x_wconf 88' lang='lat' dir='ltr'><strong>reddita</strong></span> <span class='ocrx_word' id='word_1_112' title='bbox 1541 1273 1708 1329; x_wconf 89' lang='lat' dir='ltr'><strong>super</strong></span> <span class='ocrx_word' id='word_1_113' title='bbox 1746 1259 1835 1315; x_wconf 91' lang='lat' dir='ltr'><strong>his</strong></span> <span class='ocrx_word' id='word_1_114' title='bbox 1875 1261 2131 1317; x_wconf 85' lang='lat' dir='ltr'><strong>omnibus</strong></span> <span class='ocrx_word' id='word_1_115' title='bbox 2307 1268 2632 1341; x_wconf 84' lang='lat' dir='ltr'><strong>Signiﬁcasti</strong></span> <span class='ocrx_word' id='word_1_116' title='bbox 2666 1269 2823 1325; x_wconf 90' lang='lat' dir='ltr'><strong>nobis</strong></span> <span class='ocrx_word' id='word_1_117' title='bbox 2864 1285 2962 1342; x_wconf 87' lang='lat' dir='ltr'><strong>per</strong></span> <span class='ocrx_word' id='word_1_118' title='bbox 2993 1270 3201 1326; x_wconf 88' lang='lat' dir='ltr'><strong>litteras</strong></span> <span class='ocrx_word' id='word_1_119' title='bbox 3237 1278 3296 1325; x_wconf 90' lang='lat' dir='ltr'><strong>et</strong></span> <span class='ocrx_word' id='word_1_120' title='bbox 3333 1270 3543 1341; x_wconf 84' lang='lat' dir='ltr'><strong>legatos</strong></span> <span class='ocrx_word' id='word_1_121' title='bbox 3579 1277 3731 1338; x_wconf 87' lang='lat' dir='ltr'><strong>tuos,</strong></span> <span class='ocrx_word' id='word_1_122' title='bbox 3778 1277 3833 1325; x_wconf 90' lang='lat' dir='ltr'><strong>te</strong></span> 
     </span>
    </p>
   </div>
   <div class='ocr_carea' id='block_1_13' title="bbox 530 1346 3835 1434">
    <p class='ocr_par' dir='ltr' id='par_1_13' title="bbox 530 1346 3835 1434">
     <span class='ocr_line' id='line_1_13' title="bbox 530 1346 3835 1434; baseline 0.003 -34"><span class='ocrx_word' id='word_1_123' title='bbox 530 1346 773 1417; x_wconf 87' lang='lat' dir='ltr'><strong>ratione,</strong></span> <span class='ocrx_word' id='word_1_124' title='bbox 826 1362 890 1403; x_wconf 91' lang='lat' dir='ltr'><strong>ac</strong></span> <span class='ocrx_word' id='word_1_125' title='bbox 935 1364 1069 1419; x_wconf 86' lang='lat' dir='ltr'><strong>pura</strong></span> <span class='ocrx_word' id='word_1_126' title='bbox 1117 1349 1338 1404; x_wconf 82' lang='lat' dir='ltr'><strong>veritate</strong></span> <span class='ocrx_word' id='word_1_127' title='bbox 1386 1349 1655 1420; x_wconf 87' lang='lat' dir='ltr'><strong>discussa,</strong></span> <span class='ocrx_word' id='word_1_128' title='bbox 1691 1351 1959 1423; x_wconf 88' lang='lat' dir='ltr'><strong>justitiam</strong></span> <span class='ocrx_word' id='word_1_129' title='bbox 2004 1353 2131 1409; x_wconf 86' lang='lat' dir='ltr'><strong>inde</strong></span> <span class='ocrx_word' id='word_1_130' title='bbox 2235 1363 2395 1418; x_wconf 67' lang='lat' dir='ltr'><strong>beato</strong></span> <span class='ocrx_word' id='word_1_131' title='bbox 2422 1364 2581 1418; x_wconf 68' lang='lat' dir='ltr'><strong>porro</strong></span> <span class='ocrx_word' id='word_1_132' title='bbox 2600 1363 2977 1434; x_wconf 66' lang='lat' dir='ltr'><strong>apostolorum</strong></span> <span class='ocrx_word' id='word_1_133' title='bbox 3007 1362 3239 1434; x_wconf 66' lang='lat' dir='ltr'><strong>principi</strong></span> <span class='ocrx_word' id='word_1_134' title='bbox 3269 1362 3464 1418; x_wconf 74' lang='lat' dir='ltr'><strong>devote</strong></span> <span class='ocrx_word' id='word_1_135' title='bbox 3493 1378 3556 1417; x_wconf 79' lang='lat' dir='ltr'><strong>ac</strong></span> <span class='ocrx_word' id='word_1_136' title='bbox 3574 1361 3835 1418; x_wconf 71' lang='lat' dir='ltr'><strong>decenter</strong></span> 
     </span>
    </p>
   </div>
   <div class='ocr_carea' id='block_1_14' title="bbox 530 1443 3834 1528">
    <p class='ocr_par' dir='ltr' id='par_1_14' title="bbox 530 1443 3834 1528">
     <span class='ocr_line' id='line_1_14' title="bbox 530 1443 3834 1528; baseline 0.006 -37"><span class='ocrx_word' id='word_1_137' title='bbox 530 1451 929 1512; x_wconf 83' lang='lat' dir='ltr'><strong>consequenter</strong></span> <span class='ocrx_word' id='word_1_138' title='bbox 961 1443 1213 1499; x_wconf 84' lang='lat' dir='ltr'><strong>exhibere</strong></span> <span class='ocrx_word' id='word_1_139' title='bbox 1239 1461 1348 1500; x_wconf 90' lang='lat' dir='ltr'><strong>non</strong></span> <span class='ocrx_word' id='word_1_140' title='bbox 1389 1449 1798 1517; x_wconf 70' lang='lat' dir='ltr'><strong>praetermittas.</strong></span> <span class='ocrx_word' id='word_1_141' title='bbox 1827 1452 2053 1517; x_wconf 90' lang='lat' dir='ltr'><strong>Verum,</strong></span> <span class='ocrx_word' id='word_1_142' title='bbox 2084 1449 2127 1504; x_wconf 92' lang='lat' dir='ltr'><strong>si</strong></span> <span class='ocrx_word' id='word_1_143' title='bbox 2237 1456 2368 1511; x_wconf 81' lang='lat' dir='ltr'><strong>velle</strong></span> <span class='ocrx_word' id='word_1_144' title='bbox 2397 1455 2648 1525; x_wconf 88' lang='lat' dir='ltr'><strong>obedire,</strong></span> <span class='ocrx_word' id='word_1_145' title='bbox 2703 1465 2758 1512; x_wconf 90' lang='lat' dir='ltr'><strong>et</strong></span> <span class='ocrx_word' id='word_1_146' title='bbox 2788 1466 2974 1512; x_wconf 89' lang='lat' dir='ltr'><strong>nostra</strong></span> <span class='ocrx_word' id='word_1_147' title='bbox 3004 1458 3064 1512; x_wconf 92' lang='lat' dir='ltr'><strong>in</strong></span> <span class='ocrx_word' id='word_1_148' title='bbox 3107 1455 3191 1511; x_wconf 93' lang='lat' dir='ltr'><strong>his</strong></span> <span class='ocrx_word' id='word_1_149' title='bbox 3234 1472 3362 1528; x_wconf 87' lang='lat' dir='ltr'><strong>quae</strong></span> <span class='ocrx_word' id='word_1_150' title='bbox 3395 1455 3465 1512; x_wconf 87' lang='lat' dir='ltr'><strong>ad</strong></span> <span class='ocrx_word' id='word_1_151' title='bbox 3510 1455 3834 1512; x_wconf 90' lang='lat' dir='ltr'><strong>ecclesiasti-</strong></span> 
     </span>
    </p>
   </div>
   <div class='ocr_carea' id='block_1_15' title="bbox 533 1532 3836 1622">
    <p class='ocr_par' dir='ltr' id='par_1_15' title="bbox 533 1532 3836 1622">
     <span class='ocr_line' id='line_1_15' title="bbox 533 1532 3836 1622; baseline 0.005 -34"><span class='ocrx_word' id='word_1_152' title='bbox 533 1532 653 1590; x_wconf 71' lang='lat' dir='ltr'><strong>haec</strong></span> <span class='ocrx_word' id='word_1_153' title='bbox 681 1535 861 1606; x_wconf 89' lang='lat' dir='ltr'><strong>aliqua</strong></span> <span class='ocrx_word' id='word_1_154' title='bbox 890 1538 1179 1593; x_wconf 85' lang='lat' dir='ltr'><strong>occasione</strong></span> <span class='ocrx_word' id='word_1_155' title='bbox 1216 1539 1491 1613; x_wconf 86' lang='lat' dir='ltr'><strong>renueris,</strong></span> <span class='ocrx_word' id='word_1_156' title='bbox 1517 1550 1612 1595; x_wconf 90' lang='lat' dir='ltr'><strong>aut</strong></span> <span class='ocrx_word' id='word_1_157' title='bbox 1649 1550 1701 1596; x_wconf 86' lang='lat' dir='ltr'><strong>te</strong></span> <span class='ocrx_word' id='word_1_158' title='bbox 1740 1541 1939 1613; x_wconf 84' lang='lat' dir='ltr'><strong>injuste</strong></span> <span class='ocrx_word' id='word_1_159' title='bbox 1985 1557 2125 1613; x_wconf 66' lang='lat' dir='ltr'><strong>praa-</strong></span> <span class='ocrx_word' id='word_1_160' title='bbox 2237 1564 2383 1603; x_wconf 57' lang='lat' dir='ltr'><strong>cam.</strong></span> <span class='ocrx_word' id='word_1_161' title='bbox 2425 1549 2747 1621; x_wconf 83' lang='lat' dir='ltr'><strong>religionem</strong></span> <span class='ocrx_word' id='word_1_162' title='bbox 2823 1550 3095 1622; x_wconf 87' lang='lat' dir='ltr'><strong>pertinent</strong></span> <span class='ocrx_word' id='word_1_163' title='bbox 3170 1549 3376 1605; x_wconf 89' lang='lat' dir='ltr'><strong>monita</strong></span> <span class='ocrx_word' id='word_1_164' title='bbox 3459 1548 3836 1606; x_wconf 86' lang='lat' dir='ltr'><strong>desideranter</strong></span> 
     </span>
    </p>
   </div>
   <div class='ocr_carea' id='block_1_16' title="bbox 442 1630 3836 1715">
    <p class='ocr_par' dir='ltr' id='par_1_16' title="bbox 442 1630 3836 1715">
     <span class='ocr_line' id='line_1_16' title="bbox 442 1630 3836 1715; baseline 0.004 -33"><span class='ocrx_word' id='word_1_165' title='bbox 442 1638 447 1643; x_wconf 80' lang='lat'><strong><em>‘</em></strong></span> <span class='ocrx_word' id='word_1_166' title='bbox 532 1630 744 1703; x_wconf 85' lang='lat' dir='ltr'><strong>gravari</strong></span> <span class='ocrx_word' id='word_1_167' title='bbox 765 1632 1112 1702; x_wconf 83' lang='lat' dir='ltr'><strong>cognoveris,</strong></span> <span class='ocrx_word' id='word_1_168' title='bbox 1133 1633 1187 1688; x_wconf 91' lang='lat' dir='ltr'><strong>in</strong></span> <span class='ocrx_word' id='word_1_169' title='bbox 1218 1633 1507 1690; x_wconf 85' lang='lat' dir='ltr'><strong>festivitate</strong></span> <span class='ocrx_word' id='word_1_170' title='bbox 1530 1637 1784 1692; x_wconf 90' lang='lat' dir='ltr'><strong>omnium</strong></span> <span class='ocrx_word' id='word_1_171' title='bbox 1813 1645 2130 1693; x_wconf 90' lang='lat' dir='ltr'><strong>sanctorum</strong></span> <span class='ocrx_word' id='word_1_172' title='bbox 2238 1642 2426 1698; x_wconf 88' lang='lat' dir='ltr'><strong>audire</strong></span> <span class='ocrx_word' id='word_1_173' title='bbox 2456 1651 2621 1715; x_wconf 90' lang='lat' dir='ltr'><strong>atque</strong></span> <span class='ocrx_word' id='word_1_174' title='bbox 2647 1643 2925 1715; x_wconf 88' lang='lat' dir='ltr'><strong>perﬁcere.</strong></span> <span class='ocrx_word' id='word_1_175' title='bbox 2958 1646 3119 1715; x_wconf 88' lang='lat' dir='ltr'><strong>Quod</strong></span> <span class='ocrx_word' id='word_1_176' title='bbox 3156 1643 3200 1699; x_wconf 92' lang='lat' dir='ltr'><strong>si</strong></span> <span class='ocrx_word' id='word_1_177' title='bbox 3238 1643 3310 1700; x_wconf 90' lang='lat' dir='ltr'><strong>ita</strong></span> <span class='ocrx_word' id='word_1_178' title='bbox 3338 1641 3490 1699; x_wconf 91' lang='lat' dir='ltr'><strong>cordi</strong></span> <span class='ocrx_word' id='word_1_179' title='bbox 3521 1651 3617 1698; x_wconf 92' lang='lat' dir='ltr'><strong>tuo</strong></span> <span class='ocrx_word' id='word_1_180' title='bbox 3646 1642 3836 1698; x_wconf 88' lang='lat' dir='ltr'><strong>divino</strong></span> 
     </span>
    </p>
   </div>
   <div class='ocr_carea' id='block_1_17' title="bbox 532 1724 3834 1810">
    <p class='ocr_par' dir='ltr' id='par_1_17' title="bbox 532 1724 3834 1810">
     <span class='ocr_line' id='line_1_17' title="bbox 532 1724 3834 1810; baseline 0.004 -33"><span class='ocrx_word' id='word_1_181' title='bbox 532 1737 659 1779; x_wconf 89' lang='lat' dir='ltr'><strong>cum</strong></span> <span class='ocrx_word' id='word_1_182' title='bbox 690 1724 897 1796; x_wconf 88' lang='lat' dir='ltr'><strong>aliquot</strong></span> <span class='ocrx_word' id='word_1_183' title='bbox 928 1727 1147 1783; x_wconf 87' lang='lat' dir='ltr'><strong>clericis</strong></span> <span class='ocrx_word' id='word_1_184' title='bbox 1171 1728 1345 1784; x_wconf 87' lang='lat' dir='ltr'><strong>sancti</strong></span> <span class='ocrx_word' id='word_1_185' title='bbox 1381 1730 1575 1785; x_wconf 85' lang='lat' dir='ltr'><strong>Hilarii</strong></span> <span class='ocrx_word' id='word_1_186' title='bbox 1603 1731 1672 1786; x_wconf 89' lang='lat' dir='ltr'><strong>ad</strong></span> <span class='ocrx_word' id='word_1_187' title='bbox 1697 1747 1803 1787; x_wconf 90' lang='lat' dir='ltr'><strong>nos</strong></span> <span class='ocrx_word' id='word_1_188' title='bbox 1834 1732 2035 1799; x_wconf 89' lang='lat' dir='ltr'><strong>venias,</strong></span> <span class='ocrx_word' id='word_1_189' title='bbox 2069 1740 2132 1788; x_wconf 92' lang='lat' dir='ltr'><strong>ut</strong></span> <span class='ocrx_word' id='word_1_190' title='bbox 2164 1786 2209 1810; x_wconf 60' lang='grc' dir='ltr'>η</span> <span class='ocrx_word' id='word_1_191' title='bbox 2238 1736 2496 1792; x_wconf 87' lang='lat' dir='ltr'><strong>instinctu</strong></span> <span class='ocrx_word' id='word_1_192' title='bbox 2519 1734 2749 1793; x_wconf 83' lang='lat' dir='ltr'><strong>afﬁxum</strong></span> <span class='ocrx_word' id='word_1_193' title='bbox 2776 1747 2881 1805; x_wconf 88' lang='lat' dir='ltr'><strong>est,</strong></span> <span class='ocrx_word' id='word_1_194' title='bbox 2908 1739 3140 1793; x_wconf 90' lang='lat' dir='ltr'><strong>multum</strong></span> <span class='ocrx_word' id='word_1_195' title='bbox 3163 1737 3397 1810; x_wconf 90' lang='lat' dir='ltr'><strong>gaudere</strong></span> <span class='ocrx_word' id='word_1_196' title='bbox 3427 1752 3531 1793; x_wconf 93' lang='lat' dir='ltr'><strong>nos</strong></span> <span class='ocrx_word' id='word_1_197' title='bbox 3553 1736 3834 1805; x_wconf 86' lang='lat' dir='ltr'><strong>convenit,</strong></span> 
     </span>
    </p>
   </div>
   <div class='ocr_carea' id='block_1_18' title="bbox 534 1786 3835 1902">
    <p class='ocr_par' dir='ltr' id='par_1_18' title="bbox 534 1786 3835 1902">
     <span class='ocr_line' id='line_1_18' title="bbox 776 1786 3834 1810; baseline -0.002 -1"><span class='ocrx_word' id='word_1_198' title='bbox 776 1786 793 1796; x_wconf 82' lang='grc'><strong><em>⁵</em></strong></span> <span class='ocrx_word' id='word_1_199' title='bbox 1720 1786 1733 1787; x_wconf 37' lang='grc' dir='ltr'>ί</span> <span class='ocrx_word' id='word_1_200' title='bbox 1752 1786 1759 1787; x_wconf 60' lang='lat'><strong><em>&#39;</em></strong></span> <span class='ocrx_word' id='word_1_201' title='bbox 1780 1786 1797 1787; x_wconf 36' lang='grc' dir='ltr'><strong><em>τ</em></strong></span> <span class='ocrx_word' id='word_1_202' title='bbox 1878 1786 1907 1787; x_wconf 38' lang='grc' dir='ltr'>Π</span> <span class='ocrx_word' id='word_1_203' title='bbox 1942 1786 1973 1788; x_wconf 67' lang='lat'>&quot;</span> <span class='ocrx_word' id='word_1_204' title='bbox 1996 1786 2007 1787; x_wconf 37' lang='grc' dir='ltr'>ί</span> <span class='ocrx_word' id='word_1_205' title='bbox 2025 1786 2034 1799; x_wconf 81' lang='grc'><strong><em>¹</em></strong></span> <span class='ocrx_word' id='word_1_206' title='bbox 2118 1786 2127 1788; x_wconf 69' lang='grc'><strong>⁷</strong></span> <span class='ocrx_word' id='word_1_207' title='bbox 2241 1786 2496 1792; x_wconf 70' lang='lat'><strong>&quot;&quot;&quot;—&quot;“</strong></span> <span class='ocrx_word' id='word_1_208' title='bbox 2521 1786 2749 1793; x_wconf 71' lang='grc'><strong>’““-”“’“*“·</strong></span> <span class='ocrx_word' id='word_1_209' title='bbox 2781 1786 2881 1805; x_wconf 74' lang='lat'><strong>&quot;&#39;1</strong></span> <span class='ocrx_word' id='word_1_210' title='bbox 2910 1786 3140 1793; x_wconf 77' lang='lat'><strong>&#39;—&quot;&#39;&quot;&quot;&quot;</strong></span> <span class='ocrx_word' id='word_1_211' title='bbox 3163 1786 3395 1810; x_wconf 61' lang='grc' dir='ltr'><strong>δ”-*ν’*</strong></span> <span class='ocrx_word' id='word_1_212' title='bbox 3427 1786 3529 1793; x_wconf 81' lang='lat'><strong>&#39;—&quot;&#39;</strong></span> <span class='ocrx_word' id='word_1_213' title='bbox 3558 1786 3683 1792; x_wconf 72' lang='lat'><strong>&quot;—&quot;</strong></span> <span class='ocrx_word' id='word_1_214' title='bbox 3701 1786 3834 1805; x_wconf 72' lang='lat'><strong>&#39;—&quot;1</strong></span> 
     </span>
     <span class='ocr_line' id='line_1_19' title="bbox 534 1786 3835 1902; baseline 0.004 -31"><span class='ocrx_word' id='word_1_215' title='bbox 534 1816 588 1872; x_wconf 88' lang='lat' dir='ltr'><strong>in</strong></span> <span class='ocrx_word' id='word_1_216' title='bbox 632 1820 922 1890; x_wconf 63' lang='lat' dir='ltr'><strong>praesentia</strong></span> <span class='ocrx_word' id='word_1_217' title='bbox 963 1830 1150 1877; x_wconf 90' lang='lat' dir='ltr'><strong>nostra</strong></span> <span class='ocrx_word' id='word_1_218' title='bbox 1195 1823 1562 1878; x_wconf 85' lang='lat' dir='ltr'><strong>controversia</strong></span> <span class='ocrx_word' id='word_1_219' title='bbox 1616 1834 1793 1880; x_wconf 89' lang='lat' dir='ltr'><strong>vestra</strong></span> <span class='ocrx_word' id='word_1_220' title='bbox 1848 1825 2135 1897; x_wconf 85' lang='lat' dir='ltr'><strong>diligenter</strong></span> <span class='ocrx_word' id='word_1_221' title='bbox 2164 1786 2212 1847; x_wconf 84' lang='lat' dir='ltr'><strong>B</strong></span> <span class='ocrx_word' id='word_1_222' title='bbox 2242 1830 2387 1901; x_wconf 89' lang='lat' dir='ltr'><strong>quod</strong></span> <span class='ocrx_word' id='word_1_223' title='bbox 2425 1831 2721 1887; x_wconf 91' lang='lat' dir='ltr'><strong>eminentia</strong></span> <span class='ocrx_word' id='word_1_224' title='bbox 2749 1839 2840 1886; x_wconf 90' lang='lat' dir='ltr'><strong>tua</strong></span> <span class='ocrx_word' id='word_1_225' title='bbox 2878 1831 2949 1887; x_wconf 90' lang='lat' dir='ltr'><strong>ad</strong></span> <span class='ocrx_word' id='word_1_226' title='bbox 2981 1831 3218 1887; x_wconf 89' lang='lat' dir='ltr'><strong>divinam</strong></span> <span class='ocrx_word' id='word_1_227' title='bbox 3258 1846 3425 1902; x_wconf 86' lang='lat' dir='ltr'><strong>prona</strong></span> <span class='ocrx_word' id='word_1_228' title='bbox 3455 1830 3835 1897; x_wconf 87' lang='lat' dir='ltr'><strong>reverentiam,</strong></span> 
     </span>
    </p>
   </div>
   <div class='ocr_carea' id='block_1_19' title="bbox 486 1913 3838 1997">
    <p class='ocr_par' dir='ltr' id='par_1_19' title="bbox 486 1913 3838 1997">
     <span class='ocr_line' id='line_1_20' title="bbox 486 1913 3838 1997; baseline 0.004 -30"><span class='ocrx_word' id='word_1_229' title='bbox 486 1990 491 1995; x_wconf 79' lang='lat'><strong>_</strong></span> <span class='ocrx_word' id='word_1_230' title='bbox 534 1913 833 1985; x_wconf 83' lang='lat' dir='ltr'><strong>perquisita</strong></span> <span class='ocrx_word' id='word_1_231' title='bbox 851 1915 1455 1989; x_wconf 89' lang='lat' dir='ltr'><strong>etcognitalegitimum</strong></span> <span class='ocrx_word' id='word_1_232' title='bbox 1472 1916 1795 1985; x_wconf 87' lang='lat' dir='ltr'><strong>linem,Deo</strong></span> <span class='ocrx_word' id='word_1_233' title='bbox 1813 1920 2129 1991; x_wconf 87' lang='lat' dir='ltr'><strong>adjuvante,</strong></span> <span class='ocrx_word' id='word_1_234' title='bbox 2242 1939 2367 1993; x_wconf 70' lang='lat' dir='ltr'><strong>qua:</strong></span> <span class='ocrx_word' id='word_1_235' title='bbox 2404 1924 2566 1995; x_wconf 70' lang='lat' dir='ltr'><strong>regiae</strong></span> <span class='ocrx_word' id='word_1_236' title='bbox 2607 1924 3092 1981; x_wconf 88' lang='lat' dir='ltr'><strong>administrationis</strong></span> <span class='ocrx_word' id='word_1_237' title='bbox 3128 1933 3258 1981; x_wconf 90' lang='lat' dir='ltr'><strong>sunt</strong></span> <span class='ocrx_word' id='word_1_238' title='bbox 3297 1924 3499 1997; x_wconf 86' lang='lat' dir='ltr'><strong>cogitat</strong></span> <span class='ocrx_word' id='word_1_239' title='bbox 3540 1932 3703 1994; x_wconf 90' lang='lat' dir='ltr'><strong>atque</strong></span> <span class='ocrx_word' id='word_1_240' title='bbox 3744 1940 3838 1979; x_wconf 85' lang='lat' dir='ltr'><strong>co-</strong></span> 
     </span>
    </p>
   </div>
   <div class='ocr_carea' id='block_1_20' title="bbox 533 2007 3839 2090">
    <p class='ocr_par' dir='ltr' id='par_1_20' title="bbox 533 2007 3839 2090">
     <span class='ocr_line' id='line_1_21' title="bbox 533 2007 3839 2090; baseline 0.004 -29"><span class='ocrx_word' id='word_1_241' title='bbox 533 2007 817 2078; x_wconf 83' lang='lat' dir='ltr'><strong>suscipiat;</strong></span> <span class='ocrx_word' id='word_1_242' title='bbox 847 2016 900 2063; x_wconf 90' lang='lat' dir='ltr'><strong>et</strong></span> <span class='ocrx_word' id='word_1_243' title='bbox 930 2016 1044 2064; x_wconf 88' lang='lat' dir='ltr'><strong>tam</strong></span> <span class='ocrx_word' id='word_1_244' title='bbox 1073 2010 1386 2067; x_wconf 91' lang='lat' dir='ltr'><strong>sollicitudo</strong></span> <span class='ocrx_word' id='word_1_245' title='bbox 1416 2019 1624 2079; x_wconf 89' lang='lat' dir='ltr'><strong>nostra,</strong></span> <span class='ocrx_word' id='word_1_246' title='bbox 1661 2028 1787 2084; x_wconf 63' lang='lat' dir='ltr'><strong>qua:</strong></span> <span class='ocrx_word' id='word_1_247' title='bbox 1826 2014 2010 2069; x_wconf 88' lang='lat' dir='ltr'><strong>multis</strong></span> <span class='ocrx_word' id='word_1_248' title='bbox 2046 2014 2130 2069; x_wconf 90' lang='lat' dir='ltr'><strong>in-</strong></span> <span class='ocrx_word' id='word_1_249' title='bbox 2242 2018 2470 2082; x_wconf 75' lang='lat' dir='ltr'><strong>gnoscit.</strong></span> <span class='ocrx_word' id='word_1_250' title='bbox 2503 2016 2666 2075; x_wconf 87' lang='lat' dir='ltr'><strong>Unde</strong></span> <span class='ocrx_word' id='word_1_251' title='bbox 2690 2019 3032 2075; x_wconf 85' lang='lat' dir='ltr'><strong>nobilitatem</strong></span> <span class='ocrx_word' id='word_1_252' title='bbox 3056 2027 3208 2074; x_wconf 91' lang='lat' dir='ltr'><strong>tuam</strong></span> <span class='ocrx_word' id='word_1_253' title='bbox 3234 2035 3294 2075; x_wconf 86' lang='lat' dir='ltr'><strong>ex</strong></span> <span class='ocrx_word' id='word_1_254' title='bbox 3329 2026 3480 2090; x_wconf 90' lang='lat' dir='ltr'><strong>parte</strong></span> <span class='ocrx_word' id='word_1_255' title='bbox 3508 2017 3648 2073; x_wconf 88' lang='lat' dir='ltr'><strong>beati</strong></span> <span class='ocrx_word' id='word_1_256' title='bbox 3689 2018 3839 2073; x_wconf 89' lang='lat' dir='ltr'><strong>Petri</strong></span> 
     </span>
    </p>
   </div>
   <div class='ocr_carea' id='block_1_21' title="bbox 535 2102 3841 2183">
    <p class='ocr_par' dir='ltr' id='par_1_21' title="bbox 535 2102 3841 2183">
     <span class='ocr_line' id='line_1_22' title="bbox 535 2102 3841 2183; baseline 0.004 -30"><span class='ocrx_word' id='word_1_257' title='bbox 535 2102 743 2174; x_wconf 84' lang='lat' dir='ltr'><strong>vigilat,</strong></span> <span class='ocrx_word' id='word_1_258' title='bbox 793 2117 960 2174; x_wconf 91' lang='lat' dir='ltr'><strong>quam</strong></span> <span class='ocrx_word' id='word_1_259' title='bbox 992 2112 1169 2159; x_wconf 89' lang='lat' dir='ltr'><strong>vestra</strong></span> <span class='ocrx_word' id='word_1_260' title='bbox 1213 2104 1277 2161; x_wconf 91' lang='lat' dir='ltr'><strong>lis</strong></span> <span class='ocrx_word' id='word_1_261' title='bbox 1317 2104 1577 2176; x_wconf 89' lang='lat' dir='ltr'><strong>deinceps</strong></span> <span class='ocrx_word' id='word_1_262' title='bbox 1620 2121 1787 2177; x_wconf 90' lang='lat' dir='ltr'><strong>super</strong></span> <span class='ocrx_word' id='word_1_263' title='bbox 1827 2106 1913 2162; x_wconf 92' lang='lat' dir='ltr'><strong>his</strong></span> <span class='ocrx_word' id='word_1_264' title='bbox 1955 2106 2133 2163; x_wconf 88' lang='lat' dir='ltr'><strong>causis</strong></span> <span class='ocrx_word' id='word_1_265' title='bbox 2241 2109 2634 2178; x_wconf 90' lang='lat' dir='ltr'><strong>admonemus,</strong></span> <span class='ocrx_word' id='word_1_266' title='bbox 2681 2120 2736 2167; x_wconf 90' lang='lat' dir='ltr'><strong>et</strong></span> <span class='ocrx_word' id='word_1_267' title='bbox 2778 2111 2930 2167; x_wconf 91' lang='lat' dir='ltr'><strong>omni</strong></span> <span class='ocrx_word' id='word_1_268' title='bbox 2983 2112 3260 2168; x_wconf 89' lang='lat' dir='ltr'><strong>charitatis</strong></span> <span class='ocrx_word' id='word_1_269' title='bbox 3311 2109 3512 2167; x_wconf 85' lang='lat' dir='ltr'><strong>affectu</strong></span> <span class='ocrx_word' id='word_1_270' title='bbox 3579 2126 3841 2183; x_wconf 89' lang='lat' dir='ltr'><strong>rogamus</strong></span> 
     </span>
    </p>
   </div>
   <div class='ocr_carea' id='block_1_22' title="bbox 2342 534 3716 597">
    <p class='ocr_par' dir='ltr' id='par_1_22' title="bbox 2342 534 3716 597">
     <span class='ocr_line' id='line_1_23' title="bbox 2342 534 3716 597; baseline 0.001 -13"><span class='ocrx_word' id='word_1_271' title='bbox 2342 544 2424 585; x_wconf 77' lang='lat' dir='ltr'><strong>AD</strong></span> <span class='ocrx_word' id='word_1_272' title='bbox 2456 543 2807 585; x_wconf 82' lang='lat' dir='ltr'><strong>PHILIPPUM</strong></span> <span class='ocrx_word' id='word_1_273' title='bbox 2836 545 2858 585; x_wconf 92' lang='lat' dir='ltr'><strong>I</strong></span> <span class='ocrx_word' id='word_1_274' title='bbox 2887 543 3099 587; x_wconf 65' lang='lat' dir='ltr'><strong>nscia!</strong></span> <span class='ocrx_word' id='word_1_275' title='bbox 3130 542 3507 587; x_wconf 60' lang='lat' dir='ltr'><strong>raucorum</strong></span> <span class='ocrx_word' id='word_1_276' title='bbox 3544 534 3716 597; x_wconf 85' lang='lat'><strong>(353).</strong></span> 
     </span>
    </p>
   </div>
   <div class='ocr_carea' id='block_1_23' title="bbox 532 2194 3840 2276">
    <p class='ocr_par' dir='ltr' id='par_1_23' title="bbox 532 2194 3840 2276">
     <span class='ocr_line' id='line_1_24' title="bbox 532 2194 3840 2276; baseline 0.002 -25"><span class='ocrx_word' id='word_1_277' title='bbox 532 2195 707 2266; x_wconf 83' lang='lat' dir='ltr'><strong>scpita</strong></span> <span class='ocrx_word' id='word_1_278' title='bbox 724 2194 987 2267; x_wconf 88' lang='lat' dir='ltr'><strong>quiescat.</strong></span> <span class='ocrx_word' id='word_1_279' title='bbox 2243 2212 2507 2274; x_wconf 84' lang='lat' dir='ltr'><strong>quatenus</strong></span> <span class='ocrx_word' id='word_1_280' title='bbox 2534 2207 2711 2260; x_wconf 89' lang='lat' dir='ltr'><strong>Deum</strong></span> <span class='ocrx_word' id='word_1_281' title='bbox 2747 2205 2845 2260; x_wconf 92' lang='lat' dir='ltr'><strong>tibi</strong></span> <span class='ocrx_word' id='word_1_282' title='bbox 2877 2206 3090 2276; x_wconf 89' lang='lat' dir='ltr'><strong>placare</strong></span> <span class='ocrx_word' id='word_1_283' title='bbox 3118 2205 3358 2273; x_wconf 87' lang='lat' dir='ltr'><strong>studeas,</strong></span> <span class='ocrx_word' id='word_1_284' title='bbox 3389 2213 3444 2261; x_wconf 93' lang='lat' dir='ltr'><strong>et</strong></span> <span class='ocrx_word' id='word_1_285' title='bbox 3474 2205 3614 2259; x_wconf 90' lang='lat' dir='ltr'><strong>inter</strong></span> <span class='ocrx_word' id='word_1_286' title='bbox 3642 2213 3840 2260; x_wconf 66' lang='lat' dir='ltr'><strong>caetera</strong></span> 
     </span>
    </p>
   </div>
   <div class='ocr_carea' id='block_1_24' title="bbox 606 2290 3841 2372">
    <p class='ocr_par' dir='ltr' id='par_1_24' title="bbox 606 2290 3841 2372">
     <span class='ocr_line' id='line_1_25' title="bbox 606 2290 3841 2372; baseline 0.002 -27"><span class='ocrx_word' id='word_1_287' title='bbox 606 2292 745 2345; x_wconf 89' lang='lat' dir='ltr'><strong>Data</strong></span> <span class='ocrx_word' id='word_1_288' title='bbox 775 2293 969 2347; x_wconf 68' lang='lat' dir='ltr'><strong>Romae</strong></span> <span class='ocrx_word' id='word_1_289' title='bbox 995 2290 1237 2347; x_wconf 90' lang='lat' dir='ltr'><strong>secundo</strong></span> <span class='ocrx_word' id='word_1_290' title='bbox 1267 2291 1401 2348; x_wconf 85' lang='lat' dir='ltr'><strong>ldus</strong></span> <span class='ocrx_word' id='word_1_291' title='bbox 1428 2293 1655 2364; x_wconf 87' lang='lat' dir='ltr'><strong>Aprilis,</strong></span> <span class='ocrx_word' id='word_1_292' title='bbox 1687 2294 1800 2350; x_wconf 92' lang='lat' dir='ltr'><strong>ind.</strong></span> <span class='ocrx_word' id='word_1_293' title='bbox 1836 2310 1956 2352; x_wconf 81' lang='lat' dir='ltr'><strong>XII.</strong></span> <span class='ocrx_word' id='word_1_294' title='bbox 2244 2313 2367 2369; x_wconf 76' lang='lat' dir='ltr'><strong>quae</strong></span> <span class='ocrx_word' id='word_1_295' title='bbox 2406 2307 2563 2354; x_wconf 91' lang='lat' dir='ltr'><strong>tuum</strong></span> <span class='ocrx_word' id='word_1_296' title='bbox 2614 2306 2697 2353; x_wconf 85' lang='lat' dir='ltr'><strong>est</strong></span> <span class='ocrx_word' id='word_1_297' title='bbox 2739 2299 3030 2372; x_wconf 86' lang='lat' dir='ltr'><strong>corrigere,</strong></span> <span class='ocrx_word' id='word_1_298' title='bbox 3086 2314 3179 2370; x_wconf 90' lang='lat' dir='ltr'><strong>per</strong></span> <span class='ocrx_word' id='word_1_299' title='bbox 3222 2306 3278 2355; x_wconf 89' lang='lat' dir='ltr'><strong>te</strong></span> <span class='ocrx_word' id='word_1_300' title='bbox 3322 2299 3471 2354; x_wconf 90' lang='lat' dir='ltr'><strong>illata</strong></span> <span class='ocrx_word' id='word_1_301' title='bbox 3522 2298 3841 2354; x_wconf 88' lang='lat' dir='ltr'><strong>Belvacensi</strong></span> 
     </span>
    </p>
   </div>
   <div class='ocr_carea' id='block_1_25' title="bbox 1001 2390 3846 2491">
    <p class='ocr_par' dir='ltr' id='par_1_25' title="bbox 1001 2390 3846 2491">
     <span class='ocr_line' id='line_1_26' title="bbox 1001 2390 3846 2491; baseline -0.016 0"><span class='ocrx_word' id='word_1_302' title='bbox 1001 2432 1360 2489; x_wconf 84' lang='lat' dir='ltr'><strong>EPISTOLA</strong></span> <span class='ocrx_word' id='word_1_303' title='bbox 1397 2434 1660 2491; x_wconf 81' lang='lat' dir='ltr'><strong>LXXIV.</strong></span> <span class='ocrx_word' id='word_1_304' title='bbox 2244 2391 2496 2447; x_wconf 69' lang='lat' dir='ltr'><strong>Ecclesiae</strong></span> <span class='ocrx_word' id='word_1_305' title='bbox 2540 2390 2872 2448; x_wconf 88' lang='lat' dir='ltr'><strong>detrimenta</strong></span> <span class='ocrx_word' id='word_1_306' title='bbox 2925 2408 3022 2464; x_wconf 91' lang='lat' dir='ltr'><strong>pro</strong></span> <span class='ocrx_word' id='word_1_307' title='bbox 3057 2391 3436 2465; x_wconf 87' lang='lat' dir='ltr'><strong>magnitudine</strong></span> <span class='ocrx_word' id='word_1_308' title='bbox 3478 2392 3557 2448; x_wconf 92' lang='lat' dir='ltr'><strong>tui</strong></span> <span class='ocrx_word' id='word_1_309' title='bbox 3594 2391 3846 2448; x_wconf 90' lang='lat' dir='ltr'><strong>nominis</strong></span> 
     </span>
    </p>
   </div>
   <div class='ocr_carea' id='block_1_26' title="bbox 2244 2484 3843 2559">
    <p class='ocr_par' dir='ltr' id='par_1_26' title="bbox 2244 2484 3843 2559">
     <span class='ocr_line' id='line_1_27' title="bbox 2244 2484 3843 2559; baseline 0.001 -19"><span class='ocrx_word' id='word_1_310' title='bbox 2244 2495 2299 2541; x_wconf 92' lang='lat' dir='ltr'><strong>et</strong></span> <span class='ocrx_word' id='word_1_311' title='bbox 2323 2484 2546 2541; x_wconf 90' lang='lat' dir='ltr'><strong>honoris</strong></span> <span class='ocrx_word' id='word_1_312' title='bbox 2573 2486 2910 2558; x_wconf 89' lang='lat' dir='ltr'><strong>aliquatenus</strong></span> <span class='ocrx_word' id='word_1_313' title='bbox 2953 2487 3245 2544; x_wconf 85' lang='lat' dir='ltr'><strong>emendare</strong></span> <span class='ocrx_word' id='word_1_314' title='bbox 3272 2503 3386 2544; x_wconf 90' lang='lat' dir='ltr'><strong>non</strong></span> <span class='ocrx_word' id='word_1_315' title='bbox 3428 2487 3843 2559; x_wconf 67' lang='lat' dir='ltr'><strong>praetermittas.</strong></span> 
     </span>
    </p>
   </div>
   <div class='ocr_carea' id='block_1_27' title="bbox 2244 2579 3847 2654">
    <p class='ocr_par' dir='ltr' id='par_1_27' title="bbox 2244 2579 3847 2654">
     <span class='ocr_line' id='line_1_28' title="bbox 2244 2579 3847 2654; baseline 0.001 -20"><span class='ocrx_word' id='word_1_316' title='bbox 2244 2579 2540 2635; x_wconf 81' lang='lat' dir='ltr'><strong>Attendere</strong></span> <span class='ocrx_word' id='word_1_317' title='bbox 2582 2580 2726 2635; x_wconf 90' lang='lat' dir='ltr'><strong>enim</strong></span> <span class='ocrx_word' id='word_1_318' title='bbox 2754 2589 2807 2635; x_wconf 92' lang='lat' dir='ltr'><strong>te</strong></span> <span class='ocrx_word' id='word_1_319' title='bbox 2853 2581 3140 2636; x_wconf 90' lang='lat' dir='ltr'><strong>nobiscum</strong></span> <span class='ocrx_word' id='word_1_320' title='bbox 3168 2589 3227 2636; x_wconf 88' lang='lat' dir='ltr'><strong>et</strong></span> <span class='ocrx_word' id='word_1_321' title='bbox 3266 2580 3550 2654; x_wconf 90' lang='lat' dir='ltr'><strong>diligenter</strong></span> <span class='ocrx_word' id='word_1_322' title='bbox 3592 2579 3847 2635; x_wconf 89' lang='lat' dir='ltr'><strong>conside-</strong></span> 
     </span>
    </p>
   </div>
   <div class='ocr_carea' id='block_1_28' title="bbox 1126 2664 3843 2746">
    <p class='ocr_par' dir='ltr' id='par_1_28' title="bbox 1126 2664 3843 2746">
     <span class='ocr_line' id='line_1_29' title="bbox 1126 2664 3843 2746; baseline -0.003 -9"><span class='ocrx_word' id='word_1_323' title='bbox 1126 2664 1306 2737; x_wconf 75' lang='grc' dir='ltr'><strong>(Αηοθ</strong></span> <span class='ocrx_word' id='word_1_324' title='bbox 1349 2672 1530 2732; x_wconf 74' lang='lat' dir='ltr'><strong>I074-)</strong></span> <span class='ocrx_word' id='word_1_325' title='bbox 2243 2689 2365 2728; x_wconf 89' lang='lat' dir='ltr'><strong>rare</strong></span> <span class='ocrx_word' id='word_1_326' title='bbox 2406 2674 2687 2741; x_wconf 89' lang='lat' dir='ltr'><strong>volumus,</strong></span> <span class='ocrx_word' id='word_1_327' title='bbox 2715 2675 2791 2729; x_wconf 88' lang='lat' dir='ltr'><strong>&#39;in</strong></span> <span class='ocrx_word' id='word_1_328' title='bbox 2829 2684 3037 2746; x_wconf 91' lang='lat' dir='ltr'><strong>quanta</strong></span> <span class='ocrx_word' id='word_1_329' title='bbox 3074 2674 3373 2732; x_wconf 90' lang='lat' dir='ltr'><strong>dilectione</strong></span> <span class='ocrx_word' id='word_1_330' title='bbox 3429 2674 3571 2730; x_wconf 88' lang='lat' dir='ltr'><strong>sedis</strong></span> <span class='ocrx_word' id='word_1_331' title='bbox 3612 2682 3843 2746; x_wconf 89' lang='lat' dir='ltr'><strong>aposto-</strong></span> 
     </span>
    </p>
   </div>
   <div class='ocr_carea' id='block_1_29' title="bbox 538 2766 3843 2858">
    <p class='ocr_par' dir='ltr' id='par_1_29' title="bbox 538 2766 3843 2858">
     <span class='ocr_line' id='line_1_30' title="bbox 538 2766 3843 2858; baseline 0 -19"><span class='ocrx_word' id='word_1_332' title='bbox 538 2785 783 2839; x_wconf 66' lang='lat' dir='ltr'><strong>Absolvit</strong></span> <span class='ocrx_word' id='word_1_333' title='bbox 813 2801 894 2840; x_wconf 87' lang='lat' dir='ltr'><strong>eos</strong></span> <span class='ocrx_word' id='word_1_334' title='bbox 933 2787 1004 2840; x_wconf 86' lang='lat' dir='ltr'><strong>ab</strong></span> <span class='ocrx_word' id='word_1_335' title='bbox 1044 2789 1591 2842; x_wconf 69' lang='lat' dir='ltr'><strong>excommunicatione</strong></span> <span class='ocrx_word' id='word_1_336' title='bbox 1627 2788 1879 2858; x_wconf 77' lang='lat' dir='ltr'><strong>precibus</strong></span> <span class='ocrx_word' id='word_1_337' title='bbox 1906 2791 2140 2858; x_wconf 68' lang='lat' dir='ltr'><strong>episcopi</strong></span> <span class='ocrx_word' id='word_1_338' title='bbox 2244 2766 2380 2833; x_wconf 54' lang='grc' dir='ltr'><strong>ἥδεθ’</strong></span> <span class='ocrx_word' id='word_1_339' title='bbox 2412 2775 2717 2838; x_wconf 65' lang='lat' dir='ltr'><strong>quantaque</strong></span> <span class='ocrx_word' id='word_1_340' title='bbox 2744 2767 2916 2840; x_wconf 61' lang='lat' dir='ltr'><strong>gloria</strong></span> <span class='ocrx_word' id='word_1_341' title='bbox 2963 2776 3018 2823; x_wconf 62' lang='lat' dir='ltr'><strong>et</strong></span> <span class='ocrx_word' id='word_1_342' title='bbox 3063 2767 3316 2824; x_wconf 71' lang='grc' dir='ltr'><strong>¹³υάίδυε</strong></span> <span class='ocrx_word' id='word_1_343' title='bbox 3361 2767 3475 2824; x_wconf 64' lang='lat' dir='ltr'><strong>fere</strong></span> <span class='ocrx_word' id='word_1_344' title='bbox 3503 2784 3598 2839; x_wconf 63' lang='lat' dir='ltr'><strong>Per</strong></span> <span class='ocrx_word' id='word_1_345' title='bbox 3647 2767 3843 2823; x_wconf 67' lang='lat' dir='ltr'><strong>orbem</strong></span> 
     </span>
    </p>
   </div>
   <div class='ocr_carea' id='block_1_30' title="bbox 608 2858 3844 2939">
    <p class='ocr_par' dir='ltr' id='par_1_30' title="bbox 608 2858 3844 2939">
     <span class='ocr_line' id='line_1_31' title="bbox 608 2858 3844 2939; baseline 0.002 -30"><span class='ocrx_word' id='word_1_346' title='bbox 608 2872 771 2939; x_wconf 63' lang='lat' dir='ltr'><strong>quem</strong></span> <span class='ocrx_word' id='word_1_347' title='bbox 806 2858 1397 2939; x_wconf 47' lang='lat' dir='ltr'><strong>ofenderant._Monet</strong></span> <span class='ocrx_word' id='word_1_348' title='bbox 1437 2864 1499 2913; x_wconf 82' lang='lat' dir='ltr'><strong>ut</strong></span> <span class='ocrx_word' id='word_1_349' title='bbox 1540 2859 1823 2929; x_wconf 72' lang='lat' dir='ltr'><strong>obedient,</strong></span> <span class='ocrx_word' id='word_1_350' title='bbox 1873 2863 1924 2914; x_wconf 83' lang='lat' dir='ltr'><strong>ct</strong></span> <span class='ocrx_word' id='word_1_351' title='bbox 1962 2861 2032 2913; x_wconf 84' lang='lat' dir='ltr'><strong>ab</strong></span> <span class='ocrx_word' id='word_1_352' title='bbox 2080 2876 2136 2914; x_wconf 88' lang='lat' dir='ltr'><strong>eo</strong></span> <span class='ocrx_word' id='word_1_353' title='bbox 2244 2869 2511 2916; x_wconf 90' lang='lat' dir='ltr'><strong>terrarum</strong></span> <span class='ocrx_word' id='word_1_354' title='bbox 2530 2870 2909 2939; x_wconf 72' lang='lat' dir='ltr'><strong>antecessores</strong></span> <span class='ocrx_word' id='word_1_355' title='bbox 2943 2861 3024 2917; x_wconf 89' lang='lat' dir='ltr'><strong>tui</strong></span> <span class='ocrx_word' id='word_1_356' title='bbox 3058 2877 3212 2935; x_wconf 88' lang='lat' dir='ltr'><strong>reges</strong></span> <span class='ocrx_word' id='word_1_357' title='bbox 3240 2861 3526 2918; x_wconf 90' lang='lat' dir='ltr'><strong>clarissimi</strong></span> <span class='ocrx_word' id='word_1_358' title='bbox 3566 2868 3621 2917; x_wconf 89' lang='lat' dir='ltr'><strong>et</strong></span> <span class='ocrx_word' id='word_1_359' title='bbox 3656 2859 3844 2917; x_wconf 84' lang='lat' dir='ltr'><strong>famo-</strong></span> 
     </span>
    </p>
   </div>
   <div class='ocr_carea' id='block_1_31' title="bbox 598 2930 3843 3027">
    <p class='ocr_par' dir='ltr' id='par_1_31' title="bbox 598 2930 3843 3027">
     <span class='ocr_line' id='line_1_32' title="bbox 598 2930 3843 3027; baseline 0.001 -20"><span class='ocrx_word' id='word_1_360' title='bbox 598 2930 975 2997; x_wconf 61' lang='grc' dir='ltr'><strong>Ρωηίίθηίίαηί</strong></span> <span class='ocrx_word' id='word_1_361' title='bbox 994 2932 1311 2999; x_wconf 55' lang='lat' dir='ltr'><strong>summm-</strong></span> <span class='ocrx_word' id='word_1_362' title='bbox 2245 2953 2445 3009; x_wconf 89' lang='lat' dir='ltr'><strong>sissimi</strong></span> <span class='ocrx_word' id='word_1_363' title='bbox 2477 2930 2646 3010; x_wconf 81' lang='lat' dir='ltr'><strong>habiti</strong></span> <span class='ocrx_word' id='word_1_364' title='bbox 2674 2964 2831 3025; x_wconf 87' lang='lat' dir='ltr'><strong>sunt,</strong></span> <span class='ocrx_word' id='word_1_365' title='bbox 2872 2956 3007 3012; x_wconf 91' lang='lat' dir='ltr'><strong>dum</strong></span> <span class='ocrx_word' id='word_1_366' title='bbox 3047 2930 3266 3011; x_wconf 69' lang='lat' dir='ltr'><strong>illorum</strong></span> <span class='ocrx_word' id='word_1_367' title='bbox 3304 2955 3449 3027; x_wconf 86' lang='lat' dir='ltr'><strong>regia</strong></span> <span class='ocrx_word' id='word_1_368' title='bbox 3481 2955 3737 3026; x_wconf 89' lang='lat' dir='ltr'><strong>majestas</strong></span> <span class='ocrx_word' id='word_1_369' title='bbox 3784 2955 3843 3010; x_wconf 90' lang='lat' dir='ltr'><strong>in</strong></span> 
     </span>
    </p>
   </div>
   <div class='ocr_carea' id='block_1_32' title="bbox 605 3047 3846 3127">
    <p class='ocr_par' dir='ltr' id='par_1_32' title="bbox 605 3047 3846 3127">
     <span class='ocr_line' id='line_1_33' title="bbox 605 3047 3846 3127; baseline -0 -22"><span class='ocrx_word' id='word_1_370' title='bbox 605 3054 955 3111; x_wconf 73' lang='lat' dir='ltr'><strong>Gmgeonws</strong></span> <span class='ocrx_word' id='word_1_371' title='bbox 980 3056 1293 3127; x_wconf 71' lang='lat' dir='ltr'><strong>episcopus,</strong></span> <span class='ocrx_word' id='word_1_372' title='bbox 1318 3071 1510 3111; x_wconf 72' lang='lat' dir='ltr'><strong>servus</strong></span> <span class='ocrx_word' id='word_1_373' title='bbox 1530 3070 1819 3110; x_wconf 79' lang='lat' dir='ltr'><strong>servorum</strong></span> <span class='ocrx_word' id='word_1_374' title='bbox 1845 3055 1969 3119; x_wconf 80' lang='lat' dir='ltr'><strong>Dei,</strong></span> <span class='ocrx_word' id='word_1_375' title='bbox 1991 3056 2137 3110; x_wconf 72' lang='lat' dir='ltr'><strong>clero</strong></span> <span class='ocrx_word' id='word_1_376' title='bbox 2245 3047 2642 3117; x_wconf 86' lang='lat' dir='ltr'><strong>ampliﬁcandis</strong></span> <span class='ocrx_word' id='word_1_377' title='bbox 2669 3057 2723 3103; x_wconf 92' lang='lat' dir='ltr'><strong>et</strong></span> <span class='ocrx_word' id='word_1_378' title='bbox 2755 3049 3113 3106; x_wconf 86' lang='lat' dir='ltr'><strong>defendendis</strong></span> <span class='ocrx_word' id='word_1_379' title='bbox 3145 3049 3401 3105; x_wconf 84' lang='lat' dir='ltr'><strong>Ecclesiis</strong></span> <span class='ocrx_word' id='word_1_380' title='bbox 3442 3049 3527 3120; x_wconf 90' lang='lat' dir='ltr'><strong>pia</strong></span> <span class='ocrx_word' id='word_1_381' title='bbox 3557 3065 3620 3104; x_wconf 89' lang='lat' dir='ltr'><strong>ac</strong></span> <span class='ocrx_word' id='word_1_382' title='bbox 3646 3047 3846 3104; x_wconf 86' lang='lat' dir='ltr'><strong>devota</strong></span> 
     </span>
    </p>
   </div>
   <div class='ocr_carea' id='block_1_33' title="bbox 536 3140 3845 3226">
    <p class='ocr_par' dir='ltr' id='par_1_33' title="bbox 536 3140 3845 3226">
     <span class='ocr_line' id='line_1_34' title="bbox 536 3140 3845 3226; baseline -0.001 -26"><span class='ocrx_word' id='word_1_383' title='bbox 536 3156 591 3203; x_wconf 89' lang='lat' dir='ltr'><strong>et</strong></span> <span class='ocrx_word' id='word_1_384' title='bbox 632 3149 830 3219; x_wconf 88' lang='lat' dir='ltr'><strong>populo</strong></span> <span class='ocrx_word' id='word_1_385' title='bbox 872 3149 1206 3216; x_wconf 84' lang='lat' dir='ltr'><strong>Belvacensi,</strong></span> <span class='ocrx_word' id='word_1_386' title='bbox 1253 3150 1299 3204; x_wconf 87' lang='lat' dir='ltr'><strong>si</strong></span> <span class='ocrx_word' id='word_1_387' title='bbox 1342 3148 1589 3220; x_wconf 77' lang='lat' dir='ltr'><strong>resipuir,</strong></span> <span class='ocrx_word' id='word_1_388' title='bbox 1637 3147 1869 3204; x_wconf 68' lang='lat' dir='ltr'><strong>salutem</strong></span> <span class='ocrx_word' id='word_1_389' title='bbox 1913 3158 1968 3203; x_wconf 79' lang='lat' dir='ltr'><strong>et</strong></span> <span class='ocrx_word' id='word_1_390' title='bbox 2007 3164 2136 3220; x_wconf 82' lang='lat' dir='ltr'><strong>apo-</strong></span> <span class='ocrx_word' id='word_1_391' title='bbox 2172 3165 2217 3226; x_wconf 67' lang='grc' dir='ltr'><strong>ρ</strong></span> <span class='ocrx_word' id='word_1_392' title='bbox 2247 3141 2519 3207; x_wconf 87' lang='lat' dir='ltr'><strong>constitit,</strong></span> <span class='ocrx_word' id='word_1_393' title='bbox 2564 3141 2620 3205; x_wconf 88' lang='lat' dir='ltr'><strong>in</strong></span> <span class='ocrx_word' id='word_1_394' title='bbox 2670 3143 2903 3198; x_wconf 90' lang='lat' dir='ltr'><strong>tenendo</strong></span> <span class='ocrx_word' id='word_1_395' title='bbox 2947 3143 3212 3215; x_wconf 88' lang='lat' dir='ltr'><strong>justitiam</strong></span> <span class='ocrx_word' id='word_1_396' title='bbox 3262 3143 3425 3198; x_wconf 89' lang='lat' dir='ltr'><strong>libera</strong></span> <span class='ocrx_word' id='word_1_397' title='bbox 3475 3158 3539 3197; x_wconf 91' lang='lat' dir='ltr'><strong>ac</strong></span> <span class='ocrx_word' id='word_1_398' title='bbox 3583 3140 3845 3197; x_wconf 88' lang='lat' dir='ltr'><strong>distracta</strong></span> 
     </span>
    </p>
   </div>
   <div class='ocr_carea' id='block_1_34' title="bbox 536 3234 3847 3319">
    <p class='ocr_par' dir='ltr' id='par_1_34' title="bbox 536 3234 3847 3319">
     <span class='ocr_line' id='line_1_35' title="bbox 536 3234 3847 3319; baseline -0.001 -26"><span class='ocrx_word' id='word_1_399' title='bbox 536 3240 790 3297; x_wconf 85' lang='lat' dir='ltr'><strong>stolicam</strong></span> <span class='ocrx_word' id='word_1_400' title='bbox 814 3242 1280 3319; x_wconf 71' lang='lat' dir='ltr'><strong>benedictionem.</strong></span> <span class='ocrx_word' id='word_1_401' title='bbox 2246 3234 2563 3305; x_wconf 89' lang='lat' dir='ltr'><strong>permansit.</strong></span> <span class='ocrx_word' id='word_1_402' title='bbox 2610 3237 2913 3307; x_wconf 87' lang='lat' dir='ltr'><strong>Postquam</strong></span> <span class='ocrx_word' id='word_1_403' title='bbox 2958 3252 3086 3291; x_wconf 87' lang='lat' dir='ltr'><strong>vero</strong></span> <span class='ocrx_word' id='word_1_404' title='bbox 3138 3236 3319 3292; x_wconf 91' lang='lat' dir='ltr'><strong>divina</strong></span> <span class='ocrx_word' id='word_1_405' title='bbox 3350 3244 3404 3290; x_wconf 91' lang='lat' dir='ltr'><strong>et</strong></span> <span class='ocrx_word' id='word_1_406' title='bbox 3441 3236 3681 3291; x_wconf 88' lang='lat' dir='ltr'><strong>humana</strong></span> <span class='ocrx_word' id='word_1_407' title='bbox 3718 3235 3847 3307; x_wconf 86' lang='lat' dir='ltr'><strong>jura</strong></span> 
     </span>
    </p>
   </div>
   <div class='ocr_carea' id='block_1_35' title="bbox 606 3327 3845 3404">
    <p class='ocr_par' dir='ltr' id='par_1_35' title="bbox 606 3327 3845 3404">
     <span class='ocr_line' id='line_1_36' title="bbox 606 3327 3845 3404; baseline -0.001 -19"><span class='ocrx_word' id='word_1_408' title='bbox 606 3334 881 3404; x_wconf 88' lang='lat' dir='ltr'><strong>Quoniam</strong></span> <span class='ocrx_word' id='word_1_409' title='bbox 942 3335 1079 3391; x_wconf 81' lang='lat' dir='ltr'><strong>mira</strong></span> <span class='ocrx_word' id='word_1_410' title='bbox 1147 3336 1202 3391; x_wconf 71' lang='lat' dir='ltr'><strong>et</strong></span> <span class='ocrx_word' id='word_1_411' title='bbox 1268 3334 1538 3391; x_wconf 72' lang='lat' dir='ltr'><strong>hactenus</strong></span> <span class='ocrx_word' id='word_1_412' title='bbox 1600 3333 1844 3391; x_wconf 74' lang='lat' dir='ltr'><strong>inaudita</strong></span> <span class='ocrx_word' id='word_1_413' title='bbox 1901 3332 2134 3400; x_wconf 73' lang='lat' dir='ltr'><strong>fecistis,</strong></span> <span class='ocrx_word' id='word_1_414' title='bbox 2247 3328 2609 3385; x_wconf 86' lang='lat' dir='ltr'><strong>subvertendo</strong></span> <span class='ocrx_word' id='word_1_415' title='bbox 2648 3337 2794 3384; x_wconf 88' lang='lat' dir='ltr'><strong>tanta</strong></span> <span class='ocrx_word' id='word_1_416' title='bbox 2824 3327 2996 3385; x_wconf 91' lang='lat' dir='ltr'><strong>virtus</strong></span> <span class='ocrx_word' id='word_1_417' title='bbox 3033 3330 3090 3385; x_wconf 91' lang='lat' dir='ltr'><strong>in</strong></span> <span class='ocrx_word' id='word_1_418' title='bbox 3124 3328 3516 3402; x_wconf 89' lang='lat' dir='ltr'><strong>posterioribus</strong></span> <span class='ocrx_word' id='word_1_419' title='bbox 3543 3328 3709 3399; x_wconf 70' lang='lat' dir='ltr'><strong>cmpit</strong></span> <span class='ocrx_word' id='word_1_420' title='bbox 3748 3329 3845 3383; x_wconf 83' lang='lat' dir='ltr'><strong>he-</strong></span> 
     </span>
    </p>
   </div>
   <div class='ocr_carea' id='block_1_36' title="bbox 536 3422 3847 3501">
    <p class='ocr_par' dir='ltr' id='par_1_36' title="bbox 536 3422 3847 3501">
     <span class='ocr_line' id='line_1_37' title="bbox 536 3422 3847 3501; baseline -0.002 -15"><span class='ocrx_word' id='word_1_421' title='bbox 536 3426 854 3483; x_wconf 81' lang='lat' dir='ltr'><strong>dctestanda</strong></span> <span class='ocrx_word' id='word_1_422' title='bbox 906 3436 961 3484; x_wconf 88' lang='lat' dir='ltr'><strong>et</strong></span> <span class='ocrx_word' id='word_1_423' title='bbox 1004 3428 1371 3484; x_wconf 86' lang='lat' dir='ltr'><strong>abominanda</strong></span> <span class='ocrx_word' id='word_1_424' title='bbox 1428 3428 1808 3501; x_wconf 89' lang='lat' dir='ltr'><strong>perpetrastis,</strong></span> <span class='ocrx_word' id='word_1_425' title='bbox 1870 3436 2151 3499; x_wconf 70' lang='lat' dir='ltr'><strong>et‘super.</strong></span> <span class='ocrx_word' id='word_1_426' title='bbox 2249 3422 2488 3490; x_wconf 88' lang='lat' dir='ltr'><strong>bescere,</strong></span> <span class='ocrx_word' id='word_1_427' title='bbox 2508 3422 2676 3479; x_wconf 89' lang='lat' dir='ltr'><strong>totius</strong></span> <span class='ocrx_word' id='word_1_428' title='bbox 2703 3422 2857 3496; x_wconf 89' lang='lat' dir='ltr'><strong>regni</strong></span> <span class='ocrx_word' id='word_1_429' title='bbox 2879 3423 3072 3495; x_wconf 91' lang='lat' dir='ltr'><strong>gloria,</strong></span> <span class='ocrx_word' id='word_1_430' title='bbox 3100 3423 3283 3490; x_wconf 86' lang='lat' dir='ltr'><strong>decus,</strong></span> <span class='ocrx_word' id='word_1_431' title='bbox 3314 3423 3491 3479; x_wconf 87' lang='lat' dir='ltr'><strong>honor</strong></span> <span class='ocrx_word' id='word_1_432' title='bbox 3517 3431 3574 3478; x_wconf 90' lang='lat' dir='ltr'><strong>et</strong></span> <span class='ocrx_word' id='word_1_433' title='bbox 3600 3424 3847 3494; x_wconf 88' lang='lat' dir='ltr'><strong>potentia</strong></span> 
     </span>
    </p>
   </div>
   <div class='ocr_carea' id='block_1_37' title="bbox 536 3514 3847 3595">
    <p class='ocr_par' dir='ltr' id='par_1_37' title="bbox 536 3514 3847 3595">
     <span class='ocr_line' id='line_1_38' title="bbox 536 3514 3847 3595; baseline -0.002 -19"><span class='ocrx_word' id='word_1_434' title='bbox 536 3530 731 3593; x_wconf 90' lang='lat' dir='ltr'><strong>gentes</strong></span> <span class='ocrx_word' id='word_1_435' title='bbox 758 3537 879 3593; x_wconf 61' lang='lat' dir='ltr'><strong>quae</strong></span> <span class='ocrx_word' id='word_1_436' title='bbox 907 3523 1163 3595; x_wconf 89' lang='lat' dir='ltr'><strong>ignorant</strong></span> <span class='ocrx_word' id='word_1_437' title='bbox 1188 3526 1394 3591; x_wconf 90' lang='lat' dir='ltr'><strong>Deum,</strong></span> <span class='ocrx_word' id='word_1_438' title='bbox 1422 3522 1699 3579; x_wconf 67' lang='lat' dir='ltr'><strong>saeviendo</strong></span> <span class='ocrx_word' id='word_1_439' title='bbox 1728 3531 1783 3577; x_wconf 90' lang='lat' dir='ltr'><strong>et</strong></span> <span class='ocrx_word' id='word_1_440' title='bbox 1806 3521 2138 3576; x_wconf 90' lang='lat' dir='ltr'><strong>inhumanas</strong></span> <span class='ocrx_word' id='word_1_441' title='bbox 2247 3532 2370 3571; x_wconf 90' lang='lat' dir='ltr'><strong>cum</strong></span> <span class='ocrx_word' id='word_1_442' title='bbox 2416 3518 2685 3587; x_wconf 87' lang='lat' dir='ltr'><strong>perversis</strong></span> <span class='ocrx_word' id='word_1_443' title='bbox 2715 3516 2962 3573; x_wconf 89' lang='lat' dir='ltr'><strong>moribus</strong></span> <span class='ocrx_word' id='word_1_444' title='bbox 3004 3518 3300 3573; x_wconf 88' lang='lat' dir='ltr'><strong>immutata</strong></span> <span class='ocrx_word' id='word_1_445' title='bbox 3333 3525 3485 3581; x_wconf 88' lang='lat' dir='ltr'><strong>sunt,</strong></span> <span class='ocrx_word' id='word_1_446' title='bbox 3514 3525 3569 3572; x_wconf 90' lang='lat' dir='ltr'><strong>et</strong></span> <span class='ocrx_word' id='word_1_447' title='bbox 3610 3514 3847 3571; x_wconf 85' lang='lat' dir='ltr'><strong>nobilis-</strong></span> 
     </span>
    </p>
   </div>
   <div class='ocr_carea' id='block_1_38' title="bbox 536 3608 3853 3687">
    <p class='ocr_par' dir='ltr' id='par_1_38' title="bbox 536 3608 3853 3687">
     <span class='ocr_line' id='line_1_39' title="bbox 536 3608 3853 3687; baseline -0.001 -19"><span class='ocrx_word' id='word_1_448' title='bbox 536 3614 743 3687; x_wconf 89' lang='lat' dir='ltr'><strong>linguas</strong></span> <span class='ocrx_word' id='word_1_449' title='bbox 764 3617 1103 3684; x_wconf 86' lang='lat' dir='ltr'><strong>exacuendo,</strong></span> <span class='ocrx_word' id='word_1_450' title='bbox 1126 3618 1182 3672; x_wconf 91' lang='lat' dir='ltr'><strong>in</strong></span> <span class='ocrx_word' id='word_1_451' title='bbox 1208 3621 1392 3672; x_wconf 90' lang='lat' dir='ltr'><strong>Deum</strong></span> <span class='ocrx_word' id='word_1_452' title='bbox 1412 3624 1467 3671; x_wconf 89' lang='lat' dir='ltr'><strong>et</strong></span> <span class='ocrx_word' id='word_1_453' title='bbox 1493 3617 1547 3670; x_wconf 93' lang='lat' dir='ltr'><strong>in</strong></span> <span class='ocrx_word' id='word_1_454' title='bbox 1566 3616 1868 3671; x_wconf 90' lang='lat' dir='ltr'><strong>Dominum</strong></span> <span class='ocrx_word' id='word_1_455' title='bbox 1891 3624 2137 3671; x_wconf 87' lang='lat' dir='ltr'><strong>vestrum</strong></span> <span class='ocrx_word' id='word_1_456' title='bbox 2247 3610 2384 3665; x_wconf 89' lang='lat' dir='ltr'><strong>sima</strong></span> <span class='ocrx_word' id='word_1_457' title='bbox 2422 3608 2569 3665; x_wconf 89' lang='lat' dir='ltr'><strong>fama</strong></span> <span class='ocrx_word' id='word_1_458' title='bbox 2598 3620 2652 3666; x_wconf 89' lang='lat' dir='ltr'><strong>et</strong></span> <span class='ocrx_word' id='word_1_459' title='bbox 2678 3619 2855 3666; x_wconf 88' lang='lat' dir='ltr'><strong>status</strong></span> <span class='ocrx_word' id='word_1_460' title='bbox 2907 3611 3061 3683; x_wconf 88' lang='lat' dir='ltr'><strong>regni</strong></span> <span class='ocrx_word' id='word_1_461' title='bbox 3090 3627 3122 3666; x_wconf 90' lang='lat' dir='ltr'><strong>a</strong></span> <span class='ocrx_word' id='word_1_462' title='bbox 3150 3610 3392 3666; x_wconf 89' lang='lat' dir='ltr'><strong>culmine</strong></span> <span class='ocrx_word' id='word_1_463' title='bbox 3428 3626 3545 3667; x_wconf 67' lang='lat' dir='ltr'><strong>sum</strong></span> <span class='ocrx_word' id='word_1_464' title='bbox 3582 3609 3853 3665; x_wconf 88' lang='lat' dir='ltr'><strong>claritatis</strong></span> 
     </span>
    </p>
   </div>
   <div class='ocr_carea' id='block_1_39' title="bbox 539 3700 3851 3779">
    <p class='ocr_par' dir='ltr' id='par_1_39' title="bbox 539 3700 3851 3779">
     <span class='ocr_line' id='line_1_40' title="bbox 539 3700 3851 3779; baseline -0.001 -18"><span class='ocrx_word' id='word_1_465' title='bbox 539 3708 989 3779; x_wconf 71' lang='lat' dir='ltr'><strong>praesumpsistis,</strong></span> <span class='ocrx_word' id='word_1_466' title='bbox 1052 3708 1260 3764; x_wconf 90' lang='lat' dir='ltr'><strong>idcirco</strong></span> <span class='ocrx_word' id='word_1_467' title='bbox 1319 3718 1504 3765; x_wconf 90' lang='lat' dir='ltr'><strong>sancta</strong></span> <span class='ocrx_word' id='word_1_468' title='bbox 1572 3712 1827 3765; x_wconf 82' lang='lat' dir='ltr'><strong>Romana</strong></span> <span class='ocrx_word' id='word_1_469' title='bbox 1896 3708 2136 3764; x_wconf 90' lang='lat' dir='ltr'><strong>Ecclesia</strong></span> <span class='ocrx_word' id='word_1_470' title='bbox 2248 3702 2499 3758; x_wconf 90' lang='lat' dir='ltr'><strong>inclinata</strong></span> <span class='ocrx_word' id='word_1_471' title='bbox 2544 3712 2689 3759; x_wconf 91' lang='lat' dir='ltr'><strong>sunt.</strong></span> <span class='ocrx_word' id='word_1_472' title='bbox 2718 3705 2852 3760; x_wconf 71' lang='lat' dir='ltr'><strong>Haec</strong></span> <span class='ocrx_word' id='word_1_473' title='bbox 2887 3704 3109 3776; x_wconf 89' lang='lat' dir='ltr'><strong>quidem</strong></span> <span class='ocrx_word' id='word_1_474' title='bbox 3137 3712 3192 3759; x_wconf 90' lang='lat' dir='ltr'><strong>et</strong></span> <span class='ocrx_word' id='word_1_475' title='bbox 3214 3704 3319 3760; x_wconf 85' lang='lat' dir='ltr'><strong>alia</strong></span> <span class='ocrx_word' id='word_1_476' title='bbox 3345 3703 3471 3759; x_wconf 90' lang='lat' dir='ltr'><strong>talia</strong></span> <span class='ocrx_word' id='word_1_477' title='bbox 3506 3700 3851 3774; x_wconf 89' lang='lat' dir='ltr'><strong>frequenter,</strong></span> 
     </span>
    </p>
   </div>
   <div class='ocr_carea' id='block_1_40' title="bbox 538 3782 3848 3871">
    <p class='ocr_par' dir='ltr' id='par_1_40' title="bbox 538 3782 3848 3871">
     <span class='ocr_line' id='line_1_41' title="bbox 538 3782 3848 3871; baseline -0 -18"><span class='ocrx_word' id='word_1_478' title='bbox 538 3800 861 3855; x_wconf 89' lang='lat' dir='ltr'><strong>auctoritate</strong></span> <span class='ocrx_word' id='word_1_479' title='bbox 923 3804 1181 3870; x_wconf 88' lang='lat' dir='ltr'><strong>Patrum,</strong></span> <span class='ocrx_word' id='word_1_480' title='bbox 1231 3802 1515 3857; x_wconf 89' lang='lat' dir='ltr'><strong>sanctione</strong></span> <span class='ocrx_word' id='word_1_481' title='bbox 1568 3818 1873 3871; x_wconf 88' lang='lat' dir='ltr'><strong>canonum,</strong></span> <span class='ocrx_word' id='word_1_482' title='bbox 1934 3802 1994 3857; x_wconf 89' lang='lat' dir='ltr'><strong>in</strong></span> <span class='ocrx_word' id='word_1_483' title='bbox 2043 3817 2140 3856; x_wconf 91' lang='lat' dir='ltr'><strong>vos</strong></span> <span class='ocrx_word' id='word_1_484' title='bbox 2247 3806 2317 3865; x_wconf 86' lang='lat' dir='ltr'><strong>et,</strong></span> <span class='ocrx_word' id='word_1_485' title='bbox 2359 3798 2405 3852; x_wconf 91' lang='lat' dir='ltr'><strong>si</strong></span> <span class='ocrx_word' id='word_1_486' title='bbox 2435 3805 2670 3869; x_wconf 89' lang='lat' dir='ltr'><strong>oportet,</strong></span> <span class='ocrx_word' id='word_1_487' title='bbox 2703 3812 2899 3868; x_wconf 89' lang='lat' dir='ltr'><strong>aspero</strong></span> <span class='ocrx_word' id='word_1_488' title='bbox 2928 3798 3094 3852; x_wconf 91' lang='lat' dir='ltr'><strong>etiam</strong></span> <span class='ocrx_word' id='word_1_489' title='bbox 3124 3813 3378 3853; x_wconf 88' lang='lat' dir='ltr'><strong>sermone</strong></span> <span class='ocrx_word' id='word_1_490' title='bbox 3406 3796 3506 3852; x_wconf 87' lang='lat' dir='ltr'><strong>tibi</strong></span> <span class='ocrx_word' id='word_1_491' title='bbox 3549 3782 3848 3864; x_wconf 84' lang='lat' dir='ltr'><strong>inculcare,</strong></span> 
     </span>
    </p>
   </div>
   <div class='ocr_carea' id='block_1_41' title="bbox 530 3889 3857 3966">
    <p class='ocr_par' dir='ltr' id='par_1_41' title="bbox 530 3889 3857 3966">
     <span class='ocr_line' id='line_1_42' title="bbox 530 3889 3857 3966; baseline 0 -19"><span class='ocrx_word' id='word_1_492' title='bbox 530 3892 778 3964; x_wconf 88' lang='lat' dir='ltr'><strong>jaculum</strong></span> <span class='ocrx_word' id='word_1_493' title='bbox 821 3893 1187 3949; x_wconf 89' lang='lat' dir='ltr'><strong>anathematis</strong></span> <span class='ocrx_word' id='word_1_494' title='bbox 1216 3895 1340 3966; x_wconf 90' lang='lat' dir='ltr'><strong>jure</strong></span> <span class='ocrx_word' id='word_1_495' title='bbox 1382 3895 1670 3961; x_wconf 89' lang='lat' dir='ltr'><strong>contorsit,</strong></span> <span class='ocrx_word' id='word_1_496' title='bbox 1704 3903 1757 3949; x_wconf 91' lang='lat' dir='ltr'><strong>et</strong></span> <span class='ocrx_word' id='word_1_497' title='bbox 1786 3912 1885 3966; x_wconf 90' lang='lat' dir='ltr'><strong>pro</strong></span> <span class='ocrx_word' id='word_1_498' title='bbox 1932 3893 2141 3949; x_wconf 87' lang='lat' dir='ltr'><strong>meritis</strong></span> <span class='ocrx_word' id='word_1_499' title='bbox 2250 3891 2484 3961; x_wconf 87' lang='lat' dir='ltr'><strong>suscepti</strong></span> <span class='ocrx_word' id='word_1_500' title='bbox 2525 3906 2627 3946; x_wconf 90' lang='lat' dir='ltr'><strong>nos</strong></span> <span class='ocrx_word' id='word_1_501' title='bbox 2670 3889 2832 3946; x_wconf 77' lang='lat' dir='ltr'><strong>officii</strong></span> <span class='ocrx_word' id='word_1_502' title='bbox 2861 3907 2995 3947; x_wconf 89' lang='lat' dir='ltr'><strong>cura</strong></span> <span class='ocrx_word' id='word_1_503' title='bbox 3043 3892 3321 3962; x_wconf 89' lang='lat' dir='ltr'><strong>compellit</strong></span> <span class='ocrx_word' id='word_1_504' title='bbox 3363 3913 3375 3947; x_wconf 86' lang='lat'><strong>:</strong></span> <span class='ocrx_word' id='word_1_505' title='bbox 3409 3890 3671 3962; x_wconf 89' lang='lat' dir='ltr'><strong>quoniam</strong></span> <span class='ocrx_word' id='word_1_506' title='bbox 3718 3890 3857 3947; x_wconf 89' lang='lat' dir='ltr'><strong>licet</strong></span> 
     </span>
    </p>
   </div>
   <div class='ocr_carea' id='block_1_42' title="bbox 538 3983 3855 4058">
    <p class='ocr_par' dir='ltr' id='par_1_42' title="bbox 538 3983 3855 4058">
     <span class='ocr_line' id='line_1_43' title="bbox 538 3983 3855 4058; baseline 0 -17"><span class='ocrx_word' id='word_1_507' title='bbox 538 3985 738 4042; x_wconf 86' lang='lat' dir='ltr'><strong>talibus</strong></span> <span class='ocrx_word' id='word_1_508' title='bbox 764 4002 828 4041; x_wconf 90' lang='lat' dir='ltr'><strong>ac</strong></span> <span class='ocrx_word' id='word_1_509' title='bbox 848 3987 1013 4041; x_wconf 90' lang='lat' dir='ltr'><strong>tantis</strong></span> <span class='ocrx_word' id='word_1_510' title='bbox 1034 3986 1275 4058; x_wconf 89' lang='lat' dir='ltr'><strong>gladium</strong></span> <span class='ocrx_word' id='word_1_511' title='bbox 1293 3988 1350 4042; x_wconf 89' lang='lat' dir='ltr'><strong>in</strong></span> <span class='ocrx_word' id='word_1_512' title='bbox 1376 4003 1474 4042; x_wconf 89' lang='lat' dir='ltr'><strong>vos</strong></span> <span class='ocrx_word' id='word_1_513' title='bbox 1501 3986 1634 4043; x_wconf 66' lang='lat' dir='ltr'><strong>dira:</strong></span> <span class='ocrx_word' id='word_1_514' title='bbox 1653 3986 2141 4043; x_wconf 86' lang='lat' dir='ltr'><strong>animadversionis</strong></span> <span class='ocrx_word' id='word_1_515' title='bbox 2249 3983 2476 4038; x_wconf 88' lang='lat' dir='ltr'><strong>verbum</strong></span> <span class='ocrx_word' id='word_1_516' title='bbox 2523 3984 2924 4055; x_wconf 87' lang='lat' dir='ltr'><strong>praedicationis</strong></span> <span class='ocrx_word' id='word_1_517' title='bbox 2970 3984 3301 4040; x_wconf 88' lang='lat' dir='ltr'><strong>abscondere</strong></span> <span class='ocrx_word' id='word_1_518' title='bbox 3335 3993 3392 4040; x_wconf 93' lang='lat' dir='ltr'><strong>et</strong></span> <span class='ocrx_word' id='word_1_519' title='bbox 3422 3984 3633 4056; x_wconf 91' lang='lat' dir='ltr'><strong>uspiam</strong></span> <span class='ocrx_word' id='word_1_520' title='bbox 3664 3992 3855 4041; x_wconf 89' lang='lat' dir='ltr'><strong>tacere</strong></span> 
     </span>
    </p>
   </div>
   <div class='ocr_carea' id='block_1_43' title="bbox 538 4076 3853 4152">
    <p class='ocr_par' dir='ltr' id='par_1_43' title="bbox 538 4076 3853 4152">
     <span class='ocr_line' id='line_1_44' title="bbox 538 4076 3853 4152; baseline -0.001 -17"><span class='ocrx_word' id='word_1_521' title='bbox 538 4079 859 4150; x_wconf 88' lang='lat' dir='ltr'><strong>evaginavit.</strong></span> <span class='ocrx_word' id='word_1_522' title='bbox 904 4079 1006 4136; x_wconf 92' lang='lat' dir='ltr'><strong>Sed</strong></span> <span class='ocrx_word' id='word_1_523' title='bbox 1051 4087 1342 4152; x_wconf 90' lang='lat' dir='ltr'><strong>postquam</strong></span> <span class='ocrx_word' id='word_1_524' title='bbox 1382 4078 1525 4134; x_wconf 86' lang='lat' dir='ltr'><strong>ﬁlius</strong></span> <span class='ocrx_word' id='word_1_525' title='bbox 1565 4080 1924 4135; x_wconf 80' lang='lat' dir='ltr'><strong>etconfrater</strong></span> <span class='ocrx_word' id='word_1_526' title='bbox 1955 4087 2142 4134; x_wconf 89' lang='lat' dir='ltr'><strong>noster</strong></span> <span class='ocrx_word' id='word_1_527' title='bbox 2249 4093 2360 4131; x_wconf 87' lang='lat' dir='ltr'><strong>non</strong></span> <span class='ocrx_word' id='word_1_528' title='bbox 2396 4076 2463 4132; x_wconf 89' lang='lat' dir='ltr'><strong>sit</strong></span> <span class='ocrx_word' id='word_1_529' title='bbox 2488 4078 2650 4133; x_wconf 89' lang='lat' dir='ltr'><strong>nobis</strong></span> <span class='ocrx_word' id='word_1_530' title='bbox 2678 4087 2863 4134; x_wconf 91' lang='lat' dir='ltr'><strong>tutum</strong></span> <span class='ocrx_word' id='word_1_531' title='bbox 2892 4086 2988 4133; x_wconf 91' lang='lat' dir='ltr'><strong>aut</strong></span> <span class='ocrx_word' id='word_1_532' title='bbox 3016 4079 3266 4145; x_wconf 91' lang='lat' dir='ltr'><strong>liberum,</strong></span> <span class='ocrx_word' id='word_1_533' title='bbox 3293 4086 3484 4134; x_wconf 89' lang='lat' dir='ltr'><strong>tamen</strong></span> <span class='ocrx_word' id='word_1_534' title='bbox 3522 4086 3725 4148; x_wconf 89' lang='lat' dir='ltr'><strong>quanto</strong></span> <span class='ocrx_word' id='word_1_535' title='bbox 3755 4076 3853 4132; x_wconf 91' lang='lat' dir='ltr'><strong>di-</strong></span> 
     </span>
    </p>
   </div>
   <div class='ocr_carea' id='block_1_44' title="bbox 542 4171 3853 4246">
    <p class='ocr_par' dir='ltr' id='par_1_44' title="bbox 542 4171 3853 4246">
     <span class='ocr_line' id='line_1_45' title="bbox 542 4171 3853 4246; baseline -0.001 -16"><span class='ocrx_word' id='word_1_536' title='bbox 542 4172 876 4230; x_wconf 89' lang='lat' dir='ltr'><strong>Guilielmus</strong></span> <span class='ocrx_word' id='word_1_537' title='bbox 900 4174 1187 4244; x_wconf 90' lang='lat' dir='ltr'><strong>episcopus</strong></span> <span class='ocrx_word' id='word_1_538' title='bbox 1210 4181 1408 4240; x_wconf 84' lang='lat' dir='ltr'><strong>vester,</strong></span> <span class='ocrx_word' id='word_1_539' title='bbox 1425 4182 1651 4244; x_wconf 89' lang='lat' dir='ltr'><strong>paterna</strong></span> <span class='ocrx_word' id='word_1_540' title='bbox 1674 4174 1875 4246; x_wconf 90' lang='lat' dir='ltr'><strong>pietate</strong></span> <span class='ocrx_word' id='word_1_541' title='bbox 1895 4171 2140 4245; x_wconf 89' lang='lat' dir='ltr'><strong>rogando</strong></span> <span class='ocrx_word' id='word_1_542' title='bbox 2251 4171 2425 4241; x_wconf 84' lang='lat' dir='ltr'><strong>gnitas</strong></span> <span class='ocrx_word' id='word_1_543' title='bbox 2465 4180 2546 4226; x_wconf 87' lang='lat' dir='ltr'><strong>est</strong></span> <span class='ocrx_word' id='word_1_544' title='bbox 2573 4171 2807 4241; x_wconf 86' lang='lat' dir='ltr'><strong>amplior</strong></span> <span class='ocrx_word' id='word_1_545' title='bbox 2831 4180 2887 4227; x_wconf 92' lang='lat' dir='ltr'><strong>et</strong></span> <span class='ocrx_word' id='word_1_546' title='bbox 2922 4187 3152 4243; x_wconf 90' lang='lat' dir='ltr'><strong>persona</strong></span> <span class='ocrx_word' id='word_1_547' title='bbox 3176 4171 3493 4242; x_wconf 89' lang='lat' dir='ltr'><strong>sublimior,</strong></span> <span class='ocrx_word' id='word_1_548' title='bbox 3529 4177 3681 4227; x_wconf 90' lang='lat' dir='ltr'><strong>tanto</strong></span> <span class='ocrx_word' id='word_1_549' title='bbox 3714 4188 3853 4243; x_wconf 89' lang='lat' dir='ltr'><strong>pro-</strong></span> 
     </span>
    </p>
   </div>
   <div class='ocr_carea' id='block_1_45' title="bbox 545 4264 3854 4339">
    <p class='ocr_par' dir='ltr' id='par_1_45' title="bbox 545 4264 3854 4339">
     <span class='ocr_line' id='line_1_46' title="bbox 545 4264 3854 4339; baseline 0.001 -19"><span class='ocrx_word' id='word_1_550' title='bbox 545 4282 645 4339; x_wconf 92' lang='lat' dir='ltr'><strong>pro</strong></span> <span class='ocrx_word' id='word_1_551' title='bbox 674 4266 826 4322; x_wconf 88' lang='lat' dir='ltr'><strong>vobis</strong></span> <span class='ocrx_word' id='word_1_552' title='bbox 866 4266 1153 4338; x_wconf 88' lang='lat' dir='ltr'><strong>epistolam</strong></span> <span class='ocrx_word' id='word_1_553' title='bbox 1200 4282 1357 4321; x_wconf 90' lang='lat' dir='ltr'><strong>suam</strong></span> <span class='ocrx_word' id='word_1_554' title='bbox 1389 4266 1550 4322; x_wconf 91' lang='lat' dir='ltr'><strong>nobis</strong></span> <span class='ocrx_word' id='word_1_555' title='bbox 1588 4266 1644 4321; x_wconf 93' lang='lat' dir='ltr'><strong>in</strong></span> <span class='ocrx_word' id='word_1_556' title='bbox 1677 4274 1921 4338; x_wconf 88' lang='lat' dir='ltr'><strong>tempore</strong></span> <span class='ocrx_word' id='word_1_557' title='bbox 1950 4266 2144 4338; x_wconf 88' lang='lat' dir='ltr'><strong>synodi</strong></span> <span class='ocrx_word' id='word_1_558' title='bbox 2254 4264 2563 4334; x_wconf 87' lang='lat' dir='ltr'><strong>peusiorem</strong></span> <span class='ocrx_word' id='word_1_559' title='bbox 2595 4281 2788 4319; x_wconf 90' lang='lat' dir='ltr'><strong>curam</strong></span> <span class='ocrx_word' id='word_1_560' title='bbox 2818 4274 2877 4320; x_wconf 90' lang='lat' dir='ltr'><strong>et</strong></span> <span class='ocrx_word' id='word_1_561' title='bbox 2902 4266 3200 4321; x_wconf 91' lang='lat' dir='ltr'><strong>clamorem</strong></span> <span class='ocrx_word' id='word_1_562' title='bbox 3230 4281 3327 4336; x_wconf 90' lang='lat' dir='ltr'><strong>pro</strong></span> <span class='ocrx_word' id='word_1_563' title='bbox 3353 4266 3472 4338; x_wconf 84' lang='lat' dir='ltr'><strong>ejus</strong></span> <span class='ocrx_word' id='word_1_564' title='bbox 3508 4265 3854 4322; x_wconf 87' lang='lat' dir='ltr'><strong>rectitudine</strong></span> 
     </span>
    </p>
   </div>
   <div class='ocr_carea' id='block_1_46' title="bbox 543 4357 3856 4433">
    <p class='ocr_par' dir='ltr' id='par_1_46' title="bbox 543 4357 3856 4433">
     <span class='ocr_line' id='line_1_47' title="bbox 543 4357 3856 4433; baseline -0 -17"><span class='ocrx_word' id='word_1_565' title='bbox 543 4359 769 4425; x_wconf 84' lang='lat' dir='ltr'><strong>direxit,</strong></span> <span class='ocrx_word' id='word_1_566' title='bbox 830 4360 1127 4416; x_wconf 89' lang='lat' dir='ltr'><strong>sentientes</strong></span> <span class='ocrx_word' id='word_1_567' title='bbox 1182 4376 1308 4416; x_wconf 91' lang='lat' dir='ltr'><strong>cum</strong></span> <span class='ocrx_word' id='word_1_568' title='bbox 1371 4376 1497 4433; x_wconf 90' lang='lat' dir='ltr'><strong>erga</strong></span> <span class='ocrx_word' id='word_1_569' title='bbox 1547 4376 1645 4416; x_wconf 91' lang='lat' dir='ltr'><strong>vos</strong></span> <span class='ocrx_word' id='word_1_570' title='bbox 1706 4360 2035 4417; x_wconf 88' lang='lat' dir='ltr'><strong>benevolum</strong></span> <span class='ocrx_word' id='word_1_571' title='bbox 2091 4368 2147 4416; x_wconf 89' lang='lat' dir='ltr'><strong>et</strong></span> <span class='ocrx_word' id='word_1_572' title='bbox 2250 4372 2353 4411; x_wconf 90' lang='lat' dir='ltr'><strong>nos</strong></span> <span class='ocrx_word' id='word_1_573' title='bbox 2394 4357 2592 4412; x_wconf 88' lang='lat' dir='ltr'><strong>habere</strong></span> <span class='ocrx_word' id='word_1_574' title='bbox 2634 4359 2911 4423; x_wconf 88' lang='lat' dir='ltr'><strong>convenit,</strong></span> <span class='ocrx_word' id='word_1_575' title='bbox 2948 4358 3277 4414; x_wconf 90' lang='lat' dir='ltr'><strong>admonente</strong></span> <span class='ocrx_word' id='word_1_576' title='bbox 3324 4376 3428 4414; x_wconf 84' lang='lat' dir='ltr'><strong>nos</strong></span> <span class='ocrx_word' id='word_1_577' title='bbox 3475 4360 3712 4415; x_wconf 89' lang='lat' dir='ltr'><strong>Domino</strong></span> <span class='ocrx_word' id='word_1_578' title='bbox 3746 4376 3856 4431; x_wconf 88' lang='lat' dir='ltr'><strong>per</strong></span> 
     </span>
    </p>
   </div>
   <div class='ocr_carea' id='block_1_47' title="bbox 540 4436 3854 4526">
    <p class='ocr_par' dir='ltr' id='par_1_47' title="bbox 540 4436 3854 4526">
     <span class='ocr_line' id='line_1_48' title="bbox 540 4436 3854 4526; baseline 0 -19"><span class='ocrx_word' id='word_1_579' title='bbox 540 4451 869 4510; x_wconf 83' lang='lat' dir='ltr'><strong>referentem</strong></span> <span class='ocrx_word' id='word_1_580' title='bbox 913 4470 1012 4526; x_wconf 91' lang='lat' dir='ltr'><strong>pro</strong></span> <span class='ocrx_word' id='word_1_581' title='bbox 1058 4454 1204 4509; x_wconf 91' lang='lat' dir='ltr'><strong>malo</strong></span> <span class='ocrx_word' id='word_1_582' title='bbox 1244 4436 1492 4521; x_wconf 69' lang='lat' dir='ltr'><strong>bonum,</strong></span> <span class='ocrx_word' id='word_1_583' title='bbox 1546 4453 1800 4524; x_wconf 90' lang='lat' dir='ltr'><strong>precibus</strong></span> <span class='ocrx_word' id='word_1_584' title='bbox 1844 4454 1963 4522; x_wconf 87' lang='lat' dir='ltr'><strong>ejus</strong></span> <span class='ocrx_word' id='word_1_585' title='bbox 2010 4462 2145 4525; x_wconf 64' lang='lat' dir='ltr'><strong>moti</strong></span> <span class='ocrx_word' id='word_1_586' title='bbox 2256 4449 2577 4520; x_wconf 85' lang='lat' dir='ltr'><strong>prephetam</strong></span> <span class='ocrx_word' id='word_1_587' title='bbox 2616 4448 2884 4506; x_wconf 85' lang='lat' dir='ltr'><strong>dicentem</strong></span> <span class='ocrx_word' id='word_1_588' title='bbox 2917 4471 2931 4507; x_wconf 87' lang='lat'><strong>:</strong></span> <span class='ocrx_word' id='word_1_589' title='bbox 2964 4450 3178 4516; x_wconf 80' lang='lat' dir='ltr'><strong>Clama,</strong></span> <span class='ocrx_word' id='word_1_590' title='bbox 3213 4470 3279 4508; x_wconf 83' lang='lat' dir='ltr'><strong>ne</strong></span> <span class='ocrx_word' id='word_1_591' title='bbox 3318 4468 3502 4521; x_wconf 85' lang='lat' dir='ltr'><strong>cesses,</strong></span> <span class='ocrx_word' id='word_1_592' title='bbox 3530 4455 3691 4522; x_wconf 71' lang='lat' dir='ltr'><strong>quasi</strong></span> <span class='ocrx_word' id='word_1_593' title='bbox 3713 4454 3854 4510; x_wconf 82' lang='lat' dir='ltr'><strong>tuba</strong></span> 
     </span>
    </p>
   </div>
   <div class='ocr_carea' id='block_1_48' title="bbox 535 4542 3857 4619">
    <p class='ocr_par' dir='ltr' id='par_1_48' title="bbox 535 4542 3857 4619">
     <span class='ocr_line' id='line_1_49' title="bbox 535 4542 3857 4619; baseline 0.001 -19"><span class='ocrx_word' id='word_1_594' title='bbox 535 4547 690 4601; x_wconf 88' lang='lat' dir='ltr'><strong>solita</strong></span> <span class='ocrx_word' id='word_1_595' title='bbox 714 4547 911 4619; x_wconf 81' lang='lat' dir='ltr'><strong>pietate</strong></span> <span class='ocrx_word' id='word_1_596' title='bbox 948 4546 1468 4615; x_wconf 79' lang='lat' dir='ltr'><strong>condescendimus;</strong></span> <span class='ocrx_word' id='word_1_597' title='bbox 1512 4555 1589 4614; x_wconf 91' lang='lat' dir='ltr'><strong>et,</strong></span> <span class='ocrx_word' id='word_1_598' title='bbox 1631 4561 1726 4618; x_wconf 86' lang='lat' dir='ltr'><strong>per</strong></span> <span class='ocrx_word' id='word_1_599' title='bbox 1756 4547 2145 4602; x_wconf 89' lang='lat' dir='ltr'><strong>auctoritatem</strong></span> <span class='ocrx_word' id='word_1_600' title='bbox 2174 4542 2224 4604; x_wconf 91' lang='lat' dir='ltr'><strong>D</strong></span> <span class='ocrx_word' id='word_1_601' title='bbox 2251 4542 2439 4598; x_wconf 61' lang='lat' dir='ltr'><strong>exalto</strong></span> <span class='ocrx_word' id='word_1_602' title='bbox 2464 4560 2635 4599; x_wconf 77' lang='lat' dir='ltr'><strong>vocem</strong></span> <span class='ocrx_word' id='word_1_603' title='bbox 2654 4549 2807 4598; x_wconf 83' lang='lat' dir='ltr'><strong>tuam</strong></span> <span class='ocrx_word' id='word_1_604' title='bbox 2834 4545 2958 4616; x_wconf 88' lang='lat' dir='ltr'><strong>(Isa.</strong></span> <span class='ocrx_word' id='word_1_605' title='bbox 2988 4549 3201 4616; x_wconf 81' lang='lat' dir='ltr'><strong>LVIII);</strong></span> <span class='ocrx_word' id='word_1_606' title='bbox 3233 4546 3508 4617; x_wconf 63' lang='lat' dir='ltr'><strong>praecipue</strong></span> <span class='ocrx_word' id='word_1_607' title='bbox 3526 4562 3656 4601; x_wconf 89' lang='lat' dir='ltr'><strong>cum</strong></span> <span class='ocrx_word' id='word_1_608' title='bbox 3678 4547 3857 4603; x_wconf 90' lang='lat' dir='ltr'><strong>virtus</strong></span> 
     </span>
    </p>
   </div>
   <div class='ocr_carea' id='block_1_49' title="bbox 537 4636 3859 4713">
    <p class='ocr_par' dir='ltr' id='par_1_49' title="bbox 537 4636 3859 4713">
     <span class='ocr_line' id='line_1_50' title="bbox 537 4636 3859 4713; baseline 0.001 -20"><span class='ocrx_word' id='word_1_609' title='bbox 537 4640 679 4694; x_wconf 90' lang='lat' dir='ltr'><strong>beati</strong></span> <span class='ocrx_word' id='word_1_610' title='bbox 717 4641 862 4695; x_wconf 91' lang='lat' dir='ltr'><strong>Petri</strong></span> <span class='ocrx_word' id='word_1_611' title='bbox 899 4641 1279 4712; x_wconf 88' lang='lat' dir='ltr'><strong>apostolorum</strong></span> <span class='ocrx_word' id='word_1_612' title='bbox 1327 4640 1586 4713; x_wconf 88' lang='lat' dir='ltr'><strong>principis</strong></span> <span class='ocrx_word' id='word_1_613' title='bbox 1631 4655 1732 4695; x_wconf 92' lang='lat' dir='ltr'><strong>vos</strong></span> <span class='ocrx_word' id='word_1_614' title='bbox 1760 4640 2131 4705; x_wconf 84' lang='lat' dir='ltr'><strong>absolventes,</strong></span> <span class='ocrx_word' id='word_1_615' title='bbox 2247 4636 2683 4694; x_wconf 82' lang='lat' dir='ltr'><strong>Christianorum</strong></span> <span class='ocrx_word' id='word_1_616' title='bbox 2726 4638 3034 4710; x_wconf 91' lang='lat' dir='ltr'><strong>principum</strong></span> <span class='ocrx_word' id='word_1_617' title='bbox 3086 4640 3139 4694; x_wconf 92' lang='lat' dir='ltr'><strong>in</strong></span> <span class='ocrx_word' id='word_1_618' title='bbox 3180 4640 3426 4711; x_wconf 88' lang='lat' dir='ltr'><strong>ejusdem</strong></span> <span class='ocrx_word' id='word_1_619' title='bbox 3470 4641 3616 4711; x_wconf 90' lang='lat' dir='ltr'><strong>regis</strong></span> <span class='ocrx_word' id='word_1_620' title='bbox 3657 4642 3859 4697; x_wconf 87' lang='lat' dir='ltr'><strong>castris</strong></span> 
     </span>
    </p>
   </div>
   <div class='ocr_carea' id='block_1_50' title="bbox 540 4730 3860 4805">
    <p class='ocr_par' dir='ltr' id='par_1_50' title="bbox 540 4730 3860 4805">
     <span class='ocr_line' id='line_1_51' title="bbox 540 4730 3860 4805; baseline 0.002 -19"><span class='ocrx_word' id='word_1_621' title='bbox 540 4732 803 4787; x_wconf 87' lang='lat' dir='ltr'><strong>indultam</strong></span> <span class='ocrx_word' id='word_1_622' title='bbox 844 4734 1250 4790; x_wconf 86' lang='lat' dir='ltr'><strong>absolutionem</strong></span> <span class='ocrx_word' id='word_1_623' title='bbox 1301 4734 1562 4789; x_wconf 90' lang='lat' dir='ltr'><strong>continuo</strong></span> <span class='ocrx_word' id='word_1_624' title='bbox 1595 4732 1750 4788; x_wconf 88' lang='lat' dir='ltr'><strong>vobis</strong></span> <span class='ocrx_word' id='word_1_625' title='bbox 1793 4749 1889 4805; x_wconf 90' lang='lat' dir='ltr'><strong>pcr</strong></span> <span class='ocrx_word' id='word_1_626' title='bbox 1929 4733 2136 4788; x_wconf 88' lang='lat' dir='ltr'><strong>litteras</strong></span> <span class='ocrx_word' id='word_1_627' title='bbox 2246 4731 2315 4786; x_wconf 89' lang='lat' dir='ltr'><strong>ad</strong></span> <span class='ocrx_word' id='word_1_628' title='bbox 2339 4730 2647 4787; x_wconf 89' lang='lat' dir='ltr'><strong>custodiam</strong></span> <span class='ocrx_word' id='word_1_629' title='bbox 2666 4733 2985 4789; x_wconf 75' lang='lat' dir='ltr'><strong>Christianae</strong></span> <span class='ocrx_word' id='word_1_630' title='bbox 3009 4731 3211 4788; x_wconf 68' lang='lat' dir='ltr'><strong>militiae</strong></span> <span class='ocrx_word' id='word_1_631' title='bbox 3240 4734 3530 4789; x_wconf 88' lang='lat' dir='ltr'><strong>uobiscum</strong></span> <span class='ocrx_word' id='word_1_632' title='bbox 3555 4735 3860 4792; x_wconf 85' lang='lat' dir='ltr'><strong>convenire</strong></span> 
     </span>
    </p>
   </div>
   <div class='ocr_carea' id='block_1_51' title="bbox 536 4825 3850 4899">
    <p class='ocr_par' dir='ltr' id='par_1_51' title="bbox 536 4825 3850 4899">
     <span class='ocr_line' id='line_1_52' title="bbox 536 4825 3850 4899; baseline 0.001 -18"><span class='ocrx_word' id='word_1_633' title='bbox 536 4834 751 4881; x_wconf 89' lang='lat' dir='ltr'><strong>nostras</strong></span> <span class='ocrx_word' id='word_1_634' title='bbox 791 4826 1094 4897; x_wconf 86' lang='lat' dir='ltr'><strong>signiﬁcare</strong></span> <span class='ocrx_word' id='word_1_635' title='bbox 1129 4827 1543 4883; x_wconf 85' lang='lat' dir='ltr'><strong>destinavimus.</strong></span> <span class='ocrx_word' id='word_1_636' title='bbox 1594 4827 1805 4883; x_wconf 86' lang='lat' dir='ltr'><strong>Eadem</strong></span> <span class='ocrx_word' id='word_1_637' title='bbox 1836 4827 2001 4899; x_wconf 83' lang='lat' dir='ltr'><strong>igitur</strong></span> <span class='ocrx_word' id='word_1_638' title='bbox 2041 4843 2136 4882; x_wconf 89' lang='lat' dir='ltr'><strong>au-</strong></span> <span class='ocrx_word' id='word_1_639' title='bbox 2248 4825 2459 4880; x_wconf 88' lang='lat' dir='ltr'><strong>debeat.</strong></span> <span class='ocrx_word' id='word_1_640' title='bbox 2506 4829 2586 4881; x_wconf 95' lang='lat' dir='ltr'><strong>Ut</strong></span> <span class='ocrx_word' id='word_1_641' title='bbox 2639 4825 2804 4897; x_wconf 90' lang='lat' dir='ltr'><strong>igitur</strong></span> <span class='ocrx_word' id='word_1_642' title='bbox 2840 4842 3032 4881; x_wconf 90' lang='lat' dir='ltr'><strong>eorum</strong></span> <span class='ocrx_word' id='word_1_643' title='bbox 3071 4842 3309 4897; x_wconf 90' lang='lat' dir='ltr'><strong>quorum</strong></span> <span class='ocrx_word' id='word_1_644' title='bbox 3361 4843 3420 4882; x_wconf 89' lang='lat' dir='ltr'><strong>es</strong></span> <span class='ocrx_word' id='word_1_645' title='bbox 3457 4842 3743 4882; x_wconf 89' lang='lat' dir='ltr'><strong>successor</strong></span> <span class='ocrx_word' id='word_1_646' title='bbox 3793 4828 3850 4884; x_wconf 90' lang='lat' dir='ltr'><strong>in</strong></span> 
     </span>
    </p>
   </div>
   <div class='ocr_carea' id='block_1_52' title="bbox 536 4917 3853 4991">
    <p class='ocr_par' dir='ltr' id='par_1_52' title="bbox 536 4917 3853 4991">
     <span class='ocr_line' id='line_1_53' title="bbox 536 4917 3853 4991; baseline 0.001 -16"><span class='ocrx_word' id='word_1_647' title='bbox 536 4919 787 4975; x_wconf 85' lang='lat' dir='ltr'><strong>ctoritate</strong></span> <span class='ocrx_word' id='word_1_648' title='bbox 816 4918 1103 4975; x_wconf 89' lang='lat' dir='ltr'><strong>beatorum</strong></span> <span class='ocrx_word' id='word_1_649' title='bbox 1147 4921 1522 4989; x_wconf 90' lang='lat' dir='ltr'><strong>apostolorum</strong></span> <span class='ocrx_word' id='word_1_650' title='bbox 1563 4920 1706 4976; x_wconf 89' lang='lat' dir='ltr'><strong>Petri</strong></span> <span class='ocrx_word' id='word_1_651' title='bbox 1746 4929 1803 4975; x_wconf 90' lang='lat' dir='ltr'><strong>et</strong></span> <span class='ocrx_word' id='word_1_652' title='bbox 1854 4920 2033 4985; x_wconf 89' lang='lat' dir='ltr'><strong>Pauli,</strong></span> <span class='ocrx_word' id='word_1_653' title='bbox 2083 4928 2137 4974; x_wconf 89' lang='lat' dir='ltr'><strong>et</strong></span> <span class='ocrx_word' id='word_1_654' title='bbox 2248 4933 2413 4989; x_wconf 89' lang='lat' dir='ltr'><strong>regno</strong></span> <span class='ocrx_word' id='word_1_655' title='bbox 2449 4917 2747 4973; x_wconf 86' lang='lat' dir='ltr'><strong>nobilitatis</strong></span> <span class='ocrx_word' id='word_1_656' title='bbox 2777 4928 2830 4973; x_wconf 90' lang='lat' dir='ltr'><strong>et</strong></span> <span class='ocrx_word' id='word_1_657' title='bbox 2867 4919 3054 4991; x_wconf 72' lang='lat' dir='ltr'><strong>gloria:</strong></span> <span class='ocrx_word' id='word_1_658' title='bbox 3080 4917 3226 4990; x_wconf 91' lang='lat' dir='ltr'><strong>apud</strong></span> <span class='ocrx_word' id='word_1_659' title='bbox 3264 4923 3446 4975; x_wconf 89' lang='lat' dir='ltr'><strong>Deum</strong></span> <span class='ocrx_word' id='word_1_660' title='bbox 3495 4928 3549 4976; x_wconf 90' lang='lat' dir='ltr'><strong>et</strong></span> <span class='ocrx_word' id='word_1_661' title='bbox 3588 4919 3853 4977; x_wconf 89' lang='lat' dir='ltr'><strong>homines</strong></span> 
     </span>
    </p>
   </div>
   <div class='ocr_carea' id='block_1_53' title="bbox 540 5010 3855 5093">
    <p class='ocr_par' dir='ltr' id='par_1_53' title="bbox 540 5010 3855 5093">
     <span class='ocr_line' id='line_1_54' title="bbox 540 5010 3855 5093; baseline 0.001 -26"><span class='ocrx_word' id='word_1_662' title='bbox 540 5023 749 5093; x_wconf 78' lang='lat' dir='ltr'><strong>nostra,</strong></span> <span class='ocrx_word' id='word_1_663' title='bbox 780 5028 876 5068; x_wconf 91' lang='lat' dir='ltr'><strong>vos</strong></span> <span class='ocrx_word' id='word_1_664' title='bbox 908 5028 1195 5068; x_wconf 89' lang='lat' dir='ltr'><strong>monemus</strong></span> <span class='ocrx_word' id='word_1_665' title='bbox 1223 5021 1494 5083; x_wconf 86' lang='lat' dir='ltr'><strong>quatenus</strong></span> <span class='ocrx_word' id='word_1_666' title='bbox 1538 5013 1770 5085; x_wconf 88' lang='lat' dir='ltr'><strong>posthac</strong></span> <span class='ocrx_word' id='word_1_667' title='bbox 1798 5013 1900 5068; x_wconf 92' lang='lat' dir='ltr'><strong>sibi</strong></span> <span class='ocrx_word' id='word_1_668' title='bbox 1930 5013 2134 5069; x_wconf 89' lang='lat' dir='ltr'><strong>subditi</strong></span> <span class='ocrx_word' id='word_1_669' title='bbox 2246 5010 2531 5082; x_wconf 85' lang='lat' dir='ltr'><strong>singularis</strong></span> <span class='ocrx_word' id='word_1_670' title='bbox 2558 5020 2614 5066; x_wconf 91' lang='lat' dir='ltr'><strong>et</strong></span> <span class='ocrx_word' id='word_1_671' title='bbox 2633 5010 2945 5067; x_wconf 80' lang='lat' dir='ltr'><strong>individuus</strong></span> <span class='ocrx_word' id='word_1_672' title='bbox 2974 5012 3148 5068; x_wconf 69' lang='lat' dir='ltr'><strong>haares</strong></span> <span class='ocrx_word' id='word_1_673' title='bbox 3177 5014 3394 5081; x_wconf 83' lang='lat' dir='ltr'><strong>existas,</strong></span> <span class='ocrx_word' id='word_1_674' title='bbox 3442 5013 3707 5069; x_wconf 90' lang='lat' dir='ltr'><strong>virtutem</strong></span> <span class='ocrx_word' id='word_1_675' title='bbox 3728 5014 3855 5071; x_wconf 85' lang='lat' dir='ltr'><strong>illo-</strong></span> 
     </span>
    </p>
   </div>
   <div class='ocr_carea' id='block_1_54' title="bbox 542 5105 3856 5178">
    <p class='ocr_par' dir='ltr' id='par_1_54' title="bbox 542 5105 3856 5178">
     <span class='ocr_line' id='line_1_55' title="bbox 542 5105 3856 5178; baseline 0.001 -16"><span class='ocrx_word' id='word_1_676' title='bbox 542 5115 598 5162; x_wconf 92' lang='lat' dir='ltr'><strong>et</strong></span> <span class='ocrx_word' id='word_1_677' title='bbox 654 5105 991 5175; x_wconf 86' lang='lat' dir='ltr'><strong>obedientes,</strong></span> <span class='ocrx_word' id='word_1_678' title='bbox 1050 5106 1187 5161; x_wconf 90' lang='lat' dir='ltr'><strong>sicut</strong></span> <span class='ocrx_word' id='word_1_679' title='bbox 1245 5114 1422 5161; x_wconf 90' lang='lat' dir='ltr'><strong>vestro</strong></span> <span class='ocrx_word' id='word_1_680' title='bbox 1473 5105 1763 5177; x_wconf 90' lang='lat' dir='ltr'><strong>episcopo,</strong></span> <span class='ocrx_word' id='word_1_681' title='bbox 1823 5114 1879 5160; x_wconf 90' lang='lat' dir='ltr'><strong>et</strong></span> <span class='ocrx_word' id='word_1_682' title='bbox 1932 5115 2136 5161; x_wconf 77' lang='lat' dir='ltr'><strong>sanctae</strong></span> <span class='ocrx_word' id='word_1_683' title='bbox 2248 5120 2371 5159; x_wconf 92' lang='lat' dir='ltr'><strong>rum</strong></span> <span class='ocrx_word' id='word_1_684' title='bbox 2414 5120 2764 5176; x_wconf 89' lang='lat' dir='ltr'><strong>summopere</strong></span> <span class='ocrx_word' id='word_1_685' title='bbox 2802 5114 2856 5160; x_wconf 92' lang='lat' dir='ltr'><strong>te</strong></span> <span class='ocrx_word' id='word_1_686' title='bbox 2892 5105 3115 5174; x_wconf 84' lang='lat' dir='ltr'><strong>imitari,</strong></span> <span class='ocrx_word' id='word_1_687' title='bbox 3161 5115 3236 5173; x_wconf 92' lang='lat' dir='ltr'><strong>et,</strong></span> <span class='ocrx_word' id='word_1_688' title='bbox 3262 5106 3538 5178; x_wconf 87' lang='lat' dir='ltr'><strong>justitiam</strong></span> <span class='ocrx_word' id='word_1_689' title='bbox 3567 5106 3667 5163; x_wconf 90' lang='lat' dir='ltr'><strong>Dei</strong></span> <span class='ocrx_word' id='word_1_690' title='bbox 3712 5109 3856 5164; x_wconf 90' lang='lat' dir='ltr'><strong>totis</strong></span> 
     </span>
    </p>
   </div>
   <div class='ocr_carea' id='block_1_55' title="bbox 540 5188 3859 5272">
    <p class='ocr_par' dir='ltr' id='par_1_55' title="bbox 540 5188 3859 5272">
     <span class='ocr_line' id='line_1_56' title="bbox 540 5188 3859 5272; baseline 0.001 -17"><span class='ocrx_word' id='word_1_691' title='bbox 540 5202 808 5255; x_wconf 72' lang='lat' dir='ltr'><strong>Romanae</strong></span> <span class='ocrx_word' id='word_1_692' title='bbox 838 5199 1094 5255; x_wconf 79' lang='lat' dir='ltr'><strong>Ecclesiae</strong></span> <span class='ocrx_word' id='word_1_693' title='bbox 1129 5198 1260 5264; x_wconf 82' lang='lat' dir='ltr'><strong>filio,</strong></span> <span class='ocrx_word' id='word_1_694' title='bbox 1305 5198 1421 5253; x_wconf 89' lang='lat' dir='ltr'><strong>sitis</strong></span> <span class='ocrx_word' id='word_1_695' title='bbox 1458 5216 1472 5253; x_wconf 91' lang='lat'><strong>:</strong></span> <span class='ocrx_word' id='word_1_696' title='bbox 1503 5197 1650 5253; x_wconf 87' lang='lat' dir='ltr'><strong>etde</strong></span> <span class='ocrx_word' id='word_1_697' title='bbox 1686 5206 1837 5253; x_wconf 87' lang='lat' dir='ltr'><strong>tanta</strong></span> <span class='ocrx_word' id='word_1_698' title='bbox 1867 5207 2137 5269; x_wconf 86' lang='lat' dir='ltr'><strong>perpetra-</strong></span> <span class='ocrx_word' id='word_1_699' title='bbox 2248 5198 2447 5254; x_wconf 87' lang='lat' dir='ltr'><strong>viribus</strong></span> <span class='ocrx_word' id='word_1_700' title='bbox 2475 5188 2837 5270; x_wconf 76' lang='lat' dir='ltr'><strong>exsequendo,</strong></span> <span class='ocrx_word' id='word_1_701' title='bbox 2868 5200 3119 5254; x_wconf 91' lang='lat' dir='ltr'><strong>ecclesias</strong></span> <span class='ocrx_word' id='word_1_702' title='bbox 3144 5209 3411 5272; x_wconf 91' lang='lat' dir='ltr'><strong>quantum</strong></span> <span class='ocrx_word' id='word_1_703' title='bbox 3445 5208 3600 5271; x_wconf 86' lang='lat' dir='ltr'><strong>potes</strong></span> <span class='ocrx_word' id='word_1_704' title='bbox 3640 5210 3859 5257; x_wconf 88' lang='lat' dir='ltr'><strong>restau-</strong></span> 
     </span>
    </p>
   </div>
   <div class='ocr_carea' id='block_1_56' title="bbox 542 5289 3859 5365">
    <p class='ocr_par' dir='ltr' id='par_1_56' title="bbox 542 5289 3859 5365">
     <span class='ocr_line' id='line_1_57' title="bbox 542 5289 3859 5365; baseline 0.002 -19"><span class='ocrx_word' id='word_1_705' title='bbox 542 5293 713 5355; x_wconf 89' lang='lat' dir='ltr'><strong>tione,</strong></span> <span class='ocrx_word' id='word_1_706' title='bbox 748 5293 793 5348; x_wconf 90' lang='lat' dir='ltr'><strong>si</strong></span> <span class='ocrx_word' id='word_1_707' title='bbox 832 5293 1214 5363; x_wconf 79' lang='lat' dir='ltr'><strong>paenitentiam</strong></span> <span class='ocrx_word' id='word_1_708' title='bbox 1253 5291 1432 5347; x_wconf 90' lang='lat' dir='ltr'><strong>adhuc</strong></span> <span class='ocrx_word' id='word_1_709' title='bbox 1460 5308 1571 5346; x_wconf 91' lang='lat' dir='ltr'><strong>non</strong></span> <span class='ocrx_word' id='word_1_710' title='bbox 1618 5289 1844 5358; x_wconf 88' lang='lat' dir='ltr'><strong>fecistis,</strong></span> <span class='ocrx_word' id='word_1_711' title='bbox 1889 5290 2137 5363; x_wconf 90' lang='lat' dir='ltr'><strong>ejusdem</strong></span> <span class='ocrx_word' id='word_1_712' title='bbox 2246 5308 2369 5348; x_wconf 88' lang='lat' dir='ltr'><strong>rare</strong></span> <span class='ocrx_word' id='word_1_713' title='bbox 2393 5302 2449 5348; x_wconf 89' lang='lat' dir='ltr'><strong>et</strong></span> <span class='ocrx_word' id='word_1_714' title='bbox 2466 5291 2757 5349; x_wconf 88' lang='lat' dir='ltr'><strong>defendere</strong></span> <span class='ocrx_word' id='word_1_715' title='bbox 2776 5292 3131 5348; x_wconf 81' lang='lat' dir='ltr'><strong>exhortamur</strong></span> <span class='ocrx_word' id='word_1_716' title='bbox 3158 5312 3170 5348; x_wconf 89' lang='lat'><strong>:</strong></span> <span class='ocrx_word' id='word_1_717' title='bbox 3197 5301 3470 5365; x_wconf 90' lang='lat' dir='ltr'><strong>quatenus</strong></span> <span class='ocrx_word' id='word_1_718' title='bbox 3496 5294 3859 5365; x_wconf 89' lang='lat' dir='ltr'><strong>omnipotens</strong></span> 
     </span>
    </p>
   </div>
   <div class='ocr_carea' id='block_1_57' title="bbox 544 5384 3859 5459">
    <p class='ocr_par' dir='ltr' id='par_1_57' title="bbox 544 5384 3859 5459">
     <span class='ocr_line' id='line_1_58' title="bbox 544 5384 3859 5459; baseline 0.001 -17"><span class='ocrx_word' id='word_1_719' title='bbox 544 5386 778 5457; x_wconf 90' lang='lat' dir='ltr'><strong>episcopi</strong></span> <span class='ocrx_word' id='word_1_720' title='bbox 809 5386 970 5442; x_wconf 88' lang='lat' dir='ltr'><strong>vestri</strong></span> <span class='ocrx_word' id='word_1_721' title='bbox 1003 5384 1203 5441; x_wconf 86' lang='lat' dir='ltr'><strong>salubri</strong></span> <span class='ocrx_word' id='word_1_722' title='bbox 1230 5385 1457 5440; x_wconf 89' lang='lat' dir='ltr'><strong>consilio</strong></span> <span class='ocrx_word' id='word_1_723' title='bbox 1484 5384 1599 5439; x_wconf 89' lang='lat' dir='ltr'><strong>sine</strong></span> <span class='ocrx_word' id='word_1_724' title='bbox 1628 5400 1781 5439; x_wconf 89' lang='lat' dir='ltr'><strong>mora</strong></span> <span class='ocrx_word' id='word_1_725' title='bbox 1808 5384 2135 5457; x_wconf 74' lang='lat' dir='ltr'><strong>suscipiatis,</strong></span> <span class='ocrx_word' id='word_1_726' title='bbox 2248 5390 2397 5442; x_wconf 91' lang='lat' dir='ltr'><strong>Deus</strong></span> <span class='ocrx_word' id='word_1_727' title='bbox 2422 5386 2639 5442; x_wconf 83' lang='lat' dir='ltr'><strong>dextera</strong></span> <span class='ocrx_word' id='word_1_728' title='bbox 2662 5386 2877 5441; x_wconf 89' lang='lat' dir='ltr'><strong>virtutis</strong></span> <span class='ocrx_word' id='word_1_729' title='bbox 2920 5402 3054 5453; x_wconf 68' lang='lat' dir='ltr'><strong>suae,</strong></span> <span class='ocrx_word' id='word_1_730' title='bbox 3082 5396 3136 5442; x_wconf 90' lang='lat' dir='ltr'><strong>et</strong></span> <span class='ocrx_word' id='word_1_731' title='bbox 3171 5386 3259 5441; x_wconf 89' lang='lat' dir='ltr'><strong>hic</strong></span> <span class='ocrx_word' id='word_1_732' title='bbox 3287 5386 3438 5458; x_wconf 89' lang='lat' dir='ltr'><strong>regni</strong></span> <span class='ocrx_word' id='word_1_733' title='bbox 3463 5388 3541 5442; x_wconf 92' lang='lat' dir='ltr'><strong>tui</strong></span> <span class='ocrx_word' id='word_1_734' title='bbox 3581 5387 3859 5459; x_wconf 78' lang='lat' dir='ltr'><strong>guberna-</strong></span> 
     </span>
    </p>
   </div>
   <div class='ocr_carea' id='block_1_58' title="bbox 543 5478 3859 5554">
    <p class='ocr_par' dir='ltr' id='par_1_58' title="bbox 543 5478 3859 5554">
     <span class='ocr_line' id='line_1_59' title="bbox 543 5478 3859 5554; baseline 0.001 -19"><span class='ocrx_word' id='word_1_735' title='bbox 543 5489 813 5554; x_wconf 86' lang='lat' dir='ltr'><strong>quatenus</strong></span> <span class='ocrx_word' id='word_1_736' title='bbox 852 5479 1077 5550; x_wconf 78' lang='lat' dir='ltr'><strong>spiritus</strong></span> <span class='ocrx_word' id='word_1_737' title='bbox 1117 5488 1294 5534; x_wconf 86' lang='lat' dir='ltr'><strong>vester</strong></span> <span class='ocrx_word' id='word_1_738' title='bbox 1337 5478 1517 5533; x_wconf 88' lang='lat' dir='ltr'><strong>salvus</strong></span> <span class='ocrx_word' id='word_1_739' title='bbox 1555 5478 1627 5533; x_wconf 90' lang='lat' dir='ltr'><strong>sit</strong></span> <span class='ocrx_word' id='word_1_740' title='bbox 1664 5479 1717 5533; x_wconf 90' lang='lat' dir='ltr'><strong>in</strong></span> <span class='ocrx_word' id='word_1_741' title='bbox 1761 5479 1851 5533; x_wconf 91' lang='lat' dir='ltr'><strong>die</strong></span> <span class='ocrx_word' id='word_1_742' title='bbox 1888 5480 2134 5535; x_wconf 85' lang='lat' dir='ltr'><strong>Domini.</strong></span> <span class='ocrx_word' id='word_1_743' title='bbox 2247 5481 2364 5536; x_wconf 89' lang='lat' dir='ltr'><strong>cula</strong></span> <span class='ocrx_word' id='word_1_744' title='bbox 2414 5488 2660 5551; x_wconf 88' lang='lat' dir='ltr'><strong>protegat</strong></span> <span class='ocrx_word' id='word_1_745' title='bbox 2701 5489 2757 5534; x_wconf 91' lang='lat' dir='ltr'><strong>et</strong></span> <span class='ocrx_word' id='word_1_746' title='bbox 2797 5479 3027 5549; x_wconf 86' lang='lat' dir='ltr'><strong>exaltet,</strong></span> <span class='ocrx_word' id='word_1_747' title='bbox 3082 5489 3137 5536; x_wconf 90' lang='lat' dir='ltr'><strong>et</strong></span> <span class='ocrx_word' id='word_1_748' title='bbox 3179 5495 3442 5536; x_wconf 90' lang='lat' dir='ltr'><strong>coronam</strong></span> <span class='ocrx_word' id='word_1_749' title='bbox 3498 5482 3859 5551; x_wconf 68' lang='lat' dir='ltr'><strong>sempiterna:</strong></span> 
     </span>
    </p>
   </div>
   <div class='ocr_carea' id='block_1_59' title="bbox 616 5570 3419 5646">
    <p class='ocr_par' dir='ltr' id='par_1_59' title="bbox 616 5570 3419 5646">
     <span class='ocr_line' id='line_1_60' title="bbox 616 5570 3419 5646; baseline 0.001 -20"><span class='ocrx_word' id='word_1_750' title='bbox 616 5575 751 5628; x_wconf 81' lang='lat' dir='ltr'><strong>Data</strong></span> <span class='ocrx_word' id='word_1_751' title='bbox 814 5575 1015 5628; x_wconf 77' lang='lat' dir='ltr'><strong>Romae</strong></span> <span class='ocrx_word' id='word_1_752' title='bbox 1064 5570 1253 5627; x_wconf 89' lang='lat' dir='ltr'><strong>Idibus</strong></span> <span class='ocrx_word' id='word_1_753' title='bbox 1297 5572 1532 5643; x_wconf 84' lang='lat' dir='ltr'><strong>Aprilis,</strong></span> <span class='ocrx_word' id='word_1_754' title='bbox 1578 5571 1875 5628; x_wconf 90' lang='lat' dir='ltr'><strong>indictione</strong></span> <span class='ocrx_word' id='word_1_755' title='bbox 1922 5572 2137 5630; x_wconf 88' lang='lat' dir='ltr'><strong>duode-</strong></span> <span class='ocrx_word' id='word_1_756' title='bbox 2247 5574 2436 5646; x_wconf 62' lang='lat' dir='ltr'><strong>gloriae</strong></span> <span class='ocrx_word' id='word_1_757' title='bbox 2463 5575 2519 5629; x_wconf 93' lang='lat' dir='ltr'><strong>in</strong></span> <span class='ocrx_word' id='word_1_758' title='bbox 2547 5572 2728 5629; x_wconf 83' lang='lat' dir='ltr'><strong>futura</strong></span> <span class='ocrx_word' id='word_1_759' title='bbox 2756 5574 3205 5630; x_wconf 87' lang='lat' dir='ltr'><strong>remuneratione</strong></span> <span class='ocrx_word' id='word_1_760' title='bbox 3232 5574 3419 5629; x_wconf 87' lang='lat' dir='ltr'><strong>donet.</strong></span> 
     </span>
    </p>
   </div>
   <div class='ocr_carea' id='block_1_60' title="bbox 1050 2564 1598 2608">
    <p class='ocr_par' dir='ltr' id='par_1_60' title="bbox 1050 2564 1598 2608">
     <span class='ocr_line' id='line_1_61' title="bbox 1050 2564 1598 2608; baseline 0.007 -4"><span class='ocrx_word' id='word_1_761' title='bbox 1050 2565 1132 2605; x_wconf 74' lang='lat' dir='ltr'><strong>AD</strong></span> <span class='ocrx_word' id='word_1_762' title='bbox 1156 2564 1575 2607; x_wconf 75' lang='lat' dir='ltr'><strong>BELVACBNSRS</strong></span> <span class='ocrx_word' id='word_1_763' title='bbox 1584 2594 1598 2608; x_wconf 83' lang='lat'><strong>.</strong></span> 
     </span>
    </p>
   </div>
   <div class='ocr_carea' id='block_1_61' title="bbox 424 5666 3610 5739">
    <p class='ocr_par' dir='ltr' id='par_1_61' title="bbox 424 5666 3610 5739">
     <span class='ocr_line' id='line_1_62' title="bbox 424 5666 3610 5739; baseline -0.001 -16"><span class='ocrx_word' id='word_1_764' title='bbox 424 5680 436 5685; x_wconf 81' lang='lat'><strong><em>‘</em></strong></span> <span class='ocrx_word' id='word_1_765' title='bbox 539 5666 702 5723; x_wconf 87' lang='lat' dir='ltr'><strong>cima.</strong></span> <span class='ocrx_word' id='word_1_766' title='bbox 2320 5671 2456 5723; x_wconf 87' lang='lat' dir='ltr'><strong>Data</strong></span> <span class='ocrx_word' id='word_1_767' title='bbox 2490 5671 2680 5723; x_wconf 84' lang='lat' dir='ltr'><strong>Romae</strong></span> <span class='ocrx_word' id='word_1_768' title='bbox 2705 5666 2889 5723; x_wconf 88' lang='lat' dir='ltr'><strong>Idibus</strong></span> <span class='ocrx_word' id='word_1_769' title='bbox 2921 5666 3142 5739; x_wconf 79' lang='lat' dir='ltr'><strong>Aprilis,</strong></span> <span class='ocrx_word' id='word_1_770' title='bbox 3169 5667 3468 5723; x_wconf 90' lang='lat' dir='ltr'><strong>indictione</strong></span> <span class='ocrx_word' id='word_1_771' title='bbox 3498 5682 3610 5723; x_wconf 80' lang='lat' dir='ltr'><strong>XII.</strong></span> 
     </span>
    </p>
   </div>
   <div class='ocr_carea' id='block_1_62' title="bbox 607 5843 3802 5919">
    <p class='ocr_par' dir='ltr' id='par_1_62' title="bbox 607 5843 3802 5919">
     <span class='ocr_line' id='line_1_63' title="bbox 607 5843 3802 5919; baseline 0 -18"><span class='ocrx_word' id='word_1_772' title='bbox 607 5851 754 5915; x_wconf 82' lang='lat'><strong>(353)</strong></span> <span class='ocrx_word' id='word_1_773' title='bbox 788 5849 869 5903; x_wconf 87' lang='lat' dir='ltr'><strong>De</strong></span> <span class='ocrx_word' id='word_1_774' title='bbox 900 5845 1156 5919; x_wconf 86' lang='lat' dir='ltr'><strong>Philippo</strong></span> <span class='ocrx_word' id='word_1_775' title='bbox 1196 5849 1217 5902; x_wconf 86' lang='grc' dir='ltr'>Ι</span> <span class='ocrx_word' id='word_1_776' title='bbox 1255 5861 1381 5918; x_wconf 86' lang='lat' dir='ltr'><strong>rege</strong></span> <span class='ocrx_word' id='word_1_777' title='bbox 1420 5847 1759 5903; x_wconf 86' lang='lat' dir='ltr'><strong>Francorum</strong></span> <span class='ocrx_word' id='word_1_778' title='bbox 1788 5846 2138 5903; x_wconf 80' lang='lat' dir='ltr'><strong>continuator</strong></span> <span class='ocrx_word' id='word_1_779' title='bbox 2165 5843 2411 5902; x_wconf 82' lang='lat' dir='ltr'><strong>Aimonii</strong></span> <span class='ocrx_word' id='word_1_780' title='bbox 2443 5847 2479 5901; x_wconf 92' lang='lat' dir='ltr'><strong>l.</strong></span> <span class='ocrx_word' id='word_1_781' title='bbox 2514 5862 2567 5913; x_wconf 93' lang='lat' dir='ltr'><strong>v,</strong></span> <span class='ocrx_word' id='word_1_782' title='bbox 2610 5851 2697 5903; x_wconf 89' lang='lat' dir='ltr'><strong>De</strong></span> <span class='ocrx_word' id='word_1_783' title='bbox 2722 5846 2888 5919; x_wconf 85' lang='lat' dir='ltr'><strong>gestis</strong></span> <span class='ocrx_word' id='word_1_784' title='bbox 2916 5848 3279 5913; x_wconf 88' lang='lat' dir='ltr'><strong>Francorum,</strong></span> <span class='ocrx_word' id='word_1_785' title='bbox 3318 5846 3494 5918; x_wconf 88' lang='lat' dir='ltr'><strong>capite</strong></span> <span class='ocrx_word' id='word_1_786' title='bbox 3520 5852 3591 5902; x_wconf 78' lang='lat'><strong>48</strong></span> <span class='ocrx_word' id='word_1_787' title='bbox 3624 5854 3682 5902; x_wconf 88' lang='lat' dir='ltr'><strong>et</strong></span> <span class='ocrx_word' id='word_1_788' title='bbox 3706 5854 3802 5903; x_wconf 78' lang='lat'><strong>50.</strong></span> 
     </span>
    </p>
   </div>
  </div>
