4106 6182
348 314 444 367 349

806 438 1157 493 EPISTOLA
1210 439 1463 493 LXXVI.

346 568 419 607 AD
454 564 844 608 HUXBERTUM
886 566 1350 607 LUGDUNENSBM
1386 567 1929 613 ABCHIBPISCOPUI.

779 644 786 653 ’
928 664 1116 729 (Anno
1149 667 1335 727 1074.)

344 774 656 843 Episcopum
692 774 1141 827 Matisconensem
1171 775 1524 841 commendat,
1556 780 1607 829 et
1650 776 1723 829 ad
1749 778 1933 831 Eccle—

667 846 875 897 siarum
925 843 1292 919 defensionem
1339 846 1615 900 hortatur.

408 956 761 1012 GBEGOBIUS
776 956 1082 1027 episcopus,
1113 972 1300 1011 servus
1323 973 1608 1013 servorum
1626 958 1746 1025 Dei,
1770 961 1933 1014 Hun-

343 1064 526 1106 Βιαιῖο
540 1050 893 1121 Lugdunensi
911 1050 1321 1123 archiepiscopo
1346 1061 1402 1107 et
1432 1052 1553 1124 ejus
1576 1051 1931 1124 suffraganeis

342 1144 595 1215 episcopis
628 1144 857 1199 salutem
888 1152 941 1198 et
965 1146 1321 1213 apostolicam
1363 1145 1817 1201 benedictionem.

396 1238 744 1293 Confratrem
800 1248 1052 1293 nostrum
1121 1240 1406 1312 [vestrum]
1460 1240 1927 1296 Matisconensem

340 1330 673 1401 episcopum,
706 1347 868 1403 quem
920 1331 1421 1388 intervenientibus
1466 1333 1799 1405 quibusdam
1842 1350 1926 1388 ra-

338 1423 687 1480 tionabilibus
713 1424 892 1480 causis
914 1425 1306 1492 ordinavimus,
1334 1426 1404 1482 ad
1447 1442 1543 1481 vos
1568 1443 1693 1482 cum
1725 1428 1931 1483 nostris

336 1514 523 1571 litteris
553 1524 606 1572 et
646 1517 952 1588 apostolico
997 1518 1176 1589 sigillo
1205 1518 1497 1586 mittimus,
1541 1527 1810 1589 quatenus
1856 1519 1923 1575 de

337 1619 585 1680 suscepto
616 1610 964 1667 sacerdotalis
1010 1611 1173 1667 ofﬁcii
1204 1611 1397 1668 ordine
1445 1621 1500 1667 et
1555 1612 1764 1668 honore
1808 1630 1919 1669 non

334 1705 531 1759 incerta
560 1703 714 1760 vobis
740 1705 893 1776 signa
919 1713 971 1760 et
1005 1705 1197 1761 indicia
1226 1704 1449 1762 referat.
1484 1707 1582 1762 Cui
1613 1722 1923 1778 quanquam

336 1812 425 1851 vos
458 1794 705 1852 debitam
744 1805 798 1851 et
826 1797 1127 1853 fraternam
1157 1798 1508 1854 dilectionem
1538 1809 1792 1870 prompte
1836 1818 1923 1857 ex-
1952 1832 2001 1893 B

335 1885 517 1940 bibere
543 1900 658 1939 non
681 1885 1012 1953 dubitemus,
1060 1886 1263 1942 addere
1291 1886 1393 1942 sibi
1425 1897 1609 1943 tamen
1636 1896 1689 1943 et
1718 1898 1923 1945 nostra:

332 1980 393 2034 ad
430 1995 525 2034 vos
553 1979 1052 2036 commendationis
1090 1981 1244 2051 quasi
1286 1982 1631 2053 privilegium
1663 1991 1921 2054 oportere

332 2075 726 2145 perspeximus,
757 2084 1027 2146 quatenus
1073 2076 1121 2131 ei
1150 2084 1308 2130 tanto
1338 2077 1733 2133 accumulatior
1780 2080 1922 2133 inter

331 2183 421 2222 vos
473 2167 709 2223 cbaritas
754 2170 1043 2234 enitescat,
1086 2178 1291 2241 quanto
1339 2186 1407 2225 ex
1449 2171 1669 2225 vinculo
1726 2180 1920 2228 vestrae

325 2260 685 2318 fraternitatis
725 2272 779 2318 et
805 2272 1051 2334 respectu
1081 2264 1395 2336 apostolica:
1424 2264 1739 2320 reverentia:
1785 2282 1920 2321 con-

325 2355 567 2426 junctior
591 2364 647 2411 et
666 2356 1001 2412 eminentior
1028 2372 1156 2412 eum
1179 2373 1343 2412 causa
1370 2357 1745 2413 commendat.
1779 2359 1919 2427 Qua-

329 2456 550 2520 propter
574 2464 835 2521 rogamus
858 2464 973 2517 vos,
1005 2459 1063 2505 et
1083 2449 1448 2506 admonemus
1478 2450 1535 2504 in
1565 2451 1825 2517 Domino,
1853 2460 1919 2505 ut

324 2557 448 2597 eum
477 2542 651 2613 plenae
676 2542 990 2599 dilectionis
1018 2542 1329 2611 affectibus,
1362 2550 1415 2598 et
1443 2542 1607 2614 digna
1629 2552 1917 2615 congratu-

324 2637 521 2692 latione
546 2638 884 2709 suscipiatis;
931 2646 986 2693 et
1009 2638 1079 2693 ad
1108 2637 1404 2710 regendam
1431 2638 1535 2693 sibi
1562 2639 1916 2694 commissam

323 2732 639 2799 Ecclesiam,
666 2733 893 2803 ejusque
914 2732 1042 2804 jura
1068 2731 1373 2801 retinenda,
1410 2741 1485 2801 et,
1520 2733 1615 2789 ubi
1644 2750 1781 2803 opus
1813 2734 1918 2789 fue-

324 2825 413 2895 rit,
466 2825 873 2895 reeuperanda,
902 2841 1031 2881 cum
1061 2825 1210 2880 omni
1242 2842 1371 2881 cura
1430 2834 1484 2881 et
1530 2826 1745 2893 studio,
1796 2843 1916 2898 quae

322 2918 547 2988 potestis
566 2919 788 2973 consilia
811 2928 866 2974 et
892 2918 1166 2991 adjutoria
1195 2918 1507 2976 conferatis.
1542 2923 1682 2975 Nam
1710 2931 1913 2991 quanto

322 3012 406 3066 bis
437 3013 780 3083 temporibus
804 3029 904 3084 pro
939 3016 1175 3084 peccatis
1206 3015 1412 3070 nostris
1455 3016 1697 3071 Ecclesia
1724 3017 1917 3071 saavio-

318 3104 470 3160 ribus
537 3122 929 3179 usquequaque
996 3108 1307 3162 concutitur
1364 3108 1909 3181 perturbationibus,

320 3207 476 3255 tanto
519 3201 803 3256 sollicitius
844 3217 949 3256 nos
992 3202 1062 3257 ad
1090 3201 1467 3259 defensionem
1497 3219 1688 3259 earum
1728 3215 1913 3260 nostra

318 3295 547 3349 consilia
577 3303 631 3349 et
659 3311 795 3365 quas
840 3310 1138 3366 possumus
1170 3296 1307 3350 vires
1335 3296 1579 3351 adunare
1619 3296 1911 3364 debemus;

318 3398 587 3458 quatenus
608 3398 801 3445 contra
846 3398 997 3445 tanta
1050 3391 1289 3461 pericula
1322 3390 1577 3448 fortiores
1618 3393 1677 3447 in
1724 3393 1911 3447 militia

318 3482 511 3538 Christi
544 3492 601 3538 et
622 3482 875 3539 fraternis
900 3485 1156 3556 negotiis,
1189 3486 1400 3542 mutuis
1424 3486 1912 3542 sustentationibus

315 3577 611 3645 sustinere,
640 3580 761 3632 Deo
791 3578 1114 3649 adjuvante,
1156 3578 1456 3633 valeamus.

385 3673 528 3727 Data
560 3674 758 3728 Romae
777 3671 993 3729 decimo
1024 3673 1261 3744 septimo
1283 3673 1566 3729 Kalendas
1590 3674 1811 3745 Aprilis,
1834 3675 1913 3730 in-

316 3762 551 3820 dictione
580 3765 925 3821 duodecima.

748 3878 1088 3933 EPISTOLA
1126 3879 1408 3934 LXXVII.

386 4004 466 4043 AD
502 4003 856 4046 BBATBICBK
891 4005 962 4045 ET
992 4005 1133 4045 BJUB
1181 4004 1396 4046 FILIAM
1427 4004 1829 4047 MATHILDBI.

903 4103 1083 4164 (Anno
1121 4102 1301 4162 1074.)

320 4210 526 4263 Laudat
550 4211 805 4264 humilem
832 4214 1207 4283 paenitentiam
1239 4212 1471 4279 episcopi
1505 4213 1819 4278 Argentini,
1858 4218 1908 4266 et

391 4298 476 4335 eas
494 4285 714 4349 arguit,
730 4284 879 4351 quod
888 4286 1183 4337 venientem
1202 4287 1427 4338 Romam
1446 4283 1647 4350 injuste
1665 4283 1907 4337 detinue-

392 4356 521 4406 rint.
563 4354 801 4408 Mandat
826 4360 887 4407 ut
914 4356 1150 4408 solutum
1179 4354 1548 4409 Mediolanum
1580 4369 1743 4423 usque
1769 4355 1905 4408 diri-

390 4428 549 4491 gant.
595 4426 900 4479 Placentino
954 4430 1005 4479 et
1055 4427 1179 4479 aliis
1218 4426 1603 4493 Langobardle
1651 4428 1908 4495 episcopis

384 4512 482 4563 pro
528 4499 842 4550 necessitate
882 4512 1183 4551 concessam
1232 4498 1591 4565 conﬁrmandi
1636 4498 1906 4550 licentiam

390 4570 605 4621 asserit.
632 4568 833 4623 Reddit
861 4570 1251 4622 nonnullorum
1285 4574 1528 4621 actorum
1558 4583 1797 4637 suorum,
1837 4568 1907 4622 de

389 4638 585 4706 quibus
626 4640 1092 4707 murmurabatur,
1138 4641 1421 4693 rationem.

378 4749 727 4805 Ganeonws
746 4749 1051 4821 episcopus,
1081 4766 1280 4805 servus
1308 4766 1594 4806 servorum
1618 4751 1745 4817 Dei,
1773 4751 1898 4807 duci

311 4842 616 4903 Burman
645 4854 701 4899 et
724 4844 842 4915 ejus
865 4844 994 4900 filia:
1023 4845 1274 4901 Mathildi
1301 4845 1533 4901 salutem
1563 4853 1619 4901 et
1648 4846 1905 4916 apostoli-

312 4950 432 4993 cam
462 4938 927 4994 benedictionem.

383 5033 518 5087 Cum
567 5032 843 5104 PrOpheta
872 5040 1106 5088 testetur
1153 5033 1301 5104 quod
1338 5033 1689 5104 omnipotens
1718 5036 1901 5101 Deus,

313 5138 470 5194 quem
498 5125 696 5180 imitari
716 5126 1001 5198 jubemur,
1022 5141 1118 5181 cor
1141 5126 1446 5181 contritum
1472 5134 1526 5181 et
1555 5126 1903 5181 humiliatum

310 5234 418 5275 non
462 5229 691 5293 spernat
726 5222 893 5289 (Psal.
938 5222 1014 5292 L),
1046 5236 1145 5277 nos
1188 5220 1409 5293 quidem
1449 5220 1539 5292 qui
1588 5230 1902 5291 peccatores

310 5328 520 5383 sumus,
550 5316 652 5371 etsi
684 5315 1081 5371 contritionem
1108 5315 1355 5370 cordium
1387 5314 1445 5369 in
1475 5314 1593 5371 aliis
1619 5331 1730 5369 non
1768 5316 1902 5371 satis

313 5407 467 5476 plene
519 5409 877 5480 respicimus,
921 5408 1137 5479 cognita
1177 5417 1366 5463 tamen
1416 5407 1795 5477 dissimulare,
1849 5420 1903 5464 et

310 5502 465 5568 quasi
492 5518 593 5573 pro
630 5501 804 5557 nihilo
835 5508 1156 5571 computare
1188 5516 1300 5555 non
1330 5500 1615 5556 debemus.
1646 5501 1898 5556 Guarne-

310 5594 419 5649 rius
441 5595 852 5667 Argentinensis
878 5595 1183 5666 episcopus,
1227 5602 1520 5664 postquam
1550 5594 1792 5664 peccatis
1822 5595 1900 5649 fa-

308 5686 575 5745 cientibus
602 5690 857 5745 decorem
885 5689 969 5744 sui
1015 5686 1225 5743 ordinis
1254 5686 1477 5759 indigne
1507 5689 1781 5753 tractavit,
1810 5705 1900 5743 vo-

304 5790 458 5839 catus
496 5783 562 5839 ad
590 5783 990 5840 correctionem
1021 5798 1053 5837 a
1076 5781 1308 5838 domino
1345 5792 1537 5837 nostro
1570 5784 1894 5839 veneranda:

304 5877 593 5934 memoria
612 5875 930 5933 Alexandro
948 5892 1111 5947 papa,
1136 5877 1285 5932 solus
1309 5876 1453 5932 inter
1478 5892 1671 5932 omnes
1690 5878 1894 5933 Teuto-
1935 5943 1950 5956 .

1418 316 1611 370 LIBER
1651 317 1916 372 PRIMUS.
1958 347 2022 358 —
2064 320 2275 374 EPIST.
2319 320 2561 373 LXXVII.

3531 326 3633 377 350

1962 450 2014 508 Α
2043 443 2180 500 uicae
2226 452 2388 499 terra)
2442 444 2755 514 episcopos,
2799 459 3038 513 quorum
3103 445 3261 501 multi
3295 460 3406 500 non
3455 446 3635 502 solum

2044 536 2245 590 carnali
2288 536 2518 599 scelere,
2566 533 2665 590 sed
2704 535 2869 589 etiam
2900 534 3199 591 simoniaca
3238 537 3359 593 labe
3405 537 3631 601 foedati,

2042 629 2232 684 itidem
2253 630 2427 685 vocati
2451 638 2600 697 sunt,
2630 632 3007 701 apostolorum
3035 630 3219 685 limina
3246 632 3423 701 petiit,
3446 632 3633 687 locum

2031 723 2223 796 judicii
2253 724 2305 777 in
2328 723 2647 778 humilitatis
2676 723 2852 779 forma
2875 725 3153 795 praevenit,
3188 734 3242 779 et
3271 726 3475 781 veritus
3499 742 3631 797 apo-

2039 817 2289 872 stolicam
2318 817 2525 888 virgam
2564 817 2941 871 annuutiando
2970 825 3026 873 et
3048 818 3339 891 cogitando
3372 835 3470 890 pro
3508 835 3634 891 pec-

2041 910 2174 965 catis
2203 910 2312 964 suis
2338 909 2389 964 in
2430 908 2625 964 faciem
2656 910 2903 980 procidit.
2944 913 3259 981 Apostolica
3302 912 3466 982 igitur
3504 922 3627 967 tum

2038 1020 2269 1060 censura
2297 1012 2578 1074 correptus
2601 1004 2719 1075 jam
2762 1020 2909 1059 nunc
2937 1006 3293 1074 apostolicam
3334 1006 3489 1060 venit
3533 1021 3629 1059 ex-

2040 1098 2207 1168 pediri
2250 1098 2630 1163 clementiam,
2659 1106 2869 1153 etcum
2901 1105 3054 1151 tanta
3094 1098 3447 1168 fatigatione,
3491 1099 3631 1155 sicut

2038 1191 2381 1259 audivimus,
2418 1190 2720 1262 jejunando
2761 1191 2983 1260 pariter,
3033 1199 3085 1244 et
3116 1190 3434 1261 plerumque
3466 1191 3631 1262 pedes

2037 1287 2246 1354 eundo,
2287 1287 2775 1357 compunctionem
2818 1302 2978 1341 suam
3025 1294 3079 1339 et
3120 1284 3488 1340 obedientiam
3532 1287 3627 1341 de-

2037 1380 2369 1434 monstravit
2384 1421 2397 1445 ,
2416 1388 2475 1433 ut
2490 1377 2801 1434 coufratres
2822 1378 2997 1433 nostri
3021 1394 3117 1449 pro
3140 1379 3509 1448 competentia
3535 1378 3631 1433 ho-

2038 1489 2161 1528 rum
2192 1482 2507 1544 temporum
2537 1472 2906 1529 miserendum
2945 1472 3045 1527 sibi
3074 1472 3188 1527 fore
3223 1471 3450 1543 dignum
3484 1473 3629 1526 aesti-

2035 1574 2246 1622 marent
2278 1575 2333 1621 et
2373 1566 2733 1622 decernerent
2778 1586 2791 1621 :
2840 1567 2924 1620 cui
2956 1581 3277 1637 quanquam
3308 1565 3631 1637 episcopalis

2034 1660 2200 1715 ofﬁcii
2222 1660 2735 1731 redintegrationem
2755 1660 2821 1715 ad
2844 1668 2964 1714 vota
2985 1675 3079 1714 sua
3098 1675 3208 1714 non
3228 1660 3631 1725 concessimus,

2036 1770 2286 1810 exercere
2320 1763 2505 1809 tamen
2534 1755 2591 1808 in
2627 1753 2718 1808 illo
2764 1754 3007 1825 rigorem
3057 1754 3384 1808 canonicum
3432 1753 3537 1807 hoc
3568 1752 3621 1807 in

2032 1856 2279 1917 tempore
2322 1847 2449 1918 quid
2487 1846 2743 1914 referret,
2794 1863 2921 1901 cum
2974 1846 3237 1911 fortasse,
3270 1846 3375 1901 hoc
3406 1855 3626 1914 amoto,

2030 1944 2213 1996 locum
2244 1941 2360 2013 ejus
2388 1957 2499 1995 non
2530 1940 2667 1995 alius
2698 1941 3019 2012 possideret,
3055 1940 3158 1995 nisi
3190 1938 3623 2012 qui'plurimum
3704 1988 3717 1995 -

2032 2034 2278 2106 pecunia:
2302 2034 2431 2090 dare
2467 2043 2648 2105 posset
2674 2038 2695 2089 Ρ
2727 2036 2997 2089 Caeterum
3030 2034 3177 2104 quod
3207 2049 3304 2088 vos
3338 2033 3538 2088 fecistis
3567 2033 3621 2086 in

2028 2145 2177 2195 eum,
2210 2143 2375 2199 quam
2404 2128 2756 2183 inhonestum
2788 2127 2970 2195 vobis,
3000 2142 3164 2196 quam
3197 2126 3327 2181 mihi
3358 2143 3624 2181 verecun-

2028 2222 2185 2289 dum,
2215 2238 2491 2294 quamque
2523 2222 2681 2276 beato
2712 2224 2874 2277 Petro
2906 2229 2961 2276 et
2986 2220 3299 2291 apostolicae
3332 2220 3448 2275 sedi
3485 2236 3621 2275 con-

2026 2316 2379 2371 tumeliosum
2404 2316 2496 2380 sit,
2530 2331 2738 2387 quaeso,
2765 2331 2891 2370 cum
2922 2315 3117 2369 animis
3138 2314 3326 2369 vestris
3352 2322 3617 2384 reputate,

2027 2419 2089 2464 ut
2124 2410 2181 2463 in
2209 2409 2405 2480 quibus
2443 2409 2864 2480 peregrinorum
2893 2408 2978 2462 bis
3007 2407 3060 2461 in
3088 2408 3327 2479 partibus
3351 2407 3616 2462 tutissima

2024 2503 2189 2558 debet
2215 2519 2331 2558 esse
2379 2502 2649 2570 defensio,
2702 2502 2977 2574 inepinata
3022 2502 3257 2573 pericula
3298 2502 3527 2567 lateant,
3568 2510 3621 2556 et

2024 2605 2234 2662 nostra,
2267 2596 2359 2666 qui
2388 2595 2493 2649 boc
2516 2596 2632 2650 aliis
2653 2597 3012 2667 principibus,
3041 2595 3415 2665 prohibemus,
3439 2595 3491 2648 in
3520 2594 3617 2649 hac

2023 2704 2081 2743 re
2112 2689 2263 2759 quasi
2294 2698 2661 2744 consentanea
2711 2705 2809 2760 pro
2854 2688 3214 2744 familiaritate
3254 2697 3448 2743 vestrae
3485 2688 3618 2743 dile-

2021 2783 2212 2838 ctionis
2238 2783 2491 2837 voluntas
2522 2790 2777 2853 arguatur
2804 2802 2814 2836 :
2848 2781 3155 2853 praesertim
3186 2798 3315 2836 cum
3355 2782 3613 2838 eumdem

2019 2875 2250 2930 fratrem
2281 2892 2377 2946 per
2407 2876 2615 2929 litteras
2652 2885 2870 2931 nostras
2894 2891 3004 2929 non
3047 2876 3162 2929 sine
3194 2892 3387 2947 magna
3417 2875 3617 2930 ﬁducia

2022 2969 2177 3024 vobis
2219 2968 2812 3024 commendaverimus.
2854 2968 3223 3037 Quamobrem
3269 2967 3616 3023 nobilitatem

2022 3072 2256 3118 vestram
2280 3063 2515 3118 multum
2546 3078 2803 3134 rogamus
2827 3071 2881 3117 et
2903 3062 3266 3116 admouemus
3289 3070 3370 3127 ut,
3393 3061 3617 3132 injurias

2023 3158 2141 3227 ejus
2168 3167 2433 3226 quantum
2464 3156 2687 3228 potestis
2714 3156 3119 3221 demulcentes,
3170 3171 3293 3210 cum
3325 3156 3475 3209 omni
3511 3156 3609 3209 be-

1951 3247 1994 3308 C
2026 3251 2328 3305 nevolentia
2377 3261 2431 3305 et
2475 3250 2767 3305 manifesta
2809 3249 3089 3305 cbaritatis
3117 3249 3448 3304 exhibitione
3479 3265 3611 3303 eum

2023 3343 2170 3399 abire
2206 3344 2512 3411 dimittatis,
2544 3353 2620 3411 et,
2654 3345 2793 3399 sicut
2821 3344 2873 3397 in
2913 3360 3075 3414 supra
3103 3344 3421 3397 memoratis
3450 3358 3607 3414 roga-

2024 3438 2201 3491 vimus
2242 3437 2459 3503 litteris,
2510 3446 2691 3491 tutum
2728 3436 2833 3491 sibi
2878 3452 3053 3508 usque
3082 3436 3147 3491 ad
3199 3436 3471 3491 domuum
3513 3438 3615 3490 Er-

2025 3529 2355 3585 lembaldum
2381 3529 2855 3601 [Erbombaldum]
2872 3529 3337 3584 Mediolanensem
3355 3528 3613 3584 ducatum

2025 3623 2308 3694 praebeatis
2333 3640 2345 3677 :
2378 3622 2611 3677 scientes
2636 3639 2761 3677 eum
2794 3638 2888 3693 per
2908 3623 3196 3694 epistolam
3222 3631 3467 3677 nostram
3495 3638 3613 3677 esse

2022 3717 2423 3772 commonitum
2454 3725 2514 3771 ut
2542 3716 2849 3771 nullatenus
2878 3731 3042 3787 super
3082 3717 3184 3771 hac
3212 3733 3269 3771 re
3298 3725 3483 3770 contra
3520 3732 3615 3771 vos

2023 3819 2117 3865 aut
2156 3820 2367 3865 vestros
2390 3810 2591 3881 aliquid
2618 3811 2879 3865 moliatur
2921 3809 3158 3865 adversi.
3205 3810 3458 3882 Dionysio
3488 3826 3614 3864 vero

2025 3904 2358 3970 Placentino,
2390 3912 2442 3959 et
2484 3903 2605 3959 aliis
2648 3904 2915 3975 episcopis
2959 3903 3377 3975 Longobardia),
3423 3904 3514 3974 qui
3544 3903 3614 3958 ad

2020 4014 2122 4053 nos
2149 4006 2442 4061 venerant,
2487 3996 2623 4052 nihil
2655 3997 2726 4052 de
2755 3998 3045 4068 episc0pali
3087 3996 3302 4062 ofﬁcio,
3345 3996 3447 4051 nisi
3477 4013 3612 4051 eon-

2022 4092 2231 4146 ﬁrmari
2274 4106 2469 4161 pueros
2525 4107 2625 4163 pro
2666 4092 2984 4146 necessitate
3030 4090 3402 4145 concessimus
3455 4109 3466 4144 :
3517 4090 3613 4144 sed

2021 4186 2186 4240 totius
2219 4185 2424 4256 negotii
2454 4183 2610 4240 frena
2636 4186 2707 4239 ita
2754 4186 3062 4240 retinemus
3089 4184 3141 4238 in
3188 4200 3385 4251 manu,
3430 4191 3491 4238 ut
3520 4191 3613 4239 aut

2017 4279 2272 4334 correctis
2303 4281 2369 4334 de
2408 4280 2578 4343 venia,
2627 4288 2721 4335 aut
2758 4280 3125 4350 pertinacibus
3157 4296 3267 4333 non
3303 4279 3377 4334 sit
3418 4278 3610 4349 despe-

2016 4373 2257 4428 randum
2290 4373 2360 4428 de
2381 4390 2562 4445 parua.
2598 4374 2735 4442 Quia
2760 4390 2888 4427 vero
2919 4390 2981 4428 ex
3006 4374 3286 4439 cbaritate,
3315 4382 3371 4427 et
3396 4390 3493 4444 pro
3520 4389 3609 4428 re-

2018 4468 2255 4523 verentia
2303 4476 2507 4523 sancta:
2536 4472 2805 4522 Romana:
2846 4467 3126 4534 Ecclesiae,
3167 4482 3264 4521 vos
3298 4466 3365 4521 de
3410 4466 3610 4521 talibus

2016 4561 2301 4616 adversum
2334 4578 2435 4616 nos
2464 4576 2842 4616 murmurasse
2868 4561 3168 4627 credimus,
3204 4575 3477 4615 memores
3506 4560 3607 4615 do-

1936 4654 1985 4714 Ι)
2016 4656 2132 4709 mni
2158 4665 2211 4711 et
2240 4657 2410 4727 patris
2449 4656 2622 4711 nostri
2653 4656 2793 4710 beati
2838 4655 2979 4710 Petri
3008 4656 3383 4726 apostolorum
3414 4654 3608 4727 princi-

2014 4750 2116 4820 pis,
2155 4751 2251 4821 qui
2287 4750 2764 4805 murmurantibus
2793 4750 3077 4804 adversum
3122 4765 3179 4804 se
3206 4749 3482 4821 discipulis
3523 4765 3607 4804 sa-

2017 4842 2271 4899 tisfacere
2302 4860 2415 4897 non
2436 4842 2768 4915 dedignatus
2792 4852 2893 4910 est,
2914 4844 3067 4899 vobis
3092 4860 3307 4915 quoque
3334 4844 3605 4899 rationem

2019 4938 2085 4993 de
2130 4937 2284 4993 factis
2314 4937 2515 4992 nostris
2539 4953 2647 4993 non
2676 4936 2829 4991 inviti
2862 4937 3168 5005 reddimus,
3202 4940 3257 4993 in
3298 4938 3607 5011 eodemque

2014 5039 2216 5104 quanta
2257 5031 2333 5085 vis
2370 5030 2704 5099 dilectionis,
2735 5048 2840 5102 qua
2869 5031 3023 5087 vobis
3053 5032 3468 5103 adstringimur,
3496 5049 3606 5088 non

2012 5125 2113 5182 alia
2145 5124 2299 5181 vobis
2321 5124 2498 5180 adhuc
2523 5126 2753 5181 certiora
2783 5126 2934 5197 signa
2960 5125 3229 5180 dedimus.
3256 5128 3446 5196 Neque
3480 5142 3605 5179 vero

2011 5235 2115 5275 nos
2159 5218 2296 5291 fugit
2335 5235 2501 5291 quam
2542 5217 2753 5274 diversa
2798 5219 2863 5275 de
2908 5219 3066 5274 nobis
3094 5218 3381 5273 hominum
3412 5219 3602 5289 opinio

2011 5316 2082 5370 sit
2111 5324 2166 5370 et
2187 5315 2478 5387 judicium,
2501 5314 2637 5370 dum
2664 5314 2722 5368 in
2755 5314 2959 5369 eisdem
2987 5314 3167 5368 causis
3200 5321 3251 5368 et
3277 5312 3486 5368 actibus
3515 5312 3605 5367 alii

2010 5426 2116 5464 nos
2143 5411 2413 5475 credulos,
2448 5408 2533 5463 alii
2564 5408 2790 5463 nimium
2822 5408 2979 5462 mites
3005 5424 3120 5462 esse
3149 5406 3360 5461 dicunt.
3390 5407 3605 5474 Quibus
3669 5438 3683 5449 -

2009 5504 2275 5574 profecto,
2310 5503 2384 5557 nil
2410 5505 2609 5570 verius,
2641 5503 2713 5557 nil
2752 5502 2956 5557 rectius
2991 5501 3430 5571 respondendum
3460 5500 3603 5555 vide—

2008 5613 2154 5662 mus,
2182 5613 2342 5668 quam
2370 5596 2515 5667 quod
2541 5597 2616 5651 ait
2642 5598 2938 5667 Apostolus
2966 5615 2977 5650 :
3005 5596 3146 5651 Mihi
3169 5600 3343 5649 autem
3368 5610 3470 5663 pro
3497 5599 3599 5647 mi-

2008 5694 2151 5745 nimo
2183 5697 2280 5757 est,
2311 5697 2372 5745 ut
2412 5708 2445 5744 a
2473 5693 2621 5746 vobis
2645 5694 2883 5761 judice-r,
2922 5696 3017 5745 aut
3047 5692 3113 5742 ab
3152 5692 3381 5743 humano
3420 5689 3511 5742 die
3555 5688 3603 5758 (Ι

2010 5788 2129 5840 Cor.
2164 5792 2268 5851 1v).
2320 5788 2465 5840 Deus
2488 5794 2674 5841 autem
2708 5785 3082 5853 omnipotens,
3118 5781 3210 5851 qui
3238 5797 3395 5836 verus
3420 5781 3597 5850 inspe-

2004 5888 2123 5934 ctor
2153 5888 2234 5933 est
2272 5877 2548 5945 cordium,
2586 5877 2780 5933 doceat
2808 5891 2910 5929 nos
2934 5884 2990 5929 et
3019 5890 3114 5927 vos
3138 5873 3320 5927 facere
3345 5872 3601 5929 volunta-
