4106 6182
475 280 568 333 351
1161 272 1217 329 S.
1256 273 1573 329 GREGORII
1608 274 1695 327 Vll
1737 271 1931 326 ΡΑΡΑΞ
1970 268 2242 324 OPERUM
2280 269 2451 323 PARS
2492 272 2530 323 l.
2574 298 2640 308 —
2682 269 3081 325 HEGISTBUM.

3664 272 3768 323 352

477 409 586 457 tem
625 418 807 469 suam,
840 409 893 457 et
938 407 1105 472 ponat
1133 399 1310 469 legem
1346 412 1505 452 suam
1555 399 1614 452 in
1658 396 1842 452 medio
1886 394 2065 451 cordis
2094 397 2145 458 Α
2175 378 2367 448 stricto
2402 392 2607 464 judicio
2652 392 2962 449 redditurus
2990 409 3078 459 es,
3122 393 3355 465 gratuita
3400 378 3645 448 bonitate
3676 402 3767 446 tua

479 496 678 551 nostri.

551 591 696 643 Data
726 590 922 641 Romae
949 599 1083 639 xvn
1114 582 1242 657 Kal.
1273 583 1425 650 Maii,
1464 582 1760 639 indictione
1803 597 1919 638 χιι.

919 699 1268 753 EPISTOLA
1296 700 1617 754 LXXVIII.

677 824 755 864 AD
786 822 1187 863 WBATISLAUM
1218 822 1602 864 BOHEMOBUM
1639 821 1867 868 DUCEML.

1066 923 1246 983 (Anno
1285 924 1468 985 1074.)

476 1033 821 1089 Commendat
854 1035 1173 1099 Pragensem
1208 1034 1506 1100 episcopum
1546 1032 1611 1084 de
1634 1030 1848 1099 objectis
1878 1034 2064 1085 crimi-

544 1105 701 1157 nibus
720 1106 851 1157 satis
868 1108 1160 1171 purgatum
1182 1118 1291 1156 suo?
1312 1104 1553 1156 Ecclesiae
1574 1105 1902 1155 restitutum.
1936 1104 2065 1158 Cau-

545 1190 636 1228 sas
671 1177 812 1227 inter
839 1177 1016 1243 ipsum
1048 1176 1367 1241 Pragensem
1395 1179 1443 1226 et
1472 1178 1835 1227 Moravensem
1862 1177 2066 1243 episco-

538 1262 694 1314 pum,
722 1261 814 1299 nec
834 1261 937 1298 non
957 1261 1076 1313 qua:
1096 1248 1235 1298 inter
1258 1248 1435 1313 ipsum
1472 1245 1657 1297 ducem
1689 1249 1740 1297 et
1766 1247 2065 1315 episcopum

545 1320 863 1383 Pragensem
891 1317 1266 1384 agitabantur,
1299 1318 1355 1369 in
1382 1318 1644 1385 promima
1669 1316 1876 1384 synodo
1901 1321 1979 1371 ait
2012 1333 2066 1372 se

552 1387 1062 1442 determinaturum.

545 1497 907 1553 Ganeonws
922 1497 1228 1569 episcopus,
1250 1511 1439 1552 servus
1454 1511 1741 1552 servorum
1752 1497 1872 1564 Dei,
1890 1501 2065 1554 Was-

471 1604 688 1645 τιδιΑο
710 1589 1081 1645 Bohemorum
1104 1588 1230 1645 duci
1254 1589 1485 1645 salutem
1509 1598 1564 1646 et
1592 1590 1945 1662 apostolicam
1971 1591 2063 1648 be-

476 1682 869 1739 nedictionem.

546 1778 742 1832 Frater
771 1784 899 1832 tuus
932 1777 1215 1832 Larmirus
1247 1776 1408 1848 [forte
1438 1777 1768 1845 Jeromirus,
1800 1783 1863 1832 ut
1902 1794 2068 1849 supra
2102 1806 2149 1868 Β

473 1886 556 1940 ep.
597 1876 686 1937 60,
718 1875 770 1925 et
798 1873 876 1925 sic
911 1869 1131 1943 Mutin.]
1164 1870 1454 1941 Pragensis
1496 1871 1801 1942 episcopus,
1836 1871 1905 1927 ad
1931 1887 2068 1944 apo-

471 1964 740 2018 stolorum
783 1962 970 2019 limina
1013 1964 1249 2031 veniens,
1283 1965 1599 2035 conspectui
1641 1972 1829 2020 nostro
1854 1981 1915 2021 ea
1946 1981 2068 2037 quae

474 2057 716 2127 Oportuit
756 2071 813 2112 se
850 2057 1153 2113 humilitate
1202 2058 1581 2129 prasentavit,
1631 2065 1687 2112 et
1729 2056 1799 2113 de
1842 2058 2069 2129 objectis

474 2150 576 2204 sibi
611 2149 867 2221 quaedam
899 2150 1197 2217 conﬁtens,
1239 2166 1539 2224 congruam
1585 2150 1711 2207 inde
1740 2151 2067 2208 satisfactio-

477 2257 605 2298 nem
653 2243 851 2298 obtulit
885 2262 897 2298 :
929 2243 1184 2316 quaedam
1220 2260 1351 2299 vero
1393 2244 1697 2316 denegavit,
1731 2255 1785 2300 et
1835 2245 1894 2300 in
1924 2245 2067 2301 hunc

476 2336 707 2393 modum
746 2352 804 2393 se
832 2337 1111 2408 purgando
1142 2338 1406 2405 removit,
1435 2338 1717 2407 videlicet,
1758 2338 1905 2410 quod
1950 2339 2068 2411 ipse

477 2432 746 2486 Joannem
785 2433 1168 2487 Moravensem
1206 2432 1521 2503 episcopum
1559 2448 1670 2487 non
1715 2433 2064 2502 percusserit,

476 2538 655 2594 neque
702 2524 998 2579 servientes
1046 2524 1292 2596 ejusdem
1333 2524 1569 2596 episcopi
1601 2524 1945 2596 decapillari,
1977 2534 2069 2581 aut

478 2617 674 2672 barbas
704 2633 897 2673 eorum
929 2617 1117 2673 abradi
1149 2619 1501 2689 praeceperit,
1526 2627 1618 2673 aut
1647 2619 1928 2673 occasione
1945 2619 2070 2674 sub-

480 2710 806 2781 terfugiendi
854 2711 1125 2782 synodum
1178 2711 1426 2767 inducias
1482 2728 1576 2783 per
1624 2712 1860 2784 legatum
1908 2728 2069 2767 suum

478 2803 712 2874 petierit.
762 2806 978 2860 Nostrae
1021 2805 1185 2877 igitur
1222 2804 1497 2861 dilectioni
1543 2806 1702 2876 plene
1754 2806 2069 2861 reconcilia-

475 2905 617 2963 tum,
644 2905 698 2952 et
722 2898 978 2953 restituto
1006 2899 1111 2953 sibi
1140 2898 1294 2955 omni
1324 2899 1613 2970 episcopali
1636 2897 1820 2954 ofﬁcio
1849 2900 1915 2955 ad
1953 2916 2073 2972 pro-

477 2990 652 3060 priam
682 2990 871 3046 sedem
900 3006 1026 3046 cum
1052 2992 1252 3047 litteris
1281 2993 1481 3047 nostris
1509 3000 1564 3046 et
1600 2994 1904 3061 apostolico
1943 3008 2069 3047 eum

479 3083 659 3155 sigillo
680 3084 1006 3147 remisimus,
1028 3085 1481 3139 commendantes
1498 3100 1623 3138 eum
1640 3092 1750 3140 tuae
1768 3085 2069 3151 nobilitati,

479 3186 557 3243 ut,
589 3177 738 3233 omni
762 3179 902 3232 inter
927 3193 1021 3232 vos
1050 3177 1177 3233 odio
1200 3187 1255 3232 et
1281 3177 1497 3233 inimica
1519 3178 1863 3233 aemulatione
1891 3178 2070 3234 subla-
2110 3190 2152 3251 ρ
2182 3182 2323 3236 sicut
2345 3180 2519 3236 adhuc
2539 3183 2811 3234 Romana:
2832 3179 3085 3234 Ecclesiae
3100 3179 3193 3233 ﬁlii
3211 3185 3498 3244 testantur,
3520 3187 3775 3249 tempore
3872 3166 3873 3177 “

372 3304 373 3307 η
474 3279 559 3337 ta,
591 3270 829 3326 fraterno
870 3270 1033 3325 corde
1066 3286 1194 3325 eum
1240 3269 1463 3343 diligas,
1508 3279 1562 3326 et
1609 3271 1976 3343 episcopalem
2018 3273 2073 3327 in

477 3378 541 3417 eo
584 3364 935 3437 dignitatem,
966 3364 1107 3419 sicut
1136 3364 1365 3436 dignum
1396 3374 1507 3432 est,
1541 3373 1858 3420 veneranter
1900 3365 2071 3437 inspi-

476 3456 613 3522 cias,
662 3466 717 3513 et
758 3473 1097 3529 quaecunque
1131 3456 1271 3529 juris
1316 3458 1575 3514 Ecclesia:
1617 3457 1715 3514 sibi
1760 3459 2071 3515 commissa:

476 3558 626 3616 sunt,
652 3551 731 3604 vel
758 3551 1004 3622 quolibet
1028 3550 1195 3606 modo
1217 3552 1284 3605 ad
1311 3567 1439 3607 eum
1457 3553 1605 3622 juste
1630 3552 1936 3623 pertinent,
1958 3561 2071 3607 tam

475 3648 535 3695 tu
565 3641 680 3711 ipse
710 3643 759 3696 ei
789 3643 1081 3711 concedas,
1111 3659 1276 3714 quam
1303 3660 1495 3698 omnes
1526 3644 1619 3714 qui
1650 3645 1749 3699 sub
1779 3653 1875 3700 tua
1920 3655 2073 3716 pote-

479 3742 620 3788 state
667 3742 795 3788 sunt
822 3736 945 3789 sine
975 3736 1407 3791 contradictione
1446 3736 1547 3791 sibi
1592 3737 1823 3793 reddere
1874 3736 2068 3795 facias.

476 3829 555 3880 De
595 3840 757 3880 causa
804 3843 931 3881 vero
963 3842 1085 3897 quae
1128 3829 1268 3882 inter
1298 3844 1429 3883 eum
1459 3837 1514 3883 et
1544 3832 1929 3886 Moravensem
1963 3833 2074 3902 epi-

478 3934 705 3989 scopum
720 3918 913 3974 tandiu
936 3928 1207 3991 protracta
1228 3930 1333 3985 est,
1353 3929 1574 3992 propter
1595 3923 1734 3976 illius
1749 3924 2067 3995 absentiam,

477 4013 550 4067 ita
591 4011 917 4080 statuimus,
950 4021 1011 4068 ut
1040 4013 1097 4066 in
1130 4014 1313 4068 futura
1356 4016 1571 4087 synodo
1619 4016 1781 4070 ambo
1832 4016 2071 4089 episcopi

476 4115 573 4161 aut
597 4104 697 4176 ipsi
729 4104 799 4159 ad
829 4121 929 4161 nos
969 4106 1213 4173 veniant,
1245 4116 1339 4162 aut
1379 4108 1516 4163 tales
1556 4108 1782 4164 nuntios
1823 4110 2068 4180 mittant,

477 4199 674 4271 quibus
710 4200 1106 4271 praesentibus,
1166 4208 1223 4254 et
1264 4216 1487 4257 causam
1530 4218 1598 4257 ex
1644 4211 1875 4274 utraque
1918 4214 2071 4275 parte

480 4293 881 4349 rationabiliter
920 4294 1351 4364 exponentibus,
1391 4311 1495 4350 nos
1524 4296 1641 4351 sine
1671 4296 1819 4351 omni
1847 4298 2071 4353 ulterius

478 4387 743 4443 dilatione
774 4404 967 4458 puram
1008 4403 1172 4459 super
1204 4387 1305 4444 hac
1345 4404 1402 4444 re
1427 4388 1651 4460 justitiae
1683 4389 2071 4447 difﬁnitionem

480 4480 708 4549 inferre,
743 4490 798 4536 et
820 4481 1241 4537 contentionem
1286 4498 1479 4537 eorum
1512 4482 1787 4552 decidere,
1830 4488 1947 4540 Deo
1997 4485 2076 4540 fa-

2170 486 2254 558 .ad
2273 486 2545 557 justitiam
2569 486 2780 554 redeas,
2805 495 2859 542 et
2882 486 3037 542 fratri
3058 502 3182 558 quae
3209 502 3306 541 sua
3327 494 3459 541 sunt
3481 486 3596 541 sine
3620 487 3767 540 omni

2177 580 2557 636 contrarietate
2604 580 2858 636 dimittas.
2901 580 2993 635 Sin
3038 596 3163 635 vero
3210 579 3420 635 clamor
3461 579 3581 650 ejus
3623 580 3772 635 inter

2175 690 2272 729 vos
2300 674 2473 730 sedari
2503 683 2759 745 nequeat,
2807 676 2864 729 in
2894 673 3121 746 praefato
3149 674 3383 729 termino
3411 672 3608 729 futura:
3638 689 3769 744 syn-
3805 712 3819 721 ι

2174 767 2268 823 odi
2310 769 2519 839 legatos
2560 776 2715 834 tuos,
2767 769 2844 823 vel
2874 768 2977 823 hac
3022 767 3091 823 de
3130 782 3290 823 causa
3340 766 3412 821 ad
3454 782 3557 821 nos
3586 776 3768 823 trans-

2175 860 2390 916 mittere
2411 876 2524 916 non
2550 862 2952 931 praetermittas,
2974 869 3264 932 quatenus,
3288 859 3539 930 inquisita
3572 868 3627 914 et
3648 875 3771 931 per-

2173 954 2391 1026 cognita
2416 954 2665 1021 veritate,
2699 970 2764 1009 ex
2791 963 3023 1025 utraque
3059 963 3211 1025 parte
3241 953 3388 1025 quod
3407 954 3626 1023 justum
3659 951 3770 1008 fue-

2172 1047 2245 1103 rit
2279 1048 2559 1103 valeamus
2597 1047 2916 1115 decernere,
2949 1056 3004 1102 et
3044 1034 3336 1117 aliquando
3364 1045 3605 1102 fraterna
3637 1062 3770 1119 pace

2174 1149 2227 1197 et
2257 1140 2555 1196 concordia
2576 1158 2693 1209 vos,
2720 1142 3017 1213 opitulante
3045 1144 3165 1196 Deo
3192 1140 3538 1213 conjungere.

2246 1239 2381 1290 Data
2396 1239 2595 1292 Romae
2606 1235 2818 1291 decimo
2831 1242 2985 1290 sexto
3005 1237 3054 1288 Κ
3064 1234 3281 1291 alendas
3296 1233 3420 1289 Maii
3433 1274 3448 1300 ,
3464 1233 3768 1289 indictione

2172 1328 2520 1385 duodecima.

2634 1424 2987 1479 EPISTOLA
3040 1423 3305 1477 LXXIX.

2245 1511 2653 1583 ADZANNONEM
2679 1526 3103 1569 COLONIENSBM
3124 1524 3668 1577 ABCHIEPISCOPUM
3679 1552 3692 1565 .

2770 1606 2950 1669 (Anno
2984 1602 3171 1668 1074.)

2179 1697 2439 1763 Queritur
2477 1697 2619 1766 quod
2655 1696 2838 1751 nullas
2883 1696 2961 1749 ad
2996 1712 3049 1748 se
3096 1696 3305 1749 litteras
3338 1699 3460 1763 post
3508 1694 3768 1764 adeptum

2648 1770 3019 1837 pontiﬁcatum
3063 1767 3290 1821 dederit.

2248 1859 3522 1932 Ganconwsepiscopus,scrvusservorumDei,
3535 1864 3773 1916 Annos!

2179 1959 2322 2021 (354)
2357 1953 2673 2011 Coloniensi
2709 1953 3114 2026 archiepiscopo
3155 1954 3389 2009 salutem
3415 1962 3471 2008 et
3502 1954 3767 2024 apostoli-

2178 2065 2298 2104 cam
2318 2048 2775 2104 benedictionem.

2249 2145 2459 2212 Quanta
2505 2142 2768 2197 charitate
2813 2145 3083 2197 Romana
3132 2140 3387 2196 Ecclesiae
3432 2141 3774 2198 Coloniensis

2178 2237 2233 2291 in
2274 2236 2531 2291 omnibus
2561 2234 2914 2306 obsequendo
2954 2235 3244 2306 conjuncta
3288 2233 3487 2303 fuerit,
3537 2234 3775 2306 dignitas

2177 2329 2330 2384 vobis
2360 2330 2557 2384 collata
2600 2336 2851 2384 testatur.
2893 2328 3027 2396 Quae
3058 2328 3322 2382 nimirum
3359 2327 3597 2383 charitas
3626 2327 3773 2383 adeo

2179 2426 2232 2480 in
2261 2432 2315 2479 te
2340 2424 2555 2479 videtur
2581 2422 2841 2493 tepuisse,
2883 2430 2946 2476 ut
2968 2437 3032 2476 ex
3060 2438 3124 2476 eo
3152 2438 3261 2493 quo
3301 2430 3567 2493 suscepta
3597 2421 3773 2477 admi-

2179 2516 2517 2572 nistrationis
2559 2516 2803 2571 laborem
2844 2514 3177 2581 subivimus,
3224 2515 3403 2569 nullas
3444 2514 3776 2571 visitationis

2178 2618 2288 2667 ture
2319 2618 2516 2681 praeter
2559 2609 2656 2665 has
2681 2609 2997 2681 nuperrime
3034 2609 3226 2663 missas
3264 2608 3473 2665 litteras
3504 2610 3774 2680 receperi-

2181 2723 2304 2762 mus
2351 2722 2514 2761 :cum
2552 2705 2607 2760 id
2641 2705 2801 2761 nobis
2838 2705 3157 2759 visitationis
3187 2702 3529 2775 frequentius
3556 2705 3775 2775 impen-

2179 2802 2421 2860 dendum
2451 2812 2727 2874 putemus,
2755 2802 2864 2874 qui,
2890 2803 2960 2858 ob
2984 2802 3421 2857 recordationem
3449 2800 3774 2873 disciplina,

2182 2915 2286 2969 qua
2329 2908 2579 2969 tempore
2620 2898 2972 2952 antecessoris
3017 2896 3193 2950 nostri
3241 2896 3295 2949 in
3335 2895 3571 2951 Ecclesia
3614 2897 3779 2953 Colo-

2177 2992 2355 3047 niensi
2402 2990 2626 3046 enutriti
2661 3007 2878 3057 sumus,
2921 2990 3208 3061 specialem
3239 2990 3338 3045 sibi
3374 2990 3519 3044 inter
3548 2999 3778 3046 caeteras

2180 3086 2544 3142 occidentales
2580 3085 2853 3140 Ecclesias
2876 3084 3226 3140 dilectionem
3264 3082 3657 3154 impendimus,
3684 3095 3771 3154 et,

2185 3276 2323 3330 beati
2358 3274 2562 3329 Leonis
2597 3289 2747 3344 papa:
2789 3274 3104 3329 Trevirensi
3136 3272 3391 3344 episc0po
3423 3288 3519 3343 pro
3557 3272 3776 3330 honore

2184 3370 2436 3425 Ecclesia:
2460 3378 2684 3435 vestrae,
2729 3367 2876 3439 quod
2906 3366 3052 3422 idem
3079 3367 3273 3421 beatus
3300 3369 3410 3422 Leo
3441 3382 3585 3438 aegre
3613 3368 3771 3435 tulit,

2180 3464 2386 3519 viribus
2414 3464 2544 3519 totis
2586 3463 2899 3518 restitimus.
2946 3460 3050 3516 Sed
3080 3460 3161 3515 his
3200 3460 3406 3517 nostris
3447 3460 3641 3517 studiis
3670 3460 3777 3517 de-

2184 3557 2311 3613 bitae
2338 3556 2643 3612 dilectionis
2672 3572 2786 3611 non
2818 3555 3141 3611 exhibentes
3170 3554 3619 3621 vicissitudinem,
3651 3572 3775 3611 me-

2182 3652 2286 3706 rito
2313 3668 2410 3707 vos
2448 3668 2561 3707 non
2589 3651 2771 3706 solum
2801 3649 3177 3721 negligentizn,
3209 3649 3308 3705 sed
3351 3650 3501 3720 quasi
3550 3666 3776 3721 promo-

2184 3745 2377 3801 vendaa
2404 3746 2516 3801 litis
2552 3760 2781 3818 arguere
2808 3759 3122 3815 possumus,
3149 3744 3308 3814 juxta
3341 3744 3474 3799 illud
3502 3764 3514 3799 :
3547 3748 3643 3814 qui
3663 3762 3777 3799 non

2184 3845 2259 3894 est
2280 3856 2502 3903 mecum,
2529 3839 2814 3893 adversum
2839 3855 2921 3892 me
2940 3842 3017 3892 est
3055 3836 3277 3901 (Matth.
3301 3842 3449 3905 xu);
3478 3838 3602 3892 licet
3630 3837 3777 3894 hanc

2186 3934 2334 3989 litem
2362 3934 2505 4005 virga
2534 3934 2846 4005 apostolicae
2884 3932 3272 3997 correctionis,
3303 3936 3416 3987 Deo
3446 3931 3740 3987 auxiliante
3760 3973 3779 4001 ,

2184 4029 2341 4083 nobis
2386 4027 2711 4083 facillimum
2760 4027 2834 4082 sit
2870 4026 3149 4082 dirimere.
3192 4027 3246 4081 Si
3301 4026 3449 4081 enim
3500 4024 3777 4081 honorem

2184 4124 2328 4179 beati
2356 4123 2523 4191 Petri,
2557 4138 2665 4178 non
2691 4121 2743 4176 in
2766 4130 2965 4188 totum,
2990 4120 3083 4175 sed
3112 4120 3167 4175 in
3193 4128 3406 4190 partem
3435 4119 3701 4186 Colonias,
3724 4130 3781 4175 et

2184 4234 2294 4272 non
2324 4221 2517 4272 Romae
2548 4216 2966 4288 probaverimus
2992 4224 3044 4270 te
3067 4214 3310 4286 diligere,
3337 4224 3396 4268 tu
3424 4230 3526 4269 nos
3556 4230 3778 4286 quoque

2186 4310 2239 4364 in
2279 4318 2481 4377 totum,
2512 4324 2690 4380 neque
2720 4310 2777 4364 in
2810 4318 3015 4380 partem
3049 4310 3255 4380 poteris
3285 4308 3506 4364 habere.
3535 4313 3609 4364 At
3635 4309 3681 4364 si
3710 4325 3775 4365 ex

2184 4403 2488 4474 negligente
2525 4402 2856 4469 sollicitum,
2903 4413 2959 4458 et
2988 4418 3051 4458 ex
3094 4411 3409 4473 tepescente
3449 4401 3683 4457 calidum
3722 4411 3781 4458 te

2184 4514 2344 4553 amor
2366 4505 2421 4552 Ct
2450 4498 2751 4552 reverentia
2792 4499 2983 4553 matris
3028 4507 3136 4553 tua:
3164 4506 3363 4553 sanctae
3392 4500 3663 4553 Romanae
3706 4496 3781 4554 fe-

480 4583 665 4643 vente,
701 4592 995 4646 possumus
1025 4596 1035 4630 1
1074 4576 1164 4632 ιώἱ
1205 4576 1373 4631 etiam
1411 4576 1621 4646 legatos
1645 4585 1770 4632 tuos
1812 4578 2078 4634 interesse
2109 4566 2158 4627 D
2186 4592 2341 4656 cepit,
2373 4606 2482 4645 non
2510 4590 2564 4644 in
2590 4598 2800 4661 partem
2819 4631 2834 4658 ,
2852 4590 2946 4646 sed
2970 4592 3027 4645 in
3056 4600 3234 4646 totum
3264 4591 3581 4646 communis
3608 4591 3781 4662 pisca-

477 4668 717 4722 multum
745 4670 1030 4739 cupimus;
1065 4678 1331 4739 quatenus
1361 4677 1415 4724 et
1440 4669 1538 4741 ipsi
1565 4678 1660 4725 tua
1693 4670 1804 4726 vice
1833 4670 1900 4726 ad
1932 4672 2077 4726 inda-

477 4763 752 4833 gationem
778 4765 1017 4819 veritatis
1049 4781 1147 4820 nos
1179 4765 1461 4835 adjuvent,
1491 4774 1546 4820 et
1566 4772 1728 4821 testes
1757 4774 1957 4822 nostra:
1984 4767 2076 4823 de-

482 4855 747 4911 finitionis
790 4858 1049 4912 existant.
1092 4861 1320 4913 Terram
1355 4874 1479 4913 vero
1522 4859 1665 4914 unde
1708 4860 1850 4915 inter
1878 4862 2076 4931 episco-

478 4964 576 5020 pos
618 4950 681 5004 lis
722 4959 834 5017 est,
865 4953 1247 5007 Moravensem
1278 4954 1596 5024 episcopum
1638 4954 1859 5010 interim
1888 4964 2074 5011 tenere

475 5042 833 5097 decrevimus.
891 5047 1097 5101 Praeter
1148 5046 1265 5100 haec
1313 5061 1480 5117 supra
1529 5056 1864 5104 memoratus
1908 5048 2075 5105 frater

481 5144 610 5191 tuus
639 5138 1000 5207 conqueritur
1029 5153 1197 5209 super
1221 5148 1296 5205 te,
1342 5138 1492 5209 quod
1518 5141 1877 5211 prenpositura
1910 5149 1965 5196 et
1989 5159 2073 5197 ca-

477 5237 592 5284 stro
629 5230 802 5284 sancti
843 5229 1050 5315 Yinzlai
1088 5230 1406 5303 [Venceslai]
1434 5231 1675 5287 debitam
1704 5233 1808 5288 sibi
1839 5242 2073 5305 potesta-

478 5331 594 5377 tem
626 5322 973 5394 etjustitiam
1001 5324 1215 5394 penitus
1245 5323 1477 5379 auferas.
1505 5324 1667 5381 Unde
1696 5327 2073 5383 excellentiam

480 5423 635 5471 tuam
666 5417 906 5486 paternis
933 5415 1218 5473 affectibus
1248 5433 1506 5489 rogamus
1532 5427 1587 5473 et
1611 5419 1971 5476 admonemus
1994 5431 2070 5490 ut,

479 5510 523 5564 si
548 5517 601 5563 te
630 5508 853 5579 injurias
884 5510 935 5564 ei
964 5509 1014 5563 in
1041 5508 1144 5565 hac
1181 5526 1240 5565 re
1284 5510 1527 5582 irrogare
1560 5514 1864 5583 cognoscis,
1891 5530 2075 5586 respe—

479 5612 572 5659 ctu
596 5602 764 5659 divini
802 5604 1043 5672 timoris,
1075 5604 1160 5660 cui
1191 5604 1461 5660 rationem
1493 5606 1559 5661 de
1588 5605 1748 5662 factis
1789 5609 1894 5664 tuis
1919 5610 1973 5664 in
2004 5610 2075 5665 di-

2186 4683 2318 4740 toris
2356 4684 2529 4739 nostri
2568 4685 2832 4756 gratiam,
2878 4693 3239 4755 nostramque
3267 4683 3618 4740 dilectionem
3661 4683 3779 4740 sine

2185 4778 2348 4833 dubio
2373 4778 2665 4833 obtinebis.

2254 4876 2396 4926 Data
2436 4876 2631 4927 Romae
2662 4872 2872 4927 decimo
2903 4879 3099 4942 quarto
3139 4871 3420 4928 Kalendas
3450 4872 3604 4940 Maii,
3637 4870 3778 4927 indi-

2182 4966 2364 5021 ctione
2391 4964 2742 5020 duodecima.

2660 5059 3010 5114 EPISTOLA
3045 5059 3274 5115 LXXX.

2736 5165 2819 5203 AD
2871 5162 3255 5202 ANICIENSES.

2789 5239 2971 5303 (Anno
3007 5236 3183 5305 1074.)

2256 5332 2507 5399 Praecipit
2528 5335 2589 5384 ut
2609 5331 2883 5399 Stephano
2918 5346 3099 5383 eorum
3130 5331 3366 5398 episcopo
3395 5329 3665 5384 obediant.

2256 5426 2613 5481 Gnnoonms
2635 5425 2940 5495 episcopus,
2968 5439 3156 5479 servus
3174 5438 3463 5479 servorum
3483 5424 3606 5491 Dei,
3633 5427 3780 5480 ANI-

2184 5533 2387 5574 cxnnsr
2413 5518 2558 5573 clero
2587 5528 2643 5574 et
2668 5519 2867 5589 populo
2893 5518 3125 5574 salutem
3154 5524 3210 5572 et
3233 5516 3587 5588 apostolicam
3611 5516 3777 5574 bene-

2185 5611 2507 5668 dictionem.

551 5741 701 5817 (3_54)
741 5743 823 5795 De
862 5744 1089 5797 Annone
1134 5741 1467 5797 Lambertus
1514 5742 2038 5817 Schafnaburgensis
2089 5747 2143 5803 in
2189 5747 2461 5805 Chronico
2510 5749 2640 5805 anni
2692 5754 2829 5805 1075
2868 5748 3143 5806 Marianus
3172 5750 3370 5805 Scotus
3399 5747 3453 5802 in
3499 5743 3773 5803 Chronico

482 5811 607 5865 anni
640 5818 776 5868 1075
806 5820 862 5868 et
898 5818 1053 5870 1077.
