4106 6182
262 277 366 329 353

1344 275 1539 329 LIBER
1579 274 1849 329 PRIMUS.
1894 302 1961 311 ——
2000 273 2206 329 EPIST.
2252 274 2482 328 LXXXII.

3455 278 3559 332 354

332 397 638 469 Stephanus
678 398 884 454 electus
914 407 1092 455 vester
1118 399 1324 470 [uoster
1350 400 1522 467 male,
1565 397 1846 470 credimus]
1878 401 1931 463 Α
1960 397 2264 467 conjunctis
2294 398 2395 452 tibi
2448 395 2812 469 suffragaueis
2836 397 3131 468 episcopis,
3174 398 3420 455 videlicet
3455 403 3560 456 He-

256 506 319 546 ea
350 506 453 562 qua
471 490 662 546 debuit
686 492 1036 563 apostolicam
1067 492 1256 549 sedem
1286 492 1597 549 humilitate
1625 492 1851 562 requisi-

261 584 355 647 vit,
386 593 441 640 et
453 600 684 640 manum
706 600 863 640 suam
878 586 1062 640 manui
1081 594 1285 641 nostrae
1306 584 1485 641 dando
1507 601 1566 641 se
1585 588 1853 641 Romanae

259 678 512 734 Ecclesiae
541 678 895 734 obediturum
924 666 1199 750 promisit,
1249 695 1310 734 ac
1340 694 1438 749 per
1482 679 1586 734 hoc
1621 679 1851 750 gratiam

258 771 398 843 ejus,
434 787 603 843 quam
631 780 790 829 antea
820 772 965 828 visus
991 772 1172 829 fuerat
1197 771 1527 844 perdidisse,
1555 788 1854 843 recupera-

256 863 353 917 vit.
394 866 572 934 Quem
610 866 737 937 quia
780 866 1053 921 Eclesiam
1113 874 1357 921 vestram
1425 865 1726 936 prudenter
1763 866 1856 920 de-

258 955 525 1025 fendisse,
568 968 621 1014 et
655 959 1027 1015 Simoniacum
1072 959 1407 1030 Stephanum
1436 967 1491 1013 et
1554 958 1855 1013 invasorem

257 1050 440 1106 studio
490 1067 591 1107 suo
637 1053 905 1123 expulisse
960 1052 1336 1123 probavimus,
1384 1052 1629 1124 regimen
1686 1052 1857 1107 totius

260 1145 605 1215 episcopatus
628 1146 793 1201 vestri
842 1144 941 1201 sibi
970 1146 1351 1202 commisimus
1373 1186 1389 1211 ,
1437 1160 1502 1201 eo
1542 1152 1730 1200 tenore
1759 1153 1855 1211 ut,

262 1254 549 1309 quousque
574 1239 646 1294 ad
674 1254 775 1295 nos
797 1238 1002 1305 redeat,
1039 1239 1105 1294 de
1133 1238 1427 1310 pontiﬁcali
1460 1237 1640 1293 ofﬁcio
1671 1253 1729 1293 se
1749 1253 1857 1293 non

261 1331 623 1399 intromittat,
656 1333 749 1388 sed
781 1348 1160 1405 quemcunque
1212 1332 1443 1388 voluerit
1478 1332 1857 1403 episcoporum

262 1426 643 1499 religiosorum
687 1427 875 1497 patriae
898 1435 1123 1494 vestrae,
1167 1442 1229 1481 ea
1285 1441 1412 1498 quae
1440 1424 1509 1481 ad
1554 1426 1859 1497 episcOpale

261 1519 505 1575 ofﬁcium
548 1520 856 1591 pertinent,
892 1519 1069 1576 facere
1117 1528 1487 1575 commoneat.
1539 1521 1652 1574 Vos
1680 1521 1860 1590 itaque

258 1613 557 1684 apostolica
599 1613 925 1669 auctoritate
962 1614 1329 1670 admonemus
1368 1621 1430 1667 ut
1472 1611 1575 1666 sibi
1618 1611 1861 1667 debitam

259 1707 314 1760 in
341 1706 607 1762 omnibus
644 1707 1014 1761 reverentiam
1053 1705 1368 1771 exhibeatis,
1399 1712 1453 1760 et
1491 1703 1558 1759 ad
1595 1704 1862 1761 defensio-

1960 492 2213 546 rimanno
2242 490 2603 563 [Hermannoj
2636 492 2871 546 Metensi
2889 531 2903 557 ,
2931 498 2987 545 et
3014 493 3236 562 Popoue
3283 493 3561 561 Tullensi,

1962 584 2251 654 praefatum
2300 584 2616 655 episcOpum
2690 583 2757 639 ad
2805 584 3142 654 colloquium
3206 594 3391 641 nostra
3448 585 3561 640 vice

1962 693 2258 743 convoces,
2300 676 2549 732 indicans
2577 676 2683 731 sibi
2705 693 2810 731 nos
2835 693 2947 732 non
2968 693 3128 749 aequo
3170 678 3353 733 animo
3384 680 3564 749 negle-

1962 778 2107 823 ctam
2131 770 2199 824 ab
2228 785 2292 824 eo
2323 770 2465 825 sedis
2500 770 2815 841 apostolicae
2857 772 3216 826 reverentiam
3250 772 3517 842 accepisse
3545 792 3557 824 :

1964 863 2277 934 pariterque
2306 879 2433 918 eum
2463 862 2824 918 admonemus
2852 872 2913 917 ut
2950 864 3213 934 pracdicto
3252 865 3373 919 loco
3404 880 3564 919 com-

1965 956 2283 1011 munionem
2327 957 2659 1011 sacrosancti
2715 964 2769 1010 ct
2794 956 2961 1011 divini
3007 958 3295 1013 ministerii
3344 957 3561 1025 reddat,

1966 1049 2078 1104 etsi
2105 1049 2470 1121 quidjustitiae
2496 1066 2554 1106 se
2580 1049 2809 1104 conﬁdit
2843 1048 3043 1105 habere
3062 1092 3079 1117 ,
3109 1066 3378 1107 concesso
3410 1051 3563 1121 prius

1966 1142 2174 1198 eisdem
2225 1142 2540 1213 hominibus
2600 1150 2751 1197 tanto
2823 1143 3227 1213 tranquillitatis
3282 1152 3563 1216 tempore,

1966 1246 2169 1306 quanto
2217 1253 2282 1293 eo
2323 1237 2589 1293 violenter
2618 1235 2931 1302 adstrinxit,
2979 1245 3167 1307 postea
3205 1245 3298 1291 aut
3344 1237 3398 1291 in
3446 1253 3565 1292 con-

1966 1338 2131 1385 ventu
2160 1330 2545 1402 religiosorum
2592 1329 3008 1401 episcoporum,
3053 1338 3149 1384 aut
3197 1329 3251 1383 in
3281 1331 3565 1401 praesentia

1968 1424 2205 1479 Romani
2250 1423 2551 1494 pontiﬁcis,
2579 1438 2701 1494 quae
2736 1423 2821 1478 sui
2848 1423 2989 1493 juris
3018 1423 3277 1489 aestimat,
3310 1421 3567 1477 ordinate

1967 1517 2223 1587 requirat.
2256 1519 2450 1588 Neque
2477 1516 2629 1572 enim
2652 1516 2843 1571 adhoc
2873 1516 3076 1586 praelati
3113 1531 3327 1583 sumus,
3368 1523 3430 1570 ut
3469 1531 3568 1569 no~

1968 1617 2096 1665 straz
2132 1609 2455 1665 commissos
2480 1609 2855 1681 “providentiae
2905 1618 3156 1681 potenter
3192 1610 3364 1681 magis
3402 1624 3565 1679 quem

1963 1703 2109 1774 juste
2136 1710 2457 1758 tractemus.
2506 1708 2580 1757 At
2606 1704 2648 1757 si
2680 1703 2769 1757 ille
2811 1703 2929 1759 hac
2966 1711 3160 1758 nostra
3193 1711 3342 1773 parte
3376 1717 3569 1772 procu-

260 1815 387 1855 nem
418 1799 679 1856 Ecclesiae
725 1809 919 1856 vestrae
967 1799 1302 1871 adjutorium
1350 1807 1589 1854 vestrum
1627 1798 1857 1854 ﬁdeliter
1889 1797 1938 1859 B
1967 1796 2133 1852 randa
2164 1797 2376 1852 monita
2407 1796 2711 1867 adimplere
2760 1797 3058 1867 spreverit,
3088 1796 3190 1851 tibi
3229 1794 3568 1866 injungimus

259 1892 628 1964 impendatis:
677 1902 977 1965 quatenus,
1011 1894 1235 1965 expulsa
1285 1892 1599 1949 simoniacae
1645 1891 1865 1948 haeresis

257 1986 326 2041 de
352 1987 539 2043 medio
567 1995 813 2043 vestrum
843 1988 993 2043 omni
1041 1987 1399 2058 contagione,
1432 1986 1662 2057 legalem
1692 1987 1863 2057 ponti-

256 2080 418 2135 ficem
460 2079 735 2149 habeatis,
786 2090 841 2137 et
880 2097 1069 2152 puram
1115 2080 1331 2136 Christo
1360 2081 1602 2135 Domino
1638 2088 1857 2148 nostro,

257 2182 313 2228 et
340 2175 516 2230 beatae
562 2175 755 2231 Mariae
802 2174 1047 2247 genitrici
1097 2174 1241 2245 ejus,
1288 2173 1604 2230 servitutem
1651 2173 1860 2246 impen-

254 2268 414 2324 datis.

324 2365 463 2417 Data
506 2365 706 2418 Romae
736 2361 951 2418 decimo
983 2362 1146 2418 tertio
1190 2361 1468 2418 Kalendas
1498 2361 1657 2431 Maii,
1720 2361 1857 2417 indi-

254 2456 441 2512 ctione
467 2455 823 2512 duodecima.

729 2550 1071 2606 EPISTOLA
1095 2551 1359 2605 LXXXI.

330 2658 411 2698 AD
452 2657 708 2699 UDONEM
751 2658 1183 2699 TBBVIRENSBM
1224 2657 1782 2699 ARCHIEPISCOPUM.

892 2741 1077 2805 (Anno
1121 2737 1298 2806 1074.)

266 2833 335 2887 Ut
362 2831 754 2887 Virdunmsem
783 2835 1086 2902 episcopum
1110 2834 1221 2885 vice
1264 2846 1365 2884 sua
1406 2834 1642 2899 increpet
1675 2830 1741 2883 de
1776 2844 1862 2883 ne-

331 2904 499 2971 glecta
522 2904 826 2972 apostolica:
844 2904 984 2958 sedis
1014 2905 1360 2969 auctoritate,
1384 2918 1608 2971 eumque
1628 2906 1858 2966 moneat,

333 2980 393 3027 ut
418 2978 808 3029 momsterium
835 2977 1014 3029 sancti
1042 2976 1319 3029 Michaelis
1343 2974 1415 3027 ad
1443 2975 1862 3027 communionem

336 3048 605 3099 restituat.
636 3048 699 3101 Si
721 3047 855 3114 quid
882 3062 1002 3100 vero
1026 3048 1119 3099 sui
1127 3047 1278 3114 juris
1294 3046 1620 3114 praetendat,
1651 3046 1708 3098 in
1735 3060 1858 3097 con-

335 3122 495 3169 centu
524 3118 918 3185 episcoporum,
972 3117 1063 3171 vel
1111 3132 1289 3170 coram
1333 3132 1539 3170 summo
1578 3118 1856 3186 pontiﬁce,

333 3173 599 3256 requirat.
626 3173 778 3253 Quod
794 3192 845 3243 si
856 3173 1055 3258 parere
1069 3189 1330 3255 negligat,
1348 3190 1461 3256 ipse
1499 3173 1862 3255 archiepisco;
1890 3173 1934 3235 C

332 3275 431 3327 pus
481 3264 804 3315 auctoritate
849 3262 1075 3329 propria
1104 3260 1308 3312 dictum
1356 3262 1737 3313 monasterium
1787 3259 1856 3311 ab

332 3330 627 3384 interdicto
676 3332 949 3393 absolvat,
982 3336 1032 3384 et
1080 3332 1380 3399 episcopum
1419 3333 1642 3387 Romam
1672 3331 1857 3384 veni-re

331 3407 680 3456 commoneat.

334 3495 694 3551 Gnneonws
710 3493 1022 3565 episcopus,
1038 3510 1228 3550 servus
1240 3509 1525 3550 servorum
1544 3495 1670 3561 Dei,
1703 3496 1864 3550 Uno-

266 3602 332 3642 M
351 3588 659 3643 Trevireusi
702 3586 1120 3659 archiepiscopo
1148 3588 1382 3643 salutem
1420 3594 1474 3643 et
1501 3587 1861 3659 apostolicam

260 3680 724 3737 benedictionem.

336 3774 629 3831 Confrater
648 3784 833 3831 noster
855 3774 1230 3831 Theodericus
1252 3774 1608 3831 Virdunensis
1638 3773 1859 3845 episco-

265 3884 391 3939 pus,
440 3876 501 3924 ut
552 3885 697 3940 saepe
725 3870 881 3925 nobis
925 3870 1157 3924 relatum
1201 3878 1318 3936 est,
1372 3868 1709 3923 habitatores
1751 3866 1856 3921 loci

267 3962 411 4035 apud
440 3963 839 4019 monasterium
882 3962 1161 4034 quoddam
1192 3962 1363 4017 sancti
1412 3961 1689 4016 Michaelis
1718 3959 1856 4014 infra

266 4056 579 4127 parochiam
618 4073 799 4124 suam,
828 4056 895 4111 ad
928 4056 1195 4128 quasdam
1236 4070 1405 4110 novas
1440 4053 1858 4109 consuetudines

268 4166 359 4206 sua
388 4151 589 4206 virtute
614 4158 670 4205 et
699 4150 936 4220 potentia
960 4150 1179 4205 flectere
1209 4157 1262 4204 et
1285 4163 1535 4204 coercere
1565 4146 1656 4201 diu
1686 4163 1858 4201 cona—

267 4252 352 4299 tus
377 4253 480 4311 est,
512 4243 769 4299 videlicet
798 4252 858 4298 ut
873 4260 1001 4299 cum
1018 4243 1219 4299 litaniis
1239 4242 1514 4314 majorem
1535 4240 1858 4303 ecclesiam,

270 4336 368 4391 hoc
394 4346 476 4394 est
508 4353 663 4393 suam
707 4338 1071 4408 episcopalem
1100 4336 1311 4405 sedem,
1361 4335 1525 4391 simul
1563 4350 1861 4405 congrega-

272 4430 337 4484 tis
363 4431 589 4504 singulis
617 4430 776 4485 annis
815 4430 1108 4486 visitarent.
1150 4429 1308 4499 Quod
1338 4445 1464 4484 cum
1504 4428 1576 4482 illi
1632 4427 1861 4483 inusita—

1971 1898 2054 1956 ut,
2080 1890 2380 1960 apostolica
2411 1889 2578 1945 fultus
2620 1891 2983 1954 auctoritate,
3023 1905 3126 1944 una
3181 1904 3308 1943 cum
3359 1886 3571 1942 confra-

1970 1983 2145 2038 tribus
2196 1984 2305 2037 tuis
2352 1985 2751 2055 antesignatum
2811 1984 2991 2039 locum
3034 1983 3100 2037 ab
3151 1981 3304 2037 omni
3347 1980 3567 2037 interdi-

1968 2077 2144 2131 ctione
2168 2086 2221 2131 et
2246 2078 2816 2133 excommunicatione
2845 2076 3122 2140 absolvas,
3146 2085 3222 2143 et,
3255 2073 3446 2130 eadem
3474 2090 3569 2128 au-

1967 2170 2219 2226 ctoritate
2258 2170 2588 2242 presbyteris
2613 2170 2815 2225 ibidem
2855 2169 3286 2225 consistentibus
3325 2167 3395 2221 ad
3434 2167 3567 2223 cele-

1968 2262 2241 2319 brandum
2269 2263 2517 2319 divinum
2546 2262 2792 2318 ofﬁcium
2815 2262 3113 2328 roboratis,
3142 2262 3482 2332 episcopum,
3504 2270 3565 2315 ut

1965 2357 2128 2413 nobis
2178 2357 2246 2413 de
2301 2357 2594 2427 pertinacia
2648 2372 2743 2412 sua
2782 2365 2835 2411 et
2879 2364 3203 2427 contemptu
3250 2364 3440 2409 nostro
3486 2370 3569 2409 re-

1966 2452 2258 2521 spondeat,
2290 2467 2355 2506 ex
2384 2460 2533 2523 parte
2574 2451 2710 2506 beati
2744 2450 2913 2517 Petri,
2939 2459 2994 2505 et
3020 2458 3204 2505 nostra
3225 2491 3238 2516 ,
3286 2465 3381 2520 per
3411 2448 3569 2504 illum

1967 2547 2109 2612 (355)
2131 2545 2427 2615 apostolica
2457 2546 2821 2616 praeceptione
2851 2559 3226 2600 commoneas.
3284 2544 3395 2597 Has
3444 2557 3570 2596 vero

1967 2638 2171 2693 litteras
2191 2647 2410 2693 nostras
2440 2638 2641 2693 idcirco
2681 2646 2867 2708 aperte
2897 2636 3191 2709 signiﬁcari
3218 2634 3474 2697 fecimus,
3510 2643 3572 2689 ut

1967 2740 2082 2786 tam
2129 2730 2485 2787 Viridunensi
2530 2729 2906 2803 [Virdunensi]
2931 2746 3098 2801 quam
3124 2729 3337 2786 caeteris
3367 2729 3572 2798 episco-

1969 2826 2048 2896 pis
2096 2832 2354 2891 ostensae,
2395 2824 2706 2879 commissae
2732 2823 2829 2877 tibi
2860 2822 3256 2894 procurationis
3287 2829 3341 2876 et
3368 2829 3568 2876 aucto-

1968 2919 2140 2973 ritatis
2161 2916 2546 2973 certitudiuem
2590 2917 2889 2988 praebeant.

2038 3014 2172 3066 Data
2200 3015 2397 3066 Romae
2442 3009 2688 3066 secundo
2713 3012 2896 3064 Nonas
2938 3007 3084 3075 Maii,
3115 3005 3411 3063 indictione
3436 3005 3573 3062 duo-

1967 3104 2198 3160 decima.

2424 3209 2777 3263 EPISTOLA
2813 3207 3112 3261 LXXXII.

2299 3331 2374 3371 AD
2415 3330 2748 3371 UNIVEBSOS
2792 3328 3215 3370 CHRISTIANOS.

2576 3416 2759 3487 (Anno
2803 3415 2982 3485 1074.)

1968 3521 2461 3577 Earcommunicatos
2487 3520 2771 3573 denuntiat
2811 3534 2987 3572 omnes
3014 3522 3113 3588 qui
3153 3518 3399 3572 detinent
3445 3518 3576 3571 bona

2038 3592 2307 3675 Augensis
2350 3595 2497 3658 (356)
2540 3592 2856 3644 monasterii
2897 3592 3091 3644 collata
3121 3590 3191 3643 ab
3235 3590 3455 3645 Alberto
3484 3591 3577 3646 Si-

2037 3678 2295 3716 τηοιηαοο.

2039 3754 2401 3823 Gneoonws
2427 3766 2685 3822 omnibus
2707 3764 2779 3821 ad
2802 3765 3151 3837 quoslitterae
3181 3764 3301 3822 istae
3331 3781 3579 3837 pervene-

1969 3860 2097 3927 rint,
2124 3869 2233 3915 etc.

2043 3956 2373 4025 Quanquam
2395 3952 2465 4009 ad
2483 3953 2880 4026 propulsandas
2923 3953 3178 4009 omnium
3208 3953 3578 4009 Ecclesiarum

1969 4056 2023 4102 et
2052 4048 2445 4104 venerabilium
2484 4049 2732 4103 locorum
2762 4047 3010 4119 injurias,
3060 4064 3123 4103 ex
3178 4047 3367 4103 debito
3412 4044 3577 4101 ofﬁcii

1965 4141 2160 4210 nostri,
2192 4149 2247 4196 et
2295 4141 2580 4197 universali
2613 4140 2980 4213 providentia,
3016 4156 3183 4213 quam
3230 4157 3328 4212 per
3355 4140 3579 4196 beatum

1970 4237 2191 4290 Petrum
2230 4236 2605 4306 apostolorum
2636 4235 2936 4306 principem
2976 4234 3102 4289 licet
3139 4233 3343 4305 indigni
3388 4249 3583 4288 susce-

1972 4328 2181 4399 pimus,
2210 4328 2446 4383 sollicite
2484 4327 2645 4383 nobis
2676 4326 3064 4398 invigilandum
3095 4335 3149 4381 et
3191 4325 3580 4381 elaborandum

1971 4435 2088 4476 esse
2111 4436 2430 4488 noscamus;
2483 4420 2569 4475 his
2610 4429 2798 4475 tamen
2827 4419 2960 4474 locis
3002 4418 3317 4490 apostolicae
3346 4421 3585 4474 auctori-

272 4530 417 4591 tum,
444 4540 517 4581 ne
548 4523 691 4579 forte
720 4522 790 4579 ad
831 4523 1052 4579 alterius
1080 4522 1266 4595 Vorte,
1308 4522 1360 4579 id
1397 4521 1636 4593 alterius]
1681 4520 1862 4587 daret,
1896 4528 1949 4589 Β
1978 4514 2103 4569 tatis
2131 4530 2292 4585 opem
2341 4523 2395 4571 et
2424 4524 2642 4571 scutum
2681 4513 2982 4584 impensius
3024 4511 3374 4569 circumferre
3403 4511 3583 4584 dupli-

272 4618 490 4691 Hun.]
518 4634 678 4674 novae
707 4617 1004 4673 exactionis
1035 4616 1383 4671 occasionem
1408 4616 1622 4681 darent,
1657 4614 1766 4685 pati
1795 4629 1877 4668 re-

276 4721 530 4778 nuerent,
584 4712 836 4767 divinum
887 4710 959 4766 ibi
1014 4709 1257 4765 ofﬁcium
1306 4710 1525 4780 penitus
1576 4707 1872 4764 interdixit.

279 4806 353 4858 Ex
383 4822 483 4877 qua
512 4822 575 4862 re
622 4822 751 4861 cum
795 4804 1081 4877 episcOpus
1110 4788 1569 4874 apostolicasjam
1616 4810 1741 4857 ante
1786 4801 1873 4857 lit-

282 4904 418 4954 teras
450 4900 767 4970 recepisset,
817 4898 1186 4954 commonitus
1225 4904 1285 4951 ut
1323 4896 1504 4952 locum
1537 4895 1869 4963 absolveret;

291 4999 337 5044 et
369 4993 495 5048 nihil
535 4992 693 5061 inde,
724 4992 824 5048 nisi
845 4992 991 5063 quod
1021 4990 1344 5047 canonicum
1372 4998 1426 5045 et
1438 4990 1644 5061 justum
1695 4988 1872 5055 foret,

295 5084 545 5156 exigeret;
578 5087 742 5141 verba
776 5084 1003 5157 quidem
1042 5101 1151 5139 non
1185 5084 1358 5155 plenae
1385 5090 1722 5138 conservatae
1760 5097 1874 5136 ma-

294 5178 423 5233 teria
454 5195 647 5250 parum
697 5176 944 5234 modeste
985 5178 1231 5244 notavit,
1284 5176 1382 5233 sed
1413 5177 1782 5243 voluntatem,
1821 5183 1877 5230 et

299 5272 552 5341 cognitam
583 5276 863 5345 magistrae
883 5270 1056 5343 [fort.,
1079 5268 1301 5342 nostrae]
1324 5269 1645 5325 intentionis
1660 5277 1877 5324 senten-

302 5360 417 5417 tiam
446 5366 671 5421 omnino
698 5364 955 5435 neglexit.
984 5363 1148 5419 Unde
1171 5378 1273 5419 nec
1294 5379 1397 5418 nos
1431 5361 1650 5434 quidem
1672 5363 1739 5418 de
1762 5362 1879 5433 ejus

303 5453 614 5527 obedientia,
640 5459 683 5514 si
711 5458 961 5529 privatim
991 5456 1285 5529 loquimur,
1340 5457 1570 5512 multum
1601 5456 1879 5511 conﬁden-

304 5553 374 5603 tes
410 5549 805 5608 fraternitatem
842 5560 997 5606 tuam
1038 5551 1337 5622 apostolica
1374 5551 1707 5606 auctoritate
1761 5564 1877 5604 mo-

304 5656 477 5701 nemus
524 5655 616 5714 ut,
677 5662 740 5701 ex
781 5654 967 5701 nostra
1014 5655 1068 5699 et
1118 5653 1213 5699 tua
1261 5652 1413 5715 parte
1462 5644 1776 5699 convocatis
1824 5649 1880 5697 et

363 5782 502 5845 (355)
540 5780 687 5850 Quid
724 5778 824 5835 sibi
861 5778 986 5833 velit
1020 5776 1124 5834 hoc
1146 5794 1249 5848 per
1274 5779 1462 5847 illum,
1522 5792 1622 5833 nos
1658 5776 1873 5833 nonin-

303 5848 524 5922 telligere
538 5848 795 5907 fatemur.

1984 4609 2118 4663 citer
2147 4607 2561 4679 quodammodo
2578 4607 2985 4679 compellimur,
3017 4622 3142 4678 qua:
3171 4614 3227 4661 et
3256 4605 3309 4659 in
3343 4605 3582 4678 generali

1984 4710 2186 4758 sanctae
2230 4706 2500 4757 Romanae
2540 4701 2794 4756 Ecclesiae
2834 4700 3222 4775 membrorum
3252 4699 3585 4755 continentia

1985 4796 2194 4851 caeteris
2227 4803 2600 4865 comquantur,
2650 4803 2707 4850 et
2756 4794 3048 4866 singularis
3083 4792 3367 4865 patrocinii
3427 4792 3586 4865 privi-

1987 4888 2122 4961 legia
2152 4903 2265 4959 prae
2281 4889 2491 4944 caeteris
2513 4888 2840 4944 sortiuntur.
2872 4890 2945 4943 Et
2958 4888 3160 4959 quibus
3185 4887 3449 4958 quoniam
3467 4891 3585 4942 Au-

1985 4997 2149 5052 gense
2178 4982 2574 5037 monasterium
2616 4981 2745 5037 huic
2787 4991 2992 5038 sanctae
3034 4990 3088 5037 et
3129 4981 3443 5052 apostolicae
3470 4979 3588 5035 sedi

1985 5074 2224 5145 quadam
2271 5075 2552 5147 principali
2607 5083 2661 5130 et
2688 5074 2970 5132 individua
3014 5076 3255 5131 cohaeret
3302 5075 3473 5143 linea,
3518 5074 3586 5130 de

1984 5166 2323 5239 dispersione
2362 5169 2636 5225 bonorum
2678 5169 2795 5240 ejus
2836 5169 2987 5225 valde
3023 5169 3294 5236 dolentes,
3324 5166 3456 5239 quid
3484 5166 3584 5222 do-

1986 5261 2170 5317 minus
2231 5271 2282 5319 et
2326 5272 2641 5318 antecessor
2684 5272 2870 5318 noster
2924 5262 3226 5318 Alexander
3263 5259 3589 5316 venerandae

1986 5358 2276 5413 memoriae
2305 5374 2443 5429 papa
2472 5356 2598 5412 inde
2627 5355 2865 5411 decrevit
2900 5358 3137 5412 recolere
3178 5365 3233 5411 et
3259 5354 3587 5411 sententiam

1986 5464 2188 5512 nostra:
2214 5450 2647 5507 conﬁrmationis
2693 5450 2747 5505 in
2780 5449 3017 5521 idipsum
3046 5450 3326 5516 omnibus,
3355 5448 3424 5504 ad
3451 5461 3590 5520 quos

1987 5549 2149 5619 hujus
2177 5546 2430 5617 epistolae
2462 5552 2667 5600 nostra:
2716 5544 2907 5598 notitia
2938 5543 3215 5615 pervenire
3244 5543 3460 5614 poterit,
3489 5542 3589 5597 de-

1989 5640 2318 5697 stinavimus
2356 5638 2619 5694 indicare.
2664 5639 2962 5709 Postquam
3001 5636 3292 5707 prmdictus
3333 5635 3589 5690 dominus

2065 5780 2213 5842 (356)
2247 5777 2537 5843 Augiensis
2586 5770 2937 5827 scribendum
2991 5770 3151 5827 docet
3187 5768 3277 5840 qui
3306 5765 3444 5819 infra
3474 5780 3587 5821 me-

1994 5855 2244 5902 moratur
2284 5843 2722 5902 Coustantiensis
2756 5858 2842 5911 ep.
