4106 6182
531 235 632 292 355

1223 231 1277 286 S.
1320 228 1639 284 GREGORII
1678 230 1765 281 VII
1805 229 1996 282 PAP/E
2033 217 2308 283 OPERUM
2342 227 2514 281 PARS

2578 269 2590 278 .
2637 255 2698 265 —
2737 219 3135 280 REGISTRUM.
3714 221 3816 280 356

530 368 716 416 noster
743 374 882 432 papa
925 356 1232 414 Robertum
1261 352 1669 420 Simoniacum,
1717 361 1772 406 et
1817 352 2120 408 invasorem
2147 357 2198 418 Α
2233 350 2506 421 promisit.
2557 353 2640 406 De
2678 359 2902 416 catero,
2946 349 3209 421 quoniam
3255 347 3323 404 ad
3353 363 3594 420 praesens
3639 349 3817 405 omnia

526 454 772 527 ejusdem
797 450 1138 514 monasterii,
1189 447 1351 502 nullis
1389 444 1881 513 admonitionibus,
1927 445 2117 501 nullis-

530 563 635 619 que
682 546 845 602 minis
871 544 940 600 ad
987 543 1092 598 hoc
1131 541 1350 596 ﬂectere
1385 539 1577 610 potuit,
1613 547 1673 595 ut
1711 539 1797 594 vel
1845 538 2115 594 abbatiam

527 640 844 704 dimitteret,
889 645 983 692 aut
1027 651 1124 706 pro
1167 632 1444 690 reddenda
1475 634 1686 688 ratione
1726 633 1808 688 sui
1857 633 2117 688 introitus

522 733 817 808 apostolico
846 746 904 786 se
930 728 1247 799 conspectui
1280 735 1654 798 prasentaret,
1705 728 1925 798 cognita
1974 727 2113 781 veri-

525 835 658 893 tate,
686 824 834 898 quod
865 823 1045 878 relicta
1076 823 1180 877 alia
1206 820 1426 876 abbatia
1449 821 1518 876 ad
1549 821 1690 875 hanc
1726 821 1902 891 pretio
1949 819 2114 875 anhe-

523 920 704 985 lass‘et,
751 916 1000 990 synodali
1051 915 1258 987 judicio
1302 931 1431 969 eum
1481 913 1849 969 anathematis
1895 913 2112 984 jaculo,

525 1013 626 1068 nisi
672 1012 1042 1083 resipisceret,
1080 1007 1382 1079 percussit,
1424 1015 1477 1061 et
1522 1007 1623 1063 sub
1670 1003 1859 1062 eadem
1891 1022 2117 1061 censura

524 1107 780 1161 omnibus
808 1112 1026 1174 accepta
1055 1103 1123 1157 ab
1142 1117 1206 1156 eo
1237 1099 1492 1156 beneﬁcia
1519 1101 1586 1156 ad
1616 1098 1908 1171 prafatum
1936 1115 2118 1154 coeno-

524 1198 676 1254 bium
723 1197 1050 1272 pertinentia
1100 1195 1317 1266 penitus
1359 1192 1664 1258 interdixit,
1717 1201 2019 1264 cunctaque
2048 1193 2118 1248 ab

524 1309 588 1348 eo
635 1292 897 1363 disposita
928 1289 1223 1362 apostolica
1255 1287 1616 1358 praceptione
1639 1287 1892 1352 cassavit,
1950 1295 2116 1358 atque

529 1385 647 1441 hac
697 1383 889 1440 eadem
933 1399 1028 1454 per
1075 1381 1362 1452 epistolam
1411 1381 1667 1451 episcopo
1714 1379 2117 1451 Constantiensi

525 1479 738 1549 publice
788 1475 1147 1549 pradicanda,
1180 1483 1235 1528 et
1283 1490 1377 1544 per
1405 1475 1783 1544 episcopatum
1831 1488 1992 1528 suum
2031 1472 2116 1528 di-

524 1571 793 1644 vulganda
823 1569 1122 1627 mandavit.
1157 1571 1379 1639 Itaque,
1413 1566 1708 1622 miserante
1736 1569 1882 1634 Deo,
1907 1565 2118 1621 factum

524 1675 612 1721 est
629 1675 687 1721 ut
732 1667 820 1721 ille
843 1665 910 1719 ab
941 1665 1129 1719 insana
1161 1662 1516 1734 occupatione
1545 1661 1777 1718 abbatia
1805 1661 2115 1731 desisteret,

2225 460 2348 516 qua
2399 459 2587 500 secum
2613 443 2906 499 habuimus
2933 442 3166 516 pleniter
3188 442 3449 514 expedire
3477 452 3536 498 et
3559 441 3824 500 determi-

2223 555 2360 596 nare
2389 557 2502 596 non
2544 540 2841 612 potuimus,
2883 539 2954 595 ad
2993 538 3240 596 futuram
3282 540 3555 613 synodum
3595 556 3722 596 eum
3751 541 3821 597 ad

2224 650 2325 692 nos
2351 635 2552 691 iterum
2579 635 2772 690 reverti
2801 634 3182 706 pracepimus,
3211 642 3265 689 et
3298 651 3464 707 super
3491 634 3596 690 hac
3638 650 3701 690 re
3749 634 3818 690 ab

2227 729 2342 800 ipso
2398 738 2672 801 prompta
2729 728 3054 784 obedientia
3096 729 3450 800 sponsionem
3487 729 3814 801 accepimus.

2227 827 2573 895 Quapropter
2625 823 2962 878 remittentes
3021 838 3151 878 eum
3205 838 3334 878 cum
3376 822 3575 878 litteris
3620 823 3822 879 nostris

2226 918 2476 973 charitati
2502 926 2698 973 vestra
2721 916 3201 985 commendamus,
3227 925 3494 989 quatenus
3511 925 3567 973 et
3589 932 3687 973 vos
3711 933 3821 974 una

2226 1009 2514 1066 nobiscum
2561 1027 2690 1066 eum
2716 1010 2984 1081 diligatis,
3028 1019 3084 1066 et
3106 1026 3292 1066 secum
3337 1018 3502 1082 atque
3549 1009 3692 1066 inter
3722 1026 3820 1066 vos

2229 1104 2445 1160 vinculo
2484 1104 2633 1176 pacis
2661 1103 2894 1168 Christi,
2939 1103 2994 1157 in
3035 1119 3144 1174 quo
3175 1119 3271 1174 per
3299 1104 3479 1175 ipsum
3535 1104 3606 1160 ad
3646 1103 3814 1160 ﬁdem

2227 1197 2388 1266 uniti,
2416 1207 2470 1254 et
2495 1198 2551 1254 in
2579 1206 2784 1254 sortem
2809 1197 3125 1253 hereditatis
3143 1198 3332 1268 gloria
3365 1198 3465 1254 Dei
3486 1197 3639 1254 electi
3669 1197 3820 1265 estis,

2227 1288 2504 1360 conjuncti
2534 1289 2766 1344 ﬁrmiter
2809 1290 3138 1360 persistatis.
3173 1293 3253 1345 Te
3285 1305 3415 1344 vero
3443 1304 3627 1362 regem
3653 1297 3715 1344 ut
3737 1287 3819 1343 di-

2229 1381 2588 1439 lectissimum
2619 1383 2795 1438 ﬁlium
2823 1398 3082 1455 rogamus
3106 1392 3161 1439 et
3183 1383 3547 1440 admonemus
3574 1393 3657 1451 ut,
3690 1399 3824 1439 con-

2226 1476 2489 1545 siderans,
2545 1485 2600 1532 et
2634 1484 2760 1532 ante
2810 1477 3012 1533 mentis
3055 1479 3245 1533 oculos
3299 1493 3511 1549 ponens
3555 1494 3720 1549 quam
3768 1477 3822 1532 in

2227 1570 2474 1628 districto
2512 1572 2724 1644 judicio
2749 1572 2817 1628 de
2867 1574 3160 1629 commissa
3204 1574 3299 1629 tibi
3340 1573 3821 1630 administratione

2227 1666 2502 1722 rationem
2548 1665 2863 1722 redditurus
2907 1682 2997 1734 es,
3042 1665 3195 1739 regni
3241 1667 3323 1723 tui
3345 1667 3714 1740 gubernacula
3765 1666 3823 1721 in

523 1761 618 1816 sed
639 1777 753 1816 non
777 1767 838 1814 ut
865 1758 1109 1814 fautores
1143 1758 1259 1830 ejus
1277 1799 1290 1823 ,
1318 1765 1508 1813 contra
1531 1759 1712 1811 Deum
1740 1765 1795 1811 et
1814 1756 2080 1827 justitiam
2097 1799 2112 1824 ,
2143 1745 2193 1806 Β
2223 1759 2458 1818 tenenda
2479 1761 2734 1832 aquitate
2782 1775 3045 1817 exornare
3073 1761 3316 1833 studeas,
3351 1771 3406 1818 et
3453 1762 3578 1818 huic
3615 1763 3822 1834 episco-

481 1863 484 1866 ’
524 1865 742 1926 accepta
784 1854 853 1909 ab
884 1870 948 1909 eo
979 1853 1305 1909 monasterii
1349 1852 1490 1907 bona
1535 1851 1927 1923 relinquerent.
1972 1853 2116 1921 Qua-

529 1959 770 2020 propter,
822 1948 1085 2018 quoniam
1130 1947 1222 2000 illa
1268 1945 1549 2017 principali
1603 1954 1655 2000 et
1685 1945 1935 2000 haretica
1973 1955 2120 2016 peste

519 2039 747 2110 depulsa
776 2040 1162 2094 charissimum
1183 2040 1356 2094 sancti
1376 2039 1521 2094 Petri
1549 2039 1728 2093 ﬁlium
1753 2025 2028 2093 Ecardum
2053 2055 2116 2093 ex

525 2133 639 2202 ipsa
694 2133 1174 2205 congregationea
1221 2131 1584 2186 confratribus
1640 2132 1908 2200 electum,
1963 2141 2019 2187 et
2087 2149 2117 2187 a

522 2227 680 2283 nobis
710 2227 998 2299 diligenter
1039 2224 1443 2290 examinatum,
1469 2224 1721 2280 abbatem
1763 2225 1864 2294 ibi,
1897 2233 2120 2280 auctore

519 2326 668 2389 Deo,
687 2322 1155 2387 consocravimus,
1179 2320 1463 2390 cupientes
1491 2329 1550 2374 ut
1581 2320 1977 2375 monasterium
1995 2329 2120 2391 post

522 2415 709 2489 longas
770 2424 827 2470 et
866 2415 1068 2470 multas
1105 2407 1491 2468 trib'ulationes
1520 2413 1637 2483 jam
1664 2412 1733 2468 ad
1781 2413 2023 2484 quietem
2064 2423 2118 2469 et

522 2509 840 2564 monastica
876 2506 1156 2578 religionis
1212 2508 1422 2560 cultum
1477 2505 1694 2572 redeat,
1737 2505 1910 2561 simili
1951 2507 2116 2563 modo

522 2604 779 2659 omnibus
808 2604 962 2674 quia
991 2617 1134 2671 sape
1179 2601 1294 2656 fato
1337 2601 1584 2655 Roberto
1627 2617 1727 2671 pro
1766 2599 2114 2659 defendenda

521 2697 638 2768 ejus
662 2697 905 2768 nequitia
923 2738 936 2760 ,
967 2702 1061 2750 aut
1080 2693 1384 2751 exhibenda
1401 2695 1505 2749 sibi
1537 2693 1834 2762 ﬁdelitate,
1863 2695 2003 2752 bona
2028 2698 2113 2752 ab-

520 2786 684 2842 batia
706 2787 759 2840 in
791 2785 1055 2841 beneﬁcia
1091 2783 1272 2855 adepti
1308 2793 1454 2848 sunt,
1485 2783 1586 2838 sub
1617 2785 1994 2842 anathematis
2024 2787 2116 2842 di-

517 2881 800 2936 strictione
827 2889 883 2936 et
897 2879 1367 2934 animadversione
1387 2877 1787 2933 interdicimus.
1821 2882 1963 2936 Nam
1987 2897 2114 2936 cum

518 2973 607 3029 ille
657 2975 853 3028 talium
898 2971 1307 3028 institutionum
1353 2977 1546 3023 auctor
1591 2979 1646 3024 et
1689 2969 2016 3028 distributor
2061 2973 2115 3027 in

2229 1873 2298 1928 po
2352 1857 2635 1927 antiquam
2685 1857 2776 1910 sui
2822 1857 3166 1928 episcopatus
3212 1855 3398 1911 sedem
3455 1871 3708 1927 reparare
3757 1871 3824 1911 ac

2227 1951 2469 2006 stabilire
2493 1967 2617 2006 cum
2653 1951 2751 2006 Dei
2783 1951 3054 2023 adjutorio
3073 1949 3255 2005 modis
3279 1951 3544 2006 omnibus
3573 1950 3816 2006 insistas.

2228 2050 2377 2102 Deus
2412 2057 2600 2102 autem
2650 2046 3002 2117 omnipotens
3027 2045 3099 2100 ad
3130 2046 3320 2100 omnia
3349 2062 3474 2117 qua
3515 2045 3620 2101 sibi
3651 2046 3823 2102 bene-

2227 2141 2421 2211 placita
2445 2148 2572 2195 sunt
2614 2155 2708 2195 cor
2735 2147 2895 2195 tuum
2949 2139 3168 2211 dirigat,
3199 2147 3254 2194 et
3297 2155 3358 2194 ea
3385 2147 3440 2194 te
3483 2139 3539 2193 in
3567 2140 3823 2210 prasenti

2228 2234 2335 2289 vita
2374 2233 2670 2304 promereri
2698 2230 2894 2298 faciat,
2925 2230 3072 2287 unde
3097 2231 3453 2302 postmodum
3489 2231 3822 2301 sempiterna

2226 2327 2508 2383 retribuat.

2296 2423 2437 2476 Data
2465 2423 2663 2475 Roma
2683 2417 2921 2490 septimo
2952 2419 3082 2475 ldus
3108 2419 3258 2482 Maii,
3283 2417 3579 2475 indictione
3609 2417 3827 2475 duode-

2225 2531 2387 2571 eima.

2650 2611 3004 2667 EPISTOLA
3078 2609 3393 2664 LXXXIV.

2299 2736 2382 2776 AD
2413 2736 2836 2778 HERIMANNUM
2857 2736 3195 2778 EPISCOPUM
3223 2735 3745 2778 BAMBBBGBNSEM.

2820 2835 3003 2894 (Anno
3045 2832 3226 2892 1074.)

2225 2944 2506 3012 Signiﬁcat
2551 2957 2605 2998 se
2640 2944 2961 2997 commisisse
2987 2944 3125 2996 vices
3152 2957 3278 2996 suas
3322 2943 3563 3012 episcopo
3598 2944 3829 2997 Metensi

2295 3018 2355 3067 in
2375 3030 2535 3068 causa
2552 3016 2723 3082 ipsius
2748 3017 2983 3083 episcopi
3001 3014 3422 3082 Bambergensis.
3456 3016 3632 3068 Monet
3667 3020 3728 3068 ut
3770 3018 3826 3069 ei

517 3069 638 3125 loco
671 3069 740 3125 ad
767 3083 928 3139 quem
958 3065 1212 3122 haretice
1235 3062 1930 3162 aspiraveratpermanere
2000 3081 2108 3120 non
2147 3099 2193 3162 Ο
2289 3062 3251 3156 13g,ﬁg{;gf“455975535;ﬁgat:

518 3164 726 3235 potuit;
771 3161 971 3234 quibus
1021 3158 1233 3230 legibus
1272 3165 1369 3212 aut
1414 3171 1524 3226 quo
1574 3156 1699 3227 jure
1743 3158 1837 3212 isti
1882 3158 2109 3215 sibimet

515 3255 886 3322 vindicabunt,
920 3253 1068 3326 quod
1095 3252 1352 3321 sacrilega
1402 3251 1762 3308 conventione
1801 3259 2106 3325 ceperunt?

517 3353 679 3410 Unde
708 3355 874 3409 etiam
897 3351 1154 3406 omnibus
1193 3347 1395 3405 Christi
1433 3347 1707 3415 ﬁdelibus,
1739 3350 1833 3419 qui
1861 3348 1978 3406 hac
2005 3367 2106 3406 co—

514 3447 832 3516 gnoverint,
855 3442 1151 3515 apostolica
1194 3440 1515 3496 auctoritate
1546 3441 1898 3512 pracipimus
1928 3449 1989 3497 ut
2015 3457 2110 3498 eos

516 3539 572 3594 in
601 3541 751 3595 nulla
781 3539 996 3610 penitus
1035 3536 1360 3593 Christiana
1385 3535 1793 3590 communionis
1826 3535 2112 3607 participa-

515 3635 662 3689 tione
751 3633 1045 3702 recipiant,
1100 3629 1234 3686 dum
1306 3629 1608 3700 iniquitatis
1653 3637 1707 3683 et
1746 3631 1942 3685 mortis
1995 3646 2108 3686 sua

512 3727 750 3797 pretium
767 3725 1042 3780 diabolica
1070 3722 1331 3778 aviditate
1359 3731 1414 3777 et
1451 3722 1759 3778 temeritate
1799 3724 2101 3793 possident.

579 3823 718 3874 Data
747 3821 946 3872 Romae
977 3824 1170 3872 octavo
1199 3815 1329 3871 ldus
1365 3817 1531 3884 Maii,
1582 3816 1884 3872 indictione
1911 3818 2107 3874 duode-

511 3929 674 3969 eima.

938 4040 1290 4098 EPISTOLA
1340 4041 1664 4097 LXXXIII.

759 4183 842 4224 AD
866 4181 1240 4224 ALPHONSUM
1263 4180 1465 4224 BEGBM
1509 4181 1851 4224 αΑετΒιιΔῖ..

1108 4294 1298 4357 (Anno
1332 4290 1516 4358 1074.)

513 4418 857 4478 Commendat
877 4421 1179 4490 episcopum
1205 4419 1455 4480 Paul-um,
1490 4433 1647 4486 quem
1691 4417 1990 4472 studiosum
2017 4435 2106 4473 er-

583 4511 650 4562 ga
697 4494 872 4547 sedem
900 4492 1248 4560 apostolicam
1283 4493 1613 4562 cognouerat.
1655 4491 1830 4543 Monet
1850 4505 2026 4558 regem
2048 4496 2109 4545 ut

583 4561 870 4632 antiquam
890 4566 1004 4632 ejus
1023 4565 1357 4632 episcopatus
1373 4561 1546 4615 sedem
1574 4576 1836 4628 reparare
1848 4563 1996 4616 velit.

581 4703 932 4758 Gnneoams
962 4697 1274 4772 episcopus,
1307 4713 1494 4754 servus
1517 4713 1800 4754 servorum
1833 4698 1956 4768 Dei,
1984 4704 2091 4754 AL-

509 4809 750 4853 PEONSO
781 4792 1157 4867 [ldelphonso]
1178 4793 1294 4864 regi
1322 4792 1620 4863 Hispania,
1645 4801 1700 4848 et
1725 4793 1991 4866 episcopis
2011 4810 2096 4850 re-

505 4892 595 4963 gni
666 4891 834 4958 illius,
905 4889 1140 4944 salutem
1192 4896 1247 4944 et
1315 4887 1674 4960 apostolicam
1743 4888 2089 4946 benedictio-

506 4999 659 5040 nem.

575 5082 780 5134 Notum
816 5076 968 5132 vobis
981 5090 1099 5132 esse
1114 5075 1392 5142 volumus,
1412 5091 1563 5130 nunc
1588 5074 1816 5130 fratrem
1837 5084 2092 5131 nostrum

505 5181 561 5228 et
587 5173 905 5243 episcopum
954 5170 1214 5238 Paulum,
1249 5177 1615 5240 cognomento
1656 5169 1845 5224 Monio
1891 5168 2091 5241 [Moni-

503 5265 602 5336 to},
627 5266 696 5322 ad
734 5267 1106 5337 apostolorum
1134 5262 1325 5318 limina
1345 5270 1400 5317 et
1447 5269 1693 5317 nostram
1741 5264 2088 5333 prasentiam

502 5360 729 5427 venisse,
777 5368 852 5428 et,
878 5367 1000 5430 post
1042 5357 1316 5414 redditam
1362 5355 1631 5412 rationem
1668 5372 1857 5426 earum
1905 5374 2091 5414 rerum

505 5454 613 5528 [de]
662 5453 861 5525 quibus
893 5469 1018 5508 eum
1053 5449 1464 5523 appellavimus,
1496 5451 1634 5507 sicut
1677 5450 1908 5525 dignum
1951 5463 2088 5519 erat,

501 5552 560 5606 in
583 5557 828 5606 nostram
859 5546 1305 5604 communionem
1341 5554 1394 5601 et
1413 5545 1765 5603 dilectionem
1805 5556 2090 5619 receptum

502 5643 688 5699 fuisse.
730 5645 1051 5697 Romanum
1090 5639 1336 5695 ordinem
1368 5640 1424 5693 in
1469 5638 1663 5694 divinis
1691 5639 1915 5708 ofﬁciis,
1947 5641 2092 5698 sicut

499 5737 677 5793 caeteri
715 5736 941 5807 Hispani
968 5733 1205 5806 episcopi
1231 5732 1323 5804 qui
1348 5732 1556 5804 synodo
1600 5733 1988 5801 interfuerunt,
2033 5750 2090 5790 se

498 5829 923 5896 celebraturum,
978 5836 1034 5884 et
1059 5836 1118 5882 ut
1171 5827 1366 5882 melius
1413 5825 1616 5896 poterit
1672 5827 2086 5880 observaturum

2292 3195 2960 3267 Gnscomusepiscopus,
2977 3210 3467 3253 servusservorum
3488 3195 3608 3261 Dei,
3630 3197 3823 3251 HEBI-

2219 3307 2436 3348 MANNO
2471 3291 2840 3364 [Hermanno,
2881 3297 2936 3346 et
2959 3295 3036 3346 sic
3052 3293 3280 3362 semper]
3307 3289 3690 3363 Bambergensi
3713 3292 3827 3363 epi-

2217 3401 2384 3458 scopo
2412 3388 2644 3441 salutem
2673 3394 2729 3440 et
2749 3385 3104 3456 apostolicam
3140 3384 3606 3440 benedictionem.

2291 3480 2657 3536 Charissimus
2685 3479 2964 3534 confrater
2992 3487 3178 3534 noster
3204 3479 3578 3534 Herimannus
3601 3482 3823 3536 Meten-

2221 3575 2291 3631 sis
2319 3576 2627 3647 episcopus,
2653 3574 2940 3631 nobiscum
2972 3591 3068 3646 per
3108 3573 3222 3629 dies
3267 3573 3477 3643 aliquot
3513 3589 3827 3631 commora-

2219 3675 2327 3736 tus,
2356 3668 2600 3724 multum
2645 3683 2747 3723 nos
2789 3684 2886 3739 pro
2916 3675 2969 3723 te
2989 3667 3229 3739 rogavit,
3257 3665 3563 3738 multasque
3603 3677 3658 3723 et
3699 3669 3828 3725 inti-

2222 3781 2342 3821 mas
2372 3782 2470 3837 pro
2520 3781 2685 3822 causa
2712 3774 2806 3821 tua
2853 3764 3276 3836 supplicationes
3303 3761 3521 3831 effudit,
3573 3765 3824 3822 referens

2133 3909 2152 3920 κ
2224 3859 2383 3915 nobis
2418 3859 2488 3915 de
2512 3866 2562 3915 te
2593 3858 2875 3926 nonnulla,
2905 3857 3102 3931 quibus
3133 3857 3191 3912 in
3220 3873 3371 3929 spem
3401 3867 3512 3916 tua
3531 3861 3827 3916 correctio-

2224 3956 2309 4011 nis
2344 3971 2457 4011 non
2501 3971 2662 4027 parva
2682 3954 2836 4011 cordi
2866 3962 3056 4010 nostro
3093 3962 3177 4010 est
3204 3953 3398 4011 oborta
3430 3955 3637 4012 latitia.
3667 3955 3823 4024 Qua-

2222 4059 2443 4122 pr0pter
2483 4049 2789 4116 consilium,
2821 4048 2966 4120 quod
3020 4047 3088 4104 ad
3123 4049 3355 4104 salutem
3383 4057 3495 4105 tua
3539 4057 3591 4105 et
3618 4049 3824 4105 anima

2223 4151 2458 4211 nostra,
2487 4142 2746 4214 quodque
2789 4141 2859 4198 ad
2887 4141 3183 4198 utilitatem
3217 4143 3469 4199 Ecclesia
3495 4143 3581 4198 cui
3607 4158 3816 4214 praes,

2226 4237 2572 4310 aptissimum
2627 4235 2789 4290 nobis
2815 4235 2991 4291 visum
3035 4243 3147 4303 est,
3178 4235 3235 4290 in
3261 4236 3586 4308 experientia
3615 4236 3822 4292 frater-

2219 4330 2405 4386 nitatis
2430 4345 2544 4385 sua
2573 4329 2886 4400 posuimus,
2919 4329 3268 4401 injungentes
3299 4338 3356 4386 et
3400 4330 3823 4387 committentes

2218 4423 2319 4479 sibi
2352 4432 2431 4490 ut,
2464 4423 2764 4494 apostolica
2795 4421 2961 4478 fultus
2985 4422 3330 4490 auctoritate,
3360 4424 3533 4479 vicem
3561 4432 3822 4480 nostram

2135 4543 2187 4608 Ι)
2219 4518 2275 4572 in
2301 4533 2468 4573 causa
2518 4524 2613 4573 tua
2639 4516 2854 4587 explere
2902 4515 3119 4583 debeat,
3161 4515 3206 4571 si
3236 4516 3402 4572 modo
3451 4517 3518 4573 ad
3543 4515 3820 4572 obedien-

2213 4611 2348 4667 dum
2379 4610 2462 4666 his
2491 4626 2615 4683 qua
2644 4609 2797 4682 quasi
2849 4625 2944 4666 ore
2994 4617 3184 4666 nostro
3232 4609 3330 4664 tibi
3383 4610 3727 4681 proposuerit
3754 4619 3817 4668 te

2202 4713 2458 4776 paratum
2486 4704 2743 4760 inveniat.
2786 4706 2849 4759 ln
2876 4703 3032 4775 cujus
3089 4703 3412 4774 prudentia,
3442 4703 3707 4775 quoniam
3735 4704 3813 4760 ad

2202 4799 2341 4854 bene
2369 4798 2706 4854 monendum
2736 4806 2789 4852 te
2807 4804 3121 4869 promptam
3137 4803 3193 4850 et
3219 4794 3583 4852 sufﬁcientem
3605 4797 3816 4852 volun-

2201 4899 2369 4947 tatem
2399 4907 2517 4947 esse
2561 4907 2670 4946 non
2699 4889 3018 4946 dubitamus
3043 4904 3147 4944 nos
3177 4889 3399 4960 quidem
3422 4905 3451 4944 e
3481 4888 3669 4946 multis
3699 4889 3816 4946 hoc

2200 4984 2524 5040 fraternitati
2550 4992 2663 5039 tua
2692 4983 2921 5039 sollicite
2946 4981 3336 5038 attendendum
3361 4989 3416 5038 et
3456 4981 3815 5053 pensandum

2199 5079 2510 5142 scribimus,
2550 5075 2700 5149 quod
2729 5075 2800 5131 ad
2828 5076 2998 5132 ﬁnem
3032 5075 3157 5131 vita
3209 5075 3457 5148 quotidie
3499 5077 3815 5149 appropin-

2201 5188 2363 5245 quas,
2391 5181 2447 5228 et
2475 5179 2790 5226 extremum
2821 5169 2990 5236 diem,
3021 5185 3185 5242 quem
3210 5179 3395 5225 tamen
3424 5170 3602 5225 nescis
3631 5186 3815 5241 quam

2199 5267 2306 5321 cito
2334 5265 2530 5332 veniat,
2558 5271 2736 5320 certus
2767 5271 3066 5334 exspectas.
3116 5262 3378 5336 Ideoque,
3410 5263 3598 5330 frater,
3625 5262 3815 5320 debita

2197 5357 2560 5414 sollicitudine
2600 5365 2654 5413 te
2681 5356 3042 5413 admonemus
3091 5365 3154 5411 ut
3191 5355 3532 5413 horrendum
3572 5372 3819 5413 examen

2200 5460 2254 5507 et
2281 5450 2586 5507 inevitabile
2617 5449 2886 5522 judicium
2940 5449 3171 5506 districti
3193 5449 3404 5522 judicis
3453 5458 3578 5506 ante
3609 5452 3816 5507 oculos

2200 5560 2398 5616 ponas,
2427 5552 2482 5600 et
2511 5543 2707 5600 faciem
2735 5544 2881 5600 illius
2926 5559 2987 5599 ea
3039 5543 3396 5600 conscientia
3436 5551 3549 5600 tua
3581 5542 3818 5599 confes—

2197 5639 2350 5695 sione
2375 5646 2428 5694 et
2452 5653 2682 5709 operum
2710 5637 3123 5693 conversatione
3141 5652 3527 5708 pJaoccupare
3551 5635 3821 5706 festines,

2199 5741 2469 5805 quatenus
2493 5733 2549 5787 in
2579 5739 2870 5804 conspectu
2900 5730 3102 5786 divina
3125 5730 3452 5801 praesentia,
3479 5729 3640 5802 cujus
3673 5745 3816 5786 ocu-

2205 5827 2270 5879 lis
2320 5827 2500 5882 omnia
2548 5825 2694 5881 nuda
2729 5833 2784 5881 et
2832 5834 3020 5895 aperta
3050 5832 3201 5891 sunt,
3250 5840 3362 5881 non
3408 5832 3463 5879 te
3512 5823 3811 5894 culparum
