4122 6184
249 285 359 343 357
1339 278 1539 336 LIBER
1576 281 1841 337 PRIMUS.
1885 311 1950 321 -—
1989 281 2196 337 EPIST.
2240 280 2466 336 LXXXV.
2610 298 2613 303 ‘
3452 290 3554 347 358

249 410 445 478 timor,
479 417 534 465 et
556 405 884 466 verecundia
907 405 1203 478 deprimat,
1245 404 1342 461 sed
1383 405 1507 461 lata
1536 403 1853 477 recipienda
1885 407 1938 470 Α
1967 405 2263 461 Beatricem
2282 446 2295 473 ,
2349 421 2453 460 nec
2482 422 2593 461 non
2624 414 2681 463 et
2710 423 3066 463 communem
3110 410 3280 466 ﬁliam
3308 420 3557 469 nostram

250 520 356 576 pro
395 503 557 560 bonis
599 503 811 560 actibus
844 499 1215 559 retributionis
1258 499 1459 556 ﬁducia
1492 498 1852 556 manifestum
1975 498 2287 555 Mathildim
2320 497 2416 554 diu
2444 509 2728 573 noctuque
2758 503 2812 557 in
2840 512 3030 559 nostro
3066 505 3307 561 multum
3336 505 3557 579 adjuto-

250 607 309 653 et
336 598 766 669 imperterritum
796 595 1008 653 reddat.
1963 595 2046 650 rio
2073 592 2363 657 desudare,
2395 600 2586 664 utpote
2613 611 2712 650 vos
2744 604 3061 666 sequentes,
3091 614 3188 654 vos
3219 599 3359 655 sicut
3381 599 3562 657 domi-

326 694 478 747 Data
524 691 579 746 in
623 689 967 762 expeditione
1006 688 1076 744 ad
1116 697 1365 743 montem
1392 686 1608 744 Ciminii
1653 685 1851 760 [Cimi-
1963 705 2094 745 nam
2120 698 2174 744 et
2202 688 2516 760 magistram
2546 687 2829 761 discipula
2861 691 3091 747 ﬁdeliter
3116 694 3418 750 imitantes.
3460 700 3563 752 Per

250 785 454 853 nium],
485 784 732 841 secundo
764 784 895 840 Idus
915 783 1083 851 Junii,
1112 782 1411 839 indictione
1433 781 1780 838 duodecima.
1966 800 2062 837 vos
2091 782 2273 854 itaque
2312 798 2517 837 novum
2556 785 2872 854 exemplum
2911 786 3155 857 antiqua
3187 788 3419 856 latitia,
3466 805 3564 861 per

709 902 1063 957 EPISTOLA
1112 901 1408 955 LXXXV.
1968 892 2082 941 vos,
2110 875 2354 946 inquam,
2371 874 2478 930 illa
2498 876 2754 932 mulieres
2779 877 2914 932 olim
2931 890 3239 950 quarentes
3258 883 3561 938 Dominum

589 1030 671 1071 ΑΙ)
713 1028 1001 1070 AaM-mu
1039 1007 1530 1069 ιιρεῇμηιρκη,
1967 969 2027 1023 in
2058 978 2446 1034 monumento.
2477 985 2621 1040 sape
2662 970 2822 1026 nobis
2850 971 2922 1026 ad
2962 975 3285 1029 memoriam
3315 976 3563 1031 redeunt.

853 1063 1509 1184 EALQJEASWW
1968 1063 3564 1184 $333.1“???.‘iff.?.“i’f§‘i‘fii‘iif’ﬂiii'dfi"“‘°’.‘3"‘

422 1233 432 1242 _
604 1231 644 1243 Η
816 1156 1036 1243 “imi”
1058 1156 1257 1241 ,ω’τυ
1358 1228 1398 1243 μ
1594 1241 1602 1243 _
1652 1226 1728 1243 Μ
1822 1227 1862 1243 ΑΔ
1973 1156 2191 1211 Domini
2215 1157 2352 1212 miro
2375 1156 2657 1214 charitatis
2685 1158 2882 1214 ardore
2912 1168 3204 1228 venerunt,
3239 1162 3312 1216 ita
3334 1180 3432 1219 vos
3461 1168 3565 1221 Ec-

266 1231 645 1330 Grcrzrliasugit
689 1229 834 1300 quod
870 1231 1111 1330 Ecclesiae
1149 1228 1456 1310 concordia
1484 1226 1763 1330 consulari,
1813 1227 1862 1277 et

401 1318 636 1330 ,κωκυ
682 1318 852 1330 MM...
943 1317 993 1330 η.
1023 1316 1141 1330 nm...
1195 1314 1541 1330 nmmum...
1585 1313 1667 1330 ..ορ
1694 1314 1709 1330 ε.
1736 1312 1860 1330 που-

1998 1252 2199 1307 :lesiam
2236 1253 2459 1319 Christi,
2488 1254 2641 1324 quasi
2685 1255 2741 1309 in
2770 1255 3018 1326 sepulcro
3063 1254 3377 1313 afflictionis
3420 1261 3566 1330 posi-

1973 1354 2113 1411 tam,
2152 1360 2270 1416 pra
2295 1346 2501 1412 multis,
2534 1346 2645 1401 imo
2687 1362 2822 1418 pene
2851 1363 2963 1419 pra
2994 1349 3250 1405 omnibus
3291 1358 3567 1408 terrarum

1979 1437 2330 1509 principibus,
2364 1439 2449 1510 pio
2478 1456 2668 1495 amore
2705 1440 2957 1508 visitatis,
2986 1452 3042 1497 et
3070 1450 3133 1497 ut
3156 1443 3228 1499 ad
3258 1451 3462 1500 statum
3506 1445 3571 1500 li-
3642 1474 3649 1477 -

1981 1532 2210 1588 bertatis
2243 1548 2359 1588 sua
2388 1542 2656 1605 resurgat,
2686 1534 2816 1589 totis
2847 1535 3048 1590 viribus
3067 1536 3392 1606 annitentes,
3415 1541 3573 1610 quasi

1982 1626 2235 1699 angelicis
2276 1628 2540 1684 instructa
2574 1629 2855 1700 responsis
2883 1638 3115 1685 cateros
3142 1630 3213 1687 ad
3241 1631 3571 1705 suffragium

1986 1723 2284 1781 laborantis
2323 1724 2584 1781 Ecclesia
2613 1725 2949 1797 provocatis.
2999 1725 3169 1783 Unde
3199 1735 3254 1782 et
3280 1729 3568 1785 revelatio-

341 1304 639 1357 Henricum
681 1298 855 1371 regem
894 1298 1017 1356 Eccl
1021 1303 1141 1355 θείω
1193 1300 1547 1353 communioni
1585 1299 1860 1371 restituen-

334 1374 474 1428 dum
512 1378 681 1427 curet.
728 1367 994 1428 Hortatur
1032 1377 1095 1426 ut
1126 1373 1402 1440 persistat.
1434 1371 1499 1425 Se
1525 1384 1624 1438 pro
1667 1367 1868 1425 Christi

334 1445 583 1501 Ecclesia
605 1445 763 1500 valde
785 1444 1033 1497 laborare
1056 1444 1351 1510 signiﬁcat,
1377 1456 1539 1510 eaque
1565 1442 1623 1493 in
1654 1455 1711 1493 re
1743 1442 1867 1493 Bea-

340 1518 534 1571 trieem
593 1520 644 1570 et
718 1516 1039 1571 Mathildem
1103 1515 1271 1568 multo
1345 1514 1455 1567 sibi
1520 1526 1629 1565 esse
1694 1510 1862 1579 adju-

336 1593 543 1642 mento.

341 1696 707 1752 GBnGonms
757 1693 1065 1765 episcopus,
1139 1706 1329 1746 servus
1399 1704 1688 1745 servorum
1735 1684 1865 1750 Dei,

260 1793 519 1845 AGNETI
542 1788 1024 1847 Christianissimae
1049 1783 1413 1860 [Christiana]
1439 1781 1765 1856 imperatrici
1796 1795 1877 1835 sa-

158 1880 163 1889 ³
252 1885 452 1940 lutem
482 1892 537 1939 et
562 1883 918 1955 apostolicam
945 1881 1417 1938 benedictionem.

334 1977 666 2034 Gaudemus
694 1985 749 2033 et
772 1978 1109 2032 exsultamus
1129 1974 1187 2029 in
1215 1973 1485 2040 Domino,
1512 1969 1661 2042 quod
1686 1970 1873 2024 lumen

246 2081 475 2129 vestra
504 2072 836 2143 operationis
873 2070 943 2126 ad
970 2085 1073 2125 nos
1102 2083 1275 2140 usque
1300 2063 1658 2137 resplenduit,
1685 2069 1739 2116 et
1769 2060 1873 2115 fru-

248 2177 403 2223 ctus
426 2174 613 2222 vestra
637 2164 992 2238 fatigationis,
1018 2162 1114 2219 etsi
1136 2178 1251 2217 non
1276 2160 1343 2216 ad
1364 2160 1692 2227 votajvestra
1718 2156 1876 2227 plene

247 2261 614 2328 cumulatus,
641 2264 760 2315 Deo
791 2267 979 2313 tamen
1013 2256 1082 2313 ad
1103 2255 1319 2312 laudem
1348 2263 1403 2310 et
1432 2253 1687 2326 gloriam,
1713 2249 1876 2305 nobis

246 2355 329 2411 ad
366 2353 649 2420 laetitiam,
682 2352 839 2409 vobis
863 2351 934 2407 ad
976 2366 1240 2406 coronam
1278 2347 1535 2425 perfecta
1562 2360 1875 2401 remunera-

243 2451 456 2508 tionis
495 2450 742 2505 excrevit.
777 2451 971 2521 Neque
1012 2446 1157 2502 enim
1187 2453 1379 2500 nostra
1407 2459 1529 2514 spes
1570 2440 1693 2497 ideo
1725 2455 1875 2495 coar-

247 2546 433 2604 ctari
470 2555 563 2600 aut
586 2543 839 2600 submitti
865 2542 1056 2609 debet,
1104 2540 1148 2596 si
1177 2538 1510 2595 desiderium
1543 2545 1737 2591 vestra
1765 2550 1880 2589 san~

248 2640 495 2701 ctitatis
522 2640 833 2696 facultatem
862 2635 1179 2694 intentionis
1210 2633 1492 2706 explenda
1515 2648 1628 2687 non
1652 2629 1874 2694 habuit;

249 2735 555 2811 quoniam
581 2733 726 2806 apud
748 2736 927 2788 Deum
959 2729 1172 2803 perﬁcit
1194 2728 1400 2794 omnia,
1427 2726 1517 2798 qui
1543 2723 1878 2780 voluntatem
1972 2739 1976 2744 ·

249 2844 488 2905 gerens
525 2828 824 2900 integram,
867 2834 1135 2897 quantum
1163 2822 1340 2894 potuit
1368 2821 1584 2892 operari
1632 2833 1743 2873 non
1784 2816 1879 2872 de-

251 2926 394 2982 siit-
438 2922 645 2977 Scimus
679 2919 932 2992 equidem
978 2915 1129 2990 quod
1171 2932 1270 2988 pro
1299 2930 1435 2987 pace
1480 2921 1534 2968 et
1578 2908 1881 2967 concordia

253 3017 611 3077 universalis
630 3014 891 3071 Ecclesia
914 3013 1153 3068 multum
1175 3010 1458 3074 laboratis,
1486 3016 1540 3064 et
1559 3003 1741 3063 omnia
1759 3019 1883 3076 qua

252 3110 674 3189 pontiﬁcatum
719 3118 776 3164 et
816 3106 1114 3178 imperium
1143 3103 1350 3177 glutino
1377 3100 1662 3158 charitatis
1692 3097 1884 3153 astrin-

1912 1848 1959 1909 B
1986 1835 2115 1875 nem
2144 1834 2394 1891 superna
2436 1819 2654 1889 gloriae,
2687 1829 2744 1875 et
2789 1828 3009 1876 aeterna
3047 1821 3193 1889 vita,
3227 1837 3351 1893 qua
3397 1831 3478 1877 est
3517 1823 3573 1879 in

1926 1932 1951 1959 ο
1984 1912 2201 1969 Christo
2228 1915 2388 1979 Jesu,
2418 1929 2527 1968 non
2558 1912 2721 1968 dubie
2751 1914 3165 1985 exspectabitis,
3200 1923 3252 1970 et
3292 1924 3576 1972 consortes

1980 2007 2277 2063 mulierum
2302 2007 2515 2063 illarum
2543 2008 2889 2080 praesentiam
2913 2008 3208 2064 Salvatoris
3236 2010 3412 2065 nostri
3440 2009 3584 2066 inter
3644 2026 3649 2029 '

1981 2102 2298 2173 angelorum
2328 2100 2541 2173 agmina
2566 2117 2695 2173 pace
2722 2109 2979 2173 perpetua
3002 2100 3282 2170 fruentes,
3319 2102 3437 2173 ipso
3463 2120 3583 2175 pro-

1982 2203 2216 2250 testante
2269 2195 2615 2268 [prastante,
2671 2200 2721 2249 et
2767 2198 2844 2250 sic
2899 2198 2957 2250 in
3009 2194 3227 2268 Μαίη]
3271 2195 3572 2253 invenietis.

1984 2289 2145 2357 Quod
2188 2300 2375 2345 autem
2422 2289 2491 2344 de
2525 2288 2631 2344 ﬁlia
2677 2296 2853 2344 vestra
2899 2289 3149 2346 Mathildi
3195 2293 3294 2345 nes
3334 2291 3571 2363 rogatis,

1982 2391 2258 2455 gratanter
2296 2384 2638 2454 accepimus,
2678 2382 3051 2439 collaudantes
3100 2384 3443 2440 sanctitatem
3488 2401 3579 2441 ve-

1986 2485 2155 2531 stram
2201 2476 2350 2548 quod
2387 2484 2537 2532 tanta
2579 2476 2731 2532 vobis
2777 2475 2844 2532 de
2893 2477 3067 2532 salute
3111 2476 3254 2533 illius
3296 2494 3425 2534 cura
3465 2490 3579 2545 est;

1988 2585 2114 2642 qua
2137 2570 2357 2642 quidem
2386 2570 2443 2625 in
2474 2586 2570 2625 vos
2596 2569 2746 2625 omni
2765 2568 3038 2625 desiderio
3068 2578 3125 2626 et
3156 2570 3434 2627 ﬁdelitatis
3453 2571 3582 2627 affe-

1989 2671 2079 2719 ctu
2114 2678 2212 2719 cor
2241 2671 2298 2718 et
2325 2663 2567 2718 animam
2595 2678 2757 2719 suam
2800 2661 3054 2730 effundit,
3083 2664 3311 2734 gloriam
3346 2674 3583 2722 vestram

1991 2757 2144 2828 quasi
2174 2755 2363 2827 gaudia
2396 2756 2632 2827 propria
2668 2754 2858 2810 salutis
2888 2757 3152 2827 exposcit.
3190 2759 3269 2812 Ac
3312 2775 3414 2814 nos
3458 2760 3585 2830 qui-

1991 2850 2116 2907 dem
2143 2865 2246 2921 pro
2276 2864 2336 2904 ea
2368 2849 2600 2903 libenter
2632 2864 2887 2916 oramus;
2913 2856 2986 2909 et,
3023 2849 3149 2921 licet
3178 2851 3453 2907 orationes
3490 2869 3584 2907 no-

1992 2951 2135 2999 stras
2159 2950 2346 2998 nostra
2372 2944 2489 2997 Deo
2509 2957 2700 3013 parum
2729 2920 3123 2997 commendent
3142 2943 3364 3011 merita,
3386 2943 3584 2999 suffra-

1994 3045 2161 3108 gante
2186 3044 2372 3091 tamen
2402 3035 2599 3107 pietate
2624 3034 2791 3100 Petri,
2818 3034 2975 3107 cujus
3002 3035 3144 3091 servi
3173 3052 3383 3103 sumus,
3411 3052 3503 3093 eas
3524 3038 3584 3092 in

1994 3138 2290 3203 conspectu
2319 3129 2547 3184 Domini
2573 3145 2686 3184 non
2718 3128 2945 3184 omnino
2988 3145 3183 3185 vacuas
3205 3146 3326 3186 esse
3354 3130 3591 3186 conﬁdi-

254 3221 427 3281 gere
459 3204 689 3271 valeant,
732 3202 968 3272 amplius
1006 3215 1173 3271 quam
1208 3197 1321 3254 dici
1354 3196 1523 3268 possit
1563 3191 1888 3265 concupisci-

288 3306 304 3314 -
451 3309 462 3314 _
499 3301 512 3312 ο
568 3299 585 3314 ’1
626 3298 646 3314 ι-
856 3298 909 3314 ιν
949 3297 982 3314 ο.
1012 3313 1018 3314 ,
1044 3295 1149 3314 να-
1203 3293 1437 3314 ..ημμξιξ-
1491 3294 1734 3314 Λ---..--..-
1779 3287 1865 3314 ...ιῖ

2002 3240 2147 3280 mus.
2181 3227 2431 3279 Vestram
2473 3222 2637 3295 igitur
2667 3222 3209 3279 commendationem
3239 3223 3404 3296 digna
3434 3240 3591 3280 vene—

254 3306 375 3371 ῖίεν
416 3309 472 3357 εί
498 3298 761 3356 indefessa
793 3295 1154 3361 soni-“imm”
1194 3294 1465 3387 qumﬁtisﬁ
1489 3294 1739 3387 Quorum
1776 3294 1888 3359 (Μ’
1923 3294 1965 3314 υ
2005 3317 2214 3373 ratione
2242 3294 2625 3387 suscipientes,
2655 3316 2845 3371 itidem
2890 3331 3016 3384 vos,
3059 3325 3121 3372 ut
3161 3294 3321 3372 illius
3338 3325 3390 3372 et
3420 3318 3590 3373 nostri

258 3400 448 3459 demo
480 3394 623 3465 (ἰυοά
651 3393 959 3450 maXimum
988 3398 1092 3458 θεῖν
1125 3397 1180 3445 et
1206 3388 1399 3444 unitati
1437 3386 1743 3442 d'lecuoms
1767 3398 1893 3439 con'
2007 3411 2329 3468 memoriam
2368 3410 2423 3464 in
2450 3409 2643 3465 vestris
2683 3425 2941 3478 rogamus
2984 3410 3327 3466 orationibus
3355 3410 3593 3477 faciatis,

251 3488 733 3568 junctissimum,
775 3489 896 3560 jam
942 3484 1249 3558 peregistis,
1301 3482 1552 3538 videlicet
1598 3479 1768 3535 ﬁlium
1808 3492 1891 3531 ve-

2010 3512 2067 3559 et
2080 3504 2289 3560 mutuis
2316 3519 2421 3558 nos
2446 3501 2593 3579 apud
2610 3505 2792 3557 Deum
2815 3502 3071 3573 juvemus
3089 3502 3597 3572 intercessionibus;

261 3597 478 3644 suum
544 3583 849 3639 Ηθίπίθυω
930 3595 1118 3652 regem
1190 3574 1571 3633 communioni
1643 3571 1899 3669 Beck“?
2006 3606 2273 3669 quatenus
2308 3596 2398 3651 hic
2444 3574 2504 3651 in
2548 3595 2765 3651 Christo
2806 3612 3054 3652 connexa
3082 3594 3317 3652 charitas
3346 3613 3515 3652 unam
3540 3571 3594 3653 et

262 3675 538 3744 restitui,
566 3675 837 3747 simulque
864 3689 1103 3746 regnum
1133 3672 1250 3744 ejus
1278 3688 1308 3726 a
1337 3668 1620 3726 communi
1651 3664 1893 3739 periculo

269 3772 525 3833 liberari
559 3790 571 3825 :
606 3769 870 3842 quoniam
894 3768 991 3823 illo
1016 3775 1173 3823 extra
1204 3763 1651 3822 communionem
1682 3759 1860 3832 posito
1879 3800 1895 3829 ,

266 3881 407 3926 nos
434 3864 652 3936 quidem
692 3864 859 3920 timor
888 3861 1093 3918 divina
1121 3859 1341 3917 ultionis
1365 3873 1557 3915 secum
1604 3854 1897 3912 convenire

274 3958 582 4036 prohibuit
606 3979 624 4014 .-
650 3956 898 4013 subditos
923 3970 1052 4011 vero
1074 3953 1176 4009 sibi
1200 3952 1445 4025 quotidie
1469 3951 1585 4023 ejus
1610 3947 1898 4021 prasentia

2006 3792 2207 3850 stante,
2238 3784 2424 3841 sedem
2455 3782 2629 3856 pariat
2654 3791 2710 3838 et
2733 3782 2997 3839 latitiam.

2006 3706 2356 3747 communem
2395 3689 2558 3747 nobis
2583 3689 2639 3744 in
2666 3705 2835 3762 regno
2868 3690 3043 3745 Patris
3070 3690 3262 3758 nostri,
3291 3691 3408 3761 ipso
3461 3706 3597 3763 pra-
3682 3696 3685 3701 '
3714 3730 3729 3741 .

277 4052 465 4128 quasi
500 4051 793 4109 necessitas
829 4048 1088 4123 quaedam
1138 4048 1195 4104 in
1233 4046 1391 4118 culpa
1436 4044 1640 4118 ligavit.
1669 4042 1757 4099 Ad
1797 4057 1900 4099 ca-

279 4160 432 4206 tera
487 4162 617 4203 vero
673 4160 799 4216 quae
848 4142 1056 4199 leviora
1113 4147 1274 4209 sunt,
1335 4138 1459 4194 licet
1524 4144 1902 4208 paupertatem

277 4244 408 4319 [f.,
455 4238 730 4312 pietatem]
777 4246 1016 4295 vestram
1080 4241 1398 4308 promptam
1444 4246 1565 4288 esse
1626 4246 1744 4286 non
1794 4228 1904 4286 du-

278 4337 581 4401 bitemus,
644 4350 740 4407 per
796 4331 1055 4389 ﬁduciam
1122 4337 1309 4399 tamen
1369 4341 1536 4400 quam
1582 4325 1636 4381 in
1688 4323 1904 4382 Christo

281 4429 612 4497 habemus,
654 4426 885 4500 gloriam
916 4433 1155 4481 vestram
1193 4431 1250 4479 ut
1271 4421 1482 4495 jugiter
1531 4426 1647 4476 tam
1700 4418 1907 4474 sanctis

282 4522 518 4585 studiis
560 4524 748 4590 instet,
806 4528 1027 4594 propter
1072 4518 1463 4575 revelationem
1507 4514 1691 4590 gaudii
1735 4514 1900 4570 vestri

285 4616 726 4694 quodammodo
755 4613 1034 4672 exhortari
1071 4611 1443 4684 impellimus,
1473 4610 1774 4666 scribentes
1815 4624 1903 4663 vo-
1931 4654 1984 4717 Β

283 4713 420 4777 bis,
468 4719 527 4765 et
563 4710 662 4766 sub
706 4708 856 4765 omni
900 4705 1234 4764 certitudine
1278 4702 1625 4759 notiﬁcantes
1674 4698 1904 4773 prafato

288 4806 433 4864 ﬁlio
457 4812 636 4860 vestro
666 4811 845 4859 vestra
872 4800 1095 4858 consilia
1127 4806 1419 4869 vestraque
1448 4795 1685 4852 multum
1714 4792 1908 4849 merita

2080 3967 2222 4021 Data
2256 3963 2312 4020 in
2341 3962 2689 4037 expeditione
2716 3962 2783 4019 ad
2820 3964 3086 4019 Sanctum
3123 3962 3441 4019 Flavianum
3481 3962 3603 4035 [Fa-

2009 4058 2255 4132 bianum]
2282 4058 2503 4115 decimo
2531 4058 2764 4129 septimo
2797 4056 3081 4113 Kalendas
3115 4056 3277 4124 Julii,
3305 4055 3604 4113 indictione
3676 4064 3681 4067 ’

2010 4153 2361 4211 duodecima.

2085 4336 2233 4399 (357)
2280 4332 2347 4385 In
2390 4329 2498 4386 hoc
2547 4328 2725 4401 primo
2754 4345 2900 4385 anno
2934 4328 3285 4401 pontiﬁcatus
3330 4328 3446 4397 sui,
3487 4330 3600 4400 ipse

2017 4403 2281 4459 dominus
2323 4400 2633 4472 Gregorius,
2664 4416 2800 4472 papa
2842 4400 3120 4472 constituit
3170 4410 3243 4472 et_
3270 4400 3607 4455 consecravit

2016 4470 2461 4546 archiepiscopus
2477 4480 2543 4546 et
2557 4470 2839 4546 episcopos
2868 4487 2962 4546 per
2989 4471 3197 4546 diversa
3234 4470 3381 4546 loca.
3408 4475 3466 4546 I_n
3486 4472 3610 4546 S_ar—

2012 4546 2175 4614 diniaj
2200 4542 2477 4617 provincia
2511 4542 2783 4617 Jacobum
2814 4542 3289 4617 archiepisc0pum
3342 4543 3603 4599 Calarita-

2015 4613 2657 4687 num,'Constantinum
2697 4613 3187 4687 archiepiscopum
3241 4614 3606 4687 Turreusem;

2014 4683 2209 4760 quibus
2230 4687 2388 4760 pallia
2414 4701 2547 4760 eum
2573 4683 3053 4760 privilegiisdedit.
3081 4684 3325 4760 Brunoni
3355 4684 3609 4757 episcopo

2018 4754 2313 4816 Veroneusi
2344 4754 2719 4827 pallium—cum
2751 4754 3044 4825 privilegio,
3087 4764 3140 4809 et
3169 4754 3359 4811 Nacho
3384 4754 3609 4812 conces-

2018 4832 2108 4887 sit.
2138 4833 2408 4885 Joannem
2439 4831 2710 4883 Soranum
2733 4827 3050 4897 episc0pum
3079 4827 3432 4881 consecravit.
3465 4831 3603 4883 ltem

291 4895 610 4975 profuisse,
634 4905 691 4953 et
713 4911 877 4969 quam
901 4892 1338 4951 misericorditer
1371 4905 1501 4948 eum
1535 4889 1716 4945 divina
1744 4887 1911 4958 respi-

292 4994 425 5050 ciat
464 4989 773 5059 clementia,
816 4996 1059 5045 vestram
1102 4984 1283 5043 adhuc
1327 4982 1730 5039 beatitudinem
1786 4995 1915 5036 cum

296 5085 677 5163 gratulatione
706 5083 947 5140 visuram
972 5097 1109 5138 esse.
1142 5081 1263 5135 Hoc
1289 5087 1475 5133 autem
1504 5073 1651 5132 unde
1673 5073 1756 5128 vel
1783 5087 1915 5144 qua-

301 5185 442 5240 liter
476 5178 641 5235 nobis
669 5185 1017 5250 compertum
1040 5175 1145 5239 sit,
1176 5189 1307 5230 cum
1336 5180 1605 5239 vestram,
1623 5168 1916 5225 miserante

310 5282 476 5341 Deo,
513 5274 859 5346 prasentiam
890 5269 1215 5337 viderimus,
1248 5274 1494 5340 patenter
1534 5262 1914 5321 indicabimus.

311 5375 404 5427 De
430 5377 634 5426 caetero
667 5368 805 5424 sciat
828 5364 1129 5422 eminentia
1173 5370 1355 5421 vestra
1394 5376 1497 5417 nos
1544 5359 1632 5415 his
1661 5356 1918 5428 tempori-

311 5466 425 5523 bus
452 5480 555 5537 pro
583 5478 746 5520 causa
792 5460 934 5519 beati
974 5457 1124 5515 Petri
1154 5456 1530 5530 apostolorum
1560 5452 1816 5526 principis
1859 5451 1917 5508 in

316 5561 516 5618 labore
555 5573 668 5615 non
714 5572 882 5630 parvo
928 5554 1170 5627 positos,
1197 5561 1255 5609 et
1299 5560 1533 5611 vestram
1565 5549 1624 5604 in
1656 5546 1919 5605 omnibus

2021 4903 2076 4958 in
2102 4900 2345 4957 marchia
2376 4899 2628 4954 Firmana
2663 4897 3055 4952 Irasmundum
3087 4899 3440 4963 Valvensem,
3473 4903 3607 4955 Teu-

2024 4989 2222 5029 zonem
2253 4971 2567 5037 Teatinum,
2601 4972 2847 5041 Leonem
2874 4969 3277 5041 episcopumhiu
3317 4969 3612 5041 Campania

2022 5043 2786 5117 AquiﬁnensemLHugonem
2829 5040 2885 5095 in
2913 5039 2919 5040 “
2950 5039 3262 5117 Burgundii}
3321 5039 3610 5107 Diensem,

2021 5110 2395 5172 Landericum
2450 5110 2608 5168 item'
2640 5112 2698 5166 in
2753 5110 3087 5183 Burgundia'
3119 5110 3607 5183 Matisconensem,

2023 5188 2378 5244 Guilielmum
2440 5185 2497 5239 in
2559 5183 2835 5238 Maritima
2878 5182 3242 5238 ’Massanum.
3307 5182 3613 5239 Celebravit

2022 5261 2219 5316 Roma
2245 5254 2549 5331 synodum,
2571 5254 2625 5308 in
2659 5269 2787 5331 qua,
2817 5252 2958 5308 inter
2981 5263 3177 5331 caetera
3206 5254 3441 5331 qua_ib_i
3466 5265 3616 5331 gesta

2023 5338 2169 5397 sunt,
2197 5325 2701 5386 excommunicavit
2718 5334 2880 5395 atque
2902 5325 3383 5382 anathematizavit
3409 5325 3617 5386 Rober-

2027 5411 2148 5456 tum
2177 5402 2549 5457 Guiscardum
2580 5397 2724 5467 (358)
2754 5397 2968 5469 ducem
3011 5398 3224 5469 Apulia
3271 5405 3324 5469 et
3357 5398 3615 5453 Calabria

2024 5481 2187 5544 atque
2209 5472 2428 5544 Sicilia,
2459 5484 2588 5524 cum
2611 5466 2870 5525 omnibus
2898 5466 3210 5526 fautoribus
3238 5467 3375 5535 suis,
3417 5481 3616 5541 quous-

2025 5542 2130 5614 que
2176 5542 2536 5614 resipisceret.

2026 5767 2284 5827 Chronici
2337 5766 2706 5833 Cassinensis,
2751 5780 2803 5820 c.
2850 5770 2948 5826 15,
2987 5773 3089 5828 44,
3135 5768 3203 5819 52
3244 5770 3303 5816 et
3342 5771 3451 5830 56;
3490 5763 3619 5817 Otto

396 5790 547 5851 (357)
576 5786 658 5839 Ex
687 5783 808 5853 ipso
830 5781 1061 5853 registro
1079 5780 1332 5853 Gregorii
1353 5780 1480 5853 VII,
1496 5783 1620 5853 post
1637 5775 1794 5853 epist.
1818 5780 1907 5831 25.
2026 5775 2284 5853 Chronici
2337 5775 2706 5853 Cassinensis,,
2722 5780 2848 5853 ge.“

2028 5840 2402 5912 Frisingensis,
2431 5839 2520 5893 lib.
2550 5852 2571 5891 ι
2598 5841 2681 5892 De
2712 5836 2882 5900 gestis
2907 5836 3178 5899 Friderici,
3211 5845 3336 5899 cap.
3374 5843 3426 5894 θ,

396 5847 549 5927 (358)
571 5857 656 5910 De
681 5847 929 5908 Roberto
955 5847 1251 5912 Guiscardo
1271 5855 1387 5911 Leo
1416 5847 1685 5906 Ostiensis
1709 5847 1804 5902 lib.
1833 5861 1911 5904 ιιι
