4106 6182
570 272 672 341 359
1253 267 1309 322 S.
1353 267 1668 322 GREGORII
1702 267 1799 327 VII
1837 267 2032 321 ΡΑΡᾹΞ
2075 266 2349 321 OPERUM
2382 267 2554 321 PARS
2591 267 2630 320 I.
2673 295 2742 307 —
2778 263 3183 321 REGISTRUM.
3754 268 3850 319 360

1354 494 1707 582 LIBER
1773 491 2401 584 SECUNDUS
2467 491 3073 582 REGISTRI.

691 663 859 720 Anno
886 657 1201 717 Dominicae
1244 656 1688 715 Incarnationis
1724 656 2042 715 millesimo
2071 658 2495 736 septuagesimo
2537 660 2776 731 quarto,
2810 651 3133 712 indictione
3162 650 3514 711 duodecima
3544 651 3733 727 (359).

1044 790 1387 844 EPISTOLA
1426 790 1683 843 PRIMA.

727 899 809 939 ΔΙ)
844 896 1171 939 EPISCOPOS
1203 898 1274 938 ET
1314 897 1593 938 ABBATBS
1630 897 1999 939 BRITANNUE.

1158 980 1339 1042 (Anno
1372 982 1553 1041 1074.)

570 1068 814 1140 Praecipit
829 1075 891 1124 ut
909 1071 983 1125 ad
994 1071 1253 1139 synodum
1270 1073 1486 1124 veniant
1498 1114 1512 1132 ,
1537 1075 1585 1124 et
1601 1073 1857 1124 incestam
1877 1070 2164 1140 copulatio-

926 1158 1047 1196 nem
1077 1142 1305 1196 subditis
1334 1145 1447 1196 suis
1465 1143 1804 1211 prohibeant.

643 1238 988 1292 Gnaeonws
1014 1235 1320 1306 episcopus,
1344 1250 1531 1290 servus
1559 1250 1844 1290 servorum
1884 1233 2005 1301 Dei,
2035 1233 2162 1289 uni-

572 1329 735 1383 versis
778 1329 1041 1399 episcopis
1074 1338 1129 1383 et
1169 1328 1459 1383 abbatibus
1486 1328 1812 1395 Britanniae,
1840 1328 2073 1383 salutem
2110 1336 2165 1381 et

572 1422 926 1492 apostolicam
950 1420 1408 1478 benedictionem.

640 1516 884 1586 Suscepti
914 1531 1015 1570 nos
1041 1515 1205 1571 ofﬁcii
1231 1533 1361 1571 cura
1386 1516 1669 1587 compellit
1699 1515 1948 1570 omnium
1980 1514 2165 1570 Eccle-

570 1608 776 1663 siarum
798 1608 1227 1663 sollicitudinem
1247 1625 1458 1680 gerere,
1490 1619 1546 1664 et
1571 1618 1631 1663 ut
1657 1608 1785 1664 ﬁdei
1813 1608 2164 1677 documenta,

571 1716 635 1755 ac
664 1717 837 1758 sacrae
875 1702 1166 1774 Scripturae
1197 1704 1416 1775 regulas
1449 1711 1593 1758 recte
1630 1710 1883 1769 teneant,
1924 1700 2163 1771 vigilanti

574 1794 1060 1866 circumspectione
1104 1797 1417 1867 perquirere
1442 1812 1505 1852 ac
1525 1795 1745 1852 docere.
1775 1796 2049 1865 Quoniam
2073 1794 2162 1866 igi-

573 1897 664 1943 tur
703 1888 848 1945 inter
878 1905 978 1944 vos
1008 1898 1325 1946 sanctorum
1370 1893 1596 1946 Patrum
1638 1890 1854 1945 decreta
1897 1898 1950 1945 et
1990 1889 2161 1944 eccle-
2208 1926 2217 1935 .

573 1982 803 2038 siasticae
832 1983 1115 2056 religionis
1164 1994 1373 2040 statum
1419 2001 1530 2040 non
1572 2000 1635 2039 ea
1679 2000 1783 2055 qua
1814 1992 2029 2054 oportet
2072 1992 2166 2039 aut

482 2122 483 2127 η
574 2076 855 2132 observari
884 2076 1172 2148 diligentia
1204 2087 1297 2133 aut
1324 2078 1506 2134 studio
1534 2078 1753 2133 tractari
1784 2078 2164 2149 intelligimus,

2189 794 2242 855 Α
2341 790 2479 843 Cum
2515 786 2582 843 de
2602 794 2654 841 te
2688 795 2741 841 et
2759 784 2915 840 factis
2934 785 3041 839 tuis
3065 785 3301 857 cogitare
3322 782 3627 853 incipimus,
3650 781 3716 837 de
3750 787 3863 835 tam

2269 881 2620 936 immoderata
2654 878 3089 951 praesumptionis
3128 888 3238 933 tuae
3266 876 3488 932 audacia
3517 890 3861 947 nequaquam

2270 976 2398 1031 satis
2426 974 2681 1030 admirari
2726 987 3048 1044 possumus,
3092 972 3387 1042 quoniam,
3435 969 3576 1025 sicut
3616 968 3746 1023 boni
3792 965 3865 1022 ad

2271 1070 2607 1124 incrementa
2643 1068 2917 1123 bonorum
2947 1080 3177 1137 operum
3202 1063 3349 1120 ﬁdeli
3388 1062 3653 1119 desiderio
3681 1060 3866 1116 nitun-

2273 1171 2381 1229 tur,
2415 1160 2730 1226 ascendere,
2757 1161 2829 1215 ita
2859 1168 2947 1223 tu,
2991 1167 3073 1226 et,
3117 1158 3252 1213 heu!
3285 1157 3533 1227 ampliori
3572 1153 3868 1226 cupiditate

2272 1256 2587 1328 perquisita,
2616 1252 2993 1309 malefaciendi
3036 1251 3213 1308 studia
3243 1249 3414 1322 culpis
3441 1249 3548 1305 tuis
3574 1247 3865 1304 cumulum

2274 1349 2573 1422 iniquitatis
2607 1348 2975 1404 indesinenter
2998 1345 3218 1401 anhelas
3242 1344 3500 1415 adjicere.
3534 1340 3869 1398 Interdictus

2275 1442 2422 1499 enim
2458 1459 2487 1497 a
2518 1442 2706 1514 legatis
2749 1441 3063 1512 apostolicae
3101 1438 3263 1503 sedis,
3291 1436 3531 1493 ofﬁcium
3561 1434 3870 1507 episcopale

2276 1552 2538 1608 usurpare
2562 1534 2948 1608 prmsumpsisti
2966 1576 2979 1601 ,
3011 1532 3392 1588 inobedientim
3428 1530 3631 1587 crimen
3660 1537 3716 1583 et
3741 1544 3873 1583 con-

2273 1640 2545 1701 temptum
2569 1629 2880 1700 apostolicae
2910 1626 3253 1683 auctoritatis
3293 1626 3571 1680 incurrere
3598 1639 3707 1678 non
3736 1638 3869 1677 eru-

2274 1725 2462 1780 buisti.
2506 1726 2705 1781 Postea
2735 1738 2864 1778 vero
2904 1729 2959 1777 et
2986 1718 3181 1776 eodem
3222 1720 3400 1791 legato
3437 1725 3626 1773 nostro
3668 1719 3873 1771 Amato

2276 1819 2529 1889 episcopo
2566 1815 2832 1873 Ellorensi
2865 1814 3193 1888 [Eborensi],
3225 1821 3278 1867 et
3316 1812 3574 1882 magistro
3599 1820 3695 1865 tuo
3721 1809 3871 1865 vide-

2278 1913 2400 1967 licet
2439 1911 2701 1969 Gozelino
2739 1908 3148 1980 archiepiscopo
3174 1904 3565 1978 Burdigalensi,
3598 1920 3702 1959 una
3736 1920 3870 1959 cum

2274 2006 2482 2061 caeteris
2512 2004 2771 2076 religiosis
2815 2003 2973 2071 viris,
3023 2018 3121 2073 pro
3169 1999 3415 2056 faciendo
3446 1997 3677 2053 divortio
3708 1998 3872 2053 Guil—

2274 2099 2439 2154 lielmi
2470 2098 2803 2154 Pictavensis
2846 2096 3067 2152 comitis
3096 2104 3151 2151 et
3189 2094 3505 2166 propinquae
3535 2107 3668 2157 suae,
3697 2106 3872 2162 quam

575 2186 678 2265 per
693 2186 815 2265 eam
847 2187 1012 2265 quam
1038 2171 1199 2226 beato
1228 2175 1391 2227 Petro
1416 2172 1795 2243 apostolorum
1824 2170 2052 2242 principi
2077 2171 2167 2226 de-
2198 2193 2244 2253 Β
2277 2210 2372 2265 pro
2429 2208 2597 2247 uxore
2643 2191 2890 2259 tenebat,
2951 2191 3204 2260 inquam,
3250 2189 3350 2243 sub
3393 2186 3685 2257 apostolica
3732 2184 3869 2239 οδε,

574 2263 712 2319 betis
750 2264 1114 2319 obedientiam
1149 2281 1246 2320 vos
1285 2266 1598 2331 invitamus,
1640 2274 1695 2319 et
1726 2274 1909 2321 nostra
1946 2273 2169 2336 aposto-

575 2356 675 2413 lica
713 2358 1038 2414 auctoritate
1065 2374 1357 2414 monemus
1382 2367 1444 2413 ut
1486 2359 1556 2414 ad
1586 2358 1880 2430 synodum,
1913 2375 2076 2430 quam
2111 2359 2166 2413 in

575 2450 812 2506 secunda
839 2450 1181 2508 hebdomada
1204 2452 1661 2524 quadragesimae,
1686 2455 1802 2507 Deo
1833 2460 2076 2519 auctore,
2113 2452 2168 2506 in

576 2545 873 2615 apostolica
916 2544 1042 2600 sede
1066 2545 1343 2600 celebrare
1381 2545 1807 2612 destinavimus,
1835 2545 1983 2601 omni
2017 2547 2166 2616 peni-

576 2645 664 2692 tus
705 2638 889 2693 ﬁctitia
936 2639 1223 2693 occasione
1265 2647 1508 2706 remota,
1558 2639 1925 2706 conveniatis;
1971 2648 2167 2711 quate-

576 2747 710 2799 nus,
755 2732 1045 2803 adjuvante
1087 2734 1235 2799 Deo,
1279 2749 1386 2786 una
1434 2732 1745 2798 vobiscum,
1794 2740 1853 2787 et
1890 2749 2021 2787 cum
2065 2732 2167 2788 alia

576 2823 877 2896 frequentia
903 2825 1063 2881 vestri
1093 2826 1324 2894 ordinis,
1352 2843 1477 2898 qua:
1515 2835 1723 2882 nostra
1751 2826 2169 2898 dispensationis

576 2927 631 2974 et
673 2918 995 2975 Christiana:
1049 2919 1327 2991 religionis
1386 2919 1523 2975 ordo
1572 2920 1822 2992 requirit,
1872 2921 2167 2991 perspicaci

574 3012 757 3068 studio
777 3012 1088 3069 adinvenire
1118 3021 1173 3068 et
1202 3014 1420 3085 exsequi
1454 3014 1749 3069 valeamus.
1780 3013 1992 3070 Videtis
2019 3015 2165 3070 enim

577 3106 725 3179 quod
766 3105 820 3161 in
856 3106 1094 3179 maligno
1119 3107 1237 3177 jam
1267 3115 1418 3163 totus
1463 3106 1703 3161 mundus
1740 3114 1823 3163 est
1849 3107 2086 3178 positus,
2112 3117 2167 3163 et

575 3201 885 3257 communis
926 3210 1114 3256 nostra
1167 3210 1343 3255 mater
1396 3199 1639 3254 Ecclesia
1684 3208 1841 3255 tanto
1889 3200 2169 3258 ardentius

577 3302 762 3350 contra
786 3295 1077 3364 antiquum
1103 3293 1320 3348 hostem
1343 3309 1445 3349 nos
1475 3293 1667 3349 invitat
1692 3309 1936 3365 surgere,
1965 3302 2167 3366 quanto

577 3387 695 3443 haac
726 3396 969 3459 tempora
998 3387 1151 3458 plura
1181 3386 1468 3442 adversum
1507 3404 1609 3443 nos
1639 3386 1920 3444 diabolica
1960 3387 2168 3455 fraudis

577 3497 728 3536 arma
757 3481 1139 3536 demonstrant
1168 3489 1221 3535 et
1249 3480 1389 3535 bella
1425 3481 1752 3553 prorupisse.
1784 3482 2010 3538 Interim
2037 3499 2168 3538 vero

579 3574 683 3629 hoc
714 3574 981 3646 praecipue
1008 3574 1250 3630 studium
1274 3573 1549 3643 habetote,
1588 3583 1648 3630 ut
1683 3576 1829 3646 quod
1870 3575 1938 3630 de
1969 3576 2171 3631 incesta

578 3668 922 3738 cepulatione
949 3684 1042 3737 per
1074 3667 1280 3722 litteras
1300 3676 1518 3723 nostras
1543 3666 1858 3723 hominibus
1892 3678 2050 3724 terrae
2086 3686 2171 3723 ve-

578 3768 706 3815 strae
749 3760 1145 3828 mandavimus,
1192 3761 1453 3832 episcopis
1498 3761 1651 3829 dico,
1697 3763 2071 3833 unusquisque
2114 3763 2172 3817 in

581 3868 676 3908 sua
736 3852 993 3923 parochia
1049 3852 1303 3910 subditos
1352 3870 1482 3909 suos
1532 3855 1719 3910 sedula
1785 3855 2172 3926 praedicatione

581 3946 1009 4012 commoneatis,
1041 3947 1284 4001 minores
1328 3947 1395 4001 ad
1426 3947 1865 4003 emendationem
1898 3949 2029 4003 tanti
2071 3949 2173 4003 cri-

580 4038 749 4093 minis
776 4038 1041 4095 canonica
1080 4055 1175 4095 vos
1204 4040 1301 4110 ipsi
1332 4040 1678 4095 districtione
1707 4050 2041 4097 coercentes.
2087 4045 2171 4097 De

578 4132 878 4204 majoribus
925 4148 1054 4188 vero
1093 4132 1187 4204 qui
1217 4134 1582 4205 corrigantur,
1623 4134 1782 4205 quive
1818 4134 1872 4189 in
1921 4134 2171 4191 obstina-

580 4226 725 4280 tione
755 4235 1142 4297 permaneant,
1187 4234 1434 4297 ternpore
1481 4229 1741 4299 praelibati
1784 4230 1995 4285 concilii
2025 4239 2171 4286 certa

581 4318 741 4374 nobis
788 4318 1051 4374 relatione
1084 4320 1425 4388 nuntiantes;
1459 4330 1726 4391 quatenus
1768 4332 1822 4379 et
1851 4322 2172 4380 obedientes

581 4413 876 4484 apostolica
918 4413 1175 4469 missione
1218 4429 1249 4468 a
1305 4414 1461 4484 culpa
1501 4415 1803 4483 solvantur,
1852 4425 1907 4471 et
1944 4417 2172 4472 rebelles

580 4505 825 4576 synodali
858 4506 1093 4577 judicio,
1141 4505 1500 4563 anathematis
1541 4508 1799 4564 continuo
1829 4509 2060 4565 vinculis
2086 4509 2167 4564 in-

580 4598 868 4654 nodentur.
998 4645 1003 4649 .

657 4696 797 4747 Data
823 4692 1081 4749 Laurenti
1111 4693 1299 4765 quinto
1333 4695 1609 4753 Kalendas
1648 4695 2009 4769 Septembris,
2040 4695 2175 4753 indi-

583 4784 762 4841 ctione
786 4784 1103 4842 duodecima
1131 4792 1296 4856 (360).
1553 4834 1557 4836 ν

1149 4882 1489 4937 EPISTOLA
1543 4886 1593 4938 ΙΙ
1604 4923 1616 4937 .

672 4987 754 5027 AD
798 4986 1191 5029 ISBHBEBTUM
1231 4988 1659 5033 PICTAVBNSEM
1696 4992 2071 5036 BPlSCOPUM'

1175 5070 1350 5131 (Anno
1395 5072 1580 5135 1074.)

587 5154 793 5228 Arguit
816 5152 881 5206 de
913 5160 1211 5228 contemptu
1249 5158 1550 5224 apostolica:
1576 5159 1737 5221 sedis,
1778 5164 1829 5212 et
1865 5160 1930 5213 de
1959 5158 2175 5228 injuriis

654 5227 711 5277 in
756 5226 1075 5293 apostolicos
1104 5228 1299 5293 legatos
1328 5228 1530 5291 illatis;
1558 5230 1783 5283 mandat
1822 5237 1884 5284 ut
1920 5226 2094 5285 coram
2123 5246 2177 5284 se

656 5301 989 5364 compareat;
1010 5299 1227 5350 interim
1261 5313 1373 5365 eos,
1398 5315 1623 5367 quorum
1650 5304 1950 5356 ministerio
1974 5302 2046 5355 ad
2068 5304 2177 5355 haec

654 5382 781 5420 usus
810 5373 907 5433 est,
941 5372 1419 5423 excommunicatos
1447 5370 1709 5425 declarat.

656 5460 1007 5516 Gnsnonms
1022 5462 1326 5532 episcopus,
1345 5478 1536 5518 servus
1557 5480 1841 5520 servorum
1857 5467 1980 5533 Dei,
2001 5468 2176 5523 Isau-

586 5567 779 5609 nen'ro
809 5554 1109 5609 Pictavensi
1139 5557 1413 5627 episcopo.

657 5673 940 5752 (359)-Imo
955 5674 1165 5752 decima
1183 5678 1321 5730 teria
1336 5694 1352 5742 ;
1369 5687 1725 5752 namexcepta
1746 5695 1830 5750 ep.
1852 5680 2020 5751 prima
2039 5680 2176 5752 (quae

585 5743 673 5798 hic
699 5744 852 5873 tmasc
899 5745 1159 5802 collocata
1203 5752 1305 5814 est)
1350 5748 1469 5803 alia;
1505 5743 1967 5822 quae'sequuntur
2013 5743 2174 5823 perti-

586 5830 694 5870 nen
754 5830 783 5870 a
852 5831 999 5873 xm.

660 5831 722 5870 Πῐ
754 5831 822 5873 au
852 5831 999 5873 XIII.

2203 4899 2253 4961 D

2276 2286 2481 2342 dientia
2511 2302 2608 2358 pro
2636 2285 2858 2357 negotio
2888 2292 3001 2339 tam
3033 2282 3212 2354 gravi,
3251 2289 3365 2335 tam
3396 2279 3714 2335 Christiana:
3742 2277 3877 2333 reli-

2278 2380 2423 2452 gioni
2467 2380 2769 2435 necessario
2825 2376 3200 2448 congregatis,
3261 2381 3589 2429 conventum
3644 2372 3872 2426 illorum

2279 2491 2376 2539 per
2435 2473 2637 2529 milites
2687 2481 2815 2527 tuos
2875 2470 3079 2526 nefarie
3125 2467 3481 2541 perturbasti;
3530 2465 3726 2537 quippe
3771 2463 3873 2536 qui

2283 2568 2558 2639 perruptis
2596 2565 2913 2621 monasterii
2939 2562 3187 2619 claustris
3224 2571 3275 2617 et
3306 2561 3513 2616 foribus
3557 2560 3609 2614 in
3647 2572 3875 2614 conses-

2279 2677 2402 2717 sum
2432 2661 2728 2726 irruentes,
2761 2658 3231 2729 archiepiscopum
3257 2662 3311 2710 et
3338 2655 3579 2726 legatum
3607 2660 3872 2707 nostrum

2279 2755 2453 2811 multa
2492 2753 2828 2824 turpitudine
2868 2751 3391 2813 dehonestaverunt;
3440 2745 3679 2818 reliquos
3736 2760 3876 2800 vero

2279 2849 2473 2915 minis,
2501 2847 2759 2903 conviciis
2784 2862 2845 2901 ac
2872 2844 3214 2911 verberibus,
3253 2840 3549 2911 multisque
3578 2845 3877 2894 contume-

2279 2941 2361 2997 liis
2391 2940 2726 3008 afﬂixerunt;
2755 2939 2899 2995 unde
2925 2936 3217 3010 apostolica
3245 2935 3342 2990 tibi
3376 2932 3696 2989 auctoritate
3728 2946 3874 3003 prae-

2279 3035 2511 3105 cipimus
2540 3044 2600 3089 ut
2636 3042 2764 3089 ante
2793 3032 3136 3088 festivitatem
3168 3029 3337 3085 sancti
3378 3028 3611 3084 Andreae
3637 3042 3879 3098 praesen-

2277 3127 2407 3183 tiam
2434 3137 2585 3183 tuam
2617 3142 2781 3198 super
2810 3126 2892 3180 his
2919 3139 3280 3195 responsurus
3318 3129 3510 3177 nostro
3554 3121 3874 3191 conspectui

2279 3221 2534 3277 exhibere
2574 3220 2888 3276 nullatenus
2931 3217 3333 3291 praetermittas.
3381 3215 3544 3285 Quod
3593 3215 3638 3269 si
3667 3214 3874 3285 aliqua,

2277 3314 2375 3369 nisi
2414 3312 2557 3370 forte
2593 3311 2897 3368 necessaria
2922 3321 2976 3367 et
3002 3310 3295 3366 inevitabili
3325 3309 3610 3365 occasione
3638 3316 3693 3363 te
3730 3307 3878 3363 sub-

2277 3408 2526 3474 traxeris,
2565 3406 2633 3462 ab
2663 3406 2811 3462 omni
2854 3406 3018 3461 etiam
3043 3402 3361 3460 sacerdotali
3396 3402 3576 3458 ofﬁcio
3604 3410 3659 3456 te
3699 3401 3878 3472 priva-

2199 3517 2241 3579 C
2279 3511 2398 3557 tum
2438 3510 2491 3557 et
2538 3516 2706 3556 sacrae
2759 3498 3165 3556 communionis
3221 3496 3631 3569 participatione
3681 3510 3879 3565 seque-

2279 3602 2511 3651 stratum
2540 3609 2656 3651 esse
2684 3595 2919 3650 noveris.
2954 3596 3063 3648 Eos
3093 3607 3220 3648 vero
3252 3607 3348 3662 per
3373 3605 3513 3662 quos
3536 3598 3751 3645 tantum
3788 3587 3880 3645 fa-

2278 3689 2430 3744 cinus
2468 3688 2711 3754 effecisti,
2742 3696 2855 3742 tam
2891 3687 3055 3741 laicos
3086 3701 3253 3757 quam
3280 3684 3523 3751 clericos,
3565 3700 3592 3737 a
3634 3697 3875 3752 corpore

2279 3790 2335 3837 et
2375 3782 2639 3853 sanguine
2666 3779 2913 3846 Domini,
2945 3788 2998 3833 et
3026 3778 3178 3834 omni
3206 3777 3388 3833 divino
3419 3776 3620 3842 ofﬁcio,
3670 3790 3877 3846 usque-

2277 3875 2410 3931 dum
2438 3884 2497 3930 tu
2534 3874 2606 3930 ad
2633 3872 3058 3929 satisfactionem
3097 3872 3303 3938 venias,
3332 3870 3632 3942 apostolica
3674 3875 3875 3923 aucto-

2278 3969 2440 4025 ritate
2469 3967 2801 4040 repellimus,
2853 3975 2908 4021 et
2956 3966 3052 4021 tibi
3102 3966 3201 4021 sub
3248 3963 3489 4035 periculo
3518 3962 3725 4023 ordinis
3764 3962 3875 4029 tui,

2281 4070 2336 4117 et
2372 4061 2627 4118 omnibus
2677 4061 2783 4116 hoc
2839 4059 2956 4116 sine
3012 4074 3169 4114 mora
3208 4057 3459 4114 notiﬁces
3509 4055 3879 4129 praecipiendo

2279 4155 2624 4211 mandamus.

2351 4252 2486 4304 Data
2525 4248 2710 4304 Tiburi
2756 4255 2949 4319 quarto
2996 4245 3124 4303 ldus
3164 4245 3525 4318 Septembris,
3570 4242 3881 4300 indictione

2280 4342 2565 4414 incipiente
2591 4341 2800 4397 decima
2826 4341 3010 4397 tertia.

2830 4439 3169 4495 EPISTOLA
3215 4440 3310 4494 III.

2425 4550 2508 4591 AD
2546 4547 2939 4590 GUILIELMUM
2977 4547 3396 4589 PICTAVBNSEM
3428 4543 3723 4589 COHITRM.

2879 4630 3064 4696 (Anno
3109 4629 3285 4692 1074.)

2282 4722 2621 4779 Commendat
2641 4736 2779 4788 eam,
2797 4722 2939 4791 quod
2958 4722 3222 4775 dimiserit
3240 4721 3686 4787 consanguineam
3700 4733 3881 4791 quam

2354 4796 2411 4848 in
2440 4810 2669 4847 umorem
2688 4797 2976 4862 acceperat.
3008 4793 3165 4847 Jubet
3191 4808 3255 4845 ne
3284 4807 3399 4846 eam
3420 4806 3595 4846 secum
3624 4791 3883 4845 habitare

2347 4870 2646 4935 permittat.
2678 4866 2955 4933 Significat
2978 4879 3032 4917 se
3055 4866 3279 4917 Romam
3309 4862 3649 4935 Isembertum
3681 4862 3882 4935 Picta.-

2352 4932 2555 4991 bensem
2595 4937 2892 5005 episcopum
2932 4948 3185 4988 evocasse.
3235 4937 3502 5005 Postremo
3545 4932 3658 5002 ejus
3699 4932 3883 4987 obser-

2353 5008 2597 5061 vantiam
2628 5022 2756 5074 erga
2787 5005 3131 5074 apostolicam
3158 5004 3331 5059 sedem
3374 5004 3583 5058 laudat.

2354 5100 2705 5156 GBEGOBIUS
2726 5098 3027 5169 episcopus,
3059 5113 3248 5153 servus
3271 5111 3556 5153 servorum
3588 5094 3708 5163 Dei,
3737 5095 3887 5154 Gm-

2284 5206 2507 5249 LIELMO
2533 5190 2832 5247 Pictavensi
2855 5189 3039 5246 comiti
3060 5190 3295 5246 salutem
3323 5198 3379 5246 et
3399 5189 3751 5263 apostolicam
3776 5188 3883 5245 be-

2282 5286 2671 5341 nedictionem.

2352 5378 2723 5451 Omnipotenti
2747 5380 2867 5434 Deo
2896 5374 3081 5434 laudes
3111 5384 3165 5432 et
3193 5376 3397 5448 gratias
3418 5372 3741 5442 referimus,
3779 5376 3881 5447 qui

2281 5472 2461 5527 cordis
2484 5472 2647 5527 vestri
2665 5472 2923 5527 interiora
2950 5480 3237 5543 penetrans
3262 5470 3329 5525 ad
3355 5484 3604 5525 amorem
3628 5477 3683 5525 et
3705 5468 3881 5523 timo-

2281 5580 2397 5621 rem
2425 5580 2585 5621 suum
2624 5579 2721 5620 vos
2749 5563 3051 5632 inclinavit,
3082 5573 3139 5619 et
3162 5562 3233 5618 ad
3257 5562 3620 5619 obedientiam
3649 5559 3884 5617 manda-

2356 5685 2499 5753 (360)
2520 5685 2658 5738 Nam
2682 5698 2803 5740 xm
2829 5682 2991 5755 coepit
3012 5682 3280 5755 duntaxat
3311 5680 3444 5754 ipsis
3468 5679 3733 5737 Kalendis
3757 5680 3894 5751 Seps

2284 5752 2536 5823 tembris,
2558 5762 2655 5811 aut
2682 5771 2747 5811 ex
2776 5752 2938 5813 veteri
2961 5770 3082 5820 usu,
3112 5752 3198 5809 die
3216 5759 3303 5807 24.
