4122 6184
268 267 370 321 361

1398 265 1596 321 LIBER
1634 264 1994 321 SECUNDUS.
2036 292 2104 306 -
2143 250 2349 323 srlsr.
2390 268 2453 321 v.

3468 279 3571 333 362

265 397 459 445 torum
505 405 759 457 suorum,
804 398 1056 461 superato
1104 389 1282 446 carnis
1315 387 1605 459 desiderio,
1656 389 1861 445 conﬁr-
1891 394 1944 456 Α
2037 397 2386 462 Ρτωοθρεταε,
2443 397 2960 451 excommunican
3010 412 3120 450 una
3162 412 3286 451 cum
3329 401 3574 456 criminis

264 483 473 537 mavit.
509 483 723 538 Scimus
752 482 1005 554 equidem
1049 484 1313 555 quoniam
1341 483 1488 555 quod
1519 484 1573 538 in
1607 484 1863 555 praesenti

261 576 375 630 vita
418 577 577 632 nobis
620 580 783 645 [forte
820 576 991 645 vobis]
1043 576 1423 633 dulcissimum
1458 577 1575 644 fuit,
1617 578 1866 649 exigente

252 670 489 741 justitia,
536 671 821 742 reliquisti,
875 670 1011 726 dum
1072 688 1168 742 pro
1211 672 1507 727 reverentia
1547 671 1866 727 Christianae

262 763 547 835 religionis
575 765 641 820 ab
670 781 842 820 uxore
872 774 1071 834 vestra,
1105 766 1367 838 quoniam
1404 766 1702 837 propinqua
1730 781 1866 820 con-

257 857 633 929 sanguinitate
671 857 826 913 vobis
869 867 983 927 est,
1034 874 1130 914 vos
1184 875 1434 930 separare
1490 858 1863 915 consensistis.

264 952 482 1005 Verum
510 961 707 1023 quanto
754 952 987 1024 graviori
1039 953 1343 1008 certamine
1392 953 1673 1008 libidinem
1703 952 1868 1007 animi

260 1045 440 1100 vestri
470 1045 688 1113 vicistis,
719 1055 776 1101 et
804 1046 875 1101 ad
905 1047 1078 1117 legem
1106 1047 1206 1101 Dei
1233 1046 1530 1101 districtius
1556 1062 1650 1101 vos
1682 1046 1867 1101 humi-

260 1138 468 1203 liastis,
514 1147 666 1195 tanto
703 1140 1079 1196 sublimiorem
1114 1140 1346 1212 gloriam
1376 1140 1585 1195 inﬁnita
1618 1155 1869 1195 remune-

260 1233 484 1288 ratione
527 1233 683 1289 vobis
730 1243 975 1305 paratam
1026 1250 1144 1289 esse
1192 1234 1378 1305 procul
1429 1232 1597 1289 dubio
1649 1250 1869 1304 sperare

259 1326 501 1381 debetis.
535 1326 874 1398 Quapropter
901 1337 955 1383 et
998 1327 1157 1383 nobis
1203 1327 1380 1383 multo
1423 1326 1644 1383 uberior
1682 1327 1866 1382 laetitia

259 1421 490 1487 crescit,
522 1421 779 1491 quoniam
804 1421 860 1475 in
886 1421 988 1476 hac
1017 1421 1355 1476 correctione
1379 1430 1556 1476 vestra
1577 1429 1724 1476 certa
1747 1436 1871 1492 spes

263 1522 469 1569 vestra:
516 1514 705 1569 salutis
752 1515 1106 1583 intelligitur,
1166 1522 1221 1569 et
1268 1530 1329 1569 ea
1377 1529 1499 1584 quae
1552 1529 1768 1584 semper
1816 1514 1870 1569 in

258 1607 446 1663 domo
468 1617 643 1663 vestra
666 1608 785 1674 fuit,
811 1609 1104 1665 miserante
1128 1612 1267 1674 Deo,
1295 1608 1628 1680 generositas
1652 1624 1871 1663 conser-

264 1702 510 1757 vabitur.
553 1705 633 1757 Ex
662 1702 765 1758 hoc
814 1703 959 1757 enim
1000 1703 1255 1757 nobilitas
1285 1702 1498 1773 generis
1551 1701 1706 1757 valde
1750 1719 1868 1757 cor-

261 1796 574 1867 rumpitur,
604 1813 729 1851 cum
759 1797 938 1867 proles
968 1812 1077 1852 non
1108 1796 1174 1851 de
1201 1796 1445 1866 legitima
1480 1796 1722 1867 conjugii
1755 1810 1867 1866 per-

262 1889 534 1946 mistione
565 1899 871 1959 generatur.
911 1895 1095 1961 Atque
1142 1906 1207 1945 eo
1240 1890 1425 1945 minus
1455 1889 1742 1945 eminentia
1773 1906 1864 1945 ve-

254 1993 410 2046 stra,
434 1983 582 2055 quod
603 1992 715 2039 tam
735 1984 931 2039 acriter
953 1985 1106 2039 vobis
1128 1983 1451 2050 institimus,
1479 1983 1663 2038 mirari
1683 1983 1863 2051 debet,

257 2078 531 2148 quoniam
571 2081 820 2133 Romana
860 2078 1128 2143 Ecclesia,
1171 2093 1294 2149 quae
1343 2078 1574 2133 domum
1606 2087 1862 2143 vestram,

256 2186 399 2234 vos,
426 2180 706 2243 totamque
736 2172 1039 2243 prosapiam
1058 2179 1311 2236 vestram,
1338 2171 1599 2242 singulari
1627 2179 1680 2225 et
1710 2186 1865 2242 egre-

253 2264 364 2338 gia
396 2280 606 2337 semper
632 2264 895 2320 charitate
931 2264 1140 2331 dilexit,
1172 2264 1227 2318 in
1258 2272 1410 2318 tanto
1440 2280 1537 2319 vos
1558 2264 1738 2335 jacere
1771 2280 1865 2335 pe-

254 2358 452 2415 riculo
479 2358 586 2430 pati
613 2374 723 2414 non
773 2358 965 2430 potuit.
997 2360 1272 2415 Caterum
1323 2356 1473 2429 quod
1516 2357 1670 2412 domi
1710 2358 1865 2413 illam

253 2455 325 2509 in
362 2459 535 2507 vestra
574 2461 840 2523 potestate
870 2468 1040 2523 usque
1068 2451 1135 2507 ad
1166 2452 1408 2507 futuram
1438 2451 1709 2522 synodum
1747 2468 1865 2507 mo-

251 2546 392 2604 rari
419 2546 627 2617 cupitis,
662 2547 790 2602 licet
818 2562 973 2602 soror
995 2554 1191 2613 vestra,
1228 2561 1393 2616 quam
1425 2555 1485 2600 ut
1510 2555 1746 2601 matrem
1779 2545 1864 2600 di-

252 2640 515 2713 ligimus,
543 2639 672 2695 inde
689 2656 792 2696 nos
819 2639 1266 2711 interpellaverit,
1297 2640 1604 2695 consentire
1633 2654 1745 2693 non
1766 2655 1862 2695 au-

254 2735 508 2803 demus;
562 2734 794 2790 scientes
843 2733 1171 2789 diabolicam
1241 2732 1486 2788 fraudem
1548 2731 1866 2787 hominibus

248 2828 516 2885 maxime
549 2828 712 2883 vetita
750 2827 977 2899 repertis
1021 2826 1399 2882 occasionibus
1448 2825 1719 2897 praecipua
1759 2824 1865 2879 cal-

247 2921 485 2979 liditate
511 2937 815 2994 suggerere.
867 2920 1101 2977 Proinde
1132 2920 1205 2976 ita
1242 2936 1362 2975 eam
1392 2936 1422 2974 a
1467 2927 1645 2974 vestra
1677 2918 1862 2973 vicini-

250 3024 392 3072 tate
426 3017 633 3087 penitus
667 3015 941 3071 removeri
979 3024 1034 3070 et
1062 3014 1304 3085 elongari
1359 3012 1536 3079 facite,
1576 3021 1640 3068 ut
1687 3020 1866 3068 vestra

248 3110 560 3172 correctio,
611 3118 666 3164 et
699 3109 876 3165 oblata
920 3111 1028 3164 Deo
1066 3107 1389 3175 reverentia,
1422 3105 1673 3163 omnibus
1712 3106 1781 3161 sit
1814 3106 1869 3160 in
1903 3147 1946 3210 Ο

249 3204 612 3273 exemplum,
646 3211 699 3257 et
733 3203 965 3258 salutem
1004 3210 1240 3257 vestram
1284 3201 1427 3257 nulla
1459 3202 1632 3256 valeat
1681 3199 1865 3255 diabo-

248 3299 358 3355 lus
389 3297 672 3369 sagacitate
717 3297 953 3353 turbare.
1004 3300 1083 3351 De
1112 3304 1311 3351 caetero
1353 3296 1545 3351 scitote
1589 3294 1866 3350 Pictaven-

249 3407 392 3450 sem
431 3391 795 3447 lsembertum
824 3390 1164 3462 episcopum,
1207 3388 1313 3443 nisi
1356 3397 1481 3445 ante
1519 3386 1863 3443 festivitatem

250 3484 451 3543 sancti
489 3484 718 3540 Andreae
754 3484 823 3540 ad
870 3499 969 3540 nos
1004 3483 1073 3540 de
1110 3482 1520 3555 presumptione
1556 3498 1653 3537 sua
1691 3480 1861 3535 ratio-

250 3594 402 3636 nem
432 3578 742 3634 redditurus
775 3578 970 3643 veniat,
1002 3576 1073 3631 ab
1097 3575 1246 3632 omni
1276 3575 1570 3647 episcopali
1598 3583 1653 3630 et
1688 3589 1865 3630 sacer-

253 3672 448 3729 dotali
475 3671 672 3734 ofﬁcio,
697 3679 751 3727 et
776 3671 890 3743 ipsa
919 3685 1088 3726 sacrm
1133 3667 1539 3725 communionis
1584 3667 1865 3740 participa-

254 3767 426 3821 tione
453 3781 572 3821 esse
602 3764 893 3837 privatum.
926 3763 1092 3833 Quod
1123 3771 1306 3818 autem
1334 3762 1402 3819 ad
1430 3762 1713 3818 servitium
1741 3777 1863 3817 san-

254 3859 341 3915 cti
382 3859 522 3915 Petri
562 3867 879 3929 promptam
928 3873 1026 3913 vos
1063 3856 1263 3912 habere
1316 3856 1655 3912 voluntatem
1703 3871 1861 3910 man-

254 3954 458 4019 dastis,
504 3960 780 4025 gratanter
808 3951 1139 4021 accepimus,
1171 3949 1269 4005 sed
1298 3949 1663 4005 determinate
1707 3948 1863 4005 vobis

253 4046 473 4117 aliquid
495 4046 564 4102 de
593 4045 931 4117 expeditione
956 4043 1193 4100 scribere
1218 4042 1289 4099 ad
1323 4058 1563 4114 presens
1588 4058 1699 4098 non
1730 4043 1863 4099 satis

254 4142 571 4198 discretum
598 4138 713 4195 fore
752 4138 1130 4211 praevidimns;
1165 4136 1425 4208 quoniam
1462 4151 1656 4193 rumor
1690 4146 1774 4192 est
1809 4136 1864 4191 in

252 4233 651 4291 transmarinis
698 4232 935 4303 partibus
975 4231 1336 4297 Christianos,
1375 4230 1674 4285 miserante
1721 4233 1862 4296 Deo,

252 4342 609 4402 paganorum
639 4325 794 4399 longe
814 4322 1554 4397 propulsasse'ferocitatem,
1586 4331 1642 4379 et
1669 4337 1772 4378 nos
1797 4321 1865 4378 de

250 4420 485 4493 reliquo
524 4419 656 4489 quid
697 4420 868 4475 acturi
900 4418 1073 4474 simus
1115 4416 1293 4473 adhuc
1336 4416 1531 4473 divinae
1572 4414 1865 4472 Providen-

2045 464 2375 518 consortibus
2402 464 2700 521 denuntiet.

2046 576 2405 632 Gnsconms
2436 577 2744 648 episcopus,
2777 594 2965 634 servus
2991 595 3273 636 servorum
3299 582 3422 647 Dei,
3454 584 3571 639 Go-

1976 684 2194 724 ZELINO
2232 670 2603 740 Bnrdigalensi
2649 672 3052 746 archiepiscOpo
3098 679 3333 731 salutem
3363 685 3416 731 et
3445 692 3571 747 apo-

1975 763 2221 817 stolicam
2248 763 2703 820 benedictionem.

2065 856 2211 911 Sicut
2257 858 2307 910 in
2341 858 2529 912 litteris
2564 860 2669 913 tuis
2707 858 3090 928 intelleximus,
3123 862 3457 917 lsembertus
3490 862 3570 919 Pi-

1976 951 2239 1005 ctavensis
2256 951 2540 1022 episcopus
2562 968 2792 1024 magnas
2813 959 2926 1009 Deo
2948 955 3308 1026 omnipotenti
3336 965 3391 1010 et
3409 956 3569 1013 beato

1976 1045 2138 1099 Petro
2170 1045 2380 1117 tibique
2422 1046 2680 1117 magistro
2712 1063 2811 1102 suo
2844 1047 3070 1118 injurias
3114 1049 3393 1120 irrogavit,
3427 1066 3569 1106 sese-

1977 1152 2081 1208 que
2110 1138 2268 1193 nobis
2308 1139 2679 1195 adversarium
2723 1140 3163 1212 impugnatorem
3191 1142 3436 1213 justitiae,
3467 1144 3567 1199 ho-

1976 1240 2119 1287 stem
2168 1242 2367 1289 sanctae
2410 1234 2693 1301 Ecclesiaa,
2749 1244 2991 1305 patenter
3044 1237 3353 1292 ostentavit.
3412 1240 3570 1294 Nunc

1976 1325 2163 1398 igitur,
2214 1327 2475 1398 quoniam
2522 1329 2587 1383 ad
2642 1328 2936 1384 vindictam
2987 1329 3400 1385 malefactorum
3452 1331 3569 1403 ejus

1978 1436 2090 1474 non
2138 1428 2319 1475 nostra
2357 1429 2572 1477 tantum
2612 1421 2708 1476 sed
2738 1431 2792 1476 et
2829 1432 2923 1477 tua
2967 1440 3106 1494 opus
3152 1432 3235 1479 est
3273 1423 3567 1495 vigilantia,

1976 1513 2369 1570 fraternitatem
2400 1524 2555 1570 tuam
2584 1516 2819 1571 multum
2852 1517 3215 1573 admonemus
3242 1527 3303 1573 ut
3338 1518 3484 1573 nulla
3515 1527 3569 1574 te

1978 1608 2191 1662 occasio
2224 1608 2275 1662 in
2307 1608 2405 1663 hac
2434 1625 2593 1664 causa
2636 1610 2884 1680 tepidum
2930 1612 3010 1666 vel
3055 1610 3237 1683 aliquo
3266 1613 3435 1667 modo
3470 1629 3568 1668 ne-

1979 1701 2276 1773 gligentem
2304 1702 2514 1771 reddat,
2551 1702 2667 1766 sed,
2702 1704 2747 1758 si
2778 1720 2901 1759 eum
2931 1704 2998 1760 ad
3026 1720 3129 1759 nos
3155 1714 3441 1760 venturum
3472 1722 3568 1761 co-

1976 1797 2249 1868 gnoveris,
2294 1806 2353 1852 tu
2392 1797 2524 1868 ipse,
2556 1796 2599 1851 si
2635 1813 2823 1867 queas,
2872 1798 2940 1853 ad
2969 1799 3344 1867 apostolorum
3380 1799 3566 1855 limina

1977 1888 2303 1962 fatigationis
2330 1906 2551 1945 cursum
2573 1907 2679 1945 non
2708 1891 2963 1963 refugias.
2994 1892 3152 1960 Quod
3182 1896 3223 1947 si
3250 1902 3359 1948 tute
3392 1893 3569 1949 minus

1974 1981 2117 2038 ferre
2167 1993 2423 2053 poterunt
2470 1985 2885 2054 occupationes,
2937 1987 3071 2040 tales
3124 2002 3406 2057 personas,
3454 1996 3568 2041 tam

1975 2092 2043 2131 ex
2075 2085 2162 2131 tua
2189 2087 2358 2146 parte,
2388 2094 2552 2148 quam
2578 2093 2772 2133 eorum
2802 2079 2892 2149 qui
2929 2078 3120 2133 eadem
3162 2079 3321 2134 nobis
3358 2095 3479 2151 quae
3515 2087 3570 2134 et

1973 2179 2032 2225 tu
2052 2172 2119 2225 de
2148 2172 2377 2241 praefato
2397 2171 2654 2242 episcopo
2677 2187 2772 2242 per
2802 2172 3005 2227 litteras
3033 2172 3468 2251 notiﬁcaverunt,
3501 2172 3570 2228 ad

1974 2280 2073 2319 nos
2111 2264 2261 2337 dirigi
2310 2281 2417 2319 non
2457 2265 2673 2320 desinas
2702 2281 2994 2336 procurare
3033 2267 3129 2337 qui
3173 2266 3461 2322 veritatem
3492 2266 3569 2322 rei

1970 2356 2319 2429 irrel‘ragabili
2349 2359 2646 2415 assertione
2680 2368 2945 2431 praesente
2986 2360 3238 2431 episcOpo
3267 2361 3571 2432 approbare

1973 2452 2204 2507 valeant.
2242 2455 2446 2509 Verum
2474 2453 2591 2510 hac
2613 2470 2724 2507 non
2753 2462 2815 2509 ut
2843 2469 3006 2523 super
3040 2454 3126 2509 his
3152 2469 3277 2525 quae
3304 2470 3333 2508 a
3377 2463 3430 2509 te
3472 2470 3570 2509 no-

1972 2543 2057 2599 bis
2107 2546 2403 2617 signiﬁcata
2457 2555 2587 2601 sunt
2642 2546 2961 2602 dubitemus
3010 2546 3114 2603 hoc
3159 2546 3351 2603 ordine
3390 2556 3565 2603 trans-

1973 2637 2161 2708 igenda
2206 2639 2558 2709 requirimus,
2590 2638 2687 2694 sed
2718 2648 2799 2706 ut,
2830 2641 3061 2695 Patrum
3108 2650 3422 2697 nostrorum
3455 2650 3559 2698 sta-

1954 2731 2085 2785 ‘tuta
2120 2740 2431 2799 servantes,
2463 2731 2650 2786 omnia
2682 2740 2734 2786 et
2762 2732 3157 2787 rationabiliter
3187 2733 3565 2804 discutiamus,

1974 2831 2027 2878 et
2067 2824 2380 2879 auctorabili
2420 2823 2664 2894 judicio,
2709 2826 2826 2879 Deo
2869 2823 3110 2891 favente,
3159 2826 3575 2883 concludamus.

1974 2917 2137 2972 Novit
2164 2917 2307 2972 enim
2335 2917 2619 2986 prudentia
2646 2925 2741 2972 tua
2760 2917 2930 2987 quod,
2964 2918 3213 2987 personis
3240 2918 3575 2987 absentibus,

1973 3010 2371 3065 accusationem
2420 3025 2514 3081 per
2555 3011 2752 3081 scripta
2795 3010 3049 3065 canonica
3096 3027 3209 3065 non
3248 3011 3441 3082 probet
3482 3028 3577 3068 au-

1975 3104 2224 3170 ctoritas,
2256 3119 2387 3169 nec,
2420 3103 2628 3175 absque
2668 3104 2905 3175 partium
2947 3104 3339 3175 disceptatione
3384 3121 3578 3175 perco-

1975 3198 2144 3269 gnita,
2184 3198 2242 3252 in
2288 3197 2693 3253 examinatione
2731 3197 2953 3269 recipiat
2995 3214 3204 3254 causas.
3235 3201 3577 3269 Quapropter

1972 3306 2116 3361 saepe
2152 3290 2324 3346 fatum
2367 3291 2681 3363 episcOpum
2729 3291 2799 3346 ad
2843 3292 3201 3360 apostolicam
3239 3292 3574 3348 audientiam

1972 3384 2073 3439 sub
2100 3384 2194 3439 tali
2235 3383 2571 3440 districtione
2603 3399 2699 3455 per
2740 3384 3025 3454 epistolam
3072 3394 3317 3441 nostram
3360 3386 3574 3441 vocavi-

1975 3494 2124 3547 mus,
2169 3487 2258 3546 ut,
2307 3478 2412 3532 nisi
2462 3478 2807 3548 praesentiam
2850 3494 3010 3534 suam
3058 3488 3182 3534 ante
3229 3478 3567 3535 festivitatem

1971 3571 2140 3627 sancti
2180 3570 2413 3627 Andreae
2458 3580 2648 3627 nostro
2696 3572 3008 3643 conspectui
3047 3571 3377 3639 exhibuerit,
3417 3573 3565 3628 omni

1971 3665 2258 3738 episcopali
2287 3674 2342 3720 et
2369 3664 2687 3721 sacerdotali
2717 3665 2957 3736 privatus
2989 3664 3196 3735 ofﬁcio,
3217 3667 3382 3722 etiam
3400 3682 3571 3729 sacra;

1972 3759 2375 3816 communionis
2432 3758 2507 3814 sit
2554 3758 2969 3830 participatione
3016 3760 3278 3815 seclusus.
3341 3759 3396 3816 Si
3443 3776 3572 3832 ergo

1972 3852 2231 3925 pertinaci
2287 3851 2574 3908 induratus
2625 3851 2969 3908 contumacia
3029 3852 3168 3909 circa
3232 3852 3573 3923 praelibatum

1973 3947 2276 4002 terminum
2298 3953 2499 4001 nostrae
2522 3945 2825 4017 praesentia:
2847 3961 2905 4001 se
2929 3946 3281 4013 subtraxerit,
3302 3947 3572 4017 prolatam

1971 4040 2022 4095 in
2048 4056 2174 4096 eum
2200 4039 2529 4095 sententiam
2567 4036 2839 4111 divulgata
2871 4038 3257 4110 praedicatione
3283 4039 3568 4107 denuntia,

1972 4142 2026 4189 et
2057 4134 2197 4189 sicut
2236 4133 2437 4187 inimici
2484 4133 2587 4187 Dei
2633 4132 2889 4189 omnibus
2936 4131 3118 4188 modis
3165 4132 3463 4204 nequitiam
3515 4141 3572 4189 et

1973 4225 2367 4297 impudentiam
2416 4224 2533 4296 ejus
2598 4224 2931 4281 confundere
2982 4241 3094 4280 non
3151 4224 3400 4281 desistas.
3460 4228 3568 4281 Eos

1973 4335 2191 4391 quoque
2231 4334 2371 4390 quos
2414 4319 2527 4390 ipse
2580 4318 2648 4375 ad
2699 4327 2915 4374 tantum
2964 4317 3176 4374 facinus
3217 4319 3569 4389 perturbandi

1973 4421 2310 4469 conventum
2349 4420 2591 4468 vestrum
2621 4411 2900 4483 applicuit,
2929 4418 3040 4466 tam
3068 4410 3235 4466 laicos
3260 4427 3427 4483 quam
3457 4412 3564 4467 cle-

249 4516 362 4571 tia:
387 4513 681 4569 consilium
700 4521 1098 4596 exspectamus.
1125 4510 1296 4567 Vobis
1325 4518 1507 4566 tamen
1535 4517 1591 4566 et
1612 4509 1680 4566 de
1718 4498 1862 4565 bona
1895 4514 1940 4576 ι)
1967 4506 2129 4572 ricos,
2176 4522 2461 4579 quousque
2495 4506 2562 4561 ad
2592 4504 3018 4561 satisfactionem
3070 4504 3312 4573 veniant,
3369 4520 3397 4561 a
3436 4520 3559 4561 cor-

248 4607 547 4663 voluntate
567 4606 723 4678 plena
741 4606 887 4678 apud
906 4610 1082 4662 Deum
1097 4605 1473 4660 remuneratio
1493 4612 1577 4659 est
1596 4602 1861 4674 reposita;

252 4700 429 4757 nobis
470 4710 674 4767 autem,
711 4700 755 4755 si
783 4715 1006 4756 necesse
1035 4698 1218 4762 fuerit,
1244 4697 1297 4751 in
1339 4696 1528 4753 vestris
1556 4697 1859 4769 promissis,

251 4797 406 4851 sicut
448 4794 503 4849 in
532 4793 731 4850 dilecto
760 4782 927 4850 fratre
973 4800 1027 4849 et
1057 4792 1191 4860 ﬁlio,
1235 4799 1383 4847 certa
1412 4806 1629 4863 semper
1677 4790 1865 4847 existit

253 4888 467 4945 ﬁducia

335 4984 481 5038 Data
511 4980 700 5038 Tiburi
745 4989 942 5053 quarto
971 4978 1105 5037 Idus
1151 4977 1515 5051 Septembris,
1562 4976 1861 5034 indictione

256 5075 481 5132 decima
504 5074 685 5131 tertia.

824 5208 1183 5265 EPISTOLA
1208 5209 1303 5264 IV.

260 5360 342 5403 AD
358 5356 721 5403 θοιειιιπυι
741 5355 1291 5400 ΔΙΩΗΙΒΡΙΒΩΟΡΠᾺ
1314 5352 1856 5398 ΒωωιῦΑιιπεΒΜ.

878 5474 1060 5547 (Anno
1090 5481 1269 5540 1074.)

262 5618 447 5673 Monet
471 5617 537 5666 ut
565 5615 793 5668 Romam
824 5612 1021 5673 veniat,
1044 5610 1129 5665 vel
1150 5610 1320 5665 alium
1338 5611 1544 5676 mittat,
1575 5610 1675 5676 qui
1700 5608 1860 5662 Isem-

333 5686 543 5742 bertum
566 5686 864 5753 episcopum
883 5681 955 5735 ad
976 5697 1030 5753 se
1048 5687 1296 5738 vocatum
1321 5684 1636 5753 prceseritem
1657 5688 1860 5737 accuset

327 5760 397 5813 de
431 5751 655 5825 injuriis
688 5751 825 5823 quas
848 5752 915 5827 a_b
941 5751 1038 5807 illo
1063 5770 1116 5810 se
1129 5751 1358 5827 passum
1380 5769 1483 5824 per
1515 5752 1724 5827 litteras
1745 5767 1867 5827 que-

331 5836 459 5885 stus
488 5832 596 5895 est,
644 5830 696 5881 et
732 5825 1092 5889 Isembertum,
1123 5825 1231 5886 nisi
1265 5828 1342 5885 ad
1377 5840 1433 5882 se
1460 5825 1688 5886 venerit,
1728 5825 1867 5879 sicut

556 5916 793 5971 Parnot.
830 5914 1037 5970 CXLV”
1044 5917 1061 5972 Ι
1066 5958 1075 5971 .

1964 4616 2094 4672 pore
2117 4609 2171 4656 et
2210 4599 2475 4672 sanguine
2503 4598 2729 4654 Domini
2759 4606 2814 4654 et
2858 4598 2925 4654 ab
2976 4597 3127 4653 omni
3154 4596 3338 4654 divino
3380 4598 3559 4655 ofﬁcio

1962 4694 2254 4766 apostolica
2305 4693 2624 4750 auctoritate
2664 4693 2909 4763 repulsos
2956 4707 3073 4748 esse
3118 4691 3273 4748 scias.
3321 4692 3482 4762 Quod
3509 4695 3553 4749 si

1964 4787 2273 4859 episcopus,
2299 4787 2439 4841 sicut
2477 4784 2531 4839 in
2573 4784 2765 4840 litteris
2792 4785 2998 4841 nostris
3039 4784 3282 4841 districte
3310 4802 3556 4843 commo-

1964 4881 2110 4937 nitus
2158 4889 2265 4945 est,
2313 4878 2567 4934 omnibus
2614 4877 2855 4934 indicare
2901 4879 3226 4950 neglexerit,
3275 4887 3334 4936 tu
3382 4880 3559 4953 palam

1963 4973 2066 5031 illis
2093 4974 2268 5031 facere
2296 4972 2608 5029 nullatenus
2637 4974 3039 5045 praetermittas.

2035 5071 2175 5124 Data
2225 5066 2412 5124 Tiburi
2453 5074 2647 5139 quarto
2676 5065 2806 5123 ldus
2852 5066 3222 5139 Septembris,
3267 5066 3564 5126 indictione

1963 5161 2173 5219 decima
2205 5160 2385 5218 tertia.

2532 5255 2882 5312 EPISTOLA
2922 5257 2989 5311 V.

2320 5364 2404 5404 AD
2444 5362 2768 5406 EPISCOPOS
2801 5363 3204 5407 FBANCORUM.

2578 5447 2760 5509 (Anno
2812 5447 2991 5508 1074.)

1968 5538 2137 5604 Regni
2164 5536 2407 5591 Francb
2444 5536 2798 5598 calamitates,
2831 5541 2881 5590 et
2914 5540 3055 5605 regis
3093 5536 3333 5605 nefanda
3364 5536 3557 5591 scelera

2043 5611 2254 5659 narrat.
2285 5607 2532 5677 Increpat
2573 5610 2838 5676 episcopos
2869 5608 2933 5661 de
2954 5625 3135 5662 eorum
3163 5612 3347 5662 contra
3374 5608 3557 5677 hujus-

2039 5677 2185 5731 modi
2229 5676 2441 5731 scelera
2479 5680 2867 5732 taciturnitate.
2916 5682 3141 5735 Mandat
3170 5683 3229 5733 ut
3277 5682 3393 5749 regi
3430 5676 3562 5731 resi-

2046 5754 2189 5802 stant
2216 5767 2234 5822 ,ζ
2262 5752 2365 5822 qui
2384 5752 2431 5822 si
2455 5750 2829 5822 obtemperare
2854 5752 3113 5815 noluerit,
3145 5752 3315 5822 totum
3350 5754 3565 5822 regnum

2053 5821 2307 5875 interdici
2336 5821 2538 5890 jubet:
2564 5825 2614 5874 et
2640 5821 2689 5875 si
2732 5819 2823 5873 ille
2848 5820 3287 5888 perseverans-it,
3343 5822 3408 5876 de
3448 5819 3561 5883 eius
