4106 6182
578 272 679 330 363

1259 270 1315 325 S.
1355 269 1675 325 GREGORII
1714 268 1805 323 VII
1844 268 2039 323 PAP/E
2077 264 2356 322 OPERUM
2395 268 2566 323 PARS
2607 269 2643 321 Ι.
2689 296 2754 308 —-
2793 262 3194 322 REGISTRUM.

3768 262 3860 319 364

645 402 985 468 occupatione
1031 399 1188 464 eripi.
1220 396 1492 464 Episcopis
1521 409 1679 468 pero,
1712 395 1823 468 nisi
1867 395 1926 468 ei_
1954 396 2159 447 restite-
2194 400 2245 458 Α
2274 408 2381 447 non
2409 393 2527 464 jam
2572 391 2709 448 infra
2753 392 3017 446 terminos
3065 389 3211 461 regni
3257 364 3406 459 quod
3449 396 3682 457 occupat
3713 403 3865 443 com-

646 465 785 537 φακες
819 470 1163 538 depositionis
1202 482 1418 538 poenam
1452 466 1716 523 minatur.
1759 465 1986 538 Mandat
2017 481 2163 533 pm-

648 547 789 595 terea
833 537 1174 594 l/irzzeh'num
1230 537 1511 605 quemdam
1555 538 1787 598 moneri,
1831 542 1889 589 ut
1934 537 2167 601 ilicesum

647 614 889 667 dimittat
914 612 1262 680 peregrinum
1296 611 1463 663 Roma
1499 613 1837 662 revertentem
1884 606 1951 660 ab
1993 624 2049 661 eo
2085 624 2172 661 ca-

632 712 635 715 -
640 690 815 753 ptum.

644 789 991 844 Gneoonws
1015 786 1322 857 episcopus,
1358 802 1543 841 servus
1568 801 1849 841 servorum
1880 786 2005 851 Dei,
2036 789 2168 845 MA-

572 891 774 931 NASSE
796 873 1116 939 Rhemensi,
1146 876 1443 929 RIcnento
1466 876 1829 940 [RACHEBIO]
1847 873 2165 939 Senonensi,

574 971 888 1021 RICHABDO
926 962 1241 1018 Bituricensi
1290 962 1739 1033 archiepiscOpis,
1771 971 1825 1016 et
1875 968 2166 1020 ADBALDO

570 1056 825 1126 episcopo
860 1054 1197 1119 Carnotensi,
1238 1053 1558 1123 caeterisque
1586 1051 1857 1123 episcopis
1897 1050 2163 1120 Franciae,

570 1144 804 1198 salutem
848 1150 901 1195 et
928 1139 1287 1211 apostolicam
1314 1138 1769 1196 benedictionem.

640 1239 829 1306 Longa
860 1235 974 1305 jam
1030 1242 1349 1304 temporum
1388 1232 1653 1288 curricula
1692 1240 1960 1287 transacta
2013 1241 2164 1301 sunt,

570 1346 637 1386 ex
680 1344 787 1399 quo
830 1343 1061 1399 regnum
1091 1327 1352 1393 Franciae,
1398 1326 1529 1381 olim
1563 1325 1836 1380 famosum
1867 1342 1930 1380 ac
1967 1334 2163 1397 poten-

569 1423 865 1489 tissimum,
911 1438 941 1477 a
970 1430 1112 1476 statu
1146 1421 1331 1491 gloriae
1364 1435 1481 1475 suae
1511 1419 1678 1489 coepit
1707 1420 1931 1486 inflecti,
1960 1428 2014 1474 et
2041 1435 2165 1475 suc-

568 1515 933 1573 crescentibus
968 1514 1125 1569 malis
1151 1514 1420 1579 moribus,
1468 1512 1733 1585 plerisque
1767 1514 2034 1567 virtutum
2076 1514 2165 1566 in-

569 1610 815 1681 signibus
843 1608 1128 1663 denudari.
1156 1609 1361 1661 Verum
1392 1606 1473 1660 his
1498 1607 1834 1677 temporibus
1864 1614 1919 1661 et
1944 1608 2160 1662 culmen

538 1704 813 1771 honoris,
847 1710 900 1756 et
926 1711 1039 1756 tota
1067 1700 1233 1755 facies
1262 1699 1472 1755 decoris
1498 1700 1616 1770 ejus
1657 1701 1892 1770 collapsa
1924 1699 2158 1765 videtur,

566 1812 714 1861 cum,
745 1795 999 1867 neglectis
1036 1793 1263 1865 legibus,
1294 1793 1551 1864 omnique
1588 1794 1908 1848 conculcata
1939 1792 2160 1863 iustitia,

566 1888 829 1963 quidquid
881 1888 1113 1955 fazdum,
1157 1886 1398 1953 crudele,
1448 1886 1821 1942 miserandum
1872 1887 2165 1942 intoleran-

564 1985 807 2056 dumque
835 1992 938 2050 est,
970 1983 1043 2037 ibi
1074 1991 1128 2037 et
1153 1982 1375 2053 impune
1413 1981 1611 2053 agitur,
1651 1990 1705 2036 et
1732 1981 1921 2053 adepta
1954 1981 2162 2037 licentia

557 2072 675 2150 jam
719 2079 776 2133 in
818 2076 1209 2133 consuetudine
1249 2076 1497 2129 habetur.
1532 2078 1673 2130 Ante
1713 2075 1919 2146 aliquot
1964 2092 2160 2140 annos,

564 2181 854 2244 postquam
904 2180 1122 2241 tepente
1181 2170 1323 2224 inter
1362 2185 1457 2223 vos
1498 2169 1639 2240 regia
1684 2177 1971 2240 potestate,
2003 2170 2163 2223 nullis

562 2266 769 2337 legibus
797 2266 1055 2335 nulloque
1088 2263 1319 2334 imperio
1357 2262 1565 2333 injuriae
1597 2262 1885 2331 prohibita:
1919 2271 2049 2318 sunt
2080 2263 2161 2315 vel

566 2360 802 2431 punitas,
859 2359 1062 2413 inimici
1115 2358 1257 2411 inter
1298 2373 1383 2419 se,
1428 2355 1671 2426 quodam
1721 2356 1999 2411 communi
2041 2356 2160 2427 jure

565 2455 833 2525 gentium,
866 2454 1097 2523 quisque
1145 2467 1243 2522 pro
1282 2451 1481 2505 viribus
1510 2449 1899 2515 conﬂixerunt,
1927 2449 1996 2504 ad
2041 2451 2157 2503 vin-

563 2547 825 2603 dicandas
862 2546 1087 2617 injurias
1116 2560 1240 2599 snas
1283 2560 1435 2599 arma
1474 2544 1770 2615 copiasque
1815 2551 2156 2615 paraverunt.

558 2641 768 2709 Quibus
801 2638 1226 2710 permotionibus
1263 2637 1362 2693 etsi
1410 2637 1730 2709 plerumque
1769 2638 1821 2691 in
1854 2637 2021 2708 patria
2051 2652 2159 2692 ca:-

558 2734 674 2802 des,
714 2732 989 2800 incendia,
1034 2741 1089 2787 et
1130 2732 1231 2786 alia
1278 2746 1403 2802 qua:
1438 2730 1641 2787 bellum
1675 2730 1781 2786 fert
1809 2740 1997 2786 exorta
2028 2731 2159 2797 sint,

557 2826 857 2882 dolendum
890 2826 1111 2897 quidem
1139 2826 1191 2881 id
1221 2823 1348 2887 fuit,
1378 2825 1476 2880 sed
1514 2841 1621 2879 non
1666 2833 1948 2895 tantopere
1986 2822 2161 2879 admi-

559 2921 815 2976 randum.
860 2922 1021 2975 Nunc
1050 2928 1233 2974 autem
1265 2935 1455 2974 omnes
1486 2919 1713 2984 malitia,
1746 2918 1896 2990 quasi
1922 2919 2161 2989 quodam

559 3015 876 3086 pestilentiae
915 3014 1131 3080 morbo,
1159 3012 1369 3083 repleti,
1415 3012 1682 3067 horrenda
1712 3020 1765 3065 et
1790 3012 2029 3065 multum
2060 3028 2151 3065 ex-

2280 486 2702 558 prehendantur,
2748 485 2846 540 sed
2889 483 2959 539 ad
3005 498 3195 549 suam,
3251 481 3443 549 credo,
3497 481 3864 537 confusionem

2279 580 2655 635 extendantur.
2714 577 2877 646 Quod
2915 578 3041 649 quia
3086 576 3357 647 judicium
3412 577 3627 646 superni
3667 574 3867 645 judicis

2275 673 2515 746 effugere
2545 674 2848 729 nullatenus
2879 670 3215 726 credendum
3249 678 3350 737 est,
3383 685 3640 740 rogamus
3665 685 3781 735 vos,
3816 678 3865 723 et

2277 784 2340 823 ex
2382 783 2503 823 vera
2545 768 2808 822 charitate
2858 780 3148 820 monemus
3196 772 3256 819 ut
3310 763 3547 818 caveatis
3600 761 3757 818 vobis
3800 778 3865 817 ne

2279 862 2593 933 prophetica
2620 876 2782 932 super
2802 875 2898 915 vos
2922 857 3233 913 maledictio
3266 856 3462 923 veniat,
3495 872 3598 927 qua
3628 855 3861 911 dicitur:

2276 957 2589 1012 Maledictus
2622 956 2790 1009 homo
2825 956 2920 1024 qui
2949 953 3193 1023 prohibet
3222 951 3465 1020 gladium
3492 966 3647 1005 suum
3671 968 3707 1004 α
3734 965 3863 1005 san-

2276 1053 2435 1119 guine
2474 1052 2595 1119 (Jer.
2629 1063 2855 1113 XLVIII,
2899 1052 2980 1112 10)
3014 1065 3026 1102 :
3064 1047 3169 1101 hoc
3194 1054 3295 1110 est,
3332 1045 3470 1099 sicut
3494 1044 3592 1115 ipsi
3624 1043 3757 1099 bene
3786 1046 3863 1098 in-

2272 1143 2531 1215 telligitis,
2565 1142 2657 1214 qui
2682 1142 2911 1197 verbum
2938 1139 3336 1212 praedicationis
3360 1155 3388 1193 a
3424 1136 3724 1193 carnalium
3762 1136 3861 1192 ho-

2272 1238 2484 1293 minum
2528 1237 2721 1292 retinet
2777 1235 3165 1306 increpatione.
3210 1234 3322 1288 Vos
3368 1232 3590 1298 etenim,
3644 1231 3861 1297 fratres,

2271 1333 2432 1387 etiam
2486 1332 2540 1386 in
2581 1330 2736 1401 culpa
2780 1329 2935 1395 estis,
2974 1329 3068 1400 qui
3108 1327 3241 1383 dum
3295 1325 3673 1396 perditissimis
3712 1324 3868 1382 factis

2272 1425 2385 1497 ejus
2425 1424 2746 1481 sacerdotali
2788 1424 2971 1494 vigore
3012 1438 3122 1477 non
3166 1420 3439 1487 resistitis,
3483 1420 3665 1490 procul
3699 1419 3866 1474 dubio

2271 1520 2571 1592 nequitiam
2632 1519 2772 1573 illius
2823 1516 3213 1572 consentiendo
3269 1513 3464 1570 fovetis
3517 1517 3641 1579 (Isa.
3713 1514 3863 1583 LVI).

2272 1614 2525 1679 Proinde,
2570 1612 2716 1684 quod
2755 1611 2905 1665 inviti
2936 1628 2998 1665 ac
3034 1617 3313 1679 gementes
3338 1608 3591 1673 dicimus,
3625 1606 3867 1661 multum

2270 1709 2551 1773 timemus,
2575 1715 2635 1761 ut
2653 1722 2762 1760 non
2794 1712 3092 1774 pastorum,
3122 1703 3215 1758 sed
3242 1702 3704 1757 merccnariorum
3741 1715 3869 1755 sen-

2271 1803 2497 1857 tentiam
2525 1800 2875 1873 accipientes,
2906 1798 3019 1869 qui,
3065 1796 3310 1851 videntes
3337 1796 3528 1865 lupum
3566 1794 3665 1849 sub
3693 1794 3869 1849 oculis

2272 1896 2462 1951 vestris
2489 1910 2705 1967 gregem
2734 1892 3083 1947 Dominicum
3118 1891 3468 1956 lacerantem,
3498 1888 3700 1959 fugitis,
3729 1886 3867 1942 dum

2272 1990 2427 2061 quasi
2469 2004 2628 2043 canes
2675 2003 2785 2042 non
2827 1986 3065 2040 valentes
3104 1985 3303 2039 latrare
3345 1983 3448 2038 sub
3499 1981 3715 2037 silentio
3770 1996 3868 2036 vos

2270 2081 2617 2139 absconditis.
2653 2085 2828 2152 Atque
2867 2079 3121 2151 equidem
3151 2094 3215 2133 eo
3258 2078 3427 2144 magis
3455 2076 3522 2131 de
3548 2085 3726 2130 vestro
3768 2091 3866 2146 pe-

2270 2177 2439 2231 riculo
2474 2175 2789 2239 metuimus,
2818 2181 3023 2242 quanto
3049 2172 3225 2226 nullas
3256 2171 3409 2225 vobis
3438 2170 3489 2224 in
3531 2169 3713 2225 futuro
3744 2185 3870 2222 exa-

2273 2273 2420 2325 mine
2488 2268 2781 2324 excusandi
2822 2267 3058 2322 rationes
3105 2274 3388 2337 suppetere
3444 2263 3867 2335 cognoscimus,

2270 2363 2575 2419 dummodo
2621 2377 2733 2417 non
2771 2362 2899 2416 alias
2957 2369 3152 2415 vestrae
3208 2358 3592 2414 taciturnitatis
3650 2372 3865 2421 causas,

2270 2459 2370 2512 nisi
2416 2466 2511 2511 aut
2549 2455 2970 2519 conscientiam,
3019 2454 3061 2508 si
3108 2462 3311 2518 vestro,
3347 2452 3493 2523 quod
3542 2467 3649 2506 non
3693 2450 3868 2505 credi-

2270 2568 2413 2616 mus,
2436 2551 2695 2605 instinctu
2726 2557 2809 2603 tot
2851 2547 2991 2602 mala
3018 2555 3311 2618 perpetrat,
3338 2554 3431 2599 aut
3449 2545 3869 2616 negligentiam.

2272 2647 2313 2701 si
2362 2645 2431 2699 de
2475 2646 2591 2715 ejus
2640 2642 2937 2712 perditione
2980 2656 3171 2711 parum
3208 2640 3426 2705 curatis,
3464 2637 3873 2709 deprehendere

2272 2754 2582 2811 possumus.
2627 2737 2763 2806 Quae
2801 2744 3026 2806 utraque
3057 2749 3218 2803 quam
3253 2734 3362 2788 sint
3389 2730 3659 2803 fugienda,
3690 2732 3872 2786 maxi-

2273 2849 2359 2887 me
2408 2832 2462 2886 in
2506 2830 2689 2885 ofﬁcio
2729 2830 2880 2883 vobis
2922 2829 3232 2882 commissae
3273 2824 3737 2897 dispensationis,
3772 2839 3873 2879 vos

2274 2927 2376 2997 ipsi
2422 2924 2771 2996 perpenditis,
2816 2922 2905 2994 qui
2946 2920 3183 2976 debitam
3234 2920 3511 2990 pastoralis
3548 2933 3692 2974 curae
3719 2918 3874 2973 solli-

2262 3019 2561 3074 citudinem
2603 3034 2714 3072 non
2744 3016 3023 3088 ignoratis.
3056 3017 3195 3069 Nam
3239 3013 3282 3068 si
3336 3013 3621 3085 prohibere
3663 3028 3796 3067 eum
3841 3028 3870 3065 a

556 3108 814 3163 secranda
900 3106 1139 3162 facinora
1215 3105 1492 3160 multoties
1560 3105 1780 3158 nemine
1842 3105 2154 3174 impellente
2193 3112 2473 3209 Cdelictis
2517 3120 2705 3165 contra
2761 3110 2852 3181 jus
2900 3118 2955 3164 et
3003 3108 3361 3163 reverentiam
3424 3107 3708 3178 promissa
3763 3104 3871 3159 sibi

556 3201 909 3257 committunt
952 3218 964 3253 :
1004 3200 1135 3254 nihil
1186 3198 1442 3264 humani,
1489 3198 1730 3267 nihilque
1783 3197 1949 3251 divini
1989 3206 2157 3251 atten-

556 3295 743 3351 dunt:
800 3293 1064 3366 perjuria,
1130 3291 1440 3362 sacrilegia,
1492 3291 1758 3346 incestum
1817 3299 2155 3362 perpetrare,

557 3405 674 3445 sese
703 3389 933 3443 invicem
989 3387 1200 3442 tradere
1250 3402 1347 3457 pro
1397 3384 1567 3439 nihilo
1615 3384 1845 3453 ducunt,
1886 3394 1958 3448 et,
2010 3385 2157 3455 quod

557 3499 829 3554 nusquam
878 3493 1148 3537 terrarum
1204 3488 1315 3546 est,
1365 3478 1537 3546 cives,
1588 3479 1915 3551 propinqui,
1968 3478 2159 3534 fratres

555 3577 720 3632 etiam
768 3577 854 3631 alii
893 3576 1028 3631 alios
1090 3582 1310 3646 propter
1355 3573 1709 3644 cupiditatem
1766 3573 2023 3643 capiunt,
2072 3581 2154 3637 et,

558 3671 740 3725 omnia
785 3670 927 3724 bona
972 3684 1164 3723 eorum
1210 3666 1278 3720 ab
1309 3667 1415 3720 illis
1453 3673 1861 3736 extorquentes,
1895 3666 2065 3720 vitam
2103 3665 2158 3720 in

559 3770 802 3817 extrema
840 3761 1059 3815 miseria
1102 3760 1256 3814 ﬁnire
1286 3758 1517 3813 faciunt.
1564 3760 1891 3830 Peregrinos
1931 3760 1999 3815 ad
2030 3775 2156 3830 apo-

558 3855 824 3911 stolorum
866 3854 1052 3908 limina
1087 3861 1276 3907 euntes
1304 3860 1357 3906 et
1384 3850 1693 3919 redeuntes,
1739 3853 1815 3907 uti
1846 3852 2036 3923 cuique
2066 3869 2160 3923 op-

559 3956 859 4021 p0rtunum
921 3946 1009 4013 ﬁt,
1061 3945 1337 4016 capientes
1393 3946 1445 3999 in
1500 3960 1743 3999 carceres
1790 3945 2051 4009 trudunt,
2106 3954 2160 4000 et

560 4042 855 4097 acrioribus
885 4056 1049 4111 quam
1096 4054 1335 4109 paganus
1362 4039 1557 4108 aliquis
1594 4053 1686 4093 eos
1720 4039 2009 4093 tormentis
2036 4037 2159 4093 afﬁ-

560 4135 790 4201 cientes,
822 4150 965 4203 sazpe
993 4134 1061 4187 ab
1101 4132 1209 4187 illis
1251 4132 1535 4202 plusquam
1570 4131 1806 4187 habeant
1829 4148 1926 4203 pro
1952 4132 2161 4188 redem-

562 4229 743 4300 ptione
777 4227 1017 4298 exigunt.
1065 4228 1313 4296 Quarum
1346 4241 1529 4279 rerum
1573 4240 1665 4279 rex
1704 4233 1896 4289 vester,
1926 4225 2017 4296 qui
2046 4242 2156 4280 non

558 4339 651 4378 rex
699 4321 795 4377 sed
841 4331 1103 4393 tyrannus
1141 4318 1406 4375 dicendus
1456 4329 1558 4387 est,
1613 4319 1873 4375 suadente
1919 4319 2154 4388 diabolo,

559 4426 723 4487 caput
759 4425 812 4471 et
842 4430 1002 4470 causa
1034 4422 1133 4482 est,
1182 4413 1273 4484 qui
1303 4429 1522 4468 omnem
1562 4421 1781 4469 aetatem
1811 4428 1963 4468 suam
2008 4413 2157 4483 ﬂagi-

2266 3204 2537 3261 ﬁdelitatis
2574 3220 2693 3259 esse
2718 3204 2940 3275 putatis,
2982 3203 3143 3272 longe
3170 3216 3265 3256 vos
3295 3200 3431 3255 fallit
3458 3200 3637 3269 Opinio
3688 3217 3701 3253 :
3730 3213 3877 3269 quo-

2266 3301 2413 3355 niam
2443 3299 2547 3353 hoc
2585 3297 2734 3353 omni
2767 3297 2979 3351 ratione
3010 3295 3339 3351 conﬁrmare
3371 3308 3662 3364 possumus
3689 3293 3874 3347 multo

2267 3393 2572 3449 ﬁdeliorem
2621 3407 2740 3446 esse
2769 3390 2858 3460 qui
2902 3390 3071 3444 alium
3100 3388 3167 3444 de
3210 3386 3493 3458 naufragio
3523 3387 3720 3441 animm
3749 3401 3875 3441 suae

2266 3487 2347 3541 vel
2381 3486 2617 3540 invitum
2649 3483 2896 3551 retrahit,
2931 3499 3101 3555 quam
3135 3482 3227 3552 qui
3260 3481 3315 3535 in
3354 3490 3701 3551 peccatorum
3730 3495 3869 3549 gur-

2266 3580 2372 3650 gite
2419 3579 2617 3634 nocivo
2657 3593 2929 3634 consensu
2971 3591 3100 3631 eum
3144 3574 3389 3646 deperire
3441 3573 3723 3644 permittit.
3782 3575 3874 3627 De

2266 3673 2466 3727 timore
2514 3687 2643 3726 vero
2682 3687 2882 3725 vanum
2936 3679 3019 3725 est
3061 3669 3271 3733 dicere;
3306 3668 3565 3737 quoniam
3603 3664 3754 3720 vobis
3801 3664 3875 3720 ad

2265 3764 2660 3819 defendendam
2693 3763 2968 3834 justitiam
3006 3761 3316 3832 conjunctis
3352 3768 3407 3814 et
3438 3767 3749 3815 constanter
3779 3772 3877 3813 ac-

2265 3859 2457 3914 cinctis
2503 3867 2657 3913 tanta
2689 3857 2859 3912 virtus
2904 3855 3069 3923 foret,
3116 3864 3176 3911 ut
3214 3862 3267 3910 et
3295 3854 3447 3909 illum
3488 3853 3631 3909 ﬁdeli
3685 3867 3874 3907 corre-

2265 3952 2445 4008 ctione
2477 3953 2594 4007 sine
2637 3952 2787 4007 omni
2820 3959 2999 4005 vestro
3040 3949 3276 4020 periculo
3314 3964 3344 4002 a
3389 3955 3651 4002 consueta
3696 3946 3875 4000 male.

2268 4045 2499 4102 faciendi
2540 4045 2764 4100 libidine
2804 4044 3032 4115 possetis
3074 4050 3337 4108 avertere,
3384 4050 3438 4095 et
3480 4022 3685 4095 vestras
3726 4039 3878 4109 pari-

2268 4148 2349 4195 ter
2384 4140 2589 4194 animas
2627 4140 2854 4194 liberare
2884 4159 2895 4193 :
2946 4153 3254 4209 quanquam
3283 4145 3336 4191 et
3376 4135 3419 4190 si
3445 4134 3611 4189 timor
3643 4147 3707 4187 ac
3730 4133 3879 4202 peri-

2267 4234 2447 4288 culum
2504 4233 2697 4287 mortis
2763 4232 3101 4296 immineret,
3157 4246 3253 4284 vos
3301 4239 3483 4283 tamen
3533 4243 3561 4281 a
3618 4226 3879 4281 libertate

2268 4327 2430 4382 vestri
2492 4325 2839 4380 sacerdotalis
2888 4324 3056 4379 ofﬁcii
3103 4323 3360 4378 desistere
3407 4338 3514 4376 non
3561 4327 3873 4390 oporteret.

2271 4420 2435 4477 Unde
2477 4435 2738 4491 rogamus
2764 4434 2877 4483 vos,
2918 4427 2972 4473 et
2996 4417 3290 4489 apostolica
3320 4414 3636 4470 auctoritate
3666 4428 3877 4468 mone-

558 4496 647 4566 tiis
690 4520 746 4565 et
786 4509 1118 4565 facinoribus
1160 4507 1373 4579 polluit,
1402 4516 1455 4562 et
1494 4514 1741 4578 suscepta
1771 4507 1919 4577 regni
1967 4507 2156 4578 guber-
2183 4515 2233 4576 1)
2273 4530 2391 4568 mus
2436 4522 2517 4580 ut,
2556 4512 2608 4566 in
2649 4528 2819 4566 unum
2857 4510 3193 4582 congregati,
3234 4508 3440 4580 patria),
3471 4505 3636 4562 fama“:
3665 4513 3879 4562 vestrm

559 4604 754 4659 nacnla
785 4604 945 4659 miser
986 4611 1041 4657 et
1083 4600 1264 4656 infelix
1306 4601 1576 4657 inutiliter
1605 4616 1815 4673 gerens,
1847 4600 2154 4670 subjectum

558 4696 660 4752 sibi
691 4698 955 4766 populum
978 4711 1088 4749 non
1113 4694 1293 4749 solum
1328 4695 1487 4749 nimis
1515 4695 1695 4749 soluto
1725 4693 1795 4749 ad
1822 4694 2025 4749 scelera
2058 4694 2159 4748 im-

562 4790 713 4863 perio
744 4789 1030 4855 relaxavit,
1062 4788 1159 4845 sed
1188 4788 1256 4843 ad
1282 4789 1464 4844 omnia
1495 4804 1619 4861 quae
1653 4788 1758 4844 dici
1790 4796 1844 4843 et
1887 4788 1974 4859 agi
2005 4788 2157 4843 nefas

562 4893 661 4952 est,
714 4899 946 4954 operum
984 4890 1037 4936 et
1063 4881 1375 4937 studiorum
1418 4898 1647 4937 suorum
1677 4882 1939 4953 exemplis
1973 4882 2157 4936 incita-

561 4978 652 5032 vit.
697 4979 811 5032 Nec
840 4976 967 5030 satis
998 4975 1172 5029 visum
1212 4983 1294 5030 est
1319 4976 1363 5030 ei
1406 4975 1737 5046 dispersione
1766 4974 2153 5042 Ecclesiarum,

560 5071 616 5125 in
642 5069 945 5135 adulteriis,
977 5068 1032 5122 in
1075 5066 1277 5139 rapinis
1320 5066 1738 5134 nefandissimis,
1780 5068 1831 5121 in
1877 5068 2149 5139 perjuriis,

561 5172 616 5219 et
644 5164 700 5219 in
747 5160 1074 5218 multimoda
1118 5158 1326 5225 fraude,
1358 5161 1506 5217 unde
1543 5177 1684 5232 saepe
1709 5150 1839 5215 eum
1884 5160 2153 5232 redargui-

563 5273 708 5325 mus,
736 5257 875 5312 iram
916 5255 1014 5310 Dei
1048 5254 1336 5319 meruisse;
1370 5254 1503 5323 quin
1543 5255 1706 5309 etiam
1733 5255 2151 5321 mercatoribus,

558 5351 647 5420 qui
682 5350 749 5405 de
781 5348 968 5404 multis
988 5356 1255 5402 terrarum
1286 5346 1529 5417 partibus
1553 5347 1620 5403 ad
1661 5346 1838 5401 forum
1876 5349 2153 5419 quoddam

557 5443 611 5497 in
653 5443 879 5499 Francia
919 5458 1090 5513 nuper
1131 5450 1519 5506 convenerant,
1563 5441 1707 5511 quod
1741 5450 1864 5495 ante
1894 5441 2041 5497 hunc
2072 5459 2154 5497 re-

558 5554 685 5610 gem
731 5539 938 5593 factum
983 5537 1147 5593 fuisse
1190 5552 1289 5591 nec
1334 5537 1387 5590 in
1433 5534 1628 5590 fabulis
1690 5533 1942 5603 refertur,
2001 5554 2155 5592 more

559 5631 830 5705 praedonis
865 5631 1133 5686 inﬁnitam
1176 5630 1459 5701 pecuniam
1489 5630 1736 5696 abstulit,
1769 5640 1823 5684 et
1850 5632 1942 5701 qui
1975 5633 2152 5703 legum

557 5736 613 5783 et
653 5725 878 5798 justitize
926 5724 1180 5781 defensor
1225 5740 1344 5781 esse
1370 5723 1575 5792 debuit,
1607 5722 1651 5780 is
1680 5724 2021 5794 potissimum
2063 5724 2157 5781 de-

566 5820 839 5887 prmdator
887 5819 1087 5876 exstitit
1137 5837 1149 5871 :
1188 5818 1447 5873 nimirum
1480 5817 1535 5873 id
1575 5833 1739 5889 agens
1787 5826 1845 5873 ut
1888 5819 2028 5873 mala
2058 5834 2153 5874 sua

2264 4617 2427 4678 atque
2469 4605 2627 4661 saluti
2683 4605 3005 4671 consulatis,
3052 4614 3137 4669 et,
3188 4602 3464 4658 communi
3521 4599 3744 4655 consilio
3801 4616 3877 4655 ac

2263 4699 2728 4771 conjunctissimis
2767 4699 2966 4753 animis
3009 4713 3193 4769 regem
3238 4696 3601 4766 alloquentes,
3656 4693 3723 4747 de
3758 4707 3877 4748 sua

2262 4810 2387 4849 eum
2418 4802 2473 4848 et
2510 4794 2655 4865 regni
2697 4792 3018 4847 confusione
3042 4799 3205 4861 atque
3236 4789 3474 4861 periculo
3498 4802 3879 4843 commouea—

2262 4889 2351 4953 tis,
2392 4896 2445 4941 et
2485 4902 2651 4956 quam
2699 4886 2991 4940 criminosa
3016 4884 3125 4939 sint
3152 4883 3272 4955 ejus
3303 4882 3437 4937 facta
3470 4890 3631 4952 atque
3673 4880 3881 4935 consi-

2263 4980 2332 5035 lia
2359 4978 2412 5034 in
2443 4978 2637 5034 faciem
2663 4978 2709 5034 ei
2736 4978 3105 5043 ostendentes,
3136 4976 3286 5031 omni
3326 4974 3705 5031 exhortatione
3730 4988 3880 5029 eum

2264 5074 2481 5129 flectere
2536 5071 2823 5137 studeatis;
2874 5080 3138 5142 quatenus
3191 5070 3432 5141 rapinam
3484 5066 3885 5138 suprascriptis

2262 5166 2692 5238 negotiatoribus
2732 5164 2928 5219 factam
2973 5162 3228 5219 emendet
3274 5180 3286 5215 .‘
3334 5177 3455 5232 quae
3494 5160 3599 5215 nisi
3646 5158 3879 5215 reddita

2265 5258 2425 5314 fuerit
2464 5255 2622 5325 (sidut
2648 5273 2743 5312 vos
2781 5257 2879 5328 ipsi
2918 5257 3106 5325 scitis),
3138 5254 3405 5309 inﬁnitam
3437 5251 3768 5308 discordiam
3816 5261 3885 5308 et

2265 5351 2575 5405 inimicitias
2628 5351 2769 5405 inter
2811 5350 3015 5405 multos
3063 5349 3251 5419 pariet.
3300 5351 3380 5402 De
3428 5354 3627 5402 catero
3666 5345 3879 5401 delicta

2262 5459 2366 5498 sua
2411 5444 2675 5514 corrigat,
2716 5453 2797 5509 et,
2842 5443 3039 5497 relictis
3081 5440 3380 5512 juventutis
3419 5454 3533 5495 sua:
3574 5437 3874 5501 moribus,

2262 5537 2501 5593 attritam
2542 5537 2691 5607 regni
2743 5537 2823 5591 sui
2864 5536 3177 5608 dignitatem
3236 5544 3287 5589 et
3338 5534 3575 5605 gloriam
3619 5531 3882 5587 tenendo

2256 5631 2523 5704 justitiam
2564 5646 2815 5701 reparare
2846 5629 3071 5701 incipiat
3123 5650 3133 5683 :
3186 5636 3261 5695 et,
3292 5636 3353 5682 ut
3406 5636 3637 5683 cazteros
3681 5624 3747 5679 ad
3802 5640 3883 5681 ea

2262 5742 2384 5799 quae
2429 5735 2573 5783 recta
2616 5734 2747 5781 sunt
2786 5740 3038 5781 coercere
3070 5724 3266 5790 valeat,
3314 5722 3427 5793 ipse
3463 5720 3704 5793 primum
3732 5732 3885 5789 qua

2262 5830 2390 5876 sunt
2418 5820 2599 5893 iniqua
2640 5819 2926 5889 relinquat.
2958 5815 3120 5886 Quod
3165 5816 3207 5872 si
3254 5830 3348 5871 vos
3376 5814 3565 5871 audire
3618 5811 3884 5868 noluerit
