4106 6182
241 339 344 393 365

1364 325 1560 390 LIBER
1601 337 1960 391 SECUNDUS.
2003 367 2071 377 —
2111 336 2314 391 EPIST.
2359 334 2446 390 γι.

3449 343 3550 396 366

241 469 315 527 et,
348 461 566 532 abjecto
590 460 790 516 timore
812 460 946 526 Dei,
974 467 1167 527 contra
1200 460 1404 532 regium
1431 459 1620 531 decus,
1656 471 1846 517 contra
1877 467 1930 528 Α
1956 459 3388 534 epist.60.1nMut.nomendeestdPrageusiepiscopo,
3404 464 3554 534 quod

241 570 399 610 suam
454 562 508 608 et
539 553 1034 625 populi.salutem,
1064 552 1119 608 in
1167 552 1362 609 duritia
1399 553 1579 610 cordis
1612 554 1698 610 sui
1724 570 1844 626 per-

243 649 466 715 stiterit,
512 647 826 718 apostolicae
855 645 1334 702 animadversionis
1360 647 1600 719 gladium
1639 663 1841 719 nequa-

245 759 413 814 quam
443 758 572 797 eum
602 740 808 797 diutius
835 739 1082 812 effugere
1129 756 1286 812 posse
1315 741 1469 813 quasi
1515 757 1581 797 ex
1633 757 1728 798 ore
1756 758 1846 796 no-

241 845 356 892 stro
398 836 499 891 sibi
543 833 838 890 notiﬁcate.
871 838 1107 906 Propter
1131 835 1281 907 quod
1318 844 1372 890 et
1402 851 1514 902 vos,
1549 835 1846 906 apostolica

241 930 569 986 auctoritate
594 927 912 985 commoniti
952 937 1116 999 atque
1155 929 1453 994 constricti,
1483 937 1720 984 matrem
1752 945 1845 983 vc-

245 1033 419 1079 stram
463 1031 710 1078 sanctam
744 1026 1055 1077 Romanam
1087 1031 1141 1076 et
1163 1022 1517 1094 apostolicam
1548 1023 1847 1078 Ecclesium

242 1117 426 1173 debita
491 1115 598 1172 ﬁde
642 1124 697 1171 et
748 1115 1055 1171 obedientia
1110 1115 1435 1179 imitemini,
1481 1125 1564 1183 et,
1613 1117 1681 1172 ab
1734 1115 1851 1187 ejus

244 1227 342 1266 vos
390 1211 651 1282 obsequio
698 1217 857 1280 atque
904 1210 1292 1266 communione
1340 1209 1552 1281 penitus
1595 1225 1848 1281 separan-

243 1313 344 1371 tes,
380 1321 475 1375 per
497 1304 808 1358 universam
834 1305 1116 1360 Franciam
1138 1320 1300 1359 omne
1330 1303 1585 1359 divinum
1606 1302 1851 1358 ofﬁcium

247 1398 464 1469 publice
518 1382 775 1452 celebrari
825 1396 1143 1453 interdicite.
1196 1396 1359 1466 Quod
1408 1397 1452 1451 si
1515 1413 1620 1452 nec
1668 1396 1853 1468 hujus-

247 1491 400 1546 modi
447 1490 788 1546 districtione
842 1490 1080 1547 voluerit
1133 1490 1472 1562 resipiscere,
1534 1490 1666 1545 nulli
1713 1490 1850 1544 clam

248 1593 344 1640 aut
393 1582 622 1639 dubium
654 1600 774 1640 esse
822 1584 1076 1641 volumus
1101 1585 1235 1656 quin
1270 1584 1449 1641 modis
1479 1584 1737 1640 omnibus
1763 1601 1852 1640 re-

248 1694 424 1750 gnum
453 1679 698 1733 Franciae
728 1677 794 1733 de
823 1678 940 1750 ejus
968 1678 1352 1750 occupatione,
1392 1677 1684 1750 adjuvante
1709 1681 1849 1744 Deo,

250 1779 528 1826 tentemus
551 1771 780 1843 eripere.
814 1774 956 1828 Sane
986 1772 1030 1827 si
1065 1772 1120 1826 in
1148 1771 1255 1827 hoc
1300 1781 1455 1827 tanto
1484 1779 1710 1842 tamque
1755 1787 1852 1825 ne-

255 1866 492 1920 cessario
521 1865 742 1936 negotio
772 1865 986 1937 tepidos
1019 1882 1116 1921 vos
1144 1867 1586 1938 cognoverimus,
1614 1881 1724 1921 non
1740 1864 1852 1934 jam

255 1959 490 2029 amplius
528 1957 844 2014 dubitantes
877 1960 1009 2030 quin
1040 1937 1441 2015 vestraiﬁducia
1471 1959 1636 2015 fultus
1673 1959 1853 2013 incor-
1888 1937 1934 1997 Β

257 2052 447 2124 rigibili
485 2050 769 2124 perduret,
799 2068 897 2106 vos
924 2053 1072 2124 ipsos
1101 2040 1450 2109 sicut'socios
1480 2062 1535 2109 et
1563 2053 1858 2124 complices

256 2147 526 2201 scelerum
553 2146 691 2216 ejus.
726 2146 1017 2217 episcopali
1046 2148 1286 2218 privatos
1308 2145 1488 2202 ofﬁcio
1533 2147 1644 2217 pari
1680 2145 1856 2201 vindi-

259 2250 360 2294 ctze
399 2239 588 2311 jaculo
633 2237 912 2294 feriemus.
963 2241 1141 2294 Testis
1177 2240 1320 2294 enim
1364 2240 1522 2295 nobis
1564 2249 1646 2295 est
1686 2241 1860 2304 Deus,

258 2340 308 2387 et
354 2333 574 2404 propria
626 2332 994 2400 conscientia,
1023 2333 1172 2404 quod
1219 2333 1338 2390 haec
1386 2349 1562 2405 neque
1611 2333 1863 2405 precibus

261 2442 440 2499 neque
474 2425 652 2497 pretio
681 2425 912 2497 alicujus
930 2424 1076 2481 ducti
1103 2426 1354 2493 dicimus,
1388 2443 1486 2481 nec
1520 2427 1576 2480 in
1614 2427 1863 2481 animum

261 2520 612 2586 induximus;
655 2517 755 2573 sed
786 2519 905 2574 solo
932 2519 1121 2574 dolore
1165 2519 1290 2574 tacti
1322 2520 1681 2586 intrinsecus,
1717 2519 1865 2591 quod

259 2623 370 2668 tam
404 2611 590 2667 nobile
620 2628 874 2684 regnum,
911 2621 964 2667 et
989 2623 1101 2668 tam
1129 2613 1370 2668 inﬁnitus
1411 2614 1739 2685 populorum
1770 2630 1870 2667 nu-

264 2723 446 2762 merus
493 2705 656 2761 unius
708 2705 1060 2778 perditissimi
1107 2706 1345 2762 hominis
1388 2707 1546 2779 culpa
1587 2706 1868 2778 depereat,

262 2799 490 2855 tacendo
543 2797 891 2855 dissimulare
939 2816 1037 2855 nec
1083 2815 1374 2871 possumus
1436 2817 1536 2856 nec
1587 2800 1868 2854 debemus.

260 2896 544 2949 Memores
589 2894 752 2965 igitur
796 2891 940 2948 illius
982 2892 1177 2968 divina:
1217 2893 1346 2949 dicti
1397 2893 1694 2964 Sapientiae
1727 2911 1739 2946 :
1772 2895 1876 2960 Qui

264 2992 421 3042 timet
437 2989 726 3055 hominem,
761 2989 862 3040 cito
887 2992 1117 3054 cor-met,
1141 2992 1190 3041 et
1215 2991 1312 3056 qui
1336 2992 1517 3056 sperat
1539 2989 1600 3041 in
1630 2988 1872 3052 Domino,

257 3082 647 3136 sublevabitur
687 3083 859 3150 (Prov.
893 3085 1068 3147 XXIX)
1098 3097 1110 3133 :
1155 3084 1226 3134 ita
1260 3081 1429 3150 agite,
1467 3080 1541 3134 ita
1580 3096 1675 3134 vos
1711 3079 1873 3133 habe-

252 3185 401 3242 tote,
451 3182 514 3228 ut
541 3189 706 3245 quam
737 3174 806 3228 sit
835 3173 985 3228 vobis
1015 3173 1181 3227 libera
1210 3189 1369 3227 mens
1395 3182 1448 3228 et
1476 3173 1658 3245 lingua
1690 3180 1874 3227 osten-

253 3268 408 3324 datis
447 3286 460 3322 :
506 3283 609 3322 nec
661 3267 920 3322 timentes
959 3266 1243 3321 hominem
1299 3266 1632 3321 inﬁrmitatis
1681 3274 1875 3321 vestra:

257 3362 494 3416 ruinam
541 3360 841 3432 patiamini,
875 3359 970 3415 sed
1011 3359 1305 3415 confortati
1338 3360 1393 3414 in
1435 3359 1680 3415 Domino
1724 3367 1779 3414 et
1822 3359 1878 3413 in

256 3454 512 3528 potentia
556 3453 768 3510 virtutis
810 3454 947 3526 ejus,
980 3453 1117 3509 sicut
1167 3454 1373 3508 strenui
1406 3454 1606 3509 milites
1648 3452 1879 3521 Christi,

253 3549 327 3604 ad
366 3547 740 3603 celsitudinem
783 3547 1065 3626 praesentis
1092 3555 1148 3602 et
1177 3545 1374 3603 futura:
1405 3546 1593 3619 gloriae
1637 3546 1879 3602 subleve-

254 3642 426 3697 mini.
503 3645 768 3697 Praeterea
825 3642 1069 3697 multum
1120 3657 1378 3714 rogamus
1417 3648 1471 3696 et
1516 3640 1881 3695 admonemus

253 3733 616 3792 dilectionem
651 3742 892 3789 vestram
944 3741 1241 3806 quatenus,
1291 3733 1649 3789 Lanzelinum
1689 3732 1875 3787 Belva-

255 3843 494 3884 censem
531 3826 762 3882 militem
792 3826 1200 3894 convenientes,
1231 3836 1291 3882 ut
1336 3827 1645 3882 Folcerium
1675 3827 1880 3882 Carno-

259 3931 492 3977 tensem
539 3918 757 3975 ﬁdelem
806 3930 1094 3987 nostrum,
1139 3936 1301 3992 quem
1357 3921 1425 3976 ab
1498 3920 1877 3992 apostolorum

259 4012 562 4071 liminibus
593 4021 954 4069 revertentem
989 4013 1150 4085 cepit,
1182 4013 1314 4069 nihil
1344 4014 1411 4069 de
1450 4013 1608 4069 bonis
1645 4014 1762 4083 ejus
1790 4029 1880 4067 re-

259 4111 481 4172 tinens,
529 4106 756 4162 illazsum
798 4106 1063 4177 dimittat,
1113 4123 1178 4162 ex
1230 4112 1382 4178 parte
1427 4107 1569 4161 beati
1616 4106 1786 4171 Petri,
1830 4114 1883 4160 et

257 4209 469 4257 nostra
501 4199 796 4272 apostolica
831 4199 1155 4255 auctoritate
1185 4199 1606 4255 commoneatis.
1642 4197 1800 4269 Quod
1836 4198 1879 4252 si

257 4296 461 4351 facere
509 4293 916 4364 contempserit,
991 4293 1362 4364 spiritualibus
1417 4301 1471 4348 et
1535 4292 1884 4363 saecularibus

259 4387 456 4446 armis
500 4402 628 4442 eum
671 4386 881 4458 insequi
928 4394 982 4442 et
1012 4403 1202 4459 urgere
1240 4403 1356 4442 non
1396 4386 1547 4457 prius
1575 4385 1880 4448 desistatis,

250 4496 447 4555 quam
468 4522 483 4547 ,
532 4480 722 4535 relicto
750 4479 924 4535 sancti
965 4481 1108 4536 Petri
1134 4480 1454 4552 peregrino,
1484 4479 1651 4534 etiam
1681 4479 1725 4533 si
1753 4477 1885 4549 quid

251 4591 377 4651 pro
424 4572 804 4644 redemptione
852 4573 994 4629 illius
1026 4574 1264 4646 accepit,
1311 4584 1406 4630 aut
1450 4573 1680 4646 pepigit,
1719 4571 1882 4628 simul

248 4667 507 4726 reddere
543 4675 633 4722 aut
657 4665 899 4723 refutare
942 4666 1168 4740 cogatis.

345 4765 501 4817 Data
539 4760 727 4816 Tiburi
768 4768 965 4833 quarto
1009 4759 1139 4816 ldus
1181 4759 1540 4831 Septembris,
1588 4759 1887 4816 indictione

251 4855 495 4914 decima
535 4854 710 4909 tertia.

863 4956 1213 5012 EPISTOLA
1258 4957 1350 5009 Vl.

417 5079 499 5118 AD
551 5076 938 5118 GBBOABDUM
982 5074 1357 5116 PBAGRNSEM
1388 5075 1753 5119 EPISCOPUM.

895 5162 1076 5225 (Anno
1109 5164 1286 5222 1074.)

259 5264 485 5332 Arguit
526 5261 592 5315 de
619 5267 919 5330 contempta
947 5264 1266 5316 auctoritate
1288 5260 1596 5331 apostolica:
1620 5261 1778 5326 sedis,
1822 5261 1887 5315 de

341 5335 586 5389 mentita
628 5334 752 5401 ﬁde,
802 5333 865 5386 de
917 5333 1271 5399 fraudulenta
1324 5335 1659 5403 occupatione
1704 5347 1886 5386 rerum

345 5406 593 5475 episcopi
625 5407 978 5471 Moravensis;
1022 5420 1157 5472 quas
1193 5406 1410 5458 restitui
1437 5404 1627 5474 jubet,
1671 5407 1721 5458 et
1769 5419 1886 5458 eum

347 5481 585 5533 Bonum:
618 5492 740 5529 cum
791 5477 932 5530 dicto
968 5478 1205 5544 episcopo
1248 5476 1321 5528 ad
1357 5477 1712 5544 deﬁniendum
1755 5492 1886 5528 cau-

341 5564 473 5603 sam
503 5549 709 5611 venire;
747 5547 812 5600 de
846 5547 1144 5600 mendaciis
1183 5552 1367 5600 contra
1402 5549 1586 5601 ducem
1623 5547 1890 5602 Bohemia:

342 5619 466 5675 sibi
491 5621 756 5686 suggestis
785 5637 800 5668 :
828 5619 1041 5672 demum
1063 5617 1129 5672 de
1148 5621 1685 5672 emcommunicatz‘o-ne
1713 5620 1774 5671 in
1791 5619 1889 5671 ho-

345 5693 532 5745 mines
564 5689 799 5760 ejusdem
826 5691 977 5744 ducis
1005 5690 1207 5760 absque
1236 5691 1401 5758 legali
1423 5690 1637 5758 judicio
1669 5692 1801 5744 lata.

343 5795 725 5849 Ganeonws
750 5791 1064 5863 episcopus,
1095 5806 1282 5848 servus
1319 5807 1597 5847 servorum
1625 5792 1754 5860 Dei,
1784 5791 1892 5845 GE-

257 5899 536 5945 Βοωο
575 5887 666 5951 [f..
695 5885 1030 5950 133011130,
1066 5890 1128 5940 ut
1155 5903 1324 5955 supra
1356 5886 1447 5941 lib.
1482 5901 1504 5940 ι
1527 5889 1682 5954 epist.
1722 5889 1812 5949 44,
1844 5887 1896 5936 et

1955 571 2063 610 non
2080 563 2339 619 meretur,
2359 556 2594 610 salutem
2624 563 2677 608 et
2704 554 3062 625 apostolicam
3093 555 3550 613 benedictionem.

2023 650 2345 704 Venientem
2387 657 2442 703 te
2467 647 2572 704 hoc
2618 663 2762 703 anno
2801 647 2908 721 [ad]
2958 649 3316 721 apostolicam
3341 651 3551 719 sedem,

1955 743 2252 814 apostolica
2303 750 2515 798 utentes
2559 741 2991 809 mansuetudine,
3044 743 3221 799 multo
3263 744 3554 817 benignius

1958 837 2239 908 multoque
2293 835 2479 890 mitius
2525 849 2691 907 quam
2735 834 2877 891 facta
2929 844 3024 892 tua
3080 847 3451 906 mererentur,
3500 847 3555 893 te

1958 929 2298 1000 suscepimus
2350 936 2510 1000 atque
2565 929 2966 984 tractavimu:
3011 931 3106 986 sed
3156 939 3216 988 tu
3270 948 3428 988 more
3458 942 3556 989 tuo

1959 1023 2164 1078 malum
2193 1039 2289 1094 pro
2327 1022 2472 1078 bono
2502 1021 2754 1089 reddens,
2794 1032 3110 1095 contempta
3155 1033 3341 1081 nostra
3377 1026 3553 1082 chari-

1962 1120 2071 1172 tate
2113 1124 2170 1172 et
2206 1115 2503 1187 apostolica
2560 1115 2910 1183 auctoritate,
2957 1125 3147 1172 contra
3194 1119 3556 1176 interdictum

1959 1219 2231 1276 nostrum,
2268 1209 2336 1265 de
2365 1209 2526 1265 bonis
2558 1218 2613 1264 et
2637 1209 2804 1265 rebus
2836 1208 2981 1265 unde
3022 1210 3165 1266 inter
3201 1219 3257 1266 te
3299 1221 3353 1267 et
3398 1215 3560 1267 Joano

1961 1319 2089 1359 nem
2143 1303 2460 1374 episcopum
2505 1305 2887 1358 Moravensem
2926 1303 2996 1358 lis
3032 1313 3137 1370 est,
3193 1312 3246 1358 te
3287 1305 3564 1360 intromit-

1960 1406 2075 1452 tere
2110 1412 2273 1452 ausus
2296 1413 2353 1452 es
2383 1414 2397 1452 :
2434 1404 2488 1451 et
2518 1396 2700 1467 (quod
2738 1397 2890 1452 valde
2922 1397 3083 1453 nobis
3124 1398 3419 1453 molestum
3451 1400 3566 1469 est)

1962 1499 2146 1547 nostra
2177 1490 2531 1546 concessione
2576 1499 2628 1545 te
2682 1489 2733 1544 id
2792 1489 2984 1546 fecisse
3026 1491 3290 1547 mentitus
3320 1507 3398 1547 es.
3454 1494 3568 1548 Nos

1962 1583 2212 1656 equidem
2267 1584 2614 1640 meminimus
2667 1585 2745 1640 sic
2797 1583 3119 1652 decrevisse,
3165 1593 3226 1640 ut
3279 1585 3566 1657 episcopus

1964 1678 2294 1734 Moravensis
2317 1685 2542 1743 terram,
2579 1685 2634 1733 et
2677 1678 2780 1732 alia
2810 1677 2877 1733 de
2916 1678 3113 1748 quibus
3144 1678 3285 1734 inter
3325 1694 3422 1734 vos
3461 1679 3569 1735 dis-

1963 1772 2149 1828 cordia
2187 1780 2323 1841 erat,
2349 1787 2521 1844 usque
2562 1770 2631 1827 ad
2659 1769 2898 1827 futuram
2923 1771 3197 1842 synodum
3243 1788 3371 1827 cum
3413 1774 3564 1829 omni

1966 1881 2095 1936 pace
2125 1873 2182 1920 et
2208 1865 2389 1936 quiete
2428 1874 2613 1920 tenere
2641 1865 2884 1921 deberet.
2920 1867 3040 1920 Hoc
3068 1866 3123 1920 in
3147 1865 3338 1921 litteris
3366 1866 3570 1922 nostris

1966 1957 2117 2014 fratri
2148 1966 2244 2014 tuo
2282 1958 2406 2014 duci
2434 1973 2696 2029 expresse
2745 1957 3181 2029 signiﬁcavimus.
3230 1961 3351 2015 Hoc
3399 1969 3458 2015 tu
3506 1967 3570 2014 ut

1966 2053 2273 2108 nullatenus
2318 2051 2634 2122 impedires,
2687 2052 2738 2106 in
2791 2067 3016 2106 manum
3059 2062 3305 2107 nostram
3345 2053 3570 2124 promit-

1969 2145 2132 2202 tendo
2182 2145 2451 2201 ﬁrmasti:
2493 2145 2592 2200 sed
2635 2153 2695 2200 ut
2749 2145 2975 2200 verbum
3023 2145 3150 2200 inde
3210 2155 3570 2211 mutaremus,

1971 2241 2093 2308 hoc,
2123 2255 2252 2294 cum
2305 2239 2540 2294 multum
2587 2239 2835 2306 instares,
2885 2254 3064 2311 neque
3094 2238 3346 2310 precibus
3393 2255 3572 2311 neque

1974 2333 2144 2405 pretio
2219 2333 2507 2404 impetrare
2582 2333 2821 2403 potuisti.
2883 2334 3053 2387 Porro
3127 2333 3183 2386 in
3235 2333 3572 2401 novissimis,

1972 2426 2123 2497 quasi
2178 2425 2442 2497 quasdam
2504 2441 2670 2480 novas
2735 2425 2979 2496 querelas
3031 2441 3192 2496 super
3252 2425 3420 2483 fratre
3475 2435 3573 2484 tuo

1975 2519 2268 2575 Wratislao
2323 2519 2466 2575 duce
2511 2518 2665 2590 quod
2717 2516 3094 2574 fraudulenter
3157 2517 3575 2586 concludantur,

1977 2613 2076 2668 sed
2099 2613 2290 2668 orbem
2329 2621 2600 2668 terrarum
2631 2610 2703 2666 ad
2731 2611 3059 2667 discordiam
3099 2614 3400 2670 multarum
3443 2630 3573 2686 gen-

1979 2707 2114 2762 tium
2132 2711 2201 2761 et
2242 2714 2298 2761 te
2343 2704 2537 2761 fecisse
2564 2721 2710 2760 nunc
2735 2705 3122 2776 cognovimus;
3154 2722 3402 2763 asserens
3430 2707 3577 2762 vide-

1983 2799 2212 2855 licet'de
2252 2797 2488 2870 quodam
2520 2807 2701 2853 castro
2731 2798 2900 2852 sancti
2929 2800 3146 2853 Venzlai
3189 2809 3242 2853 et
3267 2800 3333 2855 dc
3363 2817 3579 2872 [πωρο-

1983 2894 2147 2949 situra
2185 2892 2451 2964 justitiam
2479 2900 2631 2947 tuam
2663 2891 2760 2946 tibi
2799 2892 3191 2948 contradicere.
3220 2897 3340 2948 Hoc
3367 2899 3578 2950 tantum

1980 2985 2227 3053 effecisti,
2276 2993 2337 3041 ut
2409 3000 2538 3041 eum
2589 2985 2644 3040 in
2708 2985 2931 3056 epistola
2977 2993 3162 3040 nostra
3222 3002 3580 3042 moneremus

1982 3089 2283 3152 quatenus,
2332 3079 2458 3135 sise
2513 3077 2770 3148 injuriam
2818 3077 2912 3134 tibi
2944 3078 3134 3133 fecisse
3197 3089 3579 3158 cognosceret,

1985 3189 2082 3245 pro
2140 3181 2362 3239 nostro,
2416 3173 2528 3228 imo
2578 3187 2766 3227 amore
2807 3171 2934 3237 Dei,
2963 3171 3108 3243 quod
3145 3188 3365 3243 aequum
3417 3184 3580 3242 esset,

1985 3268 2110 3322 inde
2151 3267 2370 3322 faceret.
2399 3269 2517 3322 Hac
2549 3266 2714 3338 igitur
2755 3266 3036 3321 occasione
3067 3274 3122 3320 et
3144 3267 3211 3320 de
3237 3267 3396 3322 nobis
3429 3283 3584 3323 men-

1986 3361 2200 3416 dacium
2229 3360 2470 3423 ﬁnxisti,
2505 3370 2559 3413 et
2609 3368 2794 3414 nostra
2825 3359 3038 3415 decreta
3077 3360 3402 3416 subvenisti.
3446 3361 3580 3426 Sed,

1988 3469 2194 3525 quaeso,
2248 3469 2361 3508 non
2416 3452 2711 3519 erubescis,
2765 3462 2858 3508 aut
2886 3469 2996 3507 non
3048 3453 3236 3520 times,
3283 3454 3430 3525 quod
3487 3471 3584 3526 pro

1987 3547 2189 3603 talibus
2218 3546 2393 3601 causis
2421 3561 2534 3600 non
2577 3545 2759 3600 solum
2789 3545 2994 3601 ordinis
3023 3546 3101 3601 tui
3133 3547 3434 3616 periculum
3484 3547 3583 3602 tibi

1988 3641 2271 3707 imminet,
2303 3639 2400 3695 sed
2447 3655 2512 3693 ex
2558 3639 2803 3694 fraterno
2855 3638 2982 3694 odio
3025 3655 3125 3694 nec
3168 3640 3585 3696 Christianitatis

1986 3734 2208 3806 quidem
2253 3733 2310 3788 in
2356 3741 2409 3788 te
2453 3740 2698 3803 suscepta
2750 3732 2921 3804 gratia
2950 3736 3187 3789 manet?
3231 3734 3585 3806 Praecipimus

1989 3844 2116 3901 ergo
2146 3826 2244 3883 tibi
2272 3842 2335 3882 ex
2367 3834 2520 3898 parte
2550 3825 2688 3881 beati
2736 3826 2897 3894 Petri,
2946 3833 3006 3882 et
3059 3835 3243 3882 nostra
3294 3827 3586 3898 apostolica
3637 3835 3648 3844 ’

1990 3920 2344 3988 auctoritate,
2375 3928 2436 3975 ut
2464 3927 2705 3975 castrum
2736 3919 2882 3989 quod
2921 3927 3037 3975 tam
3082 3917 3462 3976 fraudulenter
3498 3937 3586 3976 ce-

1989 4015 2134 4086 pisti,
2165 4023 2221 4069 et
2257 4013 2359 4069 alia
2388 4012 2572 4068 omnia
2600 4027 2723 4082 qua
2764 4011 2818 4066 in
2847 4010 2938 4066 lite
2977 4019 3125 4077 sum,
3151 4012 3378 4084 prtefato
3409 4016 3589 4070 Mora-

1988 4108 2142 4163 vensi
2167 4107 2422 4179 episcopo
2443 4105 2658 4172 reddas,
2683 4113 2737 4160 et
2766 4112 2827 4160 tu
2857 4104 2928 4160 ad
2959 4103 3340 4161 difﬁniendam
3365 4122 3586 4162 causam

1992 4201 2154 4270 (sicut
2207 4207 2477 4256 statutum
2514 4203 2619 4262 est)
2655 4205 2751 4254 aut
2800 4197 2914 4268 ipse
2941 4201 3183 4254 Romam
3232 4199 3444 4266 venias,
3493 4206 3588 4255 aut

1993 4293 2220 4350 idoneos
2260 4293 2466 4365 legatos
2511 4292 2728 4348 mittas:
2772 4299 2934 4362 atque
2992 4291 3098 4348 hoc
3144 4293 3215 4347 ita
3264 4293 3586 4364 tempestive

1997 4387 2296 4442 Moravensi
2331 4386 2583 4457 episcOpo
2616 4384 2880 4451 notiﬁces,
2908 4393 3177 4455 quatenus
3202 4393 3257 4440 et
3306 4387 3419 4456 ipse
3443 4387 3588 4457 pari-

1993 4488 2077 4535 ter
2117 4495 2177 4535 se
2227 4481 2309 4535 vel
2356 4480 2559 4552 legatos
2604 4493 2736 4534 suos
2765 4475 2857 4545 ad
2907 4478 3008 4534 iter
3037 4492 3343 4550 praeparare
3391 4479 3585 4534 valeat.

1996 4577 2282 4640 Praeterea,
2305 4575 2448 4629 sicut
2484 4572 2641 4627 nobis
2678 4571 2909 4627 relatum
2933 4580 3036 4639 est,
3082 4586 3269 4643 pacem
3300 4571 3592 4644 quaeinter

1915 4675 2049 4744 Dte
2074 4676 2130 4722 et
2174 4666 2400 4723 fratrem
2443 4674 2605 4721 tuum
2648 4665 2847 4720 ducem
2864 4664 3142 4729 convenit,
3190 4664 3383 4721 multis
3407 4665 3591 4722 modis

1997 4760 2312 4832 perturbare
2342 4774 2452 4814 non
2479 4757 2702 4821 desinis,
2730 4757 3007 4828 praecipue
3053 4772 3183 4812 cum
3211 4773 3341 4814 suos
3386 4759 3591 4831 absque

1996 4853 2255 4908 canonica
2290 4851 2444 4922 culpa
2463 4859 2518 4906 et
2537 4850 2694 4923 legali
2703 4849 2914 4922 judicio
2943 4851 3406 4907 excommunicas.
3427 4851 3590 4922 Quod

1996 4945 2222 5018 quidem
2282 4943 2382 5000 tibi
2429 4944 2669 4999 maxime
2717 4943 3085 5014 periculosum
3135 4953 3255 5001 est:
3305 4946 3588 5017 quoniam,

1995 5040 2137 5097 sicut
2186 5040 2380 5095 beatus
2421 5037 2720 5109 Gregorius
2773 5037 2938 5102 dicit,
2987 5038 3082 5110 qui
3137 5038 3383 5095 insontes
3432 5039 3586 5112 ligat,

1996 5135 2094 5190 sibi
2132 5135 2234 5205 ipsi
2277 5140 2607 5205 potestatem
2636 5130 2835 5204 ligandi
2863 5140 3024 5202 atque
3057 5132 3303 5190 solvendi
3347 5123 3592 5189 corrum‘

1997 5229 2087 5300 pit.
2117 5227 2279 5285 Unde
2319 5236 2375 5282 te
2445 5225 2807 5282 admonemus
2842 5235 2902 5280 ut
2945 5225 3310 5282 anathematis
3353 5227 3592 5298 gladium

1995 5336 2280 5393 nunquam
2326 5319 2508 5376 subito
2558 5334 2736 5392 neque
2772 5327 2978 5376 temere
3007 5319 3060 5374 in
3117 5319 3353 5391 aliquem
3382 5319 3592 5376 vibrare

1999 5430 2318 5486 prmsumas,
2348 5413 2442 5469 sed
2463 5413 2680 5484 culpam
2710 5413 3140 5485 uniuscujusque
3161 5412 3405 5484 diligenti
3447 5414 3594 5484 prius

1999 5507 2397 5564 examinatione
2437 5505 2696 5562 discutias
2742 5523 2758 5562 :
2807 5515 2882 5574 et,
2907 5506 2953 5561 si
2982 5505 3114 5578 quid
3152 5514 3234 5561 est
3270 5505 3416 5576 quod
3453 5505 3595 5562 inter

1998 5612 2051 5657 te
2076 5609 2134 5656 et
2157 5599 2411 5656 homines
2437 5598 2677 5672 saepefati
2706 5598 2890 5656 fratris
2934 5600 3011 5655 tui
3042 5598 3342 5666 emerserit,
3372 5615 3497 5654 cum
3527 5615 3593 5653 eo

2000 5695 2057 5750 in
2086 5695 2276 5766 primis
2316 5702 2377 5750 ut
2416 5709 2547 5751 suos
2588 5693 2657 5750 ad
2699 5693 2973 5765 justitiam
3019 5692 3315 5763 compellat
3363 5691 3596 5746 fraterne

2002 5797 2055 5842 et
2083 5786 2442 5842 amicabiliter
2469 5802 2628 5859 agas;
2675 5795 2731 5841 et
2755 5787 2799 5842 si
2853 5786 3168 5855 aequitatem
3213 5784 3308 5839 tibi
3355 5781 3595 5853 denega-

2003 5882 2163 5945 verit,
2193 5889 2289 5936 aut
2314 5881 2681 5934 temeritatem
2706 5892 2934 5934 suorum
2961 5875 3140 5944 aliqua
3159 5874 3596 5930 dissimulatione
