4074 6172
545 292 646 346 367
1235 289 1290 344 S.
1332 285 1650 343 GREGORII
1686 285 1776 341 νη
1815 285 2006 342 PAP/E
2045 285 2321 340 OPERUM
2361 284 2534 339 PARS
2569 284 2606 337 l.
2649 310 2718 322 —
2758 281 3156 337 REGISTRUM.
3737 281 3852 354 368_

543 424 737 472 contra
788 423 865 483 te,
915 413 1061 486 quod
1088 428 1200 468 non
1245 411 1541 479 credimus,
1598 411 1962 468 intumescere
2018 412 2139 468 sine
2169 418 2220 478 Α
2248 417 2393 472 tuos,
2417 407 2596 465 divina
2644 407 2842 462 virtute
2871 403 3167 474 defendat,
3196 410 3279 468 et,
3303 399 3640 474 suffragante
3682 401 3837 458 beato

544 509 780 565 vindicta
845 507 1168 579 permiserit,
1200 505 1359 561 nobis
1387 505 1623 562 indicare
1666 522 1777 562 non
1821 515 1875 561 te
1918 505 2138 578 pigeat:

545 611 617 668 et,
653 608 941 672 praestante
990 598 1260 668 Domino,
1295 597 1464 671 hujus
1511 599 1749 671 querela
1795 598 2137 656 occasionem

543 693 787 750 sollicitis
816 691 1280 748 admonitionibus
1320 693 1438 749 sine
1469 708 1624 749 mora
1662 693 1911 751 decidere
1937 709 2141 766 procu-

542 785 802 842 rabimus.

615 882 757 933 Data
779 881 974 935 Romae
1001 877 1214 935 decimo
1242 878 1518 936 Kalendas
1543 879 1819 950 Octobris,
1841 879 2139 937 indictione

539 970 750 1027 decima
780 973 962 1028 tertia.

1097 1081 1445 1135 EPISTOLA.
1472 1082 1595 1135 VII.

795 1197 878 1238 ΔΙ)
904 1196 1312 1238 \VBATISLAUM
1338 1197 1549 1237 DUCEM
1572 1195 1885 1238 BOHBMIE.

767 1320 802 1340 ο
1150 1288 1334 1351 (Anno
1366 1287 1543 1356 1074.)

545 1400 682 1468 Agit
697 1400 902 1465 gratias
920 1397 1062 1466 quod
1079 1413 1286 1452 censum
1302 1398 1533 1459 miserit,
1553 1401 1602 1450 et
1619 1412 1806 1466 pacem
1828 1413 1942 1450 cum
1967 1400 2146 1462 fratre

617 1471 882 1537 Pragensi
903 1471 1142 1538 episcopo
1166 1471 1367 1522 inierit.
1418 1471 1594 1523 Monet
1618 1473 1681 1522 ut
1711 1470 1922 1522 omnino
1973 1470 2140 1522 Mora-

615 1544 767 1594 vensi
811 1542 1042 1609 episcopo
1099 1556 1132 1593 a
1177 1540 1317 1594 dicto
1371 1539 1484 1609 ejus
1542 1541 1724 1606 fratre
1766 1539 1952 1594 ablata
1992 1540 2138 1592 resti-

618 1612 821 1666 tuenda
867 1616 1031 1665 curet.

613 1723 1283 1794 GnEGonmsepiscopus,
1298 1737 1485 1778 servus
1499 1737 1790 1778 servorum
1811 1722 1936 1786 Dei,
1956 1724 2137 1778 Was-

541 1831 758 1873 nsuo
785 1815 908 1872 duci
948 1811 1343 1872 Bohemiornm
1399 1816 1633 1872 salutem
1677 1825 1732 1871 et
1777 1815 2132 1887 apostolicam
2166 1832 2210 1892 Β

541 1909 997 1966 benedictionem.

610 2005 863 2060 Pervenit
879 2004 949 2059 ad
974 2019 1076 2059 nos
1115 2003 1343 2059 nuntius
1373 2011 1568 2068 vester,
1599 2005 1691 2074 qui
1719 2019 1937 2074 magnae
1965 2003 2132 2058 devo-

539 2096 702 2152 tionis
724 2105 779 2152 et
795 2096 1077 2152 fidelitatis
1095 2104 1287 2152 vestra:
1312 2095 1707 2152 exbibitionem
1738 2096 1896 2152 nobis
1927 2096 2132 2163 retulit,

539 2197 594 2245 et
621 2205 744 2262 qua
776 2190 932 2245 beato
964 2193 1126 2246 Petro
1161 2190 1265 2246 sub
1301 2189 1526 2245 nomine
1561 2205 1758 2246 census
1785 2189 2029 2257 misistis,
2052 2188 2131 2243 vi-

538 2281 736 2338 delicet
762 2291 978 2338 centum
1009 2283 1261 2339 marchas
1290 2283 1500 2354 argenti
1531 2282 1602 2339 ad
1619 2297 1938 2339 mensuram
1964 2283 2128 2338 vestri

537 2375 818 2447 ponderis,
865 2375 1100 2432 ﬁdeliter
1137 2376 1497 2448 prasentavit.
1542 2375 1704 2445 Quod
1744 2375 1967 2448 quidem
2006 2391 2127 2448 gra-

535 2477 716 2525 tanter
761 2470 1094 2540 accepimus;
1153 2474 1248 2526 sed
1299 2469 1620 2526 charitatem
1672 2477 1907 2525 vestram
1955 2470 2128 2524 multo

535 2561 812 2618 ardentius
869 2564 1292 2636 amabiliusque,
1351 2563 1506 2636 quasi
1580 2562 1908 2636 quibusdam
1963 2563 2128 2618 animi

537 2655 766 2711 brachiis
811 2654 882 2711 ad
928 2672 1023 2711 vos
1057 2672 1231 2729 usque
1260 2657 1554 2729 porrectis,
1584 2656 1992 2728 amplectimur,
2036 2657 2129 2728 qui

539 2757 781 2805 mentem
804 2757 1040 2804 vestram
1069 2759 1123 2805 et
1147 2750 1477 2808 desiderium
1504 2751 1680 2823 magis
1707 2766 1771 2806 ac
1803 2751 1975 2822 magis
2002 2766 2126 2822 erga

532 2843 888 2898 reverentiam
917 2843 1229 2916 apostolicae
1287 2844 1430 2901 sedis
1459 2844 1676 2900 accendi
1722 2843 2121 2916 perpendimus.

534 2937 733 2992 Beatus
757 2945 942 2992 autem
971 2939 1182 3004 Petrus,
1213 2953 1378 3008 quem
1418 2954 1514 2994 vos
1540 2938 1788 3010 diligitis,
1832 2946 1890 2994 et
1911 2938 1998 2994 cui
2026 2937 2128 2993 cel-

533 3029 829 3085 situdinem
855 3030 1113 3102 potentiae
1138 3039 1335 3086 vestrm
1364 3030 1662 3087 humiliatis
1679 3073 1693 3099 ,
1723 3031 1946 3103 copiosa
1970 3031 2127 3087 vobis

534 3123 720 3193 procul
774 3122 944 3179 dubio
989 3123 1364 3180 retributionis
1418 3139 1644 3179 munera
1679 3123 2030 3195 praeparabit,
2070 3133 2126 3180 et

531 3229 631 3271 suo
644 3231 740 3270 vos
751 3216 1052 3271 munimine
1066 3224 1180 3271 tam
1197 3215 1252 3270 in
1264 3216 1518 3288 praesenti
1531 3231 1696 3287 quam
1713 3215 1896 3272 futuro
1925 3218 2126 3274 saeculo
2163 3225 2208 3288 ρ

533 3307 846 3364 Ιωῑίίίεδῢίῐ.
890 3312 975 3364 De
1003 3317 1205 3365 caetero
1234 3319 1412 3382 grates
1459 3309 1614 3366 vobis
1663 3309 1932 3367 habemus
1976 3310 2124 3383 quod

530 3401 849 3458 obedientes
889 3402 1089 3460 nostris
1110 3402 1358 3470 monitis,
1389 3419 1518 3459 cum
1553 3403 1722 3459 fratre
1765 3411 1946 3461 vestro
1968 3406 2122 3461 Jero-

532 3495 672 3550 miro
716 3497 975 3569 Pragensi
1004 3496 1258 3570 episcopo
1288 3513 1475 3570 pacem
1523 3497 1758 3554 fecistis:
1807 3514 1972 3570 quem
2023 3514 2126 3555 nos

525 3588 753 3660 quidem
784 3589 890 3645 hoc
931 3591 987 3645 in
1021 3605 1163 3646 anno
1204 3591 1519 3662 apostolicae
1565 3591 1678 3647 sedi
1725 3600 2123 3662 praesentatum

531 3681 688 3752 longe
715 3681 1129 3739 misericordius
1156 3699 1322 3755 quam
1359 3698 1456 3739 sua
1489 3692 1728 3740 meretur
1750 3684 1906 3756 culpa
1926 3693 2126 3742 tracta-

529 3771 727 3828 vimus.
761 3777 965 3829 Verum
1009 3774 1120 3842 ille,
1171 3774 1471 3831 indebitam
1511 3777 1668 3833 nobis
1709 3777 1883 3834 vicem
1932 3793 2124 3850 repen-

526 3864 684 3930 dens,
736 3880 866 3922 mox
895 3873 959 3922 ut
1002 3867 1231 3922 domum
1276 3883 1527 3925 reversus
1551 3878 1633 3925 est
1679 3870 1839 3940 (sicut
1881 3885 1984 3926 nos
2009 3886 2125 3927 non

527 3956 695 4013 dubia
727 3959 998 4014 relatione
1037 3961 1418 4032 cognovimus)
1465 3961 1533 4017 de
1570 3971 1751 4018 castro
1775 3963 2018 4034 quodam
2068 3971 2126 4020 et

525 4050 642 4106 aliis
661 4049 822 4108 rebus
847 4051 995 4109 unde
1019 4051 1170 4108 litem
1214 4053 1382 4110 habet
1408 4070 1533 4109 cum
1573 4055 1783 4112 Joanne
1816 4057 2122 4112 Moravensi

524 4143 802 4216 episcopo,
833 4153 1025 4201 contra
1070 4145 1415 4202 interdictum
1438 4155 1691 4204 nostrum
1713 4157 1770 4204 et
1808 4157 1998 4205 contra
2035 4151 2122 4206 sui

525 4237 693 4310 ipsius
721 4239 774 4294 in
805 4255 1006 4295 manus
1034 4247 1248 4296 nostras
1275 4239 1462 4298 datam
1484 4242 1926 4314 promissionem,
1955 4243 2122 4301 etiam

525 4331 595 4388 de
621 4332 783 4389 nobis
809 4331 1129 4390 mentiendo
1157 4334 1314 4405 quasi
1343 4332 1398 4390 id
1424 4334 1528 4390 sibi
1580 4335 2037 4405 concesserimus,
2062 4352 2122 4393 se

525 4425 888 4482 intromittere
921 4442 1089 4484 ausus
1114 4434 1216 4482 est.
1242 4430 1326 4484 De
1365 4443 1476 4500 quo
1518 4429 1805 4485 mendacio
1837 4436 1892 4486 et
1926 4428 2121 4486 fraude

527 4519 656 4591 quid
685 4527 740 4576 et
788 4519 1020 4593 qualiter
1070 4521 1254 4591 paucis
1303 4536 1433 4577 eum
1460 4521 1803 4594 corripiendo
1845 4538 2117 4595 praecepe-

525 4611 722 4680 rimus,
757 4613 814 4668 in
855 4613 1180 4670 transmisso
1203 4614 1302 4670 tibi
1352 4615 1605 4687 exemplo
1639 4615 1942 4672 litterarum
1981 4632 2119 4689 quas

525 4704 571 4760 ei
599 4704 917 4772 direximus,
961 4707 1120 4780 plene
1146 4723 1473 4780 cognoscere
1503 4716 1676 4781 potes.
1703 4708 1866 4766 Unde
1888 4717 1942 4766 et
1965 4718 2117 4768 tuam

524 4796 870 4854 nobilitatem
897 4816 956 4854 ex
984 4809 1137 4872 parte
1165 4801 1305 4858 beati
1355 4802 1501 4858 Petri
1530 4811 1586 4858 et
1609 4811 1792 4859 nostra
1821 4805 2115 4876 apostolica

523 4891 846 4948 auctoritate
871 4909 1154 4964 rogamus,
1205 4903 1261 4950 et
1301 4895 1664 4968 praecipiendo
1720 4913 2014 4955 monemus
2057 4907 2117 4954 ut

523 4999 868 5055 nequaquam
897 5001 1027 5042 eum
1061 4986 1130 5043 de
1161 4995 1308 5043 tanta
1355 4988 1670 5061 deceptione
1713 4991 1943 5048 ulterius
1983 5008 2113 5065 gau-

523 5076 655 5133 dere
681 5077 827 5132 sinas
877 5097 890 5130 :
923 5077 1019 5135 sed
1049 5079 1150 5135 nisi
1180 5080 1298 5152 ipse
1329 5080 1490 5152 (sicut
1534 5083 1646 5154 ipse
1676 5082 1731 5138 in
1775 5084 1966 5141 litteris
2006 5101 2109 5142 no-

523 5169 652 5226 stris
685 5169 871 5241 jussus
917 5175 1015 5236 est)
1042 5180 1302 5241 castrum,
1355 5182 1410 5228 et
1454 5173 1556 5230 alia
1585 5191 1713 5248 quae
1742 5176 1801 5231 in
1841 5177 1933 5233 lite
1958 5187 2109 5245 sunt,

525 5263 826 5319 Moravensi
852 5263 1107 5336 episcopo
1137 5266 1252 5321 sine
1278 5281 1435 5321 mora
1472 5266 1685 5337 reddat,
1731 5276 1825 5325 tua
1854 5285 1982 5326 eum
2020 5271 2120 5328 vir-

521 5363 635 5411 tute
687 5355 886 5429 ejicias,
930 5365 986 5414 et
1032 5357 1299 5415 restitutis
1337 5359 1594 5416 omnibus
1630 5361 1746 5433 jam
1793 5378 1936 5435 saepe
1976 5365 2120 5422 dicto

521 5451 823 5506 Moravensi
871 5451 1152 5523 episcopo,
1212 5453 1424 5524 ipsum,
1455 5461 1510 5509 et
1551 5453 1694 5510 bona
1753 5457 1994 5514 ecclesiae
2031 5459 2117 5514 cui

520 5552 734 5612 praeest,
766 5559 865 5614 pro
897 5560 1088 5601 amore
1119 5546 1218 5601 Dei
1269 5555 1324 5602 et
1352 5546 1726 5620 redemptione
1755 5550 1956 5608 animae
2006 5560 2119 5609 tute

517 5636 586 5690 ab
623 5636 834 5707 injuriis
876 5645 930 5692 et
977 5638 1272 5710 impiorum
1304 5639 1594 5698 hominum
1623 5645 1976 5715 oppressione
2011 5644 2116 5702 de-

517 5727 726 5785 fendas.
781 5733 903 5788 Hoc
926 5739 1109 5788 autem
1150 5748 1213 5790 ea
1243 5749 1338 5806 spe
1364 5743 1419 5791 et
1439 5735 1740 5793 intentione
1782 5737 1879 5794 tibi
1918 5755 2112 5810 procu-

517 5821 748 5882 randum
772 5824 1065 5894 mittimus,
1086 5835 1147 5885 ut
1166 5827 1512 5902 omnipotens
1538 5832 1688 5888 Deus
1707 5839 1760 5887 te
1790 5839 1846 5886 et
1873 5831 2112 5890 honores

2248 504 2408 557 Petro
2450 501 2718 573 apostolo,
2762 515 2793 554 a
2823 505 3173 570 peccatorum
3197 503 3423 551 tuorum
3450 502 3505 550 te
3529 495 3838 550 absolutum

2247 593 2473 650 vinculis
2494 593 2562 650 ad
2589 592 2781 665 gaudia
2810 599 3011 647 aeterna
3043 587 3322 661 perducat.

2321 693 2458 744 Data
2484 691 2682 744 Romae
2707 703 2740 746 χ
2782 683 3056 740 Kalendas
3078 681 3355 752 Octobris,
3382 680 3675 738 indictione
3703 695 3835 738 xm.

2784 795 3135 853 EPISTOLA
3155 795 3304 849 VIII.

2424 924 2812 968 ADJOANNEM
2844 920 3264 964 MOBAVBNSBM
3292 918 3657 961 EPISCOPUM.

2852 1023 3032 1086 (Anno
3057 1023 3236 1082 1074.)

2251 1137 2564 1194 Consolatur
2591 1135 2659 1189 de
2679 1133 2907 1202 injuriis
2936 1150 2968 1186 a
2996 1133 3256 1200 Pragensi
3281 1133 3520 1200 episcopo
3544 1128 3839 1202 perpessis,

2321 1213 2370 1261 et
2397 1211 2661 1276 quantum
2682 1200 2744 1259 ea
2761 1221 2818 1259 re
2831 1209 3113 1258 commotus
3133 1206 3223 1268 sit,
3254 1219 3319 1256 c.1-
3339 1203 3526 1256 nuntio
3555 1205 3606 1252 et
3625 1200 3842 1276 littera-

2318 1271 2440 1333 rum
2483 1279 2556 1332 ad
2602 1277 2783 1331 ducem
2820 1276 3084 1331 Boii-emite
3107 1277 3398 1328 missarum
3432 1271 3685 1340 exemplis
3714 1285 3841 1324 eum

2319 1352 2660 1419 cogniturum
2685 1350 2896 1402 asserit.
2921 1349 3124 1419 Arguit
3144 1347 3294 1415 quod
3314 1346 3608 1419 putaritse
3631 1345 3840 1419 senten-

2321 1413 2454 1475 tiam
2508 1423 2691 1476 leviter
2724 1424 2976 1474 mutasse.
3007 1413 3170 1472 Iubet
3207 1421 3270 1472 ut
3309 1413 3610 1485 apostolica
3663 1413 3843 1485 fultus

2319 1495 2638 1547 auctoritate
2666 1492 2846 1544 omnia
2875 1491 3013 1543 bona.
3039 1505 3072 1542 a
3101 1484 3358 1556 Pragensi
3387 1489 3622 1556 episcopo
3655 1484 3844 1538 ablata

2318 1569 2541 1634 repetat.

2313 1677 2588 1732 Gnaeos]
2599 1689 2669 1730 us
2683 1673 3194 1744 episcopus,servus
3209 1685 3493 1726 servorum
3514 1667 3632 1736 Dei,
3645 1669 3844 1724 10mm

2247 1768 2547 1824 Moravensi
2581 1767 2848 1839 episcopo
2894 1765 3128 1821 salutem
3174 1772 3230 1820 et
3269 1762 3624 1836 apostolicam
3676 1761 3843 1816 bene-

2244 1862 2536 1919 dictionem
2551 1903 2562 1915 .

2313 1956 2648 2012 Charitatem
2679 1963 2850 2018 tuam,
2891 1951 3078 2019 frater,
3131 1966 3257 2025 erga
3284 1966 3387 2007 nos
3433 1958 3739 2022 promptam
3788 1959 3848 2007 et

2242 2051 2511 2106 sinceram
2550 2064 2666 2105 esse
2704 2055 3115 2119 cognoscentes,
3161 2043 3370 2101 debitas
3409 2045 3504 2100 tibi
3551 2053 3729 2116 grates
3759 2059 3848 2099 ro-

2244 2144 2561 2216 pendimus,
2635 2141 2852 2213 tuisque
2920 2139 3327 2211 fatigationibus
3383 2137 3620 2193 fraterno
3669 2139 3843 2196 corde

2240 2238 2508 2308 compassi
2535 2251 2744 2292 sumus.
2805 2233 3018 2290 Scimus
3047 2231 3193 2288 enim
3238 2239 3436 2304 quanta
3478 2230 3670 2286 fraude
3698 2235 3843 2288 Pra-

2241 2331 2421 2404 gensis
2459 2330 2740 2402 episcopus
2781 2336 2835 2384 te
2876 2324 3234 2382 circumvenit
3276 2343 3290 2381 :
3339 2324 3430 2397 qui
3487 2333 3676 2381 tamen
3725 2341 3844 2382 non

2238 2425 2419 2479 solum
2446 2423 2515 2479 ad
2544 2431 2686 2489 tuas,
2719 2422 2814 2477 sed
2857 2420 2926 2476 de
2947 2419 3105 2476 nobis
3134 2417 3476 2486 mentiendo,
3511 2427 3567 2473 et
3593 2418 3744 2489 quasi
3772 2435 3840 2475 ex

2239 2525 2426 2574 nostra
2479 2515 2830 2572 concessione
2870 2514 3225 2585 rapacitatem
3279 2528 3438 2570 suam
3487 2511 3803 2569 roborando
3827 2555 3842 2581 ,

2239 2610 2306 2667 ad
2330 2619 2545 2667 nostras
2563 2609 2729 2665 etiam
2774 2607 2996 2680 injurias
3021 2615 3270 2679 patenter
3289 2605 3484 2678 erupit.
3524 2606 3641 2675 Qua
3686 2605 3754 2661 de
3781 2622 3844 2662 re

2239 2719 2406 2776 quam
2432 2702 2664 2776 graviter
2701 2700 2968 2757 commoti
3014 2699 3206 2765 simus,
3238 2699 3320 2754 vel
3371 2698 3503 2771 quid
3534 2698 3660 2754 inde
3709 2713 3845 2755 cen-

2236 2798 2542 2866 suerimus,
2584 2795 2671 2852 hic
2711 2794 2936 2868 nuntius
2984 2802 3111 2850 tuus
3153 2792 3269 2848 viva
3299 2808 3429 2848 voce
3457 2791 3554 2847 tibi
3601 2791 3849 2849 indicare

2237 2892 2459 2963 poterit,
2479 2899 2533 2946 et
2556 2898 2615 2945 tu
2667 2889 2782 2961 ipse
2811 2889 2863 2944 in
2909 2887 3100 2943 litteris
3126 2903 3261 2959 quas
3307 2885 3463 2953 duci,
3503 2893 3556 2940 et
3585 2887 3843 2958 exemplo

2237 2985 2539 3040 litterarum
2585 2998 2722 3055 quas
2768 2981 2946 3038 eidem
2977 2981 3236 3052 episcopo
3275 2979 3550 3048 misimus,
3606 2979 3843 3051 pleniter

2233 3093 2561 3151 cognoscere
2603 3083 2778 3148 potes.
2831 3079 2898 3131 Et
2935 3083 2994 3131 tu
3047 3072 3271 3146 quidem
3297 3072 3459 3129 nimis
3518 3071 3843 3144 simpliciter

2235 3170 2416 3243 egisti,
2472 3169 2622 3242 quod
2651 3185 2753 3224 nos
2782 3176 2972 3224 contra
3010 3167 3228 3224 decreta
3265 3175 3451 3222 nostra
3505 3181 3748 3238 surgere,
3785 3175 3844 3222 et

2235 3263 2562 3320 sententiam
2591 3272 2840 3318 nostram
2863 3271 2977 3316 tam
3008 3261 3192 3318 leviter
3221 3269 3436 3316 mutare
3468 3259 3666 3330 putasti
3691 3278 3704 3313 :
3739 3259 3840 3331 qui

2232 3374 2291 3414 ea
2341 3357 2525 3414 omnia
2554 3372 2678 3429 quae
2725 3356 2869 3411 inter
2897 3364 2950 3410 te
2988 3363 3044 3410 et
3071 3354 3226 3410 illum
3255 3353 3310 3408 in
3342 3353 3433 3408 lite
3464 3362 3610 3418 sunt,
3662 3368 3842 3424 usque

2232 3451 2297 3507 ad
2337 3450 2584 3507 futuram
2622 3448 2918 3524 synodum,
2947 3456 3002 3504 et
3047 3438 3214 3503 totius
3258 3445 3611 3503 dissensionis
3641 3453 3841 3503 vestrae

2231 3545 2648 3612 discussionem,
2692 3543 2799 3599 tuis
2854 3541 3291 3614 possessionibus
3342 3539 3642 3596 decrevisse
3692 3554 3838 3609 pra-

2232 3655 2358 3695 sens
2376 3639 2732 3694 intellexeras.
2778 3639 2934 3693 Nunc
2958 3635 3144 3708 igitur,
3169 3633 3473 3707 apostolica
3501 3624 3841 3689 auctoritate

2226 3731 2412 3803 jussus
2439 3740 2604 3804 atque
2625 3729 2913 3799 suffultus,
2939 3737 3203 3796 castrum,
3250 3735 3307 3783 et
3345 3727 3390 3784 si
3425 3741 3547 3800 qua:
3572 3726 3672 3781 alia
3701 3741 3842 3797 pra-

2234 3825 2376 3882 fatus
2430 3825 2718 3896 episcopus
2764 3822 2859 3878 tibi
2909 3821 3167 3890 abstulit,
3223 3821 3340 3877 sine
3386 3835 3540 3875 mora
3594 3827 3834 3890 repetas.

2233 3919 2396 3974 Illum
2419 3933 2662 3990 namque
2705 3916 3112 3984 admonuimus,
3145 3914 3478 3984 ﬁrmiterque
3506 3912 3605 3968 tibi
3640 3928 3845 3968 eaom-

2233 4011 2316 4066 nia
2349 4011 2462 4067 sine
2493 4009 2928 4066 contradictione
2954 4007 3181 4064 reddere
3208 4007 3584 4079 praecepimus.
3620 4008 3840 4062 Ducem

2229 4122 2356 4162 vero
2385 4105 2698 4178 rogavimus
2730 4113 2819 4171 ut,
2850 4103 2895 4159 si
2926 4103 3210 4175 episcopus
3239 4099 3398 4156 nobis
3424 4115 3532 4155 non
3559 4098 3840 4168 obediret,

2231 4216 2361 4255 eum
2387 4199 2455 4257 de
2483 4209 2662 4255 castro
2689 4197 2999 4270 expelleret,
3026 4204 3079 4252 et
3111 4193 3378 4251 restitutis
3405 4193 3504 4249 tibi
3547 4192 3838 4262 omnibus,

2233 4309 2330 4364 pro
2358 4308 2549 4348 amore
2575 4290 2678 4347 Dei
2728 4299 2803 4358 te,
2854 4298 2911 4345 et
2935 4289 3076 4345 bona
3105 4287 3348 4344 ecclesia:
3375 4285 3460 4342 cui
3490 4300 3682 4358 praees,
3710 4287 3839 4343 Deo

2227 4386 2546 4457 adjuvante,
2577 4381 2922 4440 defenderet.
2957 4385 3080 4438 Hoc
3107 4381 3256 4438 enim
3279 4379 3650 4437 indubitanter
3669 4377 3840 4445 scias.

2226 4480 2355 4550 quia
2398 4494 2575 4550 neque
2597 4477 2650 4532 in
2679 4476 2784 4533 hac
2813 4491 2988 4548 neque
3013 4476 3070 4531 in
3097 4475 3202 4531 alia
3252 4472 3433 4557 re,__ad
3452 4471 3838 4529 defensionem

2146 4593 2199 4657 Β
2223 4571 2448 4646 justitias
2475 4581 2589 4629 tuae
2624 4613 2640 4640 ,
2671 4569 2968 4643 apostolica
2999 4569 3122 4637 tibi,
3161 4567 3474 4640 providente
3498 4569 3650 4635 Deo,
3681 4565 3837 4622 solli-

2228 4665 2418 4722 citudo
2445 4665 2619 4724 deerit
2646 4665 2726 4721 vel
2752 4663 3062 4719 auctoritas.
3087 4661 3447 4733 Omnipotens
3465 4662 3612 4715 Deus
3642 4659 3698 4714 in
3732 4667 3837 4716 tua

2225 4759 2540 4818 sacerdotali
2584 4758 2856 4830 vigilantia
2895 4765 2951 4812 et
2999 4755 3184 4812 ofﬁcio
3235 4763 3452 4828 gratum
3477 4752 3579 4810 sibi
3619 4751 3834 4808 sacrifi-

2225 4856 2399 4926 cium,
2413 4863 2468 4910 et
2481 4853 2577 4909 tibi
2605 4859 2811 4908 statuat
2833 4858 3056 4906 aeterna:
3081 4847 3350 4904 felicitatis
3371 4845 3680 4919 praemium.

2299 4952 2440 5002 Data
2462 4949 2657 5001 Romae
2681 4943 2892 5000 decimo
2922 4941 3199 4998 Kalendas
3229 4939 3504 5014 Octobris,
3535 4938 3837 4996 indictione

2224 5039 2439 5098 decima
2467 5038 2650 5095 tertia.

2809 5151 2848 5204 Ε
2857 5149 3164 5204 PISTOLA
3194 5146 3296 5202 IX.

2345 5280 2426 5322 AD
2451 5276 2804 5321 BEATBICBM
2825 5277 2898 5318 ΕΤ
2918 5276 3058 5318 υυε
3078 5274 3294 5316 Πιιιιί
3320 5271 3714 5316 ἈΔΤΕῙιΒΒΠ.

2820 5367 3004 5429 (Anno
3058 5359 3238 5432 1074.)

2230 5481 2399 5535 Suam
2428 5479 2485 5532 in
2529 5491 2617 5532 eas
2645 5475 2898 5545 fiduciam
2945 5475 3205 5529 declarat.
3255 5472 3409 5545 Dolet
3437 5487 3588 5545 segem
3612 5471 3833 5545 pericu-

2305 5551 2410 5604 loso
2438 5549 2618 5602 morbo
2645 5542 2969 5612 emersisse,
3015 5550 3284 5599 serratum
3327 5544 3401 5596 ad
3434 5542 3832 5597 sollicitudines

2295 5636 2428 5692 pene
2441 5620 2835 5687 naufragantis
2852 5619 3114 5692 Ecclesiae.
3151 5616 3385 5692 Boberto
3401 5613 3719 5692 Gutscardo,
3743 5627 3834 5692 re-

2298 5685 2721 5747 conciliationem
2763 5691 3074 5759 suppliciter
3098 5689 3326 5759 petenti,
3355 5686 3524 5755 justis
3548 5685 3620 5759 de
3644 5685 3830 5738 causis

2299 5763 2574 5837 concedere
2621 5756 2843 5837 differt:
2859 5756 2880 5759 ’
2899 5756 3124 5837 Βεντιαῄ
3137 5758 3520 5837 .marchion-em
3575 5756 3830 5837 Asc-nega

2292 5835 2603 5906 promisisse
2632 5827 2893 5888 rationem
2908 5847 2962 5886 se
2988 5830 3333 5886 redditurum
3356 5829 3448 5883 sui
3465 5827 3712 5896 coniugii
3721 5827 3827 5888 ait,
