4122 6184
315 303 423 356 369

1450 304 1647 359 LIBER
1683 304 2046 361 SECUNDUS.
2085 336 2155 347 —
2191 307 2401 362 EPIST.
2442 308 2502 361 X.
3236 300 3251 327 ⁸

3516 319 3619 372 370

309 442 427 514 qua
458 426 536 484 ,ἀρ
562 440 734 511 causa
762 442 815 481 se
844 428 1070 482 Romam
1107 442 1316 482 vocasse
1360 431 1681 498 Papiensem
1726 433 1776 483 et
1805 431 1922 484 Mu-
1950 435 2001 495 Α
2030 439 2226 486 notum
2277 432 2431 486 vobis
2472 440 2554 487 est
2600 433 2978 490 marchionem
3022 440 3268 493 Azonem
3314 439 3369 495 in
3413 443 3620 514 synodo

314 501 587 553 tinensem
612 500 897 568 episcopos.

387 640 743 696 Gnsoonms
759 640 1067 712 episcopus,
1092 656 1283 696 servus
1304 656 1591 697 servorum
1619 643 1740 710 Dei,
1764 647 1912 699 BEA-

306 748 491 789 rmcr
520 733 668 799 duci,
691 742 745 789 et
765 733 881 805 ejus
909 734 1038 789 ﬁliae
1056 736 1399 806 MATHILDI,
1424 736 1656 792 salutem
1676 745 1732 793 et
1759 753 1914 808 apos-

302 826 542 883 tolicam
566 827 1021 883 benedictionem.

382 921 517 976 Non
534 936 636 975 nos
647 920 790 993 fugit
811 921 988 977 varios
1012 937 1155 993 saepe
1175 921 1245 977 ad
1276 938 1372 978 vos
1391 921 1461 979 de
1485 922 1644 978 nobis
1665 938 1913 979 rumores

297 1012 521 1081 afferri,
552 1015 694 1070 sicut
718 1031 841 1071 mos
867 1031 1057 1071 eorum
1079 1024 1159 1071 est
1187 1017 1279 1087 qui
1302 1016 1610 1072 amicorum
1633 1016 1911 1073 dilectioni

298 1106 563 1163 invident
596 1117 650 1163 et
696 1109 1061 1164 unanimitati.
1104 1112 1175 1165 Et
1215 1110 1437 1182 quidem
1477 1110 1523 1164 si
1570 1125 1671 1166 nos
1710 1110 1911 1167 talibus

297 1215 473 1256 aures
520 1201 687 1273 (quod
727 1201 923 1268 absit!)
973 1203 1237 1258 acclinare
1274 1203 1561 1270 vellemus,
1602 1219 1713 1259 non
1751 1205 1908 1260 multi

292 1302 442 1349 sunt
486 1293 540 1347 in
584 1295 781 1366 quibus
842 1297 1072 1352 sincerae
1117 1296 1423 1352 dilectionis
1458 1295 1722 1352 affectum
1748 1298 1908 1353 nobis

296 1395 502 1458 patere
529 1388 902 1445 crederemus.
933 1390 1040 1445 Sed
1062 1406 1185 1457 nos,
1225 1390 1362 1445 nihil
1398 1389 1508 1445 fere
1537 1390 1714 1461 potius
1741 1408 1906 1462 quam

290 1490 625 1553 suspectum
659 1483 905 1539 animum
951 1483 1242 1556 fugientes,
1276 1485 1330 1538 in
1376 1484 1598 1539 veritate
1638 1484 1789 1540 vobis
1828 1486 1905 1542 lo-

294 1575 538 1647 quimur
582 1575 728 1648 quod
776 1577 832 1632 in
862 1577 1023 1632 nullis
1068 1586 1337 1633 terrarum
1378 1577 1709 1650 principibus
1737 1580 1905 1636 tutius

289 1684 477 1739 quam
507 1670 560 1723 in
586 1677 761 1725 vestra
798 1670 1079 1726 nobilitate
1112 1670 1442 1726 conﬁdimus
1470 1693 1481 1726 :
1515 1671 1772 1743 quoniam
1800 1672 1903 1729 hoc

288 1763 499 1831 verba,
522 1765 623 1818 hoc
652 1763 815 1832 facta,
837 1763 944 1819 hoc
966 1765 1068 1836 piae
1091 1764 1395 1819 devotionis
1420 1765 1622 1830 studia,
1656 1765 1759 1821 hoc
1781 1766 1902 1822 ﬁdei

2023 525 2180 580 nobis
2211 524 2549 596 promisisse,
2582 534 2635 582 et
2661 526 2825 583 ﬁdem
2876 530 2931 583 in
2977 545 3203 586 manum
3247 541 3493 589 nostram
3522 535 3615 590 de-

2023 617 2191 684 disse,
2235 634 2293 674 se
2345 618 2400 673 in
2448 628 2695 675 nostram
2754 623 3121 692 prmsentiam,
3178 626 3616 699 quandocunque

2022 727 2149 767 eum
2175 727 2679 780 commoneremus,
2712 731 2811 786 pro
2835 715 3112 773 reddenda
3144 720 3354 776 ratione
3379 722 3462 777 sui
3482 738 3616 779 con-

2013 804 2151 877 jugii
2193 814 2502 861 venturum.
2544 810 2611 861 Et
2639 824 2740 863 nos
2770 809 2993 880 quidam
3022 810 3124 866 hac
3146 812 3213 868 de
3241 829 3403 870 causa
3430 815 3613 887 ipsum

2021 899 2361 955 vocavimus.
2402 900 2754 956 Guilielmum
2793 903 3109 973 Papiensem
3168 906 3507 979 episcopum,
3556 917 3613 965 et

2021 992 2372 1048 Heribertum
2409 994 2795 1063 Mutinensem,
2848 996 2940 1065 qui
2978 998 3437 1069 propinquitatem
3484 1018 3609 1058 mu-

2020 1085 2164 1140 lieris
2206 1086 2403 1155 sciunt,
2454 1087 2523 1143 ad
2575 1103 2676 1142 nos
2722 1088 2904 1143 venire
2950 1105 3042 1160 per
3084 1092 3343 1162 epistolas
3386 1104 3605 1152 nostras

2020 1178 2387 1247 iuvitavimus,
2429 1188 2715 1251 quatenus,
2739 1182 2817 1236 rei
2854 1183 3073 1238 veritate
3103 1187 3431 1256 percognita,
3457 1187 3606 1259 quod

2010 1272 2221 1342 justum
2264 1272 2446 1341 fuerit,
2488 1278 2607 1329 Deo
2637 1273 2947 1346 adjuvaute,
2980 1284 3303 1334 statuamus.
3354 1283 3604 1353 Quapro-

2018 1374 2138 1437 pter
2160 1366 2387 1438 dignum
2416 1367 2575 1423 nobis
2603 1366 2818 1424 videtur
2841 1376 2902 1423 ut
2932 1369 3158 1440 praefato
3188 1372 3488 1429 marchioni
3514 1391 3609 1445 per

2016 1468 2227 1516 certum
2281 1469 2521 1516 vestrum
2572 1462 2824 1518 nuntium
2866 1463 3137 1519 mandetis
3190 1474 3457 1537 quatenus
3514 1484 3609 1539 per

2011 1562 2215 1609 terram
2246 1562 2481 1610 vestram
2498 1556 2553 1610 in
2583 1554 2763 1611 eundo
2800 1564 2855 1610 Θῐ
2886 1556 3160 1614 redeundo
3187 1574 3411 1615 SBCUI‘US
3436 1569 3611 1618 trans-

2012 1646 2089 1702 ire
2118 1647 2307 1719 possit,
2351 1664 2440 1714 ne,
2489 1649 2768 1704 occasione
2793 1650 2957 1705 vestri
2998 1650 3213 1706 timoris
3240 1652 3294 1707 in
3322 1652 3421 1709 hac
3454 1664 3608 1725 parte

2007 1740 2212 1811 justitia
2243 1741 2558 1797 Christianae
2587 1742 2715 1814 legis
2745 1742 3134 1799 detrimentum
3159 1746 3375 1801 sentiat.

288 1864 505 1912 vestrae
545 1858 801 1928 maciam
832 1874 935 1913 nos
964 1835 1269 1914 gonsmnﬁa
1312 1858 1635 1914 docuerunt.
1664 1862 1777 1914 Nec
1805 1860 1906 1917 du_
1934 1836 1980 1896 Β
2086 1837 2221 1889 Data
2264 1837 2462 1891 Romae
2501 1835 2714 1891 decimo
2756 1846 2947 1892 octavo
2976 1836 3253 1894 Kalendas
3281 1841 3610 1897 Novembris

290 1948 554 2005 bitamus
580 1952 714 2023 quin
738 1961 914 2007 vestra
956 1952 1010 2006 in
1039 1951 1196 2007 nobis
1226 1968 1350 2006 vera
1389 1951 1616 2007 nitescat
1644 1953 1903 2022 charitas,

287 2058 443 2098 cum
468 2059 563 2115 per
589 2046 813 2100 Petrum
834 2060 1045 2115 servus,
1073 2054 1127 2101 et
1158 2047 1354 2100 Petrus
1382 2047 1433 2100 in
1458 2062 1613 2101 servo
1640 2047 1901 2119 diligitur.

287 2139 396 2192 De
438 2146 630 2193 caetero
672 2140 868 2195 scitote
918 2154 1040 2206 nos,
1089 2150 1284 2209 praeter
1323 2155 1475 2210 spem
1515 2141 1761 2196 omnium
1809 2142 1902 2213 qui

285 2229 605 2287 nobiscum
666 2241 838 2301 erant,
910 2231 1291 2288 inﬁrmitatem
1342 2232 1586 2304 corporis
1646 2234 1903 2303 evasisse,

282 2332 355 2380 et
377 2324 502 2396 jam
545 2326 743 2381 bonam
794 2325 1169 2382 valetudinem
1209 2326 1475 2397 recepisse
1531 2347 1547 2381 :
1601 2327 1749 2384 unde
1796 2344 1904 2384 no-

282 2419 395 2474 bis
434 2417 729 2475 dolendum
764 2420 943 2491 potius
984 2436 1150 2492 quam
1182 2419 1530 2492 gaudendum
1577 2436 1695 2477 esse
1743 2431 1903 2494 puta-

282 2526 450 2568 mus.
496 2512 773 2569 Tendebat
816 2513 963 2569 enim
1012 2513 1195 2570 anima
1244 2522 1452 2582 nostra,
1500 2523 1555 2570 et
1597 2523 1715 2570 toto
1764 2515 1901 2571 desi-

284 2605 461 2661 derio
508 2604 575 2661 ad
615 2607 767 2662 illam
817 2607 1046 2677 patriam
1092 2606 1403 2674 anhelabat,
1448 2607 1502 2662 in
1544 2625 1648 2680 qua
1692 2609 1779 2663 ille
1812 2610 1903 2680 qui

283 2698 553 2754 laborem
604 2708 657 2756 et
698 2700 945 2756 dolorem
987 2701 1318 2769 considerat,
1358 2701 1510 2756 lassis
1562 2703 1802 2773 quietem
1850 2713 1905 2758 et
1974 2740 1979 2745 .

283 2791 641 2864 refrigerium
705 2801 945 2865 praestat.
1016 2797 1225 2850 Verum
1286 2794 1546 2851 reservati
1601 2794 1779 2851 adhuc
1835 2796 1902 2851 ad

282 2895 602 2942 consuetos
667 2887 886 2944 labores
947 2896 1005 2943 et
1064 2887 1306 2943 inﬁnitas
1372 2886 1791 2954 sollicitudines,
1848 2890 1903 2944 in

278 2980 541 3051 singulas
582 2980 765 3053 horas,
808 2982 959 3053 quasi
1006 2981 1353 3053 parturientis
1381 2975 1599 3037 dolores
1638 2991 1691 3037 et
1731 2998 1901 3054 angu-

280 3073 435 3129 stias
488 3074 736 3145 patimur,
770 3074 902 3131 dum
960 3091 1092 3148 pene
1137 3076 1190 3131 in
1220 3074 1389 3131 oculis
1429 3076 1632 3131 nostris
1678 3073 1899 3132 naufra-

278 3175 522 3240 gantem
538 3169 836 3225 Ecclesiam
851 3170 1001 3225 nullo
1022 3171 1268 3226 valemus
1284 3170 1489 3241 eripere
1504 3170 1894 3242 gubernaculo.

174 3294 183 3303 ρ
278 3264 415 3316 Lex
454 3261 600 3316 enim
634 3270 689 3318 et
726 3263 913 3334 religio
953 3262 1261 3319 Christiana
1306 3263 1381 3318 ita
1409 3262 1523 3318 fere
1561 3263 1763 3335 ubique
1799 3263 1893 3319 de-
1934 3246 1977 3306 (ἶ

280 3354 481 3427 periit,
515 3363 576 3409 ut
620 3356 901 3424 Saraceni,
945 3366 998 3412 et
1026 3356 1257 3428 quilibet
1305 3357 1532 3428 Pagani,
1591 3372 1720 3412 suos
1764 3358 1903 3413 ritus

282 3448 517 3504 ﬁrmius
553 3458 777 3504 teneant
817 3465 979 3521 quam
1022 3450 1093 3504 illi
1135 3450 1227 3521 qui
1272 3450 1643 3505 Christianum
1696 3466 1901 3506 nomen

283 3552 644 3614 acceperunt,
675 3543 773 3612 [et,
800 3544 999 3614 quibus
1022 3543 1078 3598 in
1108 3558 1277 3615 regno
1297 3544 1475 3599 Patris
1504 3559 1599 3614 per
1620 3544 1898 3599 Christum

285 3634 594 3692 hereditas
638 3645 693 3692 et
720 3644 943 3693 aeterna:
986 3637 1111 3692 vita
1154 3637 1323 3709 gloria
1355 3646 1536 3708 parata
1566 3646 1667 3703 est,
1702 3637 1899 3693 divinae

286 3730 432 3801 legis
460 3729 717 3786 mandata
746 3730 1080 3799 custodiant]
1110 3736 1276 3798 (361).
1321 3733 1440 3801 Quo
1472 3731 1650 3786 minus
1692 3731 1896 3787 miran-

287 3824 434 3879 dum
471 3833 555 3879 est
596 3826 639 3880 si
683 3824 845 3896 hujus
874 3824 1007 3880 lucis
1053 3839 1327 3881 aerumnas
1356 3840 1450 3896 spe
1489 3840 1742 3895 supernae
1769 3841 1895 3881 con-

286 3916 585 3973 solationis
612 3918 798 3988 fugere
828 3919 1096 3989 cupimus,
1126 3919 1236 3989 qui,
1268 3919 1320 3973 in
1353 3918 1437 3973 his
1469 3919 1650 3989 positi,
1695 3919 1746 3973 in
1783 3919 1897 3975 sola

285 4012 604 4083 cognitione
659 4011 1042 4067 inundantium
1109 4011 1484 4083 periculorum
1552 4012 1897 4083 singulorum

288 4120 489 4177 parias
507 4106 731 4161 luimus.
760 4108 1029 4162 Praeterea
1072 4106 1269 4161 scitote
1297 4104 1607 4160 Robertum
1638 4106 1894 4161 Guiscar-

283 4199 431 4255 dum
463 4214 607 4271 saepe
636 4199 905 4271 supplices
936 4199 1140 4271 legatos
1163 4198 1231 4254 ad
1256 4214 1357 4254 nos
1385 4198 1627 4263 mittere,
1656 4207 1896 4255 ettanta:

288 4292 580 4348 fidelitatis
624 4293 976 4349 securitatem
1020 4309 1077 4349 se
1106 4293 1160 4348 in
1186 4307 1388 4348 manus
1410 4301 1628 4348 nostras
1658 4292 1773 4347 dari
1803 4309 1897 4348 cu-

289 4402 450 4458 pere,
483 4394 545 4441 ut
581 4402 745 4442 nemo
788 4402 1037 4458 unquam
1061 4385 1288 4441 ﬁrmiori
1318 4386 1654 4458 obligatione
1684 4402 1741 4441 se
1773 4388 1893 4442 cui-

286 4479 431 4534 libet
478 4478 706 4535 domino
751 4478 946 4534 debeat
974 4479 1059 4534 vel
1096 4479 1265 4550 possit
1293 4479 1613 4551 astringere.
1648 4479 1751 4535 Sed
1793 4495 1893 4534 nos

286 4588 411 4628 non
463 4572 695 4627 incertas
736 4573 975 4629 rationes
1019 4588 1117 4628 cur
1144 4572 1275 4629 illud
1304 4573 1378 4628 sit
1418 4572 1599 4629 adhuc
1629 4572 1888 4628 differen-

286 4667 433 4722 dum
465 4666 896 4737 considerantes,
940 4681 1190 4738 supernae
1235 4666 1651 4738 dispensationis
1677 4676 1732 4722 et
1759 4683 1886 4737 apo-

283 4760 503 4815 stolicae
538 4762 938 4831 procurationis
963 4760 1189 4817 consilia
1219 4760 1625 4831 praestolamur.
1660 4760 1746 4816 Ad
1772 4760 1890 4816 hac

285 4856 525 4935 alteram
560 4862 803 4910 vestrum
843 4855 949 4910 hoc
996 4855 1050 4909 in
1082 4863 1329 4925 tempore
1366 4855 1888 4925 transalpinaturam

287 4948 697 5014 intelleximus;
744 4946 839 5004 sed
878 4948 1045 5019 prius,
1096 4948 1140 5002 si
1186 4947 1299 5003 ﬁeri
1345 4955 1551 5019 posset,
1601 4948 1887 5002 ambarum

288 5041 571 5111 colloquio
598 5041 674 5096 uti
706 5041 944 5096 multum
975 5041 1347 5097 desideramus
1384 5059 1395 5094 :
1428 5041 1686 5113 quoniam
1712 5049 1887 5096 vestra

286 5135 543 5204 consilia,
570 5135 711 5190 sicut
735 5150 992 5190 sororum
1026 5143 1360 5202 nostrarum,
1383 5148 1437 5189 et
1461 5134 1697 5189 ﬁliarum
1718 5135 1887 5189 sancti

290 5228 463 5294 Petri,
486 5228 541 5282 in
558 5229 732 5285 causis
751 5238 805 5284 et
814 5229 1045 5300 negotiis
1063 5228 1257 5284 nostris
1275 5228 1475 5284 habere
1492 5228 1883 5283 desideramus.

294 5325 374 5377 De
400 5321 565 5377 nobis
583 5338 709 5377 vero
728 5321 996 5394 quidquid
1019 5337 1111 5392 per
1132 5324 1309 5376 Deum
1331 5331 1384 5377 et
1409 5330 1553 5377 recte
1570 5321 1813 5393 sapimus
1834 5329 1890 5377 et

285 5415 557 5481 valemus,
605 5415 659 5470 in
708 5416 863 5471 omni
900 5415 1183 5471 charitatis
1224 5415 1552 5472 exhibitione
1601 5415 1751 5471 vobis
1790 5433 1889 5487 pa-

285 5518 404 5566 tere
437 5508 715 5576 conﬁdite,
741 5518 797 5564 et
828 5509 1151 5565 memoriam
1172 5518 1403 5564 vestram
1435 5509 1490 5565 in
1516 5510 1716 5565 nostris
1747 5525 1885 5581 quo-

283 5602 417 5660 tidie
460 5602 802 5659 orationibus
831 5602 1039 5671 haberi,
1079 5611 1133 5658 et
1183 5610 1519 5675 (quanquam
1570 5612 1887 5675 peccatores

282 5698 484 5763 simus)
527 5696 734 5753 intente
775 5699 898 5753 Deo
941 5695 1312 5754 commendari
1355 5696 1571 5753 scitote.
1620 5700 1884 5755 Praeterea

356 5861 510 5924 (361)
541 5857 714 5913 Uncis
756 5856 967 5913 inclusa
993 5857 1194 5915 desunt
1222 5857 1278 5913 in
1310 5856 1507 5912 Mutio.

2015 1926 2305 1984 indictione
2334 1928 2549 1984 decima
2579 1928 2755 1984 tertia.

2598 2024 2949 2079 EPISTOLA
2990 2027 3066 2079 Χ.

2088 2129 2171 2169 ΑΙ)
2197 2129 2455 2171 UDONBM
2485 2130 2922 2173 TBEVIBBNSEM
2951 2132 3529 2177 ABCHIBPISCOPUH.

2608 2216 2788 2274 (Anno
2832 2216 3018 2277 1074.)

2014 2304 2309 2358 Committit
2351 2304 2403 2356 ei
2431 2307 2481 2356 et
2517 2306 2754 2373 episcopo
2801 2307 3031 2360 Mctensi
3064 2320 3281 2360 causam
3307 2322 3425 2375 quae
3463 2310 3605 2363 inter

2088 2375 2379 2428 Tullensem
2428 2377 2728 2444 episcopum
2766 2381 2817 2429 et
2861 2376 3154 2444 quemdam
3204 2378 3317 2444 ejus
3353 2380 3605 2434 clericum

2082 2448 2416 2500 versabatur.
2452 2449 2627 2501 Monet
2646 2452 2705 2500 ut
2732 2448 2886 2501 illum
2907 2452 3083 2503 tutum
3103 2448 3318 2515 reddat,
3344 2454 3396 2503 et
3426 2454 3608 2505 omnia

2082 2518 2263 2570 ablata
2301 2520 2352 2570 ei
2375 2519 2590 2571 restitui
2610 2519 2803 2586 jubeat
2836 2537 2851 2571 :
2880 2524 3014 2582 tum,
3047 2522 3347 2574 convocatis
3389 2522 3605 2577 Tullen-

2085 2588 2237 2662 sibus
2293 2589 2523 2662 clericis,
2570 2591 2817 2662 inquirat
2858 2590 2923 2644 de
2954 2592 3191 2644 moribus
3237 2594 3489 2662 episcopi,
3541 2594 3607 2647 de

2082 2660 2276 2727 quibus
2295 2661 2492 2713 certior
2520 2661 2636 2713 vult
2660 2662 2782 2728 ﬁeri
2806 2664 2928 2715 ante
2951 2662 3239 2730 synodum.

2081 2752 2446 2807 Gnsooatus
2465 2750 2775 2822 episcopus,
2793 2768 2980 2809 servus
2991 2769 3273 2811 servorum
3286 2756 3385 2811 Dei
3398 2759 3605 2813 Unom

2012 2844 2363 2899 Trevirorum
2404 2844 2831 2916 archiepiscopo,
2879 2847 3111 2902 salutem
3160 2855 3217 2902 et
3251 2850 3606 2919 apostolicam

2013 2936 2465 2993 benedictionem.

2084 3030 2396 3087 Admonere
2422 3039 2495 3100 te,
2526 3030 2717 3099 frater,
2754 3040 2815 3088 ut
2843 3048 2907 3088 ea
2932 3049 3056 3104 quae
3084 3031 3182 3089 tibi
3204 3035 3604 3092 committimus

2009 3124 2245 3181 ﬁdeliter
2272 3140 2398 3197 agas
2419 3140 2486 3180 ex
2518 3124 2799 3191 charitate,
2833 3134 2894 3182 ut
2924 3142 3049 3182 vero
3082 3127 3354 3195 velociter,
3377 3144 3443 3184 ex
3472 3145 3603 3184 con-

2011 3218 2241 3274 siderata
2274 3233 2563 3275 causarum
2601 3219 2681 3274 vel
2710 3228 3025 3291 temporum
3056 3221 3118 3277 ﬁt
3150 3222 3514 3292 competentia
3551 3232 3606 3280 et

2010 3312 2323 3368 necessitate
2354 3332 2366 3366 :
2399 3327 2521 3383 quae
2555 3312 2777 3383 quidem
2818 3322 3045 3385 utraque
3090 3315 3144 3369 in
3175 3314 3481 3387 subscripto
3511 3332 3605 3372 ne-

2010 3406 2155 3477 gotio
2181 3405 2250 3459 ita
2274 3413 2329 3461 te
2357 3405 2643 3461 observare
2685 3406 2955 3474 volumus,
2989 3415 3069 3476 ut,
3094 3408 3600 3479 quedmadmodum

2009 3498 2298 3565 credimus,
2336 3498 2508 3553 ﬁdum
2537 3507 2589 3553 te
2620 3507 2674 3553 et
2715 3498 3045 3555 indefessum
3086 3501 3244 3557 nobis
3276 3513 3595 3574 cooperato-

2010 3608 2125 3647 rem
2160 3607 2577 3663 cognoscamus.
2604 3593 2794 3647 Frater
2835 3593 2935 3649 iste
2959 3593 3245 3661 Tullensis,
3285 3604 3346 3650 ut
3370 3594 3592 3660 fatetur,

2006 3686 2238 3741 clericus
2277 3685 2347 3741 ad
2392 3701 2495 3741 nos
2514 3686 2750 3754 veniens,
2782 3695 3116 3759 conquestus
3144 3696 3227 3743 est
3268 3688 3424 3745 nobis
3464 3706 3600 3762 quo-

2005 3779 2156 3835 niam
2183 3779 2350 3835 iratus
2378 3780 2448 3834 sit
2479 3779 2527 3834 ei
2558 3778 2820 3836 dominus
2843 3796 2995 3851 suus,
3026 3780 3277 3837 videlicet
3310 3782 3596 3852 Tullensis,

2006 3882 2065 3929 ut
2094 3873 2312 3944 dicitur,
2334 3873 2644 3945 episcopus,
2666 3889 2726 3931 se
2752 3874 2994 3929 exsulem
3015 3874 3240 3939 factum,
3271 3883 3327 3931 et
3345 3876 3600 3932 omnibus

2004 3967 2170 4022 rebus
2198 3967 2313 4022 suis
2350 3966 2732 4038 exspoliatum,
2762 3967 3073 4039 supplicans
3116 3976 3176 4024 ut
3204 3969 3348 4041 apud
3377 3979 3593 4042 aposto-

2004 4060 2161 4115 licam
2192 4061 2457 4131 pietatem
2496 4069 2776 4116 tantarum
2809 4061 3156 4117 miseriarum
3185 4062 3421 4134 aliquam
3454 4064 3600 4118 inve-

2004 4154 2151 4209 niret
2188 4153 2639 4210 consolationem.
2672 4152 2844 4210 Nobis
2876 4170 3004 4210 vero
3045 4170 3141 4210 cur
3169 4156 3274 4211 hoc
3320 4156 3421 4211 sibi
3467 4157 3598 4212 acci-

2004 4247 2149 4302 derit
2175 4247 2456 4320 diligenter
2497 4247 2914 4319 inquirentibus,
2952 4249 3133 4304 retulit
3168 4265 3227 4304 se
3253 4250 3323 4305 ab
3343 4250 3595 4321 episcopo

2003 4339 2297 4412 quamdam
2346 4340 2629 4396 ecclesiam
2678 4341 2999 4412 postulasse,
3054 4357 3179 4413 quae
3231 4342 3302 4397 ad
3352 4343 3596 4399 ofﬁcium

2004 4433 2268 4490 custodiae
2306 4433 2453 4506 quod
2491 4434 2709 4489 tenebat
2757 4434 2911 4504 legali
2967 4435 3351 4491 constitutione
3396 4436 3597 4492 dicitur

2001 4528 2255 4583 attinere.
2296 4528 2412 4597 Qua
2455 4527 2522 4583 de
2570 4542 2628 4582 re
2670 4536 2987 4583 commotus
3036 4528 3339 4600 episcopus,
3375 4545 3500 4584 cum
3548 4530 3593 4585 ei

1922 4613 1971 4674 D
2000 4637 2109 4677 nou
2141 4622 2320 4676 solum
2346 4621 2484 4676 hanc
2507 4620 2795 4692 denegaret
2819 4620 3120 4690 ecclesiam,
3143 4621 3237 4677 sed
3268 4630 3444 4677 totum
3471 4623 3591 4678 ofﬁc

1996 4715 2140 4770 cium
2164 4731 2259 4786 per
2286 4729 2565 4770 summam
2594 4713 2940 4770 interdiceret
2959 4714 3346 4782 obedientiam,
3373 4732 3593 4790 respon-

1998 4801 2080 4856 dit
2108 4818 2165 4856 se
2192 4817 2302 4857 non
2332 4801 2529 4857 debere
2552 4801 2651 4856 sibi
2680 4800 3005 4857 obedientia:
3036 4803 3411 4870 reverentiam,
3458 4818 3593 4874 quo-

2000 4893 2143 4945 niam
2196 4889 2692 4953 archidiaconatus,
2742 4891 3180 4946 consecrationes
3218 4892 3591 4959 ecclesiarum,

1998 4989 2053 5035 et
2094 4980 2237 5051 ipsas
2284 4979 2531 5035 ecclesias
2576 4978 2883 5046 vendendo,
2936 4980 3237 5036 Simoniaca
3284 4980 3479 5037 haeresi
3532 4996 3593 5038 se

1999 5069 2489 5138 commaculasset;
2538 5085 2663 5125 cum
2714 5069 2944 5125 muliere
2986 5070 3229 5141 quadam
3275 5071 3331 5125 in
3378 5071 3593 5143 publica

2001 5156 2351 5212 fornicatione
2373 5156 2599 5228 jaceret,
2628 5156 2697 5212 de
2736 5172 2840 5227 qua
2874 5156 3045 5213 ﬁlium
3069 5159 3363 5229 genuisset,
3399 5176 3592 5231 quam-

1999 5263 2105 5319 que
2133 5263 2325 5303 rumor
2352 5256 2498 5303 esset
2530 5256 2873 5303 sacramento
2900 5256 2953 5302 et
2979 5247 3402 5320 desponsatione
3433 5249 3596 5306 laico-

1998 5353 2124 5392 rum
2154 5352 2308 5393 more
2335 5337 2439 5392 sibi
2460 5337 2770 5408 copulasse,
2802 5346 2857 5391 et
2883 5345 3138 5407 praeterea
3164 5337 3314 5409 quod
3343 5339 3593 5394 nonnulli

1999 5443 2125 5482 eum
2151 5427 2219 5484 ad
2243 5426 2619 5499 episcopatum
2649 5427 2901 5499 pactione
2931 5428 3145 5507 praemii
3174 5429 3482 5499 pervenisse
3507 5429 3591 5484 di-

1998 5526 2201 5573 cerent.
2252 5518 2353 5572 His
2390 5517 2593 5573 auditis
2626 5516 2939 5588 episcopus,
2978 5517 3131 5588 quasi
3178 5516 3246 5571 de
3292 5517 3595 5576 manifestis

1996 5606 2170 5678 culpis
2196 5607 2490 5679 pmnitens,
2520 5615 2575 5661 et
2602 5605 2670 5662 de
2699 5620 2795 5660 sua
2824 5605 3161 5661 correctione
3196 5611 3314 5659 tum
3339 5621 3466 5660 cum
3491 5605 3594 5660 hoc

1995 5698 2139 5766 solo,
2190 5706 2311 5752 tum
2348 5713 2473 5753 cum
2520 5696 2733 5754 caeteris
2777 5692 3035 5752 fratribus
3081 5694 3332 5764 loquens,
3371 5691 3590 5749 tandem
