4074 6172
488 262 583 316 371
1135 239 1220 311 ’8.
1260 255 1579 310 GREGOBJI
1622 255 1708 307 VII
1747 254 1939 308 PAP/E
1978 252 2250 307 OPERUM
2306 255 2476 308 PARS
2516 256 2555 308 1.
2594 285 2661 296 ——
2701 253 3107 308 REGISTBUM.
3177 271 3179 278 '
3680 256 3778 308 3'72

490 384 780 442 manifesta
823 381 1198 454 indignatione
1243 387 1296 434 et
1334 379 1417 434 ira
1456 393 1618 448 super
1671 378 1836 432 istum
1867 377 2078 432 inﬂam-
2109 381 2160 442 Α
2193 377 2425 433 libenter
2471 378 2750 434 intellectu
2802 378 3042 449 capiunt,
3092 385 3146 432 et
3191 385 3376 432 tenere
3424 377 3782 434 contendunt.

494 488 676 535 matus
699 487 800 534 est.
842 479 1179 548 Egressoque
1209 472 1276 526 ab
1305 471 1443 527 urbe
1467 471 1746 543 episcopo,
1774 471 1936 542 paulo
1965 478 2088 542 post

495 573 690 628 milites
723 571 860 641 ejus,
904 575 1090 638 utpote
1121 581 1232 621 non
1281 566 1590 637 ignorantes
1618 566 1950 621 voluntatem
1991 563 2086 619 do-

494 666 653 731 mini,
684 662 813 716 huic
841 675 1066 716 omnem
1096 659 1452 736 securitatem
1479 659 1834 732 abnegavere,
1863 666 1917 713 et
1943 658 2087 713 intra

493 759 791 826 claustrum
817 753 868 810 ei
895 753 1095 809 minati
1121 762 1250 809 sunt
1277 753 1334 808 in
1364 752 1582 808 faciem.
1620 756 1772 826 Quos
1795 767 1923 809 cum
1951 751 2086 806 insi-

496 849 633 904 diari
665 824 789 904 vitae
817 862 933 903 suae
968 855 1022 902 et
1050 846 1249 902 honori
1275 846 1618 917 intelligeret,
1649 824 1789 902 clam
1819 844 2086 908 discessit,

497 950 558 997 ut
583 958 677 997 sua
707 941 952 996 absentia
1001 949 1334 1012 temperaret
1367 941 1714 996 severitatem
1743 939 1906 1011 hujus
1935 938 2088 994 furo-

496 1037 590 1091 ris.
637 1036 937 1106 Episcopus
981 1050 1108 1089 vero
1145 1032 1434 1089 confestim
1474 1050 1570 1089 sua
1609 1033 1790 1089 omnia
1833 1032 1992 1103 diripi
2040 1040 2092 1086 et

499 1129 762 1201 publicari
792 1128 1073 1199 praecepit,
1100 1135 1155 1182 et
1186 1129 1252 1182 ita
1284 1129 1385 1182 iste
1413 1127 1658 1182 exsulem
1694 1143 1753 1182 se
1780 1135 1834 1181 et
1862 1141 2092 1196 egenum

492 1226 606 1293 jam
638 1221 734 1276 diu
765 1219 933 1276 fuisse
969 1224 1362 1292 conqueritur;
1395 1237 1585 1275 verum
1613 1221 1733 1276 hinc
1763 1220 1921 1274 nobis
1950 1219 2094 1274 inor-

499 1315 685 1371 dinata
733 1322 787 1369 et
830 1313 981 1369 valde
1039 1315 1224 1386 iniqua
1273 1314 1546 1380 videntur,
1596 1314 1878 1385 quoniam,
1927 1314 1969 1368 si
2006 1313 2094 1368 illa

502 1425 629 1464 vera
665 1417 811 1475 sunt,
857 1407 1164 1479 episcopus,
1207 1408 1316 1462 imo
1353 1408 1735 1478 exepiscopus,
1777 1423 1888 1461 non
1929 1406 2092 1471 hunc,

504 1500 600 1557 sed
629 1501 1016 1556 conscientiam
1045 1517 1203 1557 suam
1236 1500 1416 1556 odisse
1446 1511 1500 1556 et
1527 1501 1776 1572 persequi
1806 1501 2094 1566 debuerat;

505 1597 588 1653 sin
618 1611 744 1650 vero
775 1595 930 1662 falsa,
971 1604 1026 1650 et
1059 1595 1271 1651 utinam
1300 1595 1467 1650 falsa!
1500 1611 1611 1650 non
1648 1604 1834 1651 tamen
1867 1594 2092 1661 milites,

505 1688 600 1744 sed
631 1687 976 1759 disciplinam
1019 1704 1316 1756 canonum,
1360 1689 1528 1744 istum
1566 1689 1840 1760 corripere
1888 1696 1943 1742 et
1996 1687 2093 1741 fla-

2195 474 2333 528 Nam
2364 471 2442 527 illi
2487 472 2582 543 qui
2631 481 2853 544 propter
2875 471 3162 527 lucrandas
3194 471 3405 526 animas
3433 470 3664 542 episcopi
3691 488 3782 527 vo-

2196 564 2300 621 cati
2340 573 2396 620 et
2422 565 2706 622 constituti
2751 573 2902 632 sunt,
2933 573 2988 621 et
3039 563 3287 620 subditos
3333 580 3463 621 suos
3511 565 3676 620 verbo
3733 572 3789 622 et

2198 660 2447 731 exemplo
2495 660 2638 716 viam
2679 659 2914 716 veritatis
2954 659 3152 715 docere
3189 658 3479 728 deberent,
3521 658 3608 713 his
3657 667 3788 714 tem-

2198 753 2418 824 poribus
2439 753 2644 808 seducti
2673 769 2703 808 a
2733 752 2974 820 diabolo,
3002 767 3115 807 non
3143 753 3322 808 solum
3352 751 3530 825 legem
3560 751 3658 807 Dei
3699 751 3786 807 de-

2199 855 2410 916 serunt,
2466 846 2562 903 sed
2589 847 2907 919 impugnare
2943 854 2996 901 et
3033 847 3184 901 omni
3229 854 3426 903 conatu
3466 835 3788 902 subvertere

2200 957 2314 996 non
2363 940 2646 996 desistunt.
2694 943 2815 1012 Quo
2862 940 3046 995 minus
3093 939 3413 995 mirandum
3464 947 3547 994 est
3593 939 3636 994 si
3687 939 3790 1010 ipsi

2202 1033 2485 1090 inferiores
2523 1033 2741 1090 ordines
2771 1051 2799 1090 a
2835 1034 3036 1089 delicto
3060 1049 3174 1089 non
3198 1032 3514 1104 prohibent,
3551 1048 3792 1104 quorum

2202 1137 2296 1184 aut
2326 1127 2598 1184 ordinatio
2622 1127 2725 1184 fuit
2754 1127 3027 1196 haeretica,
3060 1135 3152 1182 aut
3179 1127 3288 1182 vita
3312 1127 3463 1182 omni
3490 1126 3795 1182 immundi-

2205 1223 2273 1277 tia
2303 1229 2358 1276 et
2388 1219 2726 1277 facinoribus
2751 1231 3005 1292 cooperta
3053 1241 3066 1274 :
3095 1220 3210 1292 qui,
3233 1220 3370 1276 dum
3401 1221 3455 1275 in
3486 1219 3798 1291 semetipsis

2205 1317 2417 1387 propria
2462 1316 2662 1370 scelera
2687 1331 2791 1370 nec
2819 1316 3102 1388 corrigunt
3135 1330 3237 1369 nec
3275 1314 3580 1382 attendunt,
3606 1313 3796 1368 subdi-

2205 1418 2385 1464 torum
2433 1424 2648 1480 quoque
2693 1408 2921 1463 erimina
2966 1417 3061 1463 aut
3108 1423 3202 1478 per
3251 1407 3634 1479 negligentiam
3694 1415 3800 1462 aut

2205 1503 2402 1558 timore
2431 1502 2664 1574 propria
2692 1501 3036 1557 conscientiae
3058 1509 3294 1572 portant.
3321 1504 3401 1555 De
3427 1500 3622 1572 quibus
3647 1507 3801 1555 recte

2201 1612 2295 1668 per
2340 1595 2665 1666 Proplietam
2712 1594 2907 1651 dicitur
2951 1615 2963 1650 :
3009 1597 3369 1652 Obscurentur
3404 1595 3542 1648 oculi
3592 1609 3798 1657 eorum,

2207 1706 2269 1744 nc
2309 1690 2550 1757 videant,
2591 1694 2641 1744 et
2679 1690 2903 1743 dorsum
2931 1705 3106 1743 eorum
3131 1703 3340 1758 semper
3365 1689 3589 1742 incurva
3618 1687 3796 1753 (Psal.

502 1783 700 1853 gellare
730 1755 952 1853 mgnum
983 1781 1180 1837 fuerat.
1213 1782 1483 1851 Quocirca
1511 1755 1904 1837 fraternitatem
1943 1789 2094 1836 tuam
2131 1755 2180 1816 Β
2207 1786 2441 1852 vam).
2491 1755 2835 1854 Quapropter
2867 1781 3130 1854 quidquid
3179 1755 3260 1836 illi
3297 1789 3485 1836 contra
3533 1795 3651 1848 vos,
3679 1780 3801 1834 imo

503 1875 802 1946 apostolica
833 1866 1153 1931 auctoritate
1181 1876 1574 1931 commonitam
1620 1885 1674 1931 et
1716 1876 1770 1930 in
1814 1876 1915 1930 hac
1940 1889 2101 1930 causa

503 1968 789 2025 suffultam
819 1984 936 2024 esse
983 1969 1258 2036 volumus,
1298 1977 1378 2038 ut,
1427 1977 1724 2025 convocato
1763 1977 1816 2024 et
1844 1968 2102 2040 adjuncto

505 2063 600 2118 tibi
643 2062 843 2118 dilecto
887 2062 1162 2118 confratre
1209 2071 1395 2120 nostro
1438 2063 1775 2118 Herimanno
1810 2061 2102 2117 venerabili

505 2156 759 2228 episcopo
821 2157 1071 2223 Metensi,
1109 2156 1422 2212 Tullensem
1475 2156 1828 2222 conveniatis,
1870 2169 2103 2225 eumque

506 2258 568 2306 ut
595 2249 855 2306 clericum
899 2249 1062 2305 istum
1103 2249 1220 2305 sine
1248 2249 1403 2306 omni
1435 2250 1679 2320 periculo
1709 2249 1831 2304 vitae
1860 2257 1916 2303 et
1944 2263 2100 2303 secu-

505 2360 632 2400 rum
661 2343 730 2399 ab
760 2344 913 2399 omni
958 2343 1281 2398 contumelia
1321 2343 1376 2398 in
1417 2343 1716 2399 claustrum
1760 2358 1923 2398 suum
1974 2342 2103 2397 reci-

505 2439 636 2510 piat,
669 2446 723 2492 et
751 2435 996 2493 ofﬁcium
1025 2436 1284 2493 custodia:
1306 2453 1435 2493 cum
1461 2435 1689 2493 ecclesia
1716 2452 1880 2508 quam
1915 2444 2100 2508 postu-

505 2530 656 2597 lavit,
697 2531 741 2586 si
773 2531 920 2602 juste
955 2530 1167 2599 attinet,
1219 2546 1352 2586 cum
1390 2530 1604 2587 caeteris
1645 2531 1904 2588 omnibus
1939 2529 2104 2602 justis

507 2623 850 2707 pertinentiis
905 2633 959 2679 et
1007 2624 1332 2682 utilitatibus
1384 2625 1516 2692 suis,
1572 2632 1626 2680 et
1680 2624 2102 2696 praeposituram

507 2732 666 2774 suam
697 2726 751 2773 et
770 2717 1014 2774 ofﬁcium
1061 2717 1394 2785 scholarum,
1427 2734 1526 2773 nec
1564 2734 1676 2774 non
1714 2719 1898 2774 omnia
1926 2717 2103 2773 ablata

508 2812 607 2867 sibi
647 2810 813 2879 bona,
849 2820 903 2868 et
925 2819 1041 2867 tam
1066 2811 1513 2868 irrationabiliter
1546 2812 1694 2867 illata
1722 2813 1919 2868 damna
1951 2812 2108 2867 resti-

509 2913 646 2973 tuat,
695 2906 1003 2976 apostolicis
1025 2906 1372 2978 jussionibus
1407 2907 1830 2962 commoneatis.
1869 2905 2102 2972 Deinde,

510 3001 819 3055 convocatis
867 2999 1212 3056 Tullensibus
1252 3000 1460 3055 clericis
1498 3015 1593 3069 per
1633 3015 1817 3054 veram
1849 3014 1942 3054 eos
1971 2999 2104 3053 obe-

511 3092 801 3161 dientiam,
833 3093 947 3148 imo
972 3094 1072 3148 sub
1097 3093 1527 3148 comminatione
1559 3092 1945 3158 anathematis,
1979 3108 2107 3145 con-

511 3187 780 3258 stringite,
825 3195 886 3242 ut
936 3186 1202 3257 quidquid
1238 3186 1306 3242 de
1350 3186 1576 3241 introitu
1626 3194 1679 3240 et
1730 3185 1837 3239 vita
1869 3185 2106 3256 episcopi

511 3280 708 3347 sciunt,
765 3280 919 3335 vobis
969 3278 1245 3351 aperiant;
1289 3287 1341 3334 et
1384 3295 1502 3346 vos,
1543 3278 1783 3350 undique
1831 3278 2106 3349 explorata

513 3374 758 3440 veritate,
799 3373 929 3446 quid
959 3373 1116 3428 nobis
1146 3371 1270 3429 inde
1307 3372 1639 3429 credendum
1671 3371 1764 3438 sit,
1818 3373 1870 3426 in
1899 3371 2108 3444 synodo

518 3467 598 3522 vel
629 3477 757 3525 ante
797 3466 1068 3542 synodum
1102 3483 1267 3540 quam
1298 3469 1352 3522 in
1380 3467 1559 3539 prima
1594 3466 1946 3522 hebdomada
1970 3468 2114 3535 Qua-

513 3560 838 3633 dragesimaa
876 3561 1205 3618 celebraturi
1259 3576 1472 3627 sumus,
1514 3576 1607 3632 per
1655 3560 1858 3615 litteras
1905 3569 2111 3614 vestras

512 3654 792 3710 notiﬁcare
821 3655 1134 3710 nullatenus
1167 3653 1587 3725 praetermittite.
1630 3652 1793 3722 Quod
1835 3654 1880 3709 si
1907 3653 2114 3724 episco-

517 3761 638 3816 pus,
671 3756 728 3800 nt
759 3754 1032 3817 optamus,
1079 3747 1342 3802 innocens
1372 3746 1438 3801 de
1468 3753 1551 3800 tot
1588 3762 1650 3800 ac
1679 3747 1844 3802 tantis
1869 3746 2111 3801 crimini-

519 3839 620 3894 bus
647 3838 975 3910 apparuerit,
1005 3837 1154 3910 quod
1182 3839 1410 3893 clericus
1452 3847 1658 3894 temere
1693 3840 1948 3909 peccavit,
1980 3855 2114 3911 quo-

519 3932 662 3987 niam
711 3931 780 3987 ad
819 3940 1064 3986 nostram
1106 3931 1256 3986 venit
1295 3931 1660 3999 audientiam,
1700 3932 1930 4002 qualiter
1967 3933 2113 4004 juste

519 4026 847 4097 corrigatur,
891 4027 1008 4080 Deo
1059 4025 1354 4096 aspirante,
1393 4023 1828 4096 procurabimus.
1875 4025 1932 4080 Si
1987 4041 2114 4081 vero

519 4120 803 4192 episcopus
822 4135 883 4174 ea
899 4134 1022 4190 qua:
1039 4118 1144 4174 sibi
1168 4119 1525 4175 intenduntur
1545 4119 1810 4174 veraciter
1833 4134 2116 4176 removere

520 4228 631 4268 non
683 4211 898 4284 poterit,
955 4211 1108 4267 nullo
1147 4210 1312 4267 modo
1360 4210 1650 4267 ferendum
1695 4220 1777 4267 est
1805 4212 1988 4279 nobis,
2035 4213 2114 4268 vel

523 4305 696 4374 vobis,
734 4314 794 4361 ut
821 4306 1008 4361 locum
1040 4304 1280 4377 pastoris
1305 4306 1468 4378 lupus
1496 4304 1755 4361 obtineat.
1791 4309 1904 4362 Has
1932 4314 2116 4362 autem

523 4400 728 4456 litteras
773 4399 976 4455 idcirco
1021 4407 1203 4470 aperte
1237 4398 1466 4470 sigillari
1496 4399 1870 4470 praecepimus,
1916 4406 1978 4454 ut
2005 4414 2110 4455 cer-

521 4494 716 4550 tiorem
743 4493 898 4549 vobis
927 4492 1308 4548 auctoritatem
1327 4491 1687 4548 traderemus.

595 4591 736 4642 Data
764 4590 960 4643 Romae
978 4586 1190 4641 decimo
1211 4586 1448 4658 septimo
1469 4584 1748 4642 Kalendas
1770 4569 2115 4652 Novembris,

525 4679 822 4736 indictione
849 4679 1058 4736 decima
1089 4680 1268 4735 tertia.

1070 4781 1422 4844 EPISTOLX
1462 4791 1566 4844 XI.

623 4906 707 4946 AD
744 4906 1077 4949 ALBEBTUM
1117 4907 1425 4962 COMITEM,
1468 4909 1543 4949 ΕΤ
1581 4910 1722 4950 EJUS
1759 4911 2026 4952 UXOREM.

1125 4997 1308 5063 (Anno
1353 5000 1532 5059 1074.)

529 5102 745 5160 Laudat
767 5102 925 5171 ﬁdem
959 5107 1007 5157 et
1041 5103 1356 5171 religionem
1379 5119 1578 5156 eorum.
1618 5105 1981 5169 Quorumdam
2009 5108 2121 5174 epi-

600 5189 873 5243 scoporum
894 5175 1088 5228 scelera
1118 5174 1476 5243 reprehendit.
1526 5177 1701 5228 Monet
1730 5180 1790 5229 ut
1808 5178 2120 5244 persistant,

599 5251 651 5299 et
678 5245 885 5300 decreta
915 5246 1220 5314 apostolica:
1248 5244 1389 5299 sedis
1415 5245 1480 5298 de
1508 5247 1833 5300 Simonideis
1857 5252 1908 5301 et
1934 5249 2120 5301 incon-

600 5318 892 5372 tinentibus
927 5317 1289 5371 sacerdotibus
1318 5318 1600 5371 retineant.

599 5427 948 5484 GnsGonlus
986 5427 1273 5498 episcopus
1308 5443 1497 5482 servus
1532 5442 1816 5484 servorum
1856 5429 1976 5498 Dei,
2006 5433 2121 5487 AL-

531 5535 731 5579 nna'ro
755 5521 940 5576 comiti
964 5519 1144 5593 etejus
1163 5519 1316 5577 uxori
1335 5521 1567 5576 salutem
1588 5523 2012 5595 etapostolieam
2031 5523 2123 5580 be-

531 5614 917 5670 nedictionem.

601 5708 810 5764 Gratias
852 5712 965 5763 Deo
1010 5707 1300 5764 referimus
1328 5708 1475 5780 quod
1516 5711 1594 5764 vel
1643 5709 1759 5766 laici
1791 5720 1845 5766 et
1869 5712 2126 5767 mulieres

527 5800 597 5855 ad
641 5801 937 5858 Dominum
968 5812 1177 5858 mentes
1220 5802 1457 5874 erigunt,
1497 5811 1551 5856 et
1595 5803 1808 5860 cultum
1839 5803 2127 5875 religionis

2209 1885 2396 1931 contra
2419 1877 2687 1947 justitiam
2729 1875 2988 1947 garriant,
3015 1883 3070 1930 et
3103 1891 3202 1946 pro
3232 1873 3574 1931 defendenda
3597 1873 3804 1944 nequi-

2209 1971 2282 2024 tia
2315 1985 2416 2025 sua
2437 1969 2612 2036 vobis,
2643 1969 2736 2041 qui
2758 1969 2997 2024 illiterati
3017 1968 3168 2038 estis,
3205 1967 3488 2039 objiciant,
3508 1983 3605 2022 vos
3633 1966 3687 2020 in
3708 1983 3806 2037 pu-

2212 2064 2368 2117 ritate
2408 2071 2462 2117 et
2499 2063 2805 2118 constantia
2847 2062 2970 2118 ﬁdei
3018 2071 3210 2118 vestrm
3242 2069 3643 2134 permanentes,
3672 2075 3806 2132 qum

2210 2156 2277 2212 de
2305 2157 2574 2228 episcOpis
2609 2165 2664 2211 et
2699 2154 3080 2212 sacerdotibus
3109 2155 3454 2222 Simoniacis,
3491 2154 3664 2210 autin
3690 2153 3808 2208 for-

2211 2249 2483 2305 nicatione
2521 2250 2850 2322 jacentibus,
2883 2249 2953 2305 ab
2989 2251 3289 2322 apostolica
3329 2248 3454 2305 sede
3494 2246 3809 2320 accepistis,

2213 2344 2443 2400 ﬁrmiter
2472 2343 2674 2399 credite
2711 2353 2768 2399 et
2794 2352 2998 2399 tenete.

2285 2442 2426 2494 Data
2460 2440 2658 2494 Romae
2700 2437 2928 2509 septimo
2954 2436 3229 2493 Kalendas
3274 2434 3622 2503 Novembris,
3654 2432 3812 2490 indi-

2212 2533 2394 2588 ctione
2422 2531 2636 2588 decima
2666 2531 2848 2587 tertia.

2479 2675 2484 2692 ;
2750 2634 3102 2688 EPISTOLA
3141 2633 3270 2686 XII.

2431 2744 2509 2784 AD
2551 2741 3152 2784 HALBBRSTADENSEM
3185 2739 3552 2782 EPISCOPUM.

2807 2824 2990 2886 (Anno
3035 2826 3214 2885 1074.)

2212 2917 2431 2974 Laudat
2451 2916 2564 2984 ejus
2593 2931 2719 2984 erga
2737 2919 3041 2970 Eomanam
3068 2914 3357 2968 Ecclesia-1n
3381 2914 3815 2980 observantiam,

2285 3005 2447 3058 quam
2485 3004 2551 3040 ea:
2588 2989 2701 3055 ejus
2749 2989 2923 3058 animi
2951 2987 3132 3039 dolore
3151 2990 3517 3058 perspexerat,
3561 2984 3821 3058 quod‘le-

2285 3056 2403 3128 {lati
2435 3059 2715 3127 apostolici
2743 3061 2799 3111 in
2819 3057 2912 3111 illo
2930 3073 3091 3126 regno
3119 3073 3226 3109 non
3247 3072 3302 3110 eo
3332 3071 3436 3124 quo
3469 3056 3683 3109 decebat
3713 3056 3821 3108 ho-

2140 3151 2184 3213 C
2282 3146 2410 3184 nore
2447 3131 2680 3213 suscepti
2722 3131 2956 3213 fuissent
2968 3149 2988 3210 ς
3043 3144 3214 3213 quam
3245 3143 3357 3181 rem
3395 3129 3821 3213 .eisucontiyisse

2287 3203 2491 3327 piam“
2533 3217 2698 3270 quam
2744 3202 3052 3270 apostolica:
3097 3200 3240 3254 sedis
3280 3201 3656 3253 auctoritatem
3690 3200 3819 3251 vio-

2311 3288 2447 3327 asse.

2311 3288 2447 3327 (1-388.

2288 3376 2643 3432 GnEGonws
2660 3371 2947 3444 episcopus
2965 3387 3152 3428 servus
3171 3387 3457 3428 servorum
3482 3371 3608 3436 Dei,
3630 3368 3822 3425 Halbi-

2217 3469 2436 3524 stetensi
2459 3470 2561 3536 [BU
2571 3482 2848 3524 aannno
2869 3465 3284 3534 Alberstatensi]
3298 3465 3558 3537 episcopo
3574 3465 3818 3520 salutem

2219 3571 2272 3618 et
2300 3563 2651 3634 apostolicam
2677 3560 3136 3617 benedictionem.

2291 3655 2564 3725 Ostendis,
2591 3654 2778 3720 frater,
2809 3662 2861 3709 te
2898 3661 3141 3708 sanctam
3170 3656 3479 3709 Romanam
3519 3651 3820 3708 Ecclesiam

2220 3751 2431 3805 sincero
2458 3748 2660 3805 affectu
2685 3748 2935 3820 diligere,
2961 3747 3176 3818 quando
3208 3747 3262 3802 id
3284 3755 3470 3802 movet
3501 3762 3596 3802 cor
3616 3753 3674 3801 et
3699 3748 3822 3802 ani-

2222 3859 2375 3898 mum
2403 3852 2581 3913 tuum,
2608 3842 2815 3914 legatos
2835 3840 2980 3897 sedis
3001 3840 3319 3912 apostolicae
3353 3840 3409 3894 in
3433 3855 3600 3911 regno
3629 3847 3822 3896 vestro

2221 3953 2331 3993 non
2353 3952 2418 3992 eo
2437 3952 2545 4010 quo
2575 3936 2819 4008 oportuit
2851 3935 3063 3991 honore
3103 3943 3385 4006 susceptos
3407 3933 3593 3996 fuisse,
3613 3948 3717 3988 nec
3758 3948 3825 3990 ea

2219 4046 2339 4102 quae
2369 4030 2672 4086 Christiana
2699 4029 2881 4100 religio
2917 4027 3244 4098 postulabat,
3271 4035 3326 4082 et
3353 4026 3534 4082 adhuc
3557 4025 3824 4098 postulat,

2225 4132 2388 4196 prout
2424 4139 2642 4179 necesse
2684 4121 2848 4189 foret,
2898 4120 3119 4177 efﬁcere
3171 4120 3428 4193 potuisse.
3472 4123 3682 4175 Verum
3717 4135 3828 4176 nos

2224 4220 2402 4273 multo
2432 4217 2604 4289 magis
2637 4215 2754 4271 haec
2781 4216 2881 4270 illis
2924 4215 3187 4270 accidisse
3233 4213 3513 4282 volumus,
3551 4229 3718 4285 quam
3758 4222 3827 4269 ut

2224 4311 2346 4382 ipsi,
2375 4309 2690 4365 hominibus
2729 4309 2900 4380 magis
2929 4324 3095 4380 quam
3125 4311 3244 4363 Deo
3275 4308 3484 4379 placere
3522 4307 3826 4378 cupientes,

2225 4404 2506 4459 veritatem
2546 4411 2600 4457 et
2627 4403 2937 4457 libertatem
2968 4402 3114 4457 illius
3135 4417 3260 4472 qua:
3309 4401 3367 4456 in
3409 4401 3483 4456 eis
3526 4414 3826 4472 repraesen-

2151 4518 2200 4578 D
2231 4498 2448 4552 tabatur
2499 4496 2844 4552 auctoritatis
2887 4494 3067 4567 aliqua
3109 4494 3462 4550 simulatione
3507 4494 3827 4549 violassent.

2229 4593 2368 4647 Nam
2419 4589 2466 4645 si
2505 4588 2843 4660 principibus
2892 4597 2948 4644 et
2998 4587 3260 4643 divitibus
3307 4595 3467 4643 terra}
3511 4595 3705 4642 vestrae
3743 4602 3832 4642 re-

2226 4699 2391 4756 gnare
2435 4699 2531 4755 pro
2564 4682 2786 4738 libidine
2830 4690 2885 4738 et
2904 4681 3179 4754 justitiam
3213 4681 3313 4738 Dei
3353 4680 3693 4745 conculcare,
3737 4687 3830 4736 ta-

2231 4777 2322 4833 citi
2351 4775 2654 4832 consentire
2679 4777 2959 4842 vellemus,
2988 4773 3232 4846 profecto
3261 4774 3555 4840 amicitias,
3576 4788 3830 4838 munera,

2233 4869 2618 4942 subjectiones,
2665 4868 2905 4935 laudem,
2945 4876 2998 4922 et
3038 4868 3356 4939 magniﬁcas
3383 4867 3452 4923 ab
3491 4867 3572 4922 eis
3603 4866 3833 4924 honori—

2231 4963 2477 5020 ﬁcentias
2515 4961 2713 5017 habere
2749 4976 3052 5033 possemus.
3095 4961 3258 5033 Quod
3283 4963 3408 5033 quia
3452 4961 3570 5016 loco
3615 4961 3672 5016 in
3719 4976 3833 5032 quo

2233 5073 2427 5113 sumus
2471 5065 2527 5112 et
2570 5055 2754 5112 ofﬁcio
2799 5055 2947 5128 quod
2984 5062 3240 5111 tenemus
3285 5055 3513 5111 minime
3550 5054 3828 5125 congruit,

2233 5152 2370 5206 nihil
2401 5158 2484 5206 est
2520 5150 2667 5221 quod
2703 5165 2804 5206 nos
2847 5165 2877 5202 a
2919 5147 3181 5205 charitate
3231 5149 3452 5214 Christi,
3497 5149 3616 5220 ipso
3647 5155 3834 5219 prote-

2234 5254 2410 5317 gente,
2435 5228 2686 5316 separare
2714 5243 2884 5314 possit
2911 5263 2923 5298 :
2953 5241 3154 5316 quibus
3169 5243 3310 5298 mori
3339 5242 3507 5298 tutius
3528 5249 3632 5308 est,
3661 5258 3831 5314 quam

2235 5339 2408 5410 legem
2430 5339 2550 5420 ejus
2569 5336 2967 5410 derelinquere,
2989 5345 3087 5392 aut
3105 5351 3202 5409 pro
3233 5335 3421 5392 mundi
3446 5335 3616 5408 gloria
3636 5335 3832 5407 ἰωρίοο

2233 5447 2354 5486 rum
2386 5431 2589 5501 potius,
2621 5431 2664 5486 si
2692 5430 2798 5485 sint
2838 5437 3110 5501 potentes,
3141 5445 3306 5500 quam
3347 5443 3538 5485 eorum
3569 5443 3836 5500 personas

2231 5524 2518 5596 reSpicere,
2551 5524 2667 5595 qui,
2699 5523 2826 5580 licet
2853 5524 2964 5580 sint
2997 5538 3279 5596 pauperes,
3312 5523 3486 5596 legem
3527 5522 3613 5578 sui
3650 5521 3836 5579 condi-

2234 5617 2372 5673 toris
2391 5617 2709 5690 exquirunt,
2733 5616 2990 5674 mandata
3001 5616 3255 5690 diligunt,
3272 5616 3442 5672 vitam
3463 5616 3642 5688 potius
3661 5631 3833 5687 quam

2227 5711 2502 5783 justitiam
2556 5712 2833 5768 deserunt.
2886 5715 3018 5767 Tuae
3045 5710 3211 5782 igitur
3249 5710 3674 5766 unanimitatem
3723 5709 3832 5765 fra-

2235 5805 2510 5862 ternitatis
2532 5804 2714 5862 debita
2740 5821 2866 5862 cum
2895 5804 3255 5874 gratulatione
3281 5803 3661 5876 suscipientes,
3687 5802 3835 5858 hanc
