4144 6184
299 278 401 332 373
439 251 460 274 ’

295 502 356 548 ut
392 493 449 548 in
484 509 546 548 ea
571 507 736 564 quam
771 507 899 566 erga
941 500 1186 549 sanctam
1217 501 1275 549 et
1302 493 1657 566 apostolicam
1699 495 1888 552 Eccle-

291 588 430 642 siam
473 586 670 642 habere
697 587 913 657 capisti
941 586 1229 643 dilectione
1256 587 1527 659 proﬁcias,
1573 603 1729 660 spem
1761 604 1887 645 vero

293 680 353 735 in
395 688 587 735 nostra
626 679 911 744 charitate,
953 680 1064 736 imo
1097 681 1237 736 beati
1281 682 1417 753 petri
1465 682 1805 753 protectione
1833 691 1890 739 et

289 775 410 845 ejus
466 775 762 843 apostolica
807 773 1177 830 indubitanter
1227 775 1624 844 benedictione,
1684 775 1889 833 habere

287 867 562 923 conﬁdas.

363 964 505 1016 Data
546 964 741 1018 Roma
769 977 856 1017 vn
905 961 1182 1018 Kalendas
1210 963 1558 1034 Novembris,
1594 963 1888 1021 indictione

287 1053 505 1110 decima
528 1054 710 1110 tertia.

830 1167 1168 1222 EPISTOLA
1196 1168 1350 1222 XIII.

490 1294 571 1333 AD
605 1291 978 1335 εΑιοιιοΝΕιι
1007 1293 1217 1335 BIGBM
1241 1292 1690 1336 HUNGABOBUM.

892 1394 1074 1458 (Anno
1108 1395 1292 1460 1074.)

289 1505 558 1570 Queritur
571 1503 715 1572 quod
729 1519 848 1556 cum
874 1505 1174 1572 Hungarice
1206 1519 1428 1571 regnum
1439 1503 1590 1572 juris
1614 1507 1689 1558 sit
1711 1508 1888 1560 sancti

360 1577 535 1636 Petri,
567 1591 601 1626 a
633 1577 1035 1628 Teutonicorum
1084 1590 1212 1644 rege
1248 1577 1307 1627 in
1338 1575 1642 1644 beneﬁcium
1671 1592 1887 1646 accepe-

360 1648 456 1699 rit.
485 1647 659 1718 Monet
688 1651 749 1698 ut
765 1647 925 1712 illud,
963 1651 1192 1700 correcta
1221 1661 1396 1701 erro-re
1419 1661 1534 1710 suo,
1571 1648 1640 1701 ab
1669 1653 1885 1718 aposto-

359 1718 472 1772 lica
505 1717 628 1772 sede
653 1719 1006 1786 recognoscat.

357 1829 1047 1900 Ganeonmsepiscopus,
1063 1843 1255 1884 servus
1265 1844 1550 1885 servorum
1563 1830 1689 1898 Dei,
1706 1832 1886 1886 SALG-

287 1935 450 1978 κοτέει
488 1925 635 1991 (362)
674 1923 788 1993 regi
821 1925 1233 1995 Hungarorum,
1264 1922 1501 1979 salutem
1539 1932 1593 1979 et
1619 1924 1885 1994 apostoli-

281 2031 407 2073 cam
440 2015 904 2072 benedictionem.

360 2109 586 2166 Littera
617 2117 730 2166 tua
764 2110 831 2166 ad
869 2126 972 2166 nos
1005 2109 1160 2166 tarde
1201 2118 1424 2183 propter
1460 2126 1679 2167 moram
1708 2113 1884 2168 nuntii

283 2204 363 2258 tui
389 2205 569 2259 allata
593 2213 722 2259 sunt
749 2221 764 2259 τ
792 2220 925 2275 quas
966 2205 1188 2275 quidem
1224 2205 1403 2260 multo
1447 2205 1737 2276 benignius
1765 2223 1884 2261 ma-

281 2313 391 2352 nus
422 2305 609 2352 nostra
650 2297 990 2369 suscepisset,
1030 2299 1074 2352 si
1121 2306 1216 2353 tua
1261 2297 1470 2353 incauta
1501 2298 1739 2354 conditio
1768 2316 1883 2355 non

284 2391 427 2447 adeo
453 2391 674 2446 beatum
704 2393 929 2446 Petrum
962 2390 1300 2447 offendisset.
1328 2394 1490 2458 Nam,
1530 2393 1670 2448 sicut
1695 2408 1725 2447 a
1763 2409 1880 2448 ma-

277 2484 500 2557 joribus
531 2485 717 2553 patria
741 2494 849 2540 tua
879 2499 1207 2557 cognoscere
1247 2495 1422 2556 potes,
1453 2501 1684 2559 regnum
1721 2489 1883 2541 Hun-

285 2579 458 2651 garia
500 2586 705 2635 sancta
745 2581 1016 2634 Romana
1058 2579 1316 2635 Ecclesia
1373 2579 1655 2650 proprium
1699 2589 1801 2647 est,
1851 2596 1880 2635 a

286 2689 416 2744 rege
454 2672 734 2744 Stephano
781 2675 935 2742 (363)
987 2673 1118 2728 olim
1165 2673 1321 2728 beato
1371 2674 1534 2728 Petro
1573 2689 1702 2728 cum
1733 2675 1881 2729 omni

278 2767 408 2839 jure
438 2775 492 2821 et
537 2774 801 2837 potestate
829 2783 924 2822 sua
973 2766 1218 2821 oblatum
1261 2774 1315 2821 et
1356 2765 1550 2822 devote
1580 2766 1873 2824 traditum.

287 2864 559 2916 Praterea
591 2859 855 2915 Henricus
877 2860 1018 2931 (364)
1049 2860 1153 2930 pia
1177 2861 1464 2916 memoria
1482 2860 1787 2931 imperator
1815 2860 1885 2917 ad

289 2953 562 3009 honorem
581 2953 753 3009 sancti
781 2954 926 3008 Petri
956 2969 1188 3023 regnum
1212 2952 1347 3009 illud
1373 2969 1708 3026 expugnans,
1743 2953 1883 3010 victo

287 3063 436 3120 rege,
475 3055 532 3102 et
570 3045 712 3102 facta
762 3047 1008 3114 victoria,
1053 3047 1120 3102 ad
1149 3063 1350 3118 corpus
1392 3046 1536 3102 beati
1583 3049 1723 3103 Petri
1759 3048 1882 3103 lan~

285 3157 441 3197 ceam
470 3157 843 3213 coronamque
857 3141 1180 3208 transmisit,
1205 3149 1261 3196 et
1283 3157 1382 3212 pro
1407 3141 1580 3211 gloria
1600 3141 1883 3214 :triumphi

287 3237 366 3292 sui
396 3235 525 3290 illuc
553 3235 701 3307 regni
743 3234 942 3290 direxit
964 3235 1212 3307 insignia,
1243 3250 1353 3306 quo
1393 3234 1758 3306 principatum
1797 3236 1881 3291 di-

285 3330 515 3402 gnitatis
563 3329 679 3399 ejus
724 3327 956 3383 attinere
993 3329 1267 3400 cognovit.
1302 3330 1437 3398 Qua
1471 3345 1600 3384 cum
1647 3329 1722 3384 ita
1751 3330 1882 3398 sint,

286 3432 342 3478 tu
371 3435 578 3489 tamen,
606 3423 658 3477 in
686 3422 900 3478 cateris
928 3437 1147 3494 quoque
1177 3439 1206 3477 a
1235 3423 1378 3494 regia
1425 3422 1621 3477 virtute
1672 3432 1726 3478 et
1755 3440 1882 3478 mo—

284 3519 438 3572 ribus
467 3517 626 3588 longe
666 3515 972 3583 discedens,
997 3516 1090 3587 jus
1133 3524 1187 3571 et
1216 3515 1483 3570 honorem
1522 3517 1694 3571 sancti
1740 3517 1884 3572 Petri

284 3619 557 3683 quantum
588 3608 659 3664 ad
706 3618 779 3677 te,
811 3609 1139 3664 imminuisti
1171 3617 1225 3664 et
1266 3609 1532 3674 alienasti,
1581 3608 1715 3665 dum
1764 3611 1884 3683 ejus

283 3721 517 3777 regnum
540 3719 568 3757 a
589 3719 715 3776 rege
737 3703 1169 3758 Teutonicorum
1189 3703 1241 3757 in
1263 3702 1607 3770 beneﬁcium,
1627 3702 1764 3758 sicut
1788 3720 1882 3759 au-

280 3799 536 3864 divimus,
605 3796 908 3868 suscepisti.
950 3796 1113 3866 Quod
1163 3797 1207 3851 si
1263 3812 1453 3852 verum
1514 3806 1615 3865 est,
1651 3798 1884 3868 qualiter

284 3894 516 3966 gratiam
545 3891 687 3948 beati
716 3891 881 3958 Petri,
914 3900 1008 3945 aut
1033 3899 1280 3946 nostram
1311 3890 1746 3946 benevolentiam
1767 3907 1883 3962 spe-

286 4002 404 4042 rare
447 3986 674 4052 debeas,
703 3993 764 4040 tu
791 3983 927 4056 ipse,
956 3983 998 4040 si
1022 3983 1291 4055 justitiam
1327 3984 1406 4038 vis
1435 3983 1734 4052 attendere,
1771 4001 1882 4040 non

281 4080 524 4151 ignoras,
555 4079 805 4134 videlicet
845 4087 900 4132 te
931 4093 1045 4132 non
1073 4077 1232 4132 aliter
1259 4092 1380 4132 eam
1413 4075 1753 4145 habiturum,
1784 4094 1883 4133 nec

283 4174 398 4230 sine
427 4173 724 4244 apostolica
749 4171 1216 4227 animadversione
1242 4169 1336 4225 diu
1365 4178 1746 4239 regnaturum,
1781 4171 1882 4227 nisi

284 4277 563 4339 sceptrum
613 4266 768 4339 regni
811 4265 956 4337 quod
1012 4273 1186 4336 tenes,
1227 4273 1474 4319 correcto
1530 4279 1714 4318 errore
1763 4273 1879 4330 tuo,

285 4362 622 4433 apostolica,
666 4376 796 4415 non‘
820 4360 1005 4430 regia,
1035 4357 1337 4430 majestatis
1369 4357 1694 4412 beneﬁcium
1722 4373 1880 4413 reco-

285 4470 538 4528 gnoscas;
585 4470 758 4526 neque
786 4453 931 4508 enim
971 4468 1073 4507 nos
1115 4451 1339 4516 timore,
1388 4452 1474 4506 vel
1521 4467 1727 4518 amore,
1787 4460 1882 4507 aut

284 4549 457 4620 aliqua
486 4547 757 4618 personali
787 4545 1124 4617 acceptione,
1155 4553 1423 4616 quantum
1442 4548 1559 4600 Deo
1588 4545 1882 4617 adjuvante

287 4643 616 4712 poterimus,
655 4640 902 4697 debitum
935 4640 1203 4694 honorem
1242 4638 1380 4710 ejus,
1414 4638 1569 4710 cujus
1610 4639 1750 4694 servi
1789 4655 1883 4695 su-

287 4751 429 4800 mus,
507 4734 883 4805 irrequisitum
955 4732 1349 4802 relinquemus.
1406 4735 1609 4788 Verum
1654 4733 1699 4787 si
1768 4733 1885 4788 hac

288 4829 606 4895 emendare,
637 4837 691 4883 et
733 4828 900 4882 vitam
951 4835 1104 4882 tuam
1155 4835 1216 4880 ut
1258 4841 1440 4897 regem
1485 4825 1670 4892 decet,
1726 4826 1884 4882 insti-

285 4934 433 4979 tuere
474 4931 551 4989 et,
605 4924 717 4977 Deo
749 4922 1058 4986 miserante,
1092 4918 1362 4976 adornare
1399 4919 1650 4988 volueris,
1697 4920 1884 4991 procul

286 5016 446 5072 dubio
503 5015 854 5071 dilectionem
903 5022 1104 5069 sancta
1146 5016 1416 5068 Romana
1459 5013 1713 5068 Ecclesia
1743 5014 1885 5068 sicut

289 5111 472 5167 matris
499 5109 732 5166 dilectus
781 5108 946 5175 ﬁlius,
981 5115 1035 5162 et
1063 5116 1309 5162 nostram
1352 5106 1409 5160 in
1447 5106 1669 5162 Christo
1700 5106 1884 5161 amici-

286 5204 415 5260 tiam
445 5205 605 5277 plene
638 5202 839 5259 habere
869 5201 1091 5272 poteris.

359 5305 496 5355 Data
523 5302 721 5354 Roma
738 5313 772 5352 v
788 5294 1068 5351 Kalendas
1081 5293 1430 5363 Novembris,
1459 5293 1763 5350 indictione
1784 5293 1880 5350 de-

283 5394 420 5449 cima
440 5395 625 5449 tertia.

285 5626 296 5635 _
353 5559 496 5622 {862)
535 5552 942 5635 DeLSAalomone
967 5566 1095 5623 rege
1123 5555 1520 5623 Hungarorum
1543 5550 1875 5606 Lambertus

284 5631 333 5681 in
363 5643 512 5683 anno
542 5631 700 5681 1074.

351 5703 502 5766 (363)
530 5701 614 5754 De
635 5703 825 5752 sancto
846 5695 1117 5766 Stephano
1143 5699 1165 5751 1
1183 5696 1571 5765 Hungarorum
1591 5709 1718 5766 rege
1737 5693 1873 5766 Her-

283 5765 521 5825 mannus
549 5771 870 5825 Contractus
905 5765 961 5823 in
999 5767 1272 5824 Chronico
1311 5766 1433 5821 anni
1481 5765 1872 5832 1038;7Char-

281 5842 470 5898 tuitius
509 5840 801 5912 episcopus
847 5839 902 5894 in
941 5838 1056 5911 ejus
1081 5839 1207 5896 Vita
1254 5837 1397 5909 apud
1448 5837 1668 5894 Surium
1715 5845 1868 5894 mmo

1383 277 1579 330 LIBER
1620 276 1980 335 SECUNDUS.
2023 307 2090 320 -—
2127 281 2338 335 EPIST.
2378 281 2508 335 XIV.

297 399 582 455 ﬂammam
609 397 661 454 in
700 406 920 470 pectore
945 407 1041 455 tuo
1070 414 1293 470 semper
1337 413 1582 456 crescere
1616 401 1888 472 cupimus,
1923 411 1972 470 Α

3488 285 3591 339 374

2533 405 2885 461 EPISTOLA
2904 406 3056 461 XIV.

1999 531 2079 571 AD
2098 527 2504 572 GUABNBBIUM
2526 530 3043 572 ABGENTINENSBM
3063 531 3138 572 ΒΤ
3158 532 3589 576 BUBCBARDUM

2393 624 2814 666 BASIL‘EENSEM
2852 626 3198 667 EPISCOPOS.

2596 723 2781 787 (Anno
2821 729 2993 788 [074.)

2005 838 2072 889 Ut
2125 849 2309 887 curam
2354 835 2648 888 advocat-ite
2707 839 3030 890 monasterii
3063 841 3272 893 Sanctae
3328 839 3514 894 Crucis
3557 855 3591 892 α

2069 907 2233 960 Leone
2260 908 2334 960 IX
2355 908 2667 979 constructi,
2694 978 2700 979 ί
2712 908 2876 974 juxta
2909 909 3143 976 ejusdem
3168 912 3433 979 pontiﬁcis
3459 925 3585 963 con-

2067 979 2426 1050 stitutionem,
2498 978 2738 1033 Gerardo
2798 978 2912 1047 ejus
2959 983 3140 1050 nepoti
3185 978 3389 1050 majori
3453 985 3584 1034 natu

2069 1047 2402 1115 adjudiceut,
2435 1053 2485 1103 et
2512 1051 2790 1117 Hugonem
2818 1051 2886 1103 ab
2917 1067 2976 1104 ea
3022 1047 3333 1106 excludant.

2068 1159 2114 1214 G
2126 1160 2745 1232 naeomusepiscopus,
2760 1177 2946 1217 servus
2959 1178 3243 1218 servorum
3257 1164 3359 1219 Dei
3369 1165 3589 1228 ,θυη-

1999 1266 2186 1308 nemo
2219 1253 2596 1324 Argentinensi
2633 1263 2690 1310 et
2729 1257 3110 1312 Buacnaano
3142 1256 3433 1314 Basileensi
3472 1258 3586 1328 epi-

1993 1345 2172 1416 scopis
2198 1347 2432 1402 salutem
2458 1354 2515 1402 et
2533 1350 2889 1418 apostolicam
2910 1349 3370 1405 benedictionem.

2068 1461 2190 1513 Non
2237 1458 2484 1530 ignorare
2528 1474 2623 1514 vos
2674 1459 2952 1516 credimus
2992 1461 3281 1516 dominum
3333 1469 3585 1518 nostrum

1996 1551 2170 1607 beata
2195 1551 2478 1608 memoria
2507 1553 2750 1608 Leonem
2783 1569 2978 1624 papam
3011 1554 3406 1609 monasterium
3448 1557 3583 1610 San-

1995 1652 2097 1700 cta
2130 1645 2320 1700 Crucis
2363 1645 2420 1698 in
2457 1652 2597 1700 terra
2646 1647 2978 1701 hareditatis
3017 1662 3128 1702 sua
3169 1646 3479 1714 fundatum,
3525 1664 3588 1703 ac

1914 1771 1962 1833 B
1996 1739 2229 1809 propriis
2256 1739 2450 1809 opibus
2484 1738 2598 1809 ejus
2622 1747 3019 1802 constructum,
3065 1748 3270 1796 sancta
3315 1743 3586 1797 Romana

1995 1832 2271 1900 Ecclesia,
2297 1831 2382 1887 cui
2415 1831 2500 1903 pie
2529 1840 2582 1886 et
2609 1840 2792 1888 sancte
2829 1833 3177 1904 prasidebat,
3209 1834 3262 1888 in
3308 1835 3586 1905 proprium

1984 1926 2076 1998 jus
2123 1925 2424 1990 tradidisse,
2489 1933 2756 1996 quatenus
2803 1923 3117 1982 venerabilis
3167 1927 3257 1981 ille
3293 1927 3445 1982 locus
3486 1928 3587 1983 sub

1992 2020 2089 2074 alis
2113 2019 2285 2074 sancti
2314 2019 2459 2075 Petri
2491 2020 2658 2074 tutior
2684 2027 2740 2074 et
2768 2019 2996 2076 liberior
3020 2021 3074 2075 in
3103 2019 3284 2076 divino
3314 2018 3586 2078 famulatu

1993 2112 2298 2184 proﬁceret.
2328 2116 2558 2181 Verum,
2593 2113 2734 2168 sicut
2772 2129 2876 2168 nos
2904 2123 3047 2168 certa
3075 2114 3337 2169 relatione
3367 2130 3587 2185 compe-

1992 2207 2184 2273 rimus,
2216 2215 2442 2278 nepotes
2500 2206 2662 2272 illius,
2713 2209 2874 2279 Hugo
2922 2205 3170 2262 videlicet
3210 2217 3266 2262 et
3307 2208 3589 2264 Gerardus

1991 2315 2089 2356 sua
2123 2300 2302 2371 potius
2329 2316 2494 2372 quam
2541 2315 2662 2372 qua
2688 2301 2790 2356 Dei
2825 2311 2951 2356 sunt
2977 2309 3306 2372 quarentes,
3342 2318 3444 2357 nec
3473 2311 3585 2358 tam

1990 2395 2320 2450 sanctissimi
2361 2395 2451 2449 viri
2491 2394 3114 2450 excommunicationem
3140 2395 3422 2460 timentes,
3452 2395 3584 2451 dum

1991 2488 2132 2543 inter
2159 2504 2216 2543 se
2247 2487 2315 2543 de
2344 2488 2623 2544 advocatia
2671 2487 3033 2557 contendunt,
3085 2489 3394 2545 monasterii
3444 2492 3585 2545 bona

1990 2581 2268 2652 diripiunt,
2309 2590 2363 2636 et
2390 2597 2513 2652 qua
2549 2580 2617 2636 ad
2657 2583 3109 2637 sustentationem
3138 2583 3454 2639 ancillarum
3486 2585 3582 2640 Dei

1937 2720 1942 2724 .
1991 2674 2286 2729 constituta
2347 2683 2476 2728 sunt
2545 2674 2816 2746 sacrilegis
2881 2674 3250 2730 invasionibus
3319 2661 3585 2733 militibus

1992 2768 2106 2823 suis
2139 2765 2383 2837 pradam
2433 2766 2654 2821 faciunt.
2687 2770 3031 2838 Quapropter
3057 2767 3455 2826 fraternitatem
3487 2787 3586 2826 ve-

1992 2869 2162 2916 stram
2212 2860 2450 2914 multum
2484 2875 2745 2930 rogamus
2793 2867 2848 2914 et
2906 2861 3299 2930 admonemus,
3350 2871 3437 2930 ut,
3488 2881 3586 2935 pro

1993 2969 2181 3009 amore
2218 2962 2272 3008 et
2315 2952 2499 3008 debita
2525 2964 2711 3007 sancto
2741 2957 2905 3008 Petro
2949 2953 3280 3021 obedientia,
3312 2945 3506 3011 ambos
3534 2957 3588 3012 in

1996 3048 2178 3103 locum
2221 3048 2459 3119 aliquem
2494 3055 2671 3101 vestro
2709 3048 2999 3102 conventui
3035 3055 3221 3116 aptum
3255 3050 3588 3118 convocetis,

1921 3173 1966 3234 ρ
1995 3149 2064 3207 et,
2094 3156 2323 3195 causam
2373 3140 2629 3211 utrinque
2677 3139 2963 3212 diligenter
3003 3141 3363 3211 inquirentes,
3421 3143 3587 3198 ﬁnem

1996 3235 2330 3290 contentioni
2365 3250 2559 3289 eorum
2590 3234 2872 3304 imponere
2914 3250 3268 3306 summopere
3300 3235 3586 3301 studeatis,

1996 3329 2050 3382 in
2099 3329 2248 3382 nullo
2280 3327 2509 3398 quidem
2547 3327 2614 3382 ab
2660 3343 2723 3382 ea
2759 3342 2881 3398 qua
2910 3327 2962 3382 in
3001 3328 3276 3400 privilegio
3323 3329 3589 3400 pralibati

1994 3422 2168 3477 Patris
2196 3422 2365 3495 nostri
2407 3421 2610 3475 Leonis
2655 3436 2810 3492 papa
2849 3420 3116 3492 descripta
3149 3428 3230 3476 est
3254 3423 3592 3494 constitutio-

1993 3531 2061 3570 ne
2101 3523 2155 3570 et
2191 3513 2647 3569 determinatione
2700 3514 3082 3585 digredientes.
3129 3514 3206 3570 Ibi
3256 3517 3400 3571 enim
3448 3517 3591 3574 inter

1993 3617 2188 3664 catera
2236 3607 2353 3680 ejus
2399 3608 2693 3679 apostolica
2743 3607 3026 3663 sanctione
3056 3608 3337 3663 decretum
3379 3617 3483 3678 est,
3533 3620 3592 3666 ut

1991 3703 2079 3773 qui
2100 3703 2167 3757 de
2181 3701 2436 3773 progenie
2456 3717 2553 3755 sua
2567 3701 2622 3754 in
2633 3709 2810 3756 castro
2831 3702 3208 3772 Egeneschen[
3227 3703 3585 3774 Engesheim]

1991 3796 2200 3852 cateris
2239 3795 2420 3867 major
2456 3804 2585 3848 natu
2637 3794 2795 3850 fuerit
2840 3811 3026 3850 curam
3087 3795 3385 3853 advocatia
3442 3799 3590 3854 solus

1992 3899 2194 3955 teneat,
2232 3889 2365 3944 etin
2404 3904 2629 3968 omnem
2659 3889 3036 3959 posteritatem
3063 3890 3182 3961 ejus
3223 3893 3439 3968 generis
3475 3891 3592 3948 hac

1993 3991 2232 4055 potestas
2290 3983 2362 4037 ita
2413 3964 2687 4054 procedat.
2741 3984 2904 4037 Juxta
2968 3999 3131 4053 quam
3183 3963 3587 4040 ordinationem

1992 4076 2296 4132 Gerardum
2347 4075 2567 4147 quidem
2614 4075 2859 4148 justitias
2910 4092 3092 4147 agere,
3142 4085 3197 4132 et
3253 4079 3588 4133 advocatiam

1992 4170 2164 4242 magis
2212 4170 2406 4224 merito
2453 4185 2618 4241 quam
2664 4172 2958 4242 Hugonem
3003 4169 3386 4226 administrare
3434 4181 3586 4242 puta-

1992 4280 2138 4330 mus,
2167 4263 2288 4335 quia
2320 4270 2478 4319 atate
2509 4263 2745 4334 priorem
2777 4279 2895 4318 esse
2927 4263 3320 4319 intelleximus.
3355 4265 3517 4335 Quod
3546 4265 3590 4321 si

1990 4366 2044 4412 et
2073 4373 2169 4412 vos
2211 4357 2283 4412 ita
2313 4373 2430 4412 esse
2457 4356 2839 4428 cognoveritis,
2871 4373 2933 4410 ex
2962 4366 3110 4427 parte
3151 4358 3292 4412 beati
3339 4359 3504 4423 Petri,
3538 4367 3592 4414 et

1989 4459 2176 4506 nostra
2225 4451 2544 4521 apostolica,
2587 4455 2756 4504 vestra
2810 4453 2974 4505 etiam
3013 4450 3298 4520 episcopali
3345 4453 3588 4507 auctori-

1915 4571 1966 4632 D
1995 4553 2129 4612 tate,
2178 4545 2398 4616 Hugoni
2442 4543 2749 4599 interdicite
2793 4558 2859 4597 ne
2889 4543 3116 4597 ulterius
3163 4543 3275 4598 ullo
3313 4543 3481 4599 modo
3519 4544 3586 4600 de
3658 4599 3660 4601 ,

1996 4639 2191 4694 eadem
2238 4637 2520 4693 advocatia
2577 4651 2634 4690 se
2687 4636 3039 4703 intromittat,
3073 4651 3247 4705 neque
3310 4647 3588 4695 monaste-

1992 4732 2153 4798 rium,
2190 4739 2286 4786 aut
2327 4731 2470 4786 bona
2505 4729 2644 4801 ejus,
2674 4730 3048 4800 cujuscunque
3075 4729 3225 4785 modi
3255 4731 3384 4794 sint,
3413 4732 3588 4804 aliqua

1994 4826 2212 4881 lasione
2243 4825 2322 4879 vel
2371 4823 2756 4878 contrarietate
2794 4822 3043 4894 impetat,
3077 4823 3326 4896 alioquin
3369 4825 3504 4880 sciat
3531 4842 3589 4882 se

1998 4918 2279 4990 apostolici
2310 4917 2473 4990 gladii
2509 4917 2674 4972 ictum
2720 4916 3030 4972 nullatenus
3056 4917 3284 4974 evadere
3327 4934 3506 4990 posse,
3535 4928 3590 4976 et

1998 5029 2106 5067 non
2141 5012 2318 5067 solum
2363 5027 2391 5066 a
2416 5011 2584 5082 gratia
2613 5011 2755 5066 beati
2785 5012 2949 5077 Petri,
2984 5009 3082 5065 sed
3117 5027 3147 5066 a
3196 5013 3590 5069 communione

1993 5107 2162 5161 totius
2190 5104 2446 5162 Ecclesia
2479 5102 2685 5175 judicio
2723 5105 2892 5159 sancti
2923 5104 3155 5175 Spiritus
3197 5113 3253 5160 et
3291 5107 3586 5177 apostolica

1993 5200 2258 5254 sententia
2284 5198 2822 5255 excommunicatum
2852 5214 2914 5253 ac
2934 5198 3360 5254 condemnatum
3379 5200 3590 5270 penitus

1989 5294 2246 5364 separari.
2289 5291 2563 5363 Quidquid
2608 5291 2768 5364 igitur
2804 5291 2931 5347 inde
2975 5290 3184 5347 factum
3243 5291 3429 5361 fuerit,
3495 5309 3590 5364 per

1987 5388 2197 5442 litteras
2232 5394 2434 5442 vestras
2470 5384 2627 5441 nobis
2651 5387 2970 5456 quantocius
2998 5385 3234 5442 indicare
3271 5395 3478 5442 curate.

1987 5557 2212 5618 quarto;
2256 5549 2370 5603 Leo
2400 5545 2664 5603 Ostiensis
2690 5544 2830 5600 libro
2854 5544 3118 5613 secundo,
3161 5546 3337 5616 capite
3376 5553 3592 5617 septua-

1983 5620 2200 5690 gesimo
2223 5635 2408 5686 nono;
2432 5626 2486 5674 et
2511 5619 2616 5673 alii.

2059 5697 2201 5757 (364)
2271 5695 2348 5746 De
2398 5685 2758 5762 expeditione
2817 5685 3041 5762 Henrici
3112 5688 3163 5740 II
3243 5688 3592 5762 imperatoris

1980 5773 2169 5819 contra
2232 5757 2526 5834 Hungaros
2575 5763 2939 5816 Hermannus
2989 5757 3338 5813 Contractus
3375 5757 3429 5810 in
3490 5774 3584 5813 an-

1977 5849 2052 5890 no
2094 5839 2252 5892 1044.
