4144 6184
502 244 605 297 375

1195 238 1251 293 s.
1292 234 1614 291 GREGORII
1653 233 1742 288 vu
1780 233 1975 287 Pictsz
2014 232 2292 287 OPERUM
2333 232 2506 287 prius
2538 234 2591 285 1..
2624 262 2687 272 -
2725 231 3130 288 REGISTRUM.
3208 212 3213 213 ⁷

3704 233 3800 285 376

570 366 713 421 Data
773 366 971 420 Roma
1029 367 1223 435 quarto
1272 358 1555 415 Kalendas
1612 356 1959 423 Novembris,
2014 357 2093 412 in-
2126 364 2174 425 Α
2278 357 2463 435 Sancti
2513 357 2814 435 Anastasii,
2849 358 2970 435 alio
3015 361 3212 435 amoto,
3239 431 3248 435 _
3273 359 3595 435 restitueret,
3652 370 3801 435 quem

502 458 736 516 dictione
762 473 901 516 xm.

1036 535 1383 589 EPISTOLA
1438 534 1562 588 XV.

508 650 591 690 AD
628 644 1019 690 HUHBBBTUM
1055 642 1593 687 ABCBIBPIBCORUM
1641 640 2099 683 LUGDUNENSBM

1098 737 1173 778 ET
1200 736 1505 777 CETEROS.

1100 819 1284 884 (Anno
1324 819 1505 879 1074.)

509 915 578 971 Ut
617 913 825 967 clericos
868 914 1219 979 Lingonenses
1247 913 1496 962 moneant
1526 912 1586 961 ut
1617 907 1877 961 desistant
1912 908 1981 960 ab
2010 908 2101 979 in-

564 984 757 1054 juriis,
787 988 838 1037 et
864 976 1232 1054 satisfaciant
1252 982 1318 1033 de
1336 980 1557 1033 damnis
1581 981 1900 1054 monasterio
1919 976 2103 1054 P_ul_ta-

574 1050 748 1109 riensi
770 1056 941 1108 illatis
968 1071 986 1104 :
1022 1052 1165 1122 quod
1188 1053 1236 1104 si
1265 1054 1444 1117 facere
1473 1052 1772 1111 renuerint,
1804 1064 1886 1104 eos
1911 1050 1977 1102 ab
2014 1051 2099 1101 in-

576 1129 749 1181 troitu
819 1126 1046 1179 ecclesia
1096 1127 1328 1185 arceant,
1384 1128 1454 1189 et,
1525 1124 1575 1175 si
1622 1122 2098 1191 perseveraverint,

578 1197 1115 1253 excommunicationi
1126 1193 1386 1248 subdant.

578 1291 930 1345 GBBGOBIUS
950 1288 1259 1358 episc0pus,
1276 1302 1466 1342 servus
1486 1300 1767 1340 servorum
1787 1283 1907 1349 Dei,
1925 1285 2100 1339 Hun-

505 1399 699 1441 nsn'ro
714 1381 1127 1452 archiepiscopo
1144 1378 1521 1450 Lugdunensi,
1535 1387 1587 1433 et
1600 1383 1799 1434 Aemo
1820 1383 2099 1449 Augusto-

507 1477 735 1535 dunensi
781 1486 837 1531 et
869 1478 1205 1531 RODULPHO
1247 1473 1661 1539 Matisconensi,
1692 1471 1975 1543 episcopis,
2011 1486 2102 1527 sa—

510 1572 680 1627 lutem
706 1578 759 1627 et
782 1569 1132 1641 apostolicam
1162 1566 1619 1622 benedictionem.

578 1662 922 1720 Humbertus
952 1660 1303 1717 Pultariensis
1330 1657 1519 1726 abbas,
1560 1658 1653 1715 diu
1701 1657 1850 1729 apud
1883 1674 1985 1714 nos
2013 1674 2112 1731 pro

2273 434 2461 498 postea
2487 432 2728 496 cognovit
2751 429 2934 483 multis
2959 443 3067 482 esse
3091 429 3403 483 criminibus
3429 430 3800 495 diffamatum.

2277 502 2529 568 Pracipit
2558 505 2623 553 ut
2663 505 2760 553 aut
2787 503 3175 554 monasterium
3220 501 3500 556 Albericus
3535 501 3803 564 restituat,

2278 577 2375 625 aut
2419 574 2530 641 ipse
2573 588 2681 625 una
2719 587 2837 625 cum
2880 587 2935 625 eo
2988 574 3209 627 Romam
3255 574 3437 625 veniat
3484 572 3549 625 de
3594 571 3806 639 objectis

2279 643 2592 697 criminibus
2614 658 2984 712 responsurus.

2277 736 2632 791 Gnmonws
2668 736 2973 807 episcopus,
3003 750 3191 791 servus
3230 750 3515 791 servorum
3544 735 3671 801 Dei,
3711 735 3808 789 Sl-

2209 844 2493 886 GBBALDO
2522 828 2705 884 abbati
2737 829 3050 884 monasterii
3079 830 3247 884 sancti
3285 828 3579 884 Salvatoris
3618 829 3674 883 in
3704 830 3806 883 Pe-

2209 924 2380 990 rusia,
2410 923 2640 979 salutem
2670 932 2727 977 et
2746 922 3099 994 apostolicam
3126 921 3588 978 benedictionem.

2279 1017 2700 1072 Fraternitatem
2744 1024 2917 1081 tuam,
2962 1031 3129 1087 quam
3183 1015 3489 1087 religiosam
3535 1024 3810 1082 tenemus,

2210 1109 2508 1166 admodum
2538 1110 2801 1165 miramur
2828 1108 2989 1165 nobis
3021 1110 3234 1181 justum
3266 1125 3379 1165 non
3422 1108 3638 1165 dedisse
3666 1124 3810 1164 con-

2206 1204 2421 1269 silium;
2447 1202 2749 1259 secundum
2778 1202 2928 1274 quod
2956 1219 2985 1257 a
3010 1202 3253 1274 pluribus
3281 1201 3502 1269 dicitur,
3530 1202 3596 1257 de
3632 1202 3820 1258 Albe-t

2209 1297 2319 1353 rico
2349 1296 2555 1351 scilicet
2583 1296 2771 1351 multis
2803 1295 3123 1352 criminibus
3156 1296 3418 1360 involuto,
3449 1302 3503 1355 et
3536 1295 3702 1367 (quod
3730 1304 3819 1350 est

2211 1391 2383 1463 pejus)
2416 1390 2581 1445 etiam
2625 1407 2654 1444 a
2692 1390 3014 1445 venerabilis
3040 1390 3322 1446 memoria
3364 1389 3569 1445 domno
3618 1392 3808 1455 Petro,

2210 1486 2433 1556 aliisque
2479 1482 2696 1539 duobus
2744 1482 3013 1554 episcopis
3061 1483 3131 1537 ab
3179 1484 3327 1537 omni
3378 1483 3585 1538 honore
3634 1483 3811 1538 eccle-

2210 1578 2425 1634 siastico
2454 1576 2556 1632 sub
2599 1576 3161 1632 excommunicatione
3210 1584 3417 1643 amoto;
3452 1592 3617 1647 quem
3665 1578 3817 1632 San-

2223 1673 2293 1727 cti
2329 1670 2592 1728 Anastasii
2641 1670 2969 1726 monasterio
3000 1685 3066 1725 ex
3098 1680 3284 1724 nostra
3329 1670 3695 1741 permissione
3733 1686 3821 1725 re-

508 1756 923 1815 neceSSitatibus
952 1754 1268 1810 monasterii
1315 1754 1399 1809 δυί
1459 1760 1855 1819 commoratus.
1911 1753 2110 1808 ωυιιδε
2138 1765 2184 1826 Β
2214 1765 2463 1832 stituisti;
2493 1764 2731 1820 alterum
2761 1779 2890 1819 vero
2924 1763 3211 1818 meliorem
3236 1779 3296 1818 ex
3324 1763 3554 1819 abbatia
3582 1762 3811 1825 honore,

510 1852 864 1909 adversitates
892 1858 949 1905 et
998 1848 1400 1921 inquietudines
1444 1845 1797 1918 conqueritur
1841 1861 1899 1901 se
1944 1862 1973 1902 a
2003 1847 2118 1902 cle-

509 1947 633 2001 ricis
677 1945 784 2015 pati
835 1942 1339 2013 Lingoniensibus:
1386 1941 1540 2011 cujus
1574 1938 1789 2011 injuria
1830 1947 1979 1995 tanto
2023 1956 2115 1995 ve-

511 2038 817 2095 hementius
850 2052 953 2091 nos
976 2035 1270 2106 attingunt,
1301 2042 1506 2105 quanto
1546 2032 1941 2090 sollicitudines
1983 2049 2114 2104 apo-

510 2131 716 2187 stolica
745 2127 1162 2201 dispensationis
1189 2142 1285 2197 per
1326 2126 1549 2181 beatum
1581 2129 1825 2191 Petrum,
1856 2118 1949 2181 cui
1973 2126 2111 2181 servi

511 2240 721 2289 sumus,
772 2232 826 2278 et
867 2222 950 2277 cui
995 2221 1395 2277 monasterium
1457 2219 1589 2275 illud
1631 2220 1849 2289 speciali
1882 2229 1937 2275 et
1984 2236 2109 2291 pro-

513 2320 635 2391 prio
659 2318 783 2389 jure
812 2316 1120 2387 subjectum
1162 2322 1268 2380 est,
1298 2312 1457 2368 nobis
1498 2327 1609 2383 pra
1650 2312 1867 2371 ,cateris
1903 2313 2116 2368 incum-

513 2409 668 2467 bunt.
720 2409 827 2465 Sed
875 2409 1000 2481 quia
1045 2409 1267 2479 longum
1310 2415 1430 2461 erat
1471 2406 1709 2477 singulas
1749 2406 2113 2476 querimonia-

513 2521 639 2559 rum
672 2502 887 2559 abbatis
923 2517 1113 2557 causas
1144 2500 1232 2555 hic
1274 2499 1757 2571 comprehendere,
1806 2498 2112 2555 fraternita-

514 2606 625 2653 tem
693 2605 929 2651 vestram
975 2610 1253 2666 rogamus,
1324 2601 1379 2648 et
1425 2594 1723 2663 apostolica
1789 2594 2113 2650 auctoritate

517 2707 832 2757 monemus,
866 2698 926 2744 ut
971 2705 1036 2744 ex
1079 2704 1172 2743 ore
1206 2687 1371 2758 ipsius
1402 2686 1578 2743 illatas
1606 2686 1707 2742 sibi
1754 2687 2030 2743 molestias
2059 2697 2115 2743 et

514 2783 835 2840 monasterii
871 2782 1197 2838 detrimenta
1226 2780 1476 2847 audiatis,
1513 2790 1568 2835 et
1613 2779 1901 2850 diligenter
1932 2789 2112 2836 atten-

513 2878 673 2944 datis,
708 2878 1127 2946 convocatisque
1169 2873 1498 2946 prascriptis
1538 2874 1748 2929 clericis
1795 2873 1866 2929 ad
1912 2873 2115 2930 facien-

513 2972 641 3027 dam
670 2968 1110 3025 emendationem
1140 2977 1194 3022 et
1231 2967 1679 3034 satisfactionem,
1723 2976 1884 3037 prout
1898 2968 2110 3037 justum

515 3065 694 3129 fuerit,
723 3080 885 3134 super
915 3062 1175 3118 omnibus
1213 3060 1279 3115 de
1308 3060 1505 3131 quibus
1534 3060 1587 3113 in
1625 3075 1719 3114 eos
1761 3061 2113 3130 conqueritur

2224 1868 2284 1915 ut
2313 1859 2500 1928 fertur,
2538 1859 2588 1913 vi
2624 1874 2688 1913 ac
2711 1857 2827 1912 sine
2856 1858 3064 1912 ratione
3104 1857 3330 1929 ejecisti.
3372 1856 3530 1926 Quod
3561 1872 3688 1912 cum
3714 1872 3815 1911 au-

2224 1952 2514 2021 dissemus,
2558 1951 2711 2007 valde
2736 1950 2893 2006 nobis
2924 1949 3222 2021 displicuit,
3256 1960 3549 2021 nostraque
3580 1949 3817 2005 charitas

2226 2055 2284 2102 ut
2325 2046 2451 2101 talia
2489 2046 2833 2116 corrigantur
2861 2044 2957 2099 has
2990 2044 3192 2099 litteras
3228 2044 3327 2099 tibi
3373 2044 3586 2099 direxit.
3634 2047 3696 2099 1n
3729 2044 3818 2099 his

2225 2140 2392 2212 igitur
2441 2155 2611 2195 unum
2654 2155 2718 2193 ex
2758 2138 2974 2195 duobus
3008 2138 3104 2193 tibi
3147 2154 3208 2193 ac
3247 2138 3506 2209 pradicto
3558 2138 3817 2193 Alberico

2224 2233 2576 2305 praecipimus
2600 2240 2661 2287 ut
2696 2232 3092 2287 monasterium
3134 2232 3283 2302 quod
3313 2232 3359 2286 ei
3394 2247 3509 2287 non
3538 2239 3687 2287 recte
3716 2231 3817 2286 de-

2224 2328 2350 2384 disti
2395 2326 2655 2392 dimittat,
2701 2336 2757 2380 et
2794 2326 2946 2381 alteri
2995 2326 3195 2397 injuste
3234 2325 3432 2395 rejecto
3476 2324 3691 2392 reddat,
3722 2333 3819 2379 aut

2224 2431 2408 2477 tecum
2434 2423 2676 2495 Romam
2695 2419 2914 2475 veniens
2933 2435 2997 2475 ex
3024 2420 3127 2474 illis
3154 2418 3503 2486 criminibus,
3531 2419 3587 2473 in
3608 2419 3815 2490 quibus

2224 2522 2527 2582 accusatur,
2559 2514 2616 2568 in
2644 2522 2829 2568 nostra
2859 2513 3143 2585 prasentia
3174 2512 3396 2568 veritate
3441 2528 3501 2567 se
3530 2510 3811 2568 defendat.

2224 2610 2316 2665 Sin
2344 2616 2527 2663 autem
2546 2616 2804 2662 neutrum
2820 2606 3020 2662 horum
3049 2605 3267 2661 obedire
3299 2621 3407 2660 non
3437 2606 3571 2672 vult,
3604 2622 3631 2659 a
3659 2621 3815 2660 sacra

2223 2702 2353 2758 sede
2380 2701 2672 2774 apostolica
2692 2700 2953 2771 intelligat
2975 2715 3033 2755 se
3059 2699 3249 2770 procul
3280 2698 3447 2754 dubio
3471 2714 3809 2754 excommu-

2222 2795 2541 2852 nicandum.
2575 2796 2708 2850 Hac
2736 2794 2917 2865 itaque
2955 2793 3259 2848 nullatenus
3284 2792 3522 2863 negligas
3555 2792 3814 2863 pracipi-

2224 2906 2363 2945 mus.
2396 2893 2683 2945 Peccatum
2716 2888 2863 2943 enim
2894 2888 3199 2943 maximum
3228 2894 3411 2941 tecum
3457 2885 3814 2951 incurrimus,

2222 2984 2267 3039 si
2297 2982 2604 3039 omittimus
2634 2982 2760 3049 hoc,
2787 2980 3234 3053 quandoquidem
3262 2980 3332 3034 ita
3358 2988 3460 3047 est,
3492 2979 3622 3035 sicut
3657 2978 3819 3034 nobis

2224 3077 2521 3133 multorum
2546 3076 2861 3131 testimonio
2876 3083 2958 3130 est
2977 3074 3311 3130 intimatum.

514 3158 681 3214 abbas
715 3165 900 3212 nostra
942 3156 1056 3210 vice
1085 3163 1138 3208 et
1166 3152 1463 3223 apostolica
1508 3153 1825 3207 auctoritate
1855 3169 2105 3208 commo-

2283 3173 2421 3225 Data
2450 3172 2646 3226 Roma
2672 3168 2857 3224 Idibus
2898 3167 3240 3234 Novembris,
3276 3166 3568 3222 indictione
3600 3166 3818 3222 decima

515 3252 708 3307 neatis.
755 3247 916 3319 Quod
961 3248 1002 3303 si
1050 3262 1168 3313 vos,
1219 3247 1335 3300 imo
1375 3246 1592 3301 beatum
1624 3249 1871 3315 Petrum,
1914 3255 1968 3301 et
1996 3247 2114 3319 ejus

517 3361 609 3417 per
658 3359 759 3398 nos
813 3340 1194 3396 administrata
1265 3340 1493 3405 monita,
1540 3341 1988 3411 contempserint,
2036 3350 2113 3407 et,

515 3437 779 3509 iustitiam
826 3434 1006 3490 facere
1050 3440 1369 3499 renuentes,
1414 3432 1468 3487 in
1507 3434 1795 3504 pertinacia
1842 3435 2116 3490 temerita-

517 3532 589 3587 tis
616 3545 733 3585 sua
766 3527 1121 3600 perstiterint,
1166 3526 1233 3581 ab
1265 3526 1492 3581 introitu
1522 3528 1765 3582 ecclesia
1798 3544 1987 3583 arcere
2022 3543 2116 3583 eos

515 3633 569 3678 et
596 3622 881 3678 excludere
909 3622 1218 3675 nullatenus
1250 3620 1697 3689 pratermittatis.
1733 3621 1827 3676 Sin
1862 3637 1989 3677 vero
2013 3637 2115 3676 nec

517 3732 614 3787 pro
654 3714 972 3785 hujusmodi
1006 3712 1343 3767 districtione
1398 3713 1666 3769 voluerint
1692 3716 2030 3785 resipiscere,
2062 3723 2117 3770 et

516 3809 688 3863 illatas
740 3808 898 3861 beato
946 3810 1109 3863 Petro
1153 3807 1395 3875 injurias,
1440 3814 1629 3879 utpote
1690 3808 1957 3880 privilegia
2000 3808 2117 3878 ejus

516 3900 858 3973 transgressi,
891 3908 1198 3970 cateraque
1228 3900 1281 3953 in
1308 3901 1505 3970 quibus
1546 3900 1800 3955 abbatem
1844 3908 1897 3954 et
1924 3915 2118 3955 mona-

516 3995 743 4051 sterium
781 3994 897 4065 ejus
926 3993 1159 4064 indignis
1188 3992 1586 4048 offensionibus
1631 3994 1905 4061 laserunt,
1949 3994 2115 4064 digna

520 4089 843 4159 resipuerint
890 4085 1269 4143 satisfactione
1310 4087 1627 4155 emendare,
1679 4096 1863 4142 nostra
1894 4097 2119 4159 aposto-

519 4182 619 4238 lica
649 4180 966 4237 auctoritate
991 4180 1126 4252 jussi
1156 4188 1321 4251 atque
1362 4179 1573 4235 suffulti
1614 4196 1709 4235 eos
1751 4181 2119 4241 anathematis

518 4275 699 4347 gladio
744 4290 1029 4345 percussos
1080 4289 1111 4328 a
1154 4290 1381 4344 corpore
1428 4282 1480 4328 et
1519 4275 1907 4329 communione
1951 4277 2119 4333 totius

520 4368 775 4425 Ecclesia
812 4376 1079 4439 separate.
1129 4376 1181 4422 et
1210 4368 1472 4422 canonico
1498 4367 1702 4439 judicio
1730 4370 2113 4425 condemnate.

517 4462 799 4535 Quidquid
827 4472 1015 4516 autem
1047 4461 1171 4515 inde
1216 4458 1420 4515 factum
1462 4460 1641 4529 fuerit,
1696 4462 1852 4517 nobis
1893 4479 1987 4534 per
2024 4479 2117 4519 ve-

517 4560 656 4606 stras
683 4552 883 4605 litteras
912 4550 1026 4603 sine
1057 4564 1211 4604 mora
1243 4548 1539 4604 notilicate.

590 4642 730 4695 Data
775 4643 970 4695 Roma
1013 4639 1175 4694 tertio
1226 4637 1358 4693 Idus
1426 4641 1769 4709 Novembris,
1821 4640 2116 4698 indictione

517 4727 728 4784 decima
750 4731 909 4783 tertia

1055 4814 1402 4868 EPISTOLA
1421 4815 1576 4869 XVI.

590 4917 670 4957 AD
685 4917 1028 4960 BICHERIUM
1050 4917 1447 4959 ςΒΝοΝεΝεΒΜ
1471 4920 2039 4964 ABGHIEPISCOPUM.

1125 4992 1309 5063 (Anno
1327 5002 1339 5047 I
1357 4998 1511 5059 074.)

704 5084 772 5135 De
797 5080 1102 5134 hominibus
1132 5082 1222 5133 sui
1257 5083 1593 5149 episcopatus
1621 5098 1655 5134 a
1684 5083 1932 5150 paribus.

588 5167 976 5232 GBBGOBIUS,
1004 5174 1108 5220 etc.
1133 5206 1148 5231 ,
1190 5170 1493 5222 RICBEBIO
1513 5170 1815 5225 Senonensi
1845 5169 2113 5241 archiepi-

519 5269 685 5324 scopo
713 5255 969 5320 salutem,
1000 5262 1105 5309 etc.

590 5346 725 5397 Data
768 5346 965 5399 Roma
993 5344 1153 5398 tertio
1186 5342 1314 5399 ldus
1338 5344 1662 5400 Novembris
1687 5345 1981 5403 indictione
2018 5351 2113 5404 de-

518 5430 666 5486 cima
697 5434 881 5487 tertia.

1027 5516 1377 5570 EPISTOLA
1424 5518 1606 5572 XVII.

890 5618 971 5659 AD
1002 5618 1397 5660 SIGEBALDUM
1425 5620 1729 5662 ΑΒΒΑἸἙἊ.

1120 5692 1300 5763 (Anno
1334 5697 1515 5763 1074.)

515 5781 717 5848 Arguit
746 5780 889 5850 quod
915 5780 1024 5835 sibi
1043 5784 1275 5837 suaserit
1323 5788 1384 5837 ut
1419 5784 1727 5837 Albericum
1774 5784 2110 5837 monasterio

2223 3264 2403 3319 tertia.

2720 3347 3076 3401 EPISTOLA
3106 3346 3315 3400 XVIII.

2370 3457 2451 3496 AD
2482 3455 2885 3497 ϐυιιιιζωίυιί
2913 3453 3191 3495 COMITBM
3217 3452 3668 3495 PICTAVBNSBI.

2814 3537 3006 3605 (Anno
3053 3537 3232 3596 1074.)

2230 3634 2298 3687 Ut
2350 3646 2459 3683 una
2502 3644 2618 3683 cum
2662 3630 2921 3699 episcopis
2979 3642 3047 3681 ac
3084 3626 3351 3681 nobilibus
3379 3628 3537 3693 regni
3573 3629 3819 3681 Francia

2296 3702 2584 3755 admoneat
2613 3702 2921 3769 Philippum
2947 3714 3119 3767 regem
3143 3700 3398 3753 desistere
3438 3714 3471 3749 a
3501 3699 3820 3763 confusione

2295 3775 2639 3825 ecclesiarum
2678 3778 2840 3840 atque
2880 3788 2913 3823 a
2959 3769 3459 3838 deprtedationibus
3507 3788 3523 3819 :
3573 3770 3819 3837 alioquin

2296 3847 2471 3912 ipsum
2500 3858 2695 3911 regem,
2742 3849 2791 3896 et
2816 3856 3157 3910 quoscunque
3195 3843 3245 3893 ei
3270 3840 3623 3893 obedientiam
3666 3855 3818 3908 pra:-

2292 3919 2513 3976 stantes,
2540 3916 2784 3968 minatur
2812 3929 2866 3967 se
2896 3914 3502 3967 excommunicaturum.

2292 4009 2639 4063 Gneoonws
2708 4006 3017 4079 episcopus,
3086 4020 3276 4060 servus
3330 4019 3614 4058 servorum
3696 4003 3815 4070 Dei,

2225 4103 2567 4157 GUILIELMO
2609 4100 2797 4155 comiti
2831 4098 3147 4166 Pictavensi,
3186 4099 3421 4153 salutem
3468 4106 3520 4152 et
3556 4096 3819 4167 apostoli-

2226 4210 2344 4249 cam
2378 4193 2831 4249 benedictionem.

2298 4288 2453 4341 Licet
2507 4287 2733 4357 Philippi
2782 4286 2925 4357 regis
2966 4286 3304 4341 Francorum
3377 4283 3692 4356 iniquitates
3746 4283 3816 4338 ad

2223 4380 2475 4435 notitiam
2538 4389 2693 4434 tuam
2756 4379 3065 4449 pervenisse
3129 4377 3492 4435 dubitandum
3555 4392 3666 4432 non
3722 4377 3813 4444 sit,

2227 4474 2354 4528 utile
2389 4482 2574 4528 tamen
2624 4472 2901 4539 duximus,
2944 4482 3208 4545 quantum
3257 4472 3323 4526 de
3355 4470 3562 4526 eisdem
3610 4471 3815 4541 iniqui—

2144 4539 2192 4600 D
2228 4568 2432 4623 tatibus
2476 4566 2779 4632 doleamus,
2830 4566 2925 4621 tibi
2961 4539 3324 4621 innotescere.
3360 4567 3498 4620 Nam
3533 4562 3673 4619 inter
3704 4539 3815 4620 ca-

2230 4669 2341 4716 tera
2388 4660 2612 4729 scelera,
2658 4661 2859 4733 quibus
2928 4675 3040 4715 non
3102 4660 3283 4714 solum
3328 4657 3669 4714 Christianos
3719 4658 3818 4713 sed

2227 4763 2280 4811 et
2340 4771 2578 4827 paganos
2635 4753 2847 4810 videtur
2892 4768 3174 4824 superasse
3214 4752 3500 4824 principes,
3562 4759 3685 4823 post
3729 4767 3818 4807 ec-

2223 4848 2534 4915 clesiarum,
2608 4863 2743 4919 quas
2814 4846 2913 4902 sibi
2983 4846 3133 4901 licuit
3198 4844 3558 4911 confundere,
3639 4846 3819 4901 varias

2224 4941 2645 5008 destructiones,
2725 4940 2864 4996 adeo
2940 4939 3101 5010 regia
3149 4938 3428 5010 dignitatis
3501 4937 3822 5010 posthabuit

2225 5034 2637 5101 verecundiam,
2662 5042 2739 5099 ut,
2771 5032 2999 5088 avaritia
3030 5033 3211 5104 potius
3234 5032 3614 5087 inﬂammante
3644 5047 3816 5102 quam

2224 5129 2431 5184 ratione
2476 5128 2654 5197 aliqua
2702 5134 2973 5197 poscente,
3020 5125 3185 5182 Italia
3228 5126 3597 5197 negotiatores
3622 5125 3714 5197 qui
3743 5125 3819 5181 ad

2226 5232 2405 5294 partes
2446 5229 2652 5275 vestras
2693 5227 2957 5275 venerant
2984 5218 3328 5291 depradatus
3359 5218 3542 5275 fuerit.
3598 5221 3714 5289 Qua
3746 5219 3816 5276 de

2226 5332 2305 5383 re,
2334 5314 2459 5387 quia
2491 5314 2774 5385 episcopos
2803 5313 3047 5368 Francia
3076 5313 3270 5368 litteris
3297 5313 3496 5368 nostris
3524 5328 3651 5367 eum
3687 5330 3819 5368 con-

2229 5408 2409 5463 venire
2449 5406 2784 5473 monuimus,
2830 5414 2884 5461 te
2924 5423 3145 5478 quoque
3192 5416 3443 5461 sanctum
3489 5409 3712 5461 Petrum
3762 5416 3819 5462 et

2227 5517 2328 5557 nos
2378 5516 2511 5573 pure
2560 5499 2901 5569 diligentem,
2959 5509 3013 5555 et
3072 5501 3150 5571 (ut
3214 5500 3512 5570 credimus)
3564 5499 3631 5556 de
3696 5500 3817 5571 ejus

2226 5595 2512 5652 nobiscum
2567 5594 2822 5665 periculis
2868 5594 3270 5659 contristatum,
3302 5594 3576 5665 praecipue
3623 5608 3817 5648 mone-

2227 5704 2370 5758 mus,
2415 5698 2684 5761 quatenus
2723 5705 2789 5746 ex
2812 5688 2912 5745 illis
2959 5696 3121 5761 atque
3163 5688 3530 5743 nobilioribus
3571 5687 3818 5743 Francia

2227 5783 2548 5840 melioribus
2598 5782 2930 5855 quibusdam
2983 5781 3243 5838 adhibitis
3290 5782 3619 5854 iniquitates
3680 5795 3818 5837 suas
