4144 6184
1372 206 1401 227 κ

290 311 395 364 37ῗ

1338 308 1566 365 LIBER
1605 309 1969 366 SECUNDUS.
2010 340 2082 351 —
2121 312 2325 368 EPIST.
2366 312 2514 367 XXII.

3485 320 3586 373 3'78

285 432 387 487 sibi
437 431 751 498 notiﬁcetis,
801 439 855 487 et
881 439 946 486 ut
975 430 1092 503 ipse
1119 432 1411 487 stultorum
1441 434 1884 505 suggestionibus
1913 440 1966 501 Α
2066 439 2243 504 facere
2293 438 2647 499 recusaverit,
2695 440 3015 493 canonicam
3046 441 3103 493 in
3149 456 3267 495 eum
3309 456 3585 497 censuram

284 525 650 582 renuntiando
692 533 855 596 atque
884 526 1160 582 bonorum
1198 534 1254 580 et
1284 526 1615 597 sapientium
1638 527 1880 585 consiliis

281 618 615 676 adhaerendo
660 619 879 691 incipiat
920 618 1037 690 jam
1085 635 1117 674 a
1161 619 1481 677 confusione
1531 622 1879 679 ecclesiarum

278 730 513 769 manum
541 712 837 779 retrahere,
868 720 922 768 et
940 711 1011 768 ad
1035 714 1314 785 exemplar
1341 714 1613 771 bonorum
1639 716 1878 772 Francia:

275 822 476 879 regum
528 822 719 879 pravos
772 822 957 862 mores
1019 822 1149 862 suos
1192 817 1553 877 commutare,
1600 809 1878 880 depraeda-

271 901 463 956 tiones
487 915 623 971 quas
647 916 809 971 supra
838 901 1416 970 commemoravimus,
1462 902 1605 959 unde
1631 912 1879 960 oratores

271 995 448 1049 sancti
490 994 631 1049 Petri
680 993 1072 1065 impediuntur,
1126 994 1416 1067 capiuntur
1468 1004 1631 1067 atque
1691 997 1879 1053 multis

271 1088 461 1143 modis
504 1086 842 1154 afﬁciuntur,
893 1087 1006 1143 sine
1043 1086 1301 1144 dilatione
1343 1090 1652 1146 emendare.
1695 1092 1799 1162 Qui
1831 1092 1877 1145 si

268 1182 521 1237 consiliis
560 1182 755 1237 vestris
784 1182 1135 1253 acquieverit,
1166 1198 1273 1238 nos
1315 1199 1442 1238 eum
1476 1200 1584 1253 qua
1612 1184 1878 1240 debemus

266 1275 545 1331 charitate
589 1275 947 1331 tractabimus
1003 1295 1015 1331 :
1061 1276 1322 1347 alioquin,
1353 1277 1398 1332 si
1444 1278 1495 1331 in
1529 1277 1876 1349 perversitate

262 1370 580 1425 studiorum
610 1385 841 1425 suorum
883 1368 1273 1441 perduraverit,
1316 1379 1371 1425 et
1416 1370 1722 1427 secundum
1773 1371 1872 1427 du-

264 1462 459 1518 ritiam
498 1471 554 1518 et
590 1461 942 1533 impoenitens
971 1477 1068 1517 cor
1098 1479 1258 1518 suum
1296 1463 1435 1518 iram
1466 1464 1567 1518 Dei
1595 1473 1651 1519 et
1697 1465 1873 1520 sancti

266 1557 419 1612 Petri
466 1556 566 1612 sibi
616 1556 1078 1622 thesaurizaverit,
1125 1572 1262 1625 nos,
1310 1560 1431 1613 Deo
1480 1557 1771 1613 auxiliante
1822 1566 1877 1614 et

264 1650 516 1722 nequitia
583 1665 680 1705 sua
743 1658 1112 1721 promerente,
1161 1649 1216 1705 in
1267 1653 1517 1707 Romana
1570 1651 1785 1724 synodo
1841 1668 1871 1707 a

263 1759 509 1816 corpore
562 1752 617 1798 et
671 1744 1056 1799 communione
1108 1753 1309 1801 sanctae
1362 1744 1619 1801 Ecclesia:
1663 1746 1869 1817 ipsum,

2066 525 2305 563 emere-ere
2347 508 2517 576 jubet.

2059 603 2398 657 Gnsconws
2471 602 2781 673 episcopus,
2854 619 3042 659 servus
3098 620 3383 661 servorum
3457 607 3584 674 Dei,

1987 697 2292 751 chnsmo
2326 696 2620 751 Senonensi
2654 696 3082 769 archiepiscopo,
3116 700 3349 755 salutem
3380 710 3435 755 et
3458 716 3583 771 apo-

1987 789 2233 843 stolicam
2266 789 2724 844 benedictionem.

2058 881 2350 938 Confrater
2396 891 2584 937 noster
2642 882 2975 955 Rodulphus
3023 887 3361 942 Turonensis
3401 885 3579 941 archi-

1987 976 2295 1047 episcopus,
2326 976 2545 1032 veniens
2573 976 2643 1032 ad
2672 994 2795 1043 nos,
2835 978 3071 1034 innotuit
3108 996 3165 1035 se
3208 996 3317 1034 non
3362 996 3578 1051 parvam

1986 1068 2243 1141 injuriam
2289 1086 2325 1129 a,
2349 1070 2588 1141 quodam
2638 1071 2969 1143 parochiano
3009 1081 3125 1139 tuo,
3180 1074 3403 1129 nomine
3442 1076 3581 1127 Lan-

1985 1163 2181 1227 zelino,
2229 1164 2565 1219 sustinuisse.
2610 1166 2818 1219 Asserit
2864 1166 3010 1220 enim
3042 1166 3217 1237 ipsum
3250 1168 3300 1221 in
3348 1168 3431 1221 via
3476 1167 3578 1222 sibi

1984 1264 2191 1310 armata
2220 1272 2388 1311 manu
2434 1257 2704 1325 obviasse,
2750 1267 2804 1313 et
2845 1259 3173 1330 quibusdam
3224 1275 3451 1315 suorum
3481 1260 3574 1315 de-

1987 1350 2262 1421 przndatis,
2308 1349 2668 1422 quisbusdam
2715 1353 2887 1407 etiam
2934 1353 3271 1420 vulneratis,
3314 1362 3367 1408 et
3408 1353 3575 1424 (quod

1986 1443 2259 1498 crudelius
2306 1446 2405 1513 est)
2438 1444 2494 1499 in
2524 1443 2719 1500 faciem
2756 1462 2856 1501 suo
2906 1446 3129 1518 proprio
3177 1447 3576 1517 consanguineo

1986 1535 2291 1603 interfecto,
2368 1538 2557 1593 multis
2623 1540 2968 1594 contumeliis
3036 1556 3095 1595 se
3165 1540 3574 1595 dehonestasse.

1987 1629 2145 1685 Unde
2176 1628 2570 1685 fraternitatem
2601 1640 2753 1686 tuam
2796 1632 3159 1688 admonemus
3188 1642 3251 1687 ut
3282 1631 3574 1703 prmfatum

1980 1724 2339 1779 Lanzelinum
2391 1724 2703 1791 convenias,
2757 1734 2811 1781 et
2856 1725 2991 1781 tanti
3038 1725 3259 1781 sceleris
3313 1740 3574 1795 praesum-

260 1848 322 1893 et
356 1835 710 1909 quincunque
750 1837 849 1892 sibi
895 1837 1138 1907 regalem
1176 1837 1445 1893 honorem
1502 1838 1581 1893 vel
1615 1816 1866 1894 obedien-
1901 1860 1947 1921 B
1982 1816 2228 1921 Ρίίοξξθω
2253 1817 2414 1921 digne
2450 1818 2744 1921 f’menfmre
2775 1818 2941 1874 faeias
2972 1837 2984 1873 ⁵
3013 1818 3162 1921 quo?
3201 1817 3426 1890 (ιυίάθηι
3470 1817 3575 1921 frf“

259 1929 400 1985 tiam
477 1928 817 1997 exhibuerit,
884 1930 999 1985 sine
1046 1930 1219 1985 dubio
1283 1931 1763 2002 sequestrabimus,
1818 1941 1871 1988 et

259 2024 381 2095 ejus
429 2022 674 2095 quotidie
714 2038 878 2094 super
919 2024 1087 2079 altare
1135 2025 1307 2079 sancti
1348 2025 1492 2081 Petri
1551 2041 1870 2081 excommu-

261 2117 469 2172 nicatio
496 2117 932 2173 conﬁrmabitur.
967 2117 1075 2173 Diu
1109 2125 1192 2173 est
1224 2118 1370 2173 enim
1393 2118 1540 2189 quod
1564 2118 1872 2190 iniquitates

255 2226 389 2265 suas
448 2210 810 2282 portavimus;
867 2210 964 2267 diu
1034 2220 1116 2266 est
1164 2211 1310 2282 quod
1357 2220 1562 2268 sanctae
1612 2212 1869 2269 Ecclesia:

254 2304 518 2376 injuriam
580 2303 852 2375 parcendo
903 2303 1280 2361 adolescentiae
1343 2321 1457 2360 suae
1508 2305 1869 2361 dissimulavi-

255 2414 403 2453 mus.
452 2399 607 2453 Nunc
634 2405 818 2453 autem
850 2398 989 2453 adeo
1020 2399 1348 2468 perversitas
1390 2414 1609 2454 morum
1640 2415 1867 2455 suorum

254 2506 317 2546 se
355 2491 660 2547 notabilem
702 2490 962 2558 reddidit,
1012 2499 1071 2546 ut
1100 2491 1145 2547 si
1194 2498 1359 2547 tanta:
1403 2492 1724 2548 valetudinis
1750 2501 1866 2547 tan-

252 2594 439 2655 taeque
478 2583 819 2640 fortitudinis
862 2594 1029 2654 esset,
1070 2594 1337 2656 quantum
1390 2586 1584 2658 pagani
1629 2586 1867 2657 impera-

251 2686 406 2733 tores
472 2677 676 2733 sanctis
728 2679 1059 2751 martyribus
1130 2678 1450 2748 intulerunt,
1509 2695 1611 2734 nos
1670 2679 1867 2735 timore

250 2772 448 2842 aliquo
495 2780 581 2826 tot
632 2780 685 2826 et
739 2780 918 2828 tantas
966 2772 1279 2844 iniquitates
1325 2788 1453 2829 suas
1503 2773 1654 2828 nullo
1700 2772 1865 2830 modo

251 2865 552 2936 impunitas
578 2864 1007 2922 dimitteremus.

328 2960 460 3013 Data
490 2961 687 3015 Romae
727 2958 915 3015 Idibus
944 2958 1287 3026 Novembris,
1322 2958 1625 3015 indictione
1653 2958 1864 3015 decima

250 3052 442 3108 tertio.

775 3148 1128 3203 EPISTOLA
1172 3148 1337 3202 XIX.

380 3266 450 3304 AD
490 3266 797 3305 BICHARDUM
834 3266 1212 3305 BITURICENSEM
1251 3265 1725 3305 ARCHIEPISCOPUM.

847 3356 1027 3417 (Anno
1080 3355 1259 3421 1074).

247 3456 532 3524 Signiﬁcat
572 3470 627 3509 se
687 3456 739 3508 ei
781 3460 832 3509 et
892 3457 1185 3509 Turonensi
1245 3456 1639 3525 archiepiscopo
1708 3456 1855 3509 litem

316 3530 469 3581 inter
525 3528 795 3582 Dolensem
846 3529 1229 3581 monasterium
1278 3533 1328 3581 et
1369 3528 1619 3581 abbatem
1673 3528 1857 3582 Sancti

314 3598 549 3668 Sulpitii
572 3600 908 3658 commisisse,
958 3603 1237 3667 monetque
1276 3603 1338 3652 ut
1366 3614 1479 3652 eam
1508 3598 1741 3652 decidat.

314 3701 681 3756 Gnenonns
752 3700 1066 3771 episcopus,
1133 3715 1323 3755 servus
1376 3715 1659 3756 servorum
1712 3700 1845 3764 Dei,

248 3796 583 3849 Rlcrunno
606 3793 937 3847 Bituricensi
965 3792 1367 3864 archiepiscOpo
1391 3794 1623 3849 salutem
1651 3801 1849 3863 etapo-

250 3887 496 3941 stolicam
545 3884 994 3941 benedictionem.

317 3983 550 4035 Dolense
580 3980 1007 4046 monasterium,
1045 3979 1179 4034 sicut
1211 3979 1364 4033 novit
1391 3978 1701 4035 fraternitas
1732 3988 1847 4045 tua,

234 4073 376 4143 juris
417 4074 588 4128 sancti
639 4073 777 4127 Petri
835 4088 954 4127 esse
996 4072 1355 4144 dignoscitur,
1403 4073 1489 4127 cui
1538 4073 1579 4126 si
1628 4072 1847 4143 aliquod

243 4167 536 4221 discrimen
579 4164 901 4234 inferretur,
949 4166 1164 4237 speciali
1213 4165 1581 4220 sollicitudine
1628 4181 1847 4220 succur-

244 4276 357 4314 rere
396 4260 686 4316 debemus.
746 4259 981 4316 Proinde
1028 4259 1455 4331 proclamatione
1489 4260 1683 4331 ipsius,
1726 4275 1842 4314 mo-

244 4354 457 4408 nasterii
526 4369 693 4424 super
738 4353 931 4408 abbate
983 4354 1160 4408 Sancti
1227 4353 1444 4423 Sulpitii
1512 4352 1845 4424 jamdudum

245 4447 434 4516 pulsati
508 4447 889 4502 commisimus
966 4445 1227 4501 confratri
1288 4454 1478 4501 nostro
1551 4445 1846 4517 Bodulpho

242 4540 550 4595 Turonensi
583 4539 993 4611 archiepiscopo
1022 4542 1385 4611 qumstionem
1416 4541 1698 4611 utriusque
1730 4555 1848 4594 mo-

243 4634 460 4688 nasterii
522 4648 629 4688 una
675 4641 855 4689 tecum
910 4634 1201 4706 diligenter
1279 4632 1582 4697 discutere,
1655 4640 1709 4688 et
1775 4632 1920 4693 adD

244 4726 568 4799 legitimum,
620 4729 734 4781 Deo
762 4727 1077 4795 auxiliante,
1123 4725 1452 4782 definitionis
1496 4726 1663 4781 finem
1719 4741 1839 4797 per-

243 4819 453 4875 ducere.
548 4819 778 4876 Studeat
851 4820 1019 4892 igitur
1094 4818 1402 4874 fraternitas
1467 4828 1559 4875 tua
1634 4819 1708 4874 sic
1782 4835 1839 4874 se

246 4913 465 4982 praefato
496 4912 761 4969 confratri
806 4921 997 4969 nostro
1031 4914 1085 4967 in
1129 4913 1230 4968 hac
1255 4928 1415 4968 causa
1446 4913 1837 4968 auxiliatricem

243 5005 572 5078 impendere,
618 5016 887 5079 quatenus
917 5007 973 5061 in
1026 5006 1368 5077 inquisitione
1400 5005 1565 5077 hujus
1614 5006 1694 5061 rei
1724 5022 1838 5061 non

242 5099 306 5153 sit
343 5101 503 5156 nobis
555 5101 930 5156 necessarium
977 5099 1281 5155 elaborare.

304 5196 447 5250 Data
472 5196 673 5250 Romae
695 5193 912 5250 decimo
935 5194 1169 5265 septimo
1190 5191 1466 5249 Kalendas
1492 5192 1833 5262 Decembris,

243 5285 531 5344 indictione
583 5286 798 5344 decima
840 5288 1018 5343 tertia.

763 5399 1120 5453 EPISTULA
1171 5400 1304 5454 XX.

269 5515 345 5557 AD
378 5516 742 5559 BICHBBIUH
781 5516 1190 5557 SBNONBNSBM
1221 5516 1788 5560 ARCHIBPISCOPUM.

820 5603 1004 5674 (Anno
1056 5608 1234 5671 1074).

240 5715 300 5768 Ut
346 5732 383 5769 a
411 5716 708 5771 Lanzelino
746 5716 1072 5785 parochiam
1114 5730 1231 5777 suo,
1264 5718 1361 5785 qui
1397 5716 1574 5770 multa
1624 5716 1823 5771 scelera

295 5788 354 5840 in
408 5788 868 5856 archiepiscopum
925 5789 1277 5843 Turonenscm
1317 5792 1683 5857 perpetrarat,
1740 5788 1823 5842 di-

294 5874 461 5926 gnam
492 5858 913 5913 emendationem
939 5861 1241 5926 faciendam
1270 5864 1414 5913 curet
1439 5878 1455 5913 :
1487 5859 1631 5929 quod
1656 5860 1707 5913 si
1732 5858 1823 5915 ille

1979 1911 2207 1966 ternitas
2252 1919 2351 1966 tua
2398 1912 2567 1967 etiam
2592 1913 2707 1968 sine
2759 1922 3075 1968 nostrarum
3126 1913 3432 1968 litterarum
3470 1913 3573 1968 ad-

1972 2003 2275 2059 monitione
2306 2003 2485 2060 facere
2519 2004 2826 2074 debuisset;
2859 2017 2912 2061 et
2940 2006 2983 2060 si
3013 2007 3087 2061 ita
3118 2014 3217 2073 est,
3263 2015 3323 2060 ut
3349 2004 3570 2069 dicitur,

1970 2098 2119 2167 prius
2160 2100 2224 2152 ad
2270 2114 2372 2152 nos
2403 2099 2655 2155 vindicta:
2703 2116 2874 2171 quam
2926 2099 3365 2170 proclamationis
3395 2099 3572 2154 venire

1970 2189 2114 2246 fama
2163 2191 2460 2259 debuisset,
2512 2193 2555 2248 si
2609 2194 2661 2247 in
2692 2202 2743 2248 te
2791 2194 3029 2249 fraterna
3079 2193 3316 2249 charitas
3346 2192 3565 2265 vigeret.

1970 2283 2131 2353 Quod
2184 2284 2227 2341 si
2281 2286 2396 2357 ipse
2437 2286 2630 2359 spiritu
2679 2288 2950 2359 superbiae
3000 2287 3201 2343 ductus
3258 2285 3570 2342 satisfacere

1968 2379 2318 2447 recusaverit,
2349 2381 2671 2436 canonicam
2717 2395 2879 2453 super
2924 2397 3050 2436 eum
3096 2394 3385 2437 censuram
3414 2395 3569 2435 exer-

1965 2487 2087 2527 cere
2112 2488 2225 2528 non
2249 2472 2490 2529 differas.

2040 2568 2178 2620 Data
2200 2569 2398 2623 Romae
2432 2567 2650 2623 decimo
2677 2567 2911 2639 septimo
2937 2567 3214 2623 Kalendas
3245 2564 3569 2623 Decembris

1966 2657 2259 2714 indictione
2289 2659 2499 2715 decima
2525 2660 2711 2716 tertia.

2489 2751 2839 2806 EPISTOLA
2884 2752 3051 2806 XXI.

2286 2852 2368 2892 AD
2409 2853 2697 2895 ABBATEK
2736 2853 3229 2896 BBLLILOCBNSBM
3239 2880 3253 2894 .

2563 2932 2743 2991 (Anno
2793 2930 2976 2995 1074.)

1972 3016 2039 3069 Ut
2067 3017 2464 3086 archiepiscopo
2495 3020 2791 3071 Turonensi
2806 3022 3031 3087 pareat;
3060 3019 3144 3071 sin
3170 3017 3412 3086 aliquam
3440 3018 3558 3071 ido-

2040 3101 2194 3140 neam
2231 3091 2626 3142 excusationem
2652 3090 2871 3151 habeat,
2913 3090 2987 3143 ad
3015 3088 3277 3157 synodum
3310 3105 3419 3142 una
3444 3105 3560 3142 cum

2032 3162 2221 3213 nuntio
2268 3162 2442 3229 ipsius
2492 3162 2879 3230 archiepiscOpi
2942 3163 3155 3225 veniat,
3198 3162 3279 3215 vel
3343 3162 3559 3214 nuntios

1893 3245 1936 3305 ρ
2036 3233 2238 3296 mittat,
2272 3231 2337 3285 de
2380 3246 2483 3285 sua
2510 3232 2877 3286 inobedientia
2901 3237 2951 3286 et
2990 3234 3205 3301 objectis
3247 3231 3562 3286 criminibus

2040 3316 2419 3370 responsurus.

2036 3392 2391 3446 Gasnonws
2420 3391 2725 3462 episcopus,
2763 3407 2953 3447 servus
2989 3406 3274 3446 servorum
3313 3390 3435 3458 Dei,
3462 3390 3555 3446 ab-

1964 3481 2071 3537 bati
2128 3484 2485 3550 Bellilocensi,
2540 3484 2773 3539 salutem
2825 3493 2879 3540 et
2933 3484 3286 3555 apostolicam
3336 3483 3560 3540 benedi-

1960 3575 2218 3631 ctionem.

2031 3668 2321 3725 Confrater
2382 3678 2567 3725 noster
2612 3670 2939 3743 Rodulphus
2990 3672 3325 3727 Turonensis
3380 3672 3554 3727 archi-

1960 3762 2248 3833 episc0pus
2277 3765 2465 3819 retulit
2500 3764 2659 3819 nobis
2699 3772 2753 3819 te
2790 3766 2997 3820 nullam
3044 3765 3142 3820 sibi
3185 3764 3551 3821 obedientiam

1960 3856 2093 3911 velle
2128 3856 2461 3928 impendere,
2510 3867 2673 3929 teque
2703 3859 2879 3914 usuris
2908 3860 3231 3930 caeterisque
3260 3859 3555 3916 sceleribus

1958 3949 2219 4005 effrenata
2250 3953 2462 4007 licentia
2490 3952 2793 4008 deservire.
2820 3955 3165 4023 Quapropter
3193 3952 3555 4008 admonemus

1958 4048 2017 4094 ut
2054 4040 2314 4111 praedicto
2344 4040 2605 4096 confratri
2640 4049 2827 4097 nostro
2869 4041 3113 4096 debitam
3166 4058 3276 4096 non
3315 4042 3552 4114 deneges

1957 4127 2359 4184 obedientiam.
2411 4129 2568 4201 Quod
2621 4130 2666 4184 si
2724 4130 2966 4201 aliquam
3005 4140 3056 4185 te
3106 4131 3389 4202 cognoscis
3432 4130 3549 4185 ido-

1957 4232 2113 4272 neam
2162 4234 2316 4288 posse
2360 4218 2701 4290 praetendere
2748 4220 3171 4287 excusationem,
3227 4235 3357 4274 cum
3406 4235 3546 4288 prac-

1956 4304 2085 4359 dicti
2126 4305 2416 4361 confratris
2456 4309 2629 4361 nostri
2666 4308 2862 4362 nuntio
2882 4306 2953 4361 ad
2984 4306 3260 4380 synodum
3290 4323 3461 4378 quam
3492 4309 3545 4363 in

1955 4395 2133 4464 prima
2164 4395 2464 4466 septimana
2492 4396 2940 4467 Quadragesimaa
2970 4396 3299 4451 celebraturi
3331 4412 3546 4465 sumus,

1958 4486 2159 4551 venias,
2189 4487 2268 4541 vel
2309 4486 2542 4543 idoneos
2586 4488 2807 4542 nuntios
2837 4487 3018 4541 mittas
3056 4504 3070 4541 :
3106 4495 3372 4558 quatenus
3401 4494 3454 4540 et
3480 4486 3548 4543 de

1955 4573 2316 4631 inobedientia
2379 4577 2796 4648 archiepiscopi,
2859 4586 2916 4632 et
2960 4576 3028 4631 de
3079 4576 3405 4631 criminibus
3453 4575 3552 4634 tibi

1953 4663 2185 4734 objectis
2214 4666 2565 4735 respondeas.
2609 4668 2730 4721 Non
2763 4666 2908 4720 enim
2951 4680 3263 4736 possumus,
3313 4664 3461 4737 quod
3492 4666 3546 4722 in

1953 4753 2099 4807 laicis
2158 4754 2395 4824 Iegaliter
2443 4754 2930 4825 reprehendimus,
2978 4756 3032 4809 in
3066 4762 3117 4809 te
3163 4754 3543 4823 indiscussum,

1946 4850 1999 4896 et
2028 4843 2089 4906 (si
2119 4859 2307 4898 verum
2338 4851 2421 4898 est
2447 4844 2593 4915 quod
2622 4843 2873 4914 infertur)
2915 4844 3035 4901 sine
3074 4844 3347 4917 condigna
3384 4861 3541 4916 paena

1945 4931 2283 5001 puniendum
2326 4932 2658 5003 relinquere.

2016 5023 2150 5074 Data
2177 5023 2371 5076 Roma:
2396 5021 2609 5077 decimo
2643 5023 2879 5094 septimo
2900 5022 3177 5079 Kalendas
3197 5023 3538 5095 Decembris,

1943 5098 2239 5165 indictione
2262 5110 2471 5166 decima
2511 5112 2685 5167 tertia.

2442 5203 2786 5258 EPISTOLA
2841 5204 3034 5259 XXII.

2182 5304 2266 5345 AD
2308 5305 2613 5347 HUGONEM
2655 5309 2734 5347 DB
2774 5307 3017 5349 SANCTA
3057 5305 3298 5349 MAUBA.

2525 5383 2710 5441 (Anno
2769 5387 2949 5449 1074.)

1945 5469 2012 5520 Ut
2048 5466 2195 5535 juste
2244 5472 2449 5523 retenta
2491 5472 2717 5526 ecclesia:
2753 5474 3073 5526 Turonensis
3105 5472 3238 5525 bona
3268 5474 3534 5537 archiepi-

2005 5553 2163 5613 scopo
2198 5539 2410 5606 reddat,
2459 5546 2528 5603 et,
2578 5547 2627 5596 si
2664 5544 2799 5613 quid
2845 5544 3029 5598 deberi
3062 5547 3233 5612 putet,
3267 5560 3383 5597 cum
3420 5545 3535 5612 ejus

2006 5612 2192 5663 nuntio
2232 5613 2451 5665 Romam
2483 5614 2557 5667 ad
2596 5612 2865 5684 synodum
2908 5617 3107 5680 veniat,
3154 5614 3398 5684 alioquin
3444 5629 3536 5667 ecc-

2003 5684 2491 5737 communicandas.

2002 5770 2361 5827 Gnaeonws
2435 5772 2747 5844 episcopus,
2804 5788 2992 5828 servus
3057 5786 3348 5827 servorum
3406 5771 3507 5825 Dei

1932 5859 2179 5918 HUGONI
2209 5861 2375 5917 militi
2404 5860 2472 5917 de
2501 5864 2701 5919 Sancta
2735 5863 2954 5915 Maura.
