4074 6172
519 264 619 317 379

1197 261 1252 315 S.
1297 259 1615 315 GREGORII
1655 259 1745 314 VII
1782 259 1976 314 ΡΑΡΕ
2015 258 2292 315 OPERUM
2333 261 2502 315 PARS
2541 262 2580 314 l.
2623 289 2692 301 -—
2730 259 3134 316 REGISTRUM.

3705 263 3809 317 380

590 384 878 442 Confrater
919 395 1103 440 noster
1152 383 1472 455 Rodulphus
1531 384 1864 438 Turonensis
1921 383 2104 439 archi—
2134 387 2186 448 Α
2219 383 2371 440 berto
2437 384 2732 441 Pictavensi
2795 386 3052 456 episcopo
3103 383 3464 451 mandavisse,
3519 382 3606 456 [ex
3647 399 3814 456 supe-

519 479 799 552 episcopus
833 477 1185 550 conqueritur
1240 476 1387 548 quod
1429 486 1492 533 tu
1545 477 1685 533 bona
1713 478 1969 534 Ecclesiae
1997 493 2113 534 suae

519 573 715 645 injuste
739 573 994 639 retineas,
1038 581 1094 627 et
1135 587 1315 642 neque
1344 572 1543 627 timore
1595 571 1718 640 Dei,
1768 588 1942 644 neque
1969 587 2115 627 reve-

519 665 689 722 rentia
736 666 876 720 beati
915 664 1173 730 Mauritii,
1225 664 1584 736 adjustitiam
1631 664 1941 720 faciendam
1984 665 2113 720 velis

521 767 761 814 mentem
785 766 934 814 tuam
963 759 1233 814 inclinare.
1267 757 1431 815 Unde
1453 759 1746 830 apostolica
1788 759 2114 814 auctoritate

519 867 825 914 monemus,
881 861 971 920 ut,
1013 852 1056 906 si
1118 854 1192 906 ita
1241 861 1344 918 est,
1394 851 1461 907 de
1513 852 1670 907 bonis
1735 853 1838 906 illis
1887 851 2112 923 dignam

515 944 941 1002 satisfactionem
992 945 1260 1017 pradicto
1310 945 1575 1002 confratri
1638 954 1827 1002 nostro
1882 945 2107 1002 offeras.

516 1039 676 1110 Quod
711 1039 755 1095 si
792 1039 1022 1095 fortasse
1051 1039 1118 1094 ab
1159 1038 1362 1094 eodem
1394 1040 1803 1112 archiepiscOpo
1848 1039 2109 1112 praejudi-

516 1134 667 1188 cium
715 1133 809 1188 tibi
850 1133 967 1187 ﬁeri
998 1132 1278 1201 claruerit,
1329 1149 1456 1188 cum
1506 1135 1696 1189 nuntio
1748 1133 1815 1188 ad
1866 1133 2112 1190 futuram

513 1227 789 1298 synodum
837 1233 1083 1280 nostram
1125 1225 1327 1293 venias,
1375 1234 1662 1297 quatenus,
1715 1227 1973 1299 utrinque
2013 1243 2114 1283 au-

512 1318 646 1374 ditis
694 1317 1020 1386 rationibus,
1073 1319 1449 1390 unusquisque
1510 1327 1749 1375 vestrum
1820 1306 2115 1391 proclama-

516 1413 680 1466 tionis
729 1427 842 1468 suae
885 1412 1161 1483 justitiam
1228 1421 1611 1484 consequatur.
1670 1414 1831 1482 Quod
1879 1413 1922 1468 si
1990 1414 2115 1470 huic

515 1505 874 1561 admonitioni
923 1515 1131 1562 nostrae
1192 1506 1516 1562 inobediens
1567 1506 1757 1574 fueris,
1812 1506 1864 1561 in
1915 1506 2114 1563 eadem

517 1597 750 1670 synodo,
790 1598 859 1654 ad
904 1615 1070 1670 quam
1109 1608 1165 1656 te
1205 1617 1486 1669 vocamus,
1529 1601 1647 1656 sine
1676 1600 1845 1656 dubio
1884 1617 2110 1656 excom-

517 1691 903 1748 municaberis.

589 1789 727 1842 Data
747 1788 946 1842 Romae
972 1785 1190 1842 decimo
1214 1786 1448 1858 septimo
1476 1786 1753 1844 Kalendas
1774 1787 2114 1856 Decembris,
2149 1777 2196 1840 B

519 1879 816 1937 indictione
866 1895 988 1937 xm
1003 1921 1018 1936 .

998 1986 1361 2042 EPISTOLA
1399 1987 1620 2042 XXIII.

605 2101 688 2142 AD
729 2101 1134 2143 ISEHBBBTUM
1175 2102 1616 2144 PICTAVENSEM
1657 2102 2030 2144 EPISCOPUM.

1105 2184 1292 2249 (Anno
1336 2187 1524 2248 1074.)

517 2284 806 2354 Conﬁrmat
857 2287 1203 2340 interdictum
1255 2304 1290 2341 a
1335 2303 1430 2342 suo
1471 2288 1644 2354 legato
1699 2288 1954 2343 adversus
1997 2305 2116 2343 eum

590 2359 818 2424 factum,
871 2364 922 2410 et
965 2375 1000 2411 a
1049 2374 1321 2412 sacrorum
1374 2361 1797 2429 participatione
1850 2361 2112 2427 excludit,

588 2444 754 2497 usque
779 2429 853 2481 ad
877 2430 1125 2495 futuram
1144 2430 1432 2498 synodum,
1463 2430 1535 2484 ad
1559 2447 1720 2500 quam
1740 2434 1924 2485 venire
1937 2432 2112 2501 jubet.

594 2532 954 2588 GnEGonlUs
1011 2532 1319 2603 episcopus,
1377 2538 1565 2588 servus
1628 2549 1914 2590 servorum
1991 2535 2112 2602 Dei,

485 2627 864 2707 .Isnueenro
907 2625 1210 2682 Pictavensi
1249 2626 1532 2698 episcopo.

549 2739 556 2752 -ι
593 2717 864 2786 Quoniam
935 2717 1254 2774 interdictus
1299 2735 1330 2774 a
1389 2719 1564 2791 legato
1647 2728 1838 2776 nostro
1885 2719 2113 2777 Giraldo

518 2812 753 2867 Ostiensi
794 2812 1047 2883 episcopo
1100 2811 1325 2868 obedire
1376 2813 1772 2883 contempsisti,
1825 2815 2111 2870 concilium

515 2913 704 2960 nostro
741 2914 1014 2977 prmeepto
1042 2915 1432 2979 congregatum
1455 2906 1722 2962 violenter
1749 2908 2112 2977 conturbasti,

511 2997 668 3054 nobis
707 3015 923 3070 quoque
973 3001 1065 3067 [f.,
1097 3000 1332 3066 nostris;
1379 3003 1599 3067 Mutin‘.,
1633 3001 1826 3056 matris
1871 3000 2111 3074 quoque]

517 3092 802 3163 praeceptis
830 3092 897 3148 de
942 3107 1105 3148 causa
1140 3094 1315 3147 sancti
1349 3093 1540 3148 Hilarii
1585 3093 1902 3149 inobediens
1947 3094 2112 3148 exsti-

2222 478 2367 534 riore
2415 477 2656 550 epistola]
2705 477 2962 549 quoniam
3009 476 3332 534 interdictus
3357 493 3388 533 a
3418 477 3592 550 legato
3622 486 3812 534 nostro

2221 571 2450 629 Giraldo
2494 572 2742 628 Ostiense
2769 572 3022 644 episcopo
3064 573 3254 642 (usque
3297 572 3371 626 ad
3396 573 3458 625 id
3493 573 3636 642 quod
3680 575 3810 626 ait:

2220 666 2423 737 absque
2463 681 2559 738 spe
2613 665 2811 722 futurae
2863 665 3328 721 reconciliationis
3375 664 3814 736 deponendum.)

2221 760 2378 832 Quod
2417 760 2462 815 si
2491 760 2778 815 observare
2822 760 3078 824 noluerit,
3110 759 3404 830 apostolica
3437 759 3591 814 vobis
3628 768 3816 814 aucto-

2221 855 2380 909 ritate
2423 855 2770 926 praacipimus
2811 863 2871 910 ut
2915 853 3097 909 nullus
3144 861 3386 909 vestrum
3425 853 3527 907 sibi
3571 852 3810 920 obediat,

2221 963 2398 1019 neque
2421 964 2549 1003 eum
2581 965 2676 1019 pro
2706 948 2958 1019 episcopo
2987 947 3201 1003 habeat.
3235 945 3352 1002 Tibi
3393 954 3602 1012 autem,
3631 947 3799 1002 Goze-

2221 1041 2329 1096 line
2364 1041 2773 1112 Burdigalensis
2813 1041 3239 1113 archiepiscope,
3289 1040 3682 1096 ecclesiasticas
3728 1056 3816 1096 res

2221 1135 2630 1190 committimus
2671 1135 3021 1203 tractandas;
3068 1134 3334 1206 populum
3381 1142 3438 1190 et
3481 1134 3690 1189 clerum
3741 1147 3814 1189 ne

2220 1227 2320 1284 sibi
2361 1228 2581 1284 obediat
2609 1244 2982 1284 commoneas.
3034 1229 3152 1283 Tibi
3194 1244 3348 1295 vero,
3386 1227 3684 1284 Guilielme
3714 1242 3807 1283 co-

2218 1337 2360 1393 mes,
2428 1321 2694 1394 justitiam
2753 1322 3040 1378 committo
3103 1319 3467 1388 tractandam,
3525 1329 3684 1391 atque
3755 1321 3814 1376 in

2222 1417 2415 1473 vestris
2468 1415 2715 1472 manibus
2759 1431 2976 1472 causam
3025 1415 3194 1471 sancti
3249 1413 3440 1470 Hilarii
3490 1413 3809 1486 regendam,

2222 1519 2278 1566 et
2298 1509 2567 1583 justitiam
2607 1509 2734 1565 inde
2773 1509 3138 1565 exhibendam
3177 1507 3598 1564 committimus.

2291 1605 2433 1658 Data
2485 1605 2682 1659 Romae
2720 1602 2934 1659 decimo
2962 1612 3116 1658 sexto
3159 1601 3436 1658 Kalendas
3472 1600 3813 1669 Decembris,

2220 1696 2515 1754 indictione
2539 1695 2750 1752 decima
2775 1697 2957 1752 tertia.

2724 1813 3070 1868 EPISTOLA
3119 1813 3302 1867 XXV.

2267 1945 2346 1986 AD
2387 1944 2688 1987 ANNONEM
2727 1943 3151 1987 COLONIENSEM
3191 1941 3759 1984 ARCHIBPISCOPUH.

2819 2050 3003 2112 (Anno
3045 2051 3224 2110 1074.)

2225 2169 2397 2222 Monet
2444 2169 2508 2219 ut
2563 2178 2780 2218 causam
2839 2166 2978 2218 inter
3021 2161 3466 2230 Osenburgensem
3519 2161 3819 2230 [Osnabur-

2293 2237 2529 2307 gensem]
2593 2238 2892 2305 episcopum
2935 2239 2984 2288 et
3044 2234 3405 2307 Corbeiensem
3469 2233 3712 2307 abbatem
3767 2239 3816 2307 et

2293 2306 2589 2378 quamdam
2641 2307 2973 2360 abbatissam
3029 2306 3097 2378 ab
3146 2306 3450 2374 apostolicis
3525 2306 3715 2372 legatis
3760 2306 3819 2378 rei

2294 2377 2625 2434 commissam
2659 2379 2900 2447 deﬁniat.
2937 2377 3086 2444 Quod
3125 2379 3174 2430 si
3197 2379 3456 2446 perﬁcere
3491 2392 3595 2430 non
3619 2377 3815 2444 possit,

2293 2456 2613 2505 commoneat
2641 2465 2723 2504 eos
2759 2449 2833 2503 ad
2865 2449 3130 2517 synodum
3169 2450 3373 2510 venire,
3409 2453 3674 2518 praterea
3714 2447 3820 2500 cle-

2292 2525 2418 2577 ricis
2455 2525 2754 2578 castitatem
2786 2521 3111 2576 servandam
3135 2520 3381 2574 inculcet.

2293 2639 2648 2694 Gneodnms
2682 2636 2982 2708 episcopus,
3025 2650 3212 2690 servus
3240 2649 3526 2690 servorum
3563 2634 3685 2699 Dei,
3712 2649 3824 2690 AN-

2223 2747 2375 2789 Nom
2407 2731 2716 2787 Coloniensi
2755 2729 3186 2800 archiepiscopo,
3218 2728 3449 2784 salutem
3475 2737 3530 2784 et
3557 2727 3820 2800 apostoli-

2222 2841 2344 2881 cam
2379 2824 2842 2880 benedictionem.

2293 2921 2371 2976 Ut
2415 2918 2692 2990 diligentia
2736 2925 2849 2982 tua,
2897 2916 3245 2972 dilectissime
3286 2915 3470 2985 frater,
3527 2915 3810 2972 reminisci

2223 3011 2422 3084 potest,
2456 3011 2617 3083 legati
2647 3011 2817 3066 nostri
2849 3009 3096 3067 Ubertus
3121 3009 3495 3066 Praenestinus
3539 3017 3591 3065 et
3625 3010 3813 3066 Giral-

2222 3105 2326 3161 dus
2365 3105 2634 3161 Ostiensis
2681 3104 2919 3176 episcopi
2949 3103 3018 3159 ad
3068 3111 3248 3175 partes
3293 3112 3500 3159 vestras
3536 3102 3814 3169 destinati,

519 3185 651 3249 tisti,
681 3185 1001 3242 auctoritate
1045 3185 1422 3257 apostolorum
1472 3187 1610 3241 Petri
1656 3195 1711 3241 et
1743 3187 1896 3242 Pauli
1940 3186 2105 3241 inter-
2136 3197 2180 3257 (3
2216 3201 2362 3254 mem
2390 3215 2512 3269 quae
2539 3199 2678 3254 inter
2717 3200 3035 3253 Βεηοοηεω
3065 3198 3548 3270 osenburgensem
3579 3197 3809 3265 [οεδιιιι-

514 3277 720 3334 dictum
763 3294 793 3332 a
855 3287 1042 3334 nostro
1095 3279 1272 3350 legato
1335 3280 1637 3351 episcopale
1695 3278 1943 3336 ofﬁcium
2001 3295 2112 3335 non

514 3371 692 3426 solum
722 3371 1134 3441 conﬁrmamus,
1168 3389 1356 3428 verum
1388 3372 1555 3428 etiam
1580 3383 1634 3428 te
1673 3389 1702 3428 a
1729 3373 2114 3429 communione

516 3466 764 3544 corporis
808 3474 863 3522 et
906 3467 1182 3539 sanguinis
1236 3468 1456 3523 Domini
1514 3469 1684 3524 nostri
1734 3470 1865 3524 Jesu
1913 3468 2112 3525 Christi

516 3547 852 3628 separamus,
883 3576 1056 3631 usque
1084 3560 1153 3616 ad
1179 3559 1420 3616 futuram
1451 3561 1743 3633 synodum,
1770 3577 1962 3633 quam,
1994 3564 2112 3616 Deo

516 3661 808 3718 annuente,
834 3653 890 3706 in
918 3654 1093 3723 prima
1139 3652 1480 3708 hebdomada
1513 3654 1949 3725 Quadragesimaa
1978 3653 2114 3710 cele-

516 3742 722 3798 braturi
743 3759 956 3812 sumus,
981 3745 1084 3800 nisi
1108 3745 1252 3800 forte
1289 3747 1526 3816 periculo
1549 3747 1747 3802 mortis
1767 3748 2109 3812 imminente,

517 3845 571 3892 et
597 3835 700 3892 hoc
727 3838 1067 3908 praecedente
1105 3838 1476 3895 satisfactione
1521 3849 1864 3896 sacramento
1906 3841 2112 3896 conﬁr-

517 3937 685 3986 mata.
731 3931 1082 4003 Praecipimus
1126 3933 1289 3988 etiam
1338 3932 1526 3989 eadem
1571 3932 1871 4004 apostolica
1921 3942 2108 3989 aucto-

519 4024 704 4086 ritate,
749 4032 809 4079 ut
856 4024 911 4078 in
968 4022 1156 4081 futuro
1207 4025 1443 4080 concilio
1489 4025 1604 4096 jam
1662 4025 1806 4080 dicto
1865 4034 1919 4082 te
1959 4027 2115 4082 nobis

518 4126 897 4187 repraesentes,
926 4126 981 4173 et
1008 4117 1188 4174 dehis
1217 4118 1478 4174 omnibus
1515 4128 1568 4174 et
1595 4119 1808 4175 caeteris
1845 4135 1968 4192 quae
2012 4121 2108 4176 tibi

515 4209 660 4264 illata
691 4219 818 4265 sunt
841 4211 1108 4267 rationem
1135 4211 1451 4268 redditurus
1480 4213 1686 4268 venias.
1735 4213 1897 4282 Quod
1925 4213 1968 4270 si
1999 4230 2110 4270 non

513 4301 727 4371 feceris,
779 4305 992 4360 noveris
1038 4314 1093 4362 te
1148 4305 1201 4360 in
1254 4305 1447 4380 eadem
1491 4306 1704 4378 synodo
1765 4307 1970 4379 absque
2014 4324 2108 4379 spe

516 4395 712 4454 futurae
754 4399 1209 4455 reconciliationis
1239 4399 1645 4471 deponendum.

587 4494 726 4548 Data
751 4496 948 4548 Romae
973 4492 1149 4565 [xvn]
1171 4493 1387 4549 decimo
1409 4501 1559 4550 sexto
1579 4493 1856 4551 Kalendas
1880 4499 2111 4551 Decem-

515 4585 647 4652 bris,
676 4583 971 4642 indictione
1002 4602 1143 4643 χιιι.
1192 4633 1199 4638 .

1006 4689 1356 4745 EPISTOLA
1401 4691 1614 4745 XXIV.

588 4805 657 4843 AD
741 4805 1044 4844 GOZELINUM
1105 4809 1540 4847 BURDIGALENSEI
1627 4809 2104 4860 ARCHIEPISCOPUM,

808 4877 871 4916 ET
899 4877 1237 4918 GUILIELMUM
1261 4881 1437 4918 DUCEM
1477 4881 1818 4926 AQUITANIIE.

1109 4955 1291 5025 (Anno
1336 4963 1511 5023 1074.)

515 5051 768 5117 Praecipit
793 5053 854 5102 ut
890 5051 1193 5104 Pictavensi
1240 5053 1498 5120 episcopo,
1549 5054 1662 5104 nisi
1705 5052 1778 5104 ad
1822 5053 2104 5120 synodum,

586 5122 725 5174 sicut
753 5121 840 5172 illi
871 5125 1219 5189 praeceperat,
1252 5126 1479 5186 venerit,
1516 5138 1549 5174 α
1581 5124 1784 5175 nemine
1811 5123 2108 5177 obedientia

578 5196 888 5259 praestetur.
934 5193 1319 5260 Burdigalensi
1360 5193 1758 5263 archiepiscopo
1798 5208 1986 5246 curam
2025 5210 2105 5248 re-

586 5278 708 5315 rum
757 5263 1251 5324 ecclesiasticarum,
1305 5264 1588 5320 Guilielme
1628 5280 1748 5317 vero
1791 5267 1972 5318 comiti
2009 5265 2104 5333 ju-

587 5336 753 5388 stitice
791 5334 1344 5395 administrationem,
1376 5336 1675 5388 committit.

577 5437 930 5494 Gnsoonws
987 5437 1288 5508 episcopus,
1360 5453 1546 5492 servus
1623 5453 1908 5494 servorum
1975 5439 2099 5507 Dei,

509 5531 822 5588 Gozeuno
867 5529 1238 5602 Burdigalensi
1287 5530 1712 5603 archiepiscopo,
1765 5540 1929 5605 atque
1971 5533 2104 5590 Gui-

511 5625 692 5681 lielmo
737 5623 866 5680 duci
899 5624 1233 5696 Aquitaniae,
1277 5626 1508 5681 salutem
1539 5635 1593 5681 et
1620 5625 1974 5697 apostolicam
2015 5627 2106 5682 be-

512 5718 712 5776 nedicti
718 5733 880 5775 onem
893 5759 907 5772 .

582 5814 788 5869 Notum
819 5813 933 5870 fieri
977 5813 1234 5869 volumus
1259 5821 1449 5871 vestrae
1473 5811 1746 5869 dilectioni
1778 5829 1877 5869 nos
1925 5817 2098 5869 [sem-

2223 3295 2464 3364 gensem]
2505 3293 2820 3363 episcopum
2872 3300 3016 3348 et....
3049 3290 3430 3348 Corbeiensem
3468 3292 3722 3347 abbatem
3753 3307 3818 3348 ac

2222 3385 2518 3458 quamdam
2547 3385 2882 3442 abbatissam
2912 3385 3254 3452 versabatur,
3287 3384 3355 3440 ad
3397 3401 3455 3441 se
3497 3392 3561 3440 ut
3587 3385 3819 3442 dirime-

2223 3489 2373 3535 retur
2399 3479 2657 3546 delatam,
2699 3487 2810 3534 tuae
2848 3478 3172 3534 venerandae
3199 3478 3432 3534 solertiae
3479 3478 3618 3550 iuste
3665 3479 3818 3534 difﬁ-

2222 3575 2476 3630 niendam
2509 3573 2921 3630 commiserunt.
2957 3576 3162 3628 Verum
3201 3573 3382 3628 nescio
3411 3589 3514 3644 qua
3563 3573 3818 3630 obstante

2222 3683 2381 3722 causa
2410 3667 2590 3723 adhuc
2620 3667 2921 3722 indiscussa
2961 3682 3242 3722 remanere
3285 3665 3441 3722 nobis
3473 3666 3814 3739 perhibetur.

2222 3762 2566 3833 QuaprOpter
2621 3759 2941 3816 charitatem
2997 3771 3173 3827 tuam,
3243 3759 3415 3816 frater
3463 3760 3814 3825 charissime,

2221 3853 2420 3909 iterum
2466 3854 2722 3910 duximus
2766 3853 3168 3909 adhortandam
3214 3862 3274 3909 ut
3315 3852 3602 3924 praefatum
3642 3870 3818 3928 nego-

2221 3948 2362 4002 tium
2407 3947 2695 4019 diligenter
2729 3947 2943 4013 audias,
2978 3955 3035 4002 et
3063 3947 3301 4018 legitime
3338 3947 3592 4003 ditﬁnias.
3641 3950 3817 4006 Caete-

2221 4057 2344 4096 rum
2401 4041 2443 4095 si
2508 4041 2687 4114 aliqua
2733 4040 2870 4096 ratio
2921 4057 3027 4111 qua
3085 4040 3190 4096 hoc
3252 4041 3516 4112 perlicere
3571 4057 3818 4114 nequeas

2223 4131 2515 4197 obstiterit,
2549 4131 2634 4187 his
2663 4131 2765 4187 sibi
2804 4131 2992 4187 litteris
3030 4131 3261 4187 ostensis
3290 4147 3390 4186 nos
3432 4131 3500 4188 ad
3528 4131 3815 4204 synodum

2220 4225 2275 4279 in
2307 4225 2476 4296 prima
2502 4225 2764 4296 proximae
2801 4223 3244 4296 Quadragesimae
3277 4224 3620 4281 hebdomada
3645 4241 3816 4297 agen-

2221 4318 2346 4372 dam
2375 4317 2522 4373 adire
2550 4333 2930 4385 commoneas,
2968 4327 3237 4390 quatenus
3261 4318 3632 4374 controversia
3668 4319 3818 4375 inter

2219 4426 2312 4465 eos
2339 4409 2434 4465 diu
2477 4419 2768 4482 protracta,
2798 4411 2945 4466 omni
2977 4412 3261 4468 occasione
3305 4412 3592 4484 propulsa,
3650 4427 3817 4468 cano-

2216 4505 2399 4559 nicum
2427 4503 2597 4560 ﬁnem
2625 4505 2870 4576 accipiat.
2913 4507 3183 4562 Praeterea
3212 4505 3634 4561 sollicitudinem
3658 4513 3816 4563 tuam

2140 4587 2191 4649 D
2221 4614 2284 4652 ex
2343 4606 2494 4669 parte
2536 4598 2679 4653 beati
2730 4599 2873 4654 Petri
2917 4600 3230 4655 communis
3281 4599 3450 4654 Patris
3501 4606 3557 4654 et
3600 4597 3818 4656 domini

2216 4691 2480 4748 instanter
2503 4692 2888 4761 admonemus,
2920 4701 2983 4748 ut
3015 4708 3124 4748 non
3149 4692 3328 4748 solum
3358 4692 3412 4747 in
3436 4691 3677 4748 ecclesiae
3697 4701 3822 4752 tum

2217 4783 2457 4853 dioecesi,
2507 4786 2602 4841 sed
2669 4787 2834 4841 etiam
2897 4787 2947 4841 in
3014 4786 3272 4842 omnibus
3338 4784 3818 4858 suffraganeorum

2215 4887 2443 4934 tuorum
2474 4878 2762 4950 parochiis,
2801 4879 3167 4952 presbyteros,
3198 4879 3458 4935 diaconos
3486 4889 3541 4935 et
3584 4878 3821 4936 subdia-

2216 4988 2404 5041 conos,
2472 4971 2934 5028 admonitionibus
2987 4973 3100 5029 tuis
3175 4981 3323 5028 caste
3380 4973 3559 5029 vivere
3613 4971 3819 5043 facias,

2215 5065 2496 5135 quoniam,
2537 5074 2597 5120 ut
2626 5064 2933 5120 fraternitas
2961 5074 3054 5121 tua
3099 5068 3277 5134 novit,
3325 5075 3539 5123 cantem
3581 5066 3821 5124 virtutes

2215 5159 2357 5229 apud
2403 5162 2579 5214 Deum
2623 5159 2740 5214 sine
2803 5160 3052 5215 castitate
3097 5160 3231 5215 nihil
3279 5161 3478 5227 valent,
3525 5160 3667 5215 sicut
3710 5176 3819 5217 nec

2213 5252 2332 5306 sine
2377 5252 2585 5308 caeteris
2627 5252 2916 5308 virtutibus
2966 5253 3204 5309 castitas.
3247 5256 3310 5308 In
3355 5253 3459 5309 hoc
3493 5253 3656 5325 igitur
3683 5252 3816 5310 dili-

2213 5361 2345 5417 gens
2383 5355 2438 5400 et
2481 5345 2746 5401 sollicitus
2786 5346 3022 5410 studeat,
3071 5356 3363 5418 quatenus,
3401 5346 3541 5403 sicut
3583 5348 3640 5402 in
3685 5347 3816 5404 aliis

2213 5438 2506 5494 virtutibus
2547 5439 2674 5507 tuis,
2705 5439 2802 5495 tibi
2833 5443 3060 5497 Petrum
3085 5439 3472 5513 apostolorum
3496 5440 3814 5497 debitorem

2215 5530 2389 5587 faciat.

2286 5652 2428 5704 Data
2457 5651 2654 5705 Romae
2689 5649 2901 5706 decimo
2919 5659 3111 5722 quarto
3147 5650 3428 5708 Kalendas
3458 5649 3814 5720 Decembris,

2216 5742 2510 5800 indictione
2539 5742 2748 5799 decima
2793 5743 2968 5798 tertia.
