4144 6184
276 301 383 354 381

790 424 1131 482 EPISTOLA
1168 429 1376 489 XXVI.

432 600 516 640 AD
534 599 882 643 DIONYSIUH
911 600 1353 645 PLACBNTINUM
1376 602 1748 650 ΒΡιεοοΡυΜ.

864 728 1053 791 (Anno
1108 730 1294 792 1074.)

357 877 637 945 Significat
653 877 899 933 abbatem
925 878 1116 935 Sancti
1129 880 1321 935 Sauini
1340 882 1725 935 monasterium
1751 883 1888 935 resi-

283 963 501 1016 gnasse,
547 952 730 1003 tamen
797 949 912 1018 ejus
961 966 1149 1004 curam
1196 951 1284 1005 illi
1334 953 1671 1014 commisisse,
1727 952 1889 1007 donec

278 1019 428 1072 alius
478 1020 646 1073 abbas
686 1020 937 1088 eligatur.
974 1023 1149 1076 Monet
1176 1027 1237 1076 ut
1274 1024 1322 1075 ei
1369 1025 1450 1076 rei
1482 1039 1592 1076 una
1622 1039 1739 1077 cum
1773 1040 1888 1077 mo-

280 1090 479 1144 nachis
518 1091 610 1144 det
662 1107 878 1161 operam
924 1110 941 1145 :
1004 1093 1125 1147 ideo
1178 1095 1374 1161 legatos
1412 1096 1600 1157 mittit,
1649 1110 1740 1149 nec
1784 1111 1889 1149 non

679 1165 1044 1218 controversae
1101 1180 1270 1219 causa
1305 1172 1438 1234 ’φησι
1484 1168 1646 1229 inter,
1675 1181 1792 1220 eum
1841 1171 1891 1220 et

269 1232 547 1359 (ἔ
643 1236 831 1289 Sancti
888 1235 1133 1304 Sepulcri
1197 1232 1468 1306 plebemve
1520 1237 1890 1292 Placentinum

356 1464 712 1520 Gnaeonws
735 1463 1044 1536 episcopus,
1075 1480 1264 1521 servus
1291 1480 1578 1522 servorum
1600 1466 1725 1533 Dei,
1744 1468 1890 1522 Dro-

285 1572 463 1613 anrsro
497 1558 813 1613 Placentino
864 1558 1121 1631 episcOpo
1159 1548 1394 1616 salutem
1423 1567 1480 1615 et
1530 1559 1888 1632 apostolicam

282 1650 747 1709 benedictionem.

356 1745 697 1817 Rigizonem
741 1745 996 1802 abbatem
1056 1745 1380 1803 monasterii
1437 1746 1623 1804 Sancti
1670 1745 1886 1810 Savini,

282 1853 451 1909 quem
479 1838 551 1895 ad
578 1839 918 1895 audientiam
946 1848 1195 1896 nostram
1210 1848 1304 1896 tua
1330 1839 1647 1897 sollicitudo
1664 1839 1885 1909 direxit,
1916 1860 1965 1923 Β

282 1931 613 2003 recepimus,
650 1939 706 1988 et
751 1940 898 1989 tanta
949 1933 1366 2006 investigatione
1394 1933 1777 2004 discussimus,
1825 1940 1889 1989 ut

282 2025 636 2097 pmlibatum
666 2027 1062 2082 monasterium
1108 2026 1311 2083 nostris
1337 2026 1604 2083 refutaret
1631 2026 1687 2082 in
1718 2026 1891 2082 mani-

281 2118 410 2174 bus.
458 2118 621 2175 Absit
658 2119 808 2176 enim
845 2128 906 2176 ut
938 2136 1041 2176 nos
1068 2120 1150 2177 eis
1173 2120 1467 2195 dignitates
1504 2119 1887 2177 ecclesiasticas

280 2210 580 2269 defendere
622 2229 906 2283 conemur,
935 2214 1028 2287 qui
1052 2214 1158 2271 sibi
1188 2229 1280 2270 eas
1310 2214 1615 2270 interventu
1644 2212 1888 2285 pecuniae

283 2306 528 2378 arripere
554 2316 1041 2380 praasumpserunt.
1071 2310 1278 2364 Verum
1303 2323 1370 2364 ne
1397 2307 1738 2381 prmmissum
1768 2322 1890 2363 mo-

280 2400 596 2457 nasterium
635 2416 854 2475 gravem
898 2418 1085 2469 rerum
1125 2418 1354 2459 suarum
1397 2410 1671 2475 pateretur
1703 2401 1887 2473 jactu-

282 2509 425 2563 ram,
459 2493 595 2551 illud
628 2494 857 2568 praefato
907 2495 1110 2564 abbati,
1158 2510 1425 2569 eousque,
1467 2496 1615 2551 salvo
1646 2504 1753 2552 tum
1797 2510 1884 2552 ec-

275 2588 459 2643 clesiae
483 2588 640 2660 jure,
675 2578 1101 2646 custddiendum
1156 2588 1554 2658 commisimus,
1587 2588 1772 2660 quoad
1815 2589 1893 2645 ibi

282 2681 463 2737 abbas
473 2681 793 2741 solemniter
808 2682 1063 2757 eligatur,
1079 2683 1170 2756 qui
1192 2686 1310 2739 Deo
1325 2682 1522 2757 dignus
1539 2723 1555 2751 ,
1572 2690 1629 2738 et
1651 2681 1890 2754 praedicti

284 2776 604 2832 monasterii
627 2774 889 2834 fratribus
914 2786 1186 2849 acceptus,
1207 2775 1493 2833 habeatur.
1521 2778 1888 2849 Quapropter,

283 2868 703 2941 diligentissime
744 2869 933 2939 frater,
966 2871 1091 2927 talis
1134 2870 1208 2927 ibi
1238 2879 1332 2927 tua
1360 2869 1702 2940 fratrumque
1731 2868 1892 2925 simul

282 2962 569 3035 diligentia
598 2964 968 3036 provideatur,
1007 2974 1070 3021 ut
1100 2980 1206 3021 nos
1260 2980 1375 3020 non
1403 2971 1668 3036 appareat
1712 2963 1892 3033 potius

282 3056 357 3113 ad
385 3055 789 3114 detrimentum
845 3058 1165 3117 monasterii
1196 3058 1277 3114 vel
1316 3057 1553 3114 fratrum
1609 3071 1779 3129 quam
1816 3054 1889 3112 ad

284 3150 581 3237 utilitatem
618 3152 701 3207 sui
729 3152 811 3207 vel
836 3159 1197 3225 augmentum
1235 3151 1410 3225 egisse
1457 3150 1604 3223 quod
1656 3149 1886 3222 egimus,

282 3260 352 3300 ac
380 3251 445 3299 tu
491 3244 681 3315 dignas
709 3245 836 3301 inde
880 3244 1070 3302 laudes
1124 3246 1263 3300 inter
1292 3244 1543 3301 homines
1573 3244 1798 3311 habeas,
1831 3252 1888 3300 et
1919 3246 1964 3310 C

285 3337 436 3409 apud
482 3341 662 3394 Deum
716 3353 783 3394 ex
833 3327 939 3395 hoc
983 3339 1189 3395 salubri
1230 3338 1446 3412 negotio
1495 3337 1886 3411 indulgentiam

285 3438 645 3503 peccatorum
674 3439 729 3487 et
768 3432 966 3488 animae
990 3440 1101 3489 tuae
1120 3441 1441 3504 perpetuam
1469 3431 1706 3487 salutem
1738 3430 1885 3487 inve-

284 3524 430 3592 nias,
464 3540 586 3597 qum
612 3534 745 3581 tunc
781 3524 1076 3582 efﬁcaciter
1116 3525 1433 3597 acquiritur,
1465 3541 1596 3582 cum
1644 3529 1762 3581 Deo
1797 3541 1887 3582 sa-

284 3618 399 3674 cris
444 3618 501 3674 in
528 3618 659 3675 locis
684 3618 1076 3676 famulantibus
1102 3618 1383 3676 charitatis
1410 3618 1592 3675 ofﬁcio
1644 3618 1733 3703 pie
1762 3634 1893 3674 con-

288 3712 513 3768 sulitur.
551 3714 722 3769 Porro
750 3712 959 3786 legatos
983 3722 1204 3770 nostros
1223 3755 1238 3782 ,
1263 3713 1615 3786 praesentium
1642 3711 1893 3769 videlicet

288 3806 511 3875 latores,
544 3806 617 3862 ob
635 3806 742 3863 hoc
761 3806 835 3863 ad
860 3822 958 3863 vos
987 3822 1159 3879 usque
1188 3807 1510 3877 direximus,
1537 3814 1601 3862 ut
1632 3804 1704 3862 ad
1726 3822 1892 3878 quem

291 3900 465 3956 ﬁnem
493 3900 705 3957 instans
744 3900 1025 3973 negotium
1056 3900 1334 3973 perveniat
1357 3900 1649 3972 aspiciant,
1679 3908 1736 3956 et
1758 3915 1892 3962 con-

291 3993 617 4050 troversiam
642 4010 767 4066 quze
796 3994 941 4050 inter
968 4002 1022 4051 te
1048 4002 1107 4051 et
1133 3994 1392 4051 abbatem
1418 3993 1597 4050 Sancti
1624 3993 1891 4064 Sepulcri,

291 4088 580 4161 plebemve
621 4087 1018 4156 Placentinam,
1076 4089 1191 4152 sive
1243 4087 1586 4143 Bonizonem
1630 4086 1896 4160 [Bonozo-

293 4185 446 4251 nem]
495 4181 913 4249 subdiaconum,
957 4190 1227 4249 versatur,
1256 4180 1517 4237 intentius
1561 4171 1805 4251 audiant,
1833 4189 1898 4237 ut

289 4275 629 4333 calumniari
656 4275 964 4333 nitentibus
1012 4274 1295 4331 obstructa
1326 4273 1560 4342 licentia,
1592 4273 1746 4346 cujus
1777 4290 1898 4345 par-

291 4370 363 4424 tis
417 4369 799 4449 tergiversatio
840 4366 1101 4441 justitiam
1146 4367 1416 4441 impedire
1467 4366 1770 4423 contendat
1797 4366 1894 4423 ad-

293 4471 508 4519 vertant
534 4484 547 4519 :
582 4470 636 4518 et
670 4470 854 4519 sancta
883 4462 1199 4518 Placentina
1238 4461 1475 4517 Ecclesia
1505 4468 1627 4532 post
1650 4469 1736 4516 tot
1764 4469 1898 4516 tem-

295 4572 495 4628 porum
517 4556 837 4626 interstitia,
868 4564 991 4628 post
1014 4564 1097 4611 tot
1120 4563 1383 4628 tantaque
1403 4554 1594 4626 litigia,
1626 4569 1686 4611 se
1702 4556 1895 4611 saltem

296 4666 446 4706 nunc
468 4658 718 4722 optatam
746 4658 802 4706 et
838 4648 1137 4722 optandam
1193 4664 1388 4721 pacem
1437 4656 1548 4705 tuae
1597 4647 1902 4705 nobilitatis

299 4742 558 4816 prudenti
602 4742 896 4799 clementia
942 4743 1189 4815 recipere
1235 4741 1598 4815 congaudeat,
1628 4750 1901 4814 quatenus

301 4836 721 4909 praenominatte
748 4836 1005 4893 Ecclesiae
1027 4834 1216 4892 debita
1247 4835 1429 4908 quiete
1449 4835 1753 4907 perfruenti
1781 4839 1902 4892 Deo

303 4932 500 4987 servire
560 4930 754 4999 liceat;
786 4938 848 4986 tu
878 4946 1029 4999 vero,
1061 4928 1443 5002 hujuscemodi
1484 4930 1902 5002 supervacaneis

303 5021 748 5097 occupationibus
798 5023 1093 5103 propulsis,
1124 5023 1181 5079 in
1204 5023 1377 5079 nostri
1400 5024 1703 5080 conditoris
1727 5023 1898 5080 laudi-

305 5117 401 5175 bus
428 5128 483 5175 et
511 5117 739 5175 servitio
767 5115 1049 5187 delectari,
1075 5125 1130 5173 et
1159 5118 1215 5172 in
1240 5117 1356 5189 lege
1385 5116 1502 5189 ejus
1535 5115 1622 5173 Ge
1650 5133 1713 5173 ac
1740 5126 1900 5173 nocte

307 5212 557 5270 meditari
604 5211 829 5281 valeas,!
853 5218 911 5268 et
936 5210 1004 5268 ad
1048 5226 1235 5267 veram
1274 5209 1677 5267 beatitudinem
1722 5226 1901 5283 perve-

306 5308 434 5375 nias,
463 5314 634 5379 atque
667 5303 816 5379 apud
841 5321 943 5363 nos
988 5304 1442 5361 calumniantium
1470 5304 1793 5377 improbitas
1821 5304 1900 5360 lo-

306 5415 426 5455 cum
468 5400 701 5456 ulterius
721 5416 835 5456 non
859 5398 1076 5456 habeat.

373 5496 505 5551 Data
525 5496 728 5551 Romae
742 5493 938 5567 quinto
951 5492 1227 5551 Kalendas
1241 5494 1589 5564 Decembris,
1605 5494 1902 5552 indictione

308 5585 519 5646 decima
540 5587 725 5645 tertia.

1331 305 1528 360 LIBER
1565 305 1932 368 SECUNDUS.
1972 339 2040 352 --
2081 311 2285 366 EPIST.
2324 311 2545 366 XXVIII.

1913 440 1965 503 Α

3482 317 3584 372 382

2484 435 2834 500 EPISTOLA
2882 437 3120 493 XXVII.

2102 545 2186 584 AD
2216 543 2539 586 ιίοιυριιοε
2566 544 2937 587 MONASTEBII
2984 544 3206 587 SANCTI
3245 544 3474 587 SAVINI.

2577 628 2763 689 (Anno
2801 630 2978 690 1074.)

2073 717 2141 771 Ut
2190 716 2435 787 abbatem
2469 719 2715 772 canonice
2734 718 2956 786 eligant,
2978 722 3030 772 et
3059 734 3155 787 pro
3178 733 3235 773 se
3264 723 3316 773 et
3338 712 3590 775 Romana

2175 785 2428 843 Ecclesia:
2455 793 2605 844 statu
2645 789 2719 843 ad
2740 785 2908 845 Deum
2928 785 3105 861 preces
3146 790 3409 873 fundant.

2068 891 2420 947 Gnaeonms
2449 891 2757 963 episcopus,
2786 907 2977 947 servus
2999 907 3287 948 servorum
3300 891 3426 958 Dei,
3454 906 3589 946 con-

1996 983 2302 1055 gregationi
2332 986 2657 1041 monasterii
2684 985 2869 1041 Sancti
2916 985 3095 1042 Savini
3120 984 3412 1041 Placentiae
3432 1000 3588 1041 cons-

1995 1076 2168 1143 tituti,
2205 1077 2439 1133 salutem
2468 1085 2523 1133 et
2551 1077 2909 1149 apostolicam
2939 1077 3407 1134 benedictionem.

2076 1170 2404 1241 Rigizonem
2429 1170 2690 1226 abbatem
2727 1179 2970 1227 vestrum
3001 1171 3074 1227 ad
3104 1170 3437 1227 audientiam
3468 1185 3588 1227 nos-

1996 1272 2137 1318 tram
2177 1263 2487 1320 venientem
2511 1264 2871 1339 suscepimus,
2904 1273 2961 1320 et
2985 1273 3138 1321 tanta
3182 1263 3589 1320 examinatione

1997 1356 2360 1414 discussimus
2409 1367 2474 1414 ut
2526 1358 2925 1414 monasterium
2982 1358 3189 1414 nostris
3232 1356 3497 1413 refutaret
3532 1357 3590 1411 in

1997 1450 2274 1507 manibus.
2304 1454 2511 1507 Verum
2539 1467 2611 1508 ne
2629 1452 2977 1524 praelibatum
2999 1451 3403 1508 monasterium
3431 1465 3593 1523 grave

1997 1560 2185 1600 rerum
2216 1560 2440 1601 suarum
2469 1554 2752 1617 pateretur
2796 1545 3164 1617 dispendium,
3208 1543 3341 1599 illud
3369 1543 3472 1599 sibi
3500 1558 3593 1599 eo-

1998 1654 2172 1710 usque
2234 1639 2637 1707 commisimus,
2705 1638 2888 1711 quoad
2948 1640 3006 1695 in
3061 1638 3325 1710 praedicto
3388 1652 3588 1693 mona-

1997 1732 2186 1800 sterio,
2212 1733 2351 1789 alter
2375 1734 2697 1789 solemniter
2731 1733 2983 1805 eligatur,
3022 1732 3116 1804 qui
3160 1734 3278 1787 Deo
3306 1729 3511 1804 dignus
3534 1737 3590 1786 et

1998 1826 2166 1881 sacris
2191 1826 2497 1883 canonihus
2520 1827 2847 1884 conveniens
2884 1826 3208 1882 inveniatur.
3241 1826 3591 1896 Quapropter

1999 1920 2356 1991 praesentibus
2413 1936 2509 1977 vos
2562 1919 2852 1977 hortamur
2909 1918 3156 1992 apicibus
3208 1927 3289 1988 ut,
3340 1917 3589 1988 neglecta

1997 2013 2149 2069 omni
2190 2013 2409 2070 nefandi
2463 2014 2622 2087 pretii
2652 2014 2965 2083 taxatione,
3018 2011 3323 2084 posthabita
3363 2025 3591 2085 consan-

1995 2106 2278 2178 guinitatis
2319 2115 2375 2164 et
2433 2106 2695 2167 amicitiai
2743 2096 2944 2179 gratia,
2988 2106 3160 2162 talem
3211 2104 3365 2162 vobis
3392 2104 3590 2176 eligere

1999 2199 2306 2257 secundum
2333 2201 2577 2273 regulam
2629 2201 2808 2257 sancti
2859 2199 3144 2256 Benedicti
3170 2197 3435 2255 studeatis
3460 2212 3590 2253 cum

1997 2309 2106 2366 quo
2148 2297 2268 2350 Deo
2321 2295 2526 2351 servire
2569 2294 2923 2351 concorditer
2976 2302 3033 2350 et
3082 2293 3293 2349 sincere
3345 2290 3590 2348 valeatis.

1996 2390 2282 2462 Rogamus
2347 2404 2448 2444 vos
2491 2388 2718 2458 interea,
2772 2387 3086 2444 charissimi
3136 2386 3350 2453 fratres,
3380 2394 3444 2467 ut
3494 2400 3592 2457 pro

1997 2482 2413 2553 recuperatione
2480 2490 2657 2537 status
2716 2490 2917 2538 sanctas
2982 2485 3255 2537 Romana:
3304 2478 3592 2547 Ecclesia,

1999 2576 2196 2647 suique
2245 2576 2648 2643 incolumitate,
2679 2589 2745 2630 ac
2780 2590 2880 2647 pro
2927 2590 3040 2641 me,
3067 2582 3131 2629 ut
3177 2574 3281 2630 sibi
3309 2574 3594 2629 consulere

1986 2668 2231 2735 .valeam,
2258 2671 2460 2737 Deum,
2487 2668 2577 2725 cui
2608 2667 2845 2725 ﬁdeliter
2866 2667 3245 2736 famulamini,
3269 2667 3471 2741 iugiter
3507 2681 3598 2722 ex-

2000 2762 2195 2817 oretis.

2073 2857 2216 2911 Data
2263 2857 2463 2911 Romae
2507 2854 2703 2927 quinto
2732 2853 3014 2910 Kalendas
3060 2852 3398 2941 Decembris,
3452 2852 3597 2909 indi-

2000 2948 2185 3004 ctione
2213 2946 2429 3005 decima
2459 2948 2646 3004 tertia.
3392 2948 3397 2951 ‘

2452 3016 2804 3107 EPISTOEA
2849 3049 3115 3105 XXVIII.

2074 3160 2155 3200 AD
2196 3159 2497 3202 LEMABUM
2543 3159 2911 3201 BBEMBNSEM
2959 3155 3520 3199 ABGHIBPISCOPUM.

2582 3242 2771 3304 (Anno
2830 3243 3012 3305 1074.)

2067 3333 2348 3388 Invehitur
2374 3335 2431 3386 in
2456 3348 2574 3387 eum
2600 3332 2745 3402 quod
2765 3334 2954 3401 legatis
2976 3332 3282 3402 apostolica:
3308 3330 3451 3385 sedis
3471 3344 3593 3384 con-

1997 3405 2198 3467 cilium,
2238 3407 2377 3458 sicut
2418 3406 2533 3473 ipse
2558 3403 2816 3472 .jusserat
2836 3444 2855 3475 ,
2903 3402 3167 3457 celebrare
3214 3402 3592 3472 prohibuerit;

1998 3476 2246 3545 quodque
2298 3476 2365 3528 ab
2435 3475 2631 3529 eisdem
2704 3476 2925 3529 Romam
2981 3479 3200 3528 vocatus
3244 3475 3424 3528 venire
3474 3486 3595 3526 con-

2000 3549 2276 3616 tempserit
2307 3564 2325 3598 :
2358 3561 2526 3615 quare
2572 3546 2853 3615 suspendit
2901 3560 3020 3599 eum
3065 3546 3136 3599 ab
3186 3545 3385 3614 ofﬁcio,
3459 3558 3593 3613 quo-

2000 3634 2169 3688 usque
2194 3621 2415 3673 Romam
2442 3616 2516 3671 ad
2537 3617 2800 3687 synodum
2827 3617 3059 3672 accedat.

2075 3721 2427 3777 GBEGOBIUS
2455 3720 2764 3791 episcOpus,
2786 3734 2975 3774 servus
2996 3732 3279 3773 servorum
3302 3715 3404 3772 Dei
3427 3718 3597 3787 (365),

2001 3816 2256 3870 Lausno
2284 3812 2569 3869 Bremensi
2594 3811 3024 3884 archiepiscopo.

2073 3908 2209 3979 Quia
2239 3907 2479 3979 suscepti
2503 3905 2775 3973 beneﬁcii,
2808 3921 2918 3977 quo
2937 3913 2991 3961 te
3018 3906 3475 3961 sanctaRomana
3496 3905 3597 3960 Ec-

2001 4000 2161 4055 clesia
2208 3997 2381 4054 voluit
2428 3998 2738 4063 honestare,
2772 4004 2829 4052 te
2857 3996 3271 4062 immemorem,
3296 3994 3480 4066 potius
3510 3994 3597 4049 in-

2004 4102 2225 4165 gratum
2267 4091 2647 4165 cognovimus,
2700 4089 2935 4146 oblitum
2966 4089 3134 4145 etiam
3165 4087 3598 4159 promissionem

2003 4186 2441 4257 canonicamque
2487 4184 2879 4258 obligationem
2927 4198 3051 4256 quae
3086 4190 3294 4239 sanctas
3325 4183 3598 4237 Romana

2008 4280 2259 4335 Ecclesia:
2287 4286 2341 4334 te
2370 4278 2607 4346 ﬁdelem,
2632 4285 2690 4333 te
2721 4277 2973 4350 diligere,
3006 4276 3165 4348 eique
3188 4291 3255 4331 ex
3277 4274 3443 4332 corde
3473 4273 3600 4330 obe-

2006 4372 2129 4429 dire
2159 4372 2421 4428 canonice
2468 4370 2734 4442 obligasti,
2762 4386 2879 4425 non
2914 4369 3189 4424 immerito
3212 4383 3376 4439 super
3431 4376 3487 4423 te
3512 4366 3602 4424 do-

2006 4465 2175 4523 lendo
2201 4480 2508 4532 movemur,
2539 4480 2657 4520 non
2678 4463 2795 4519 sine
2816 4478 2980 4519 causa
3018 4461 3143 4527 tibi,
3172 4476 3338 4532 quem
3378 4458 3601 4515 ﬁdelem

2010 4560 2184 4616 ﬁlium
2245 4559 2626 4621 credebamus,
2671 4557 2987 4613 irascimur.
3041 4557 3166 4610 Heu
3215 4553 3424 4609 inversi
3473 4568 3598 4608 mo-

2010 4670 2117 4723 res,
2144 4662 2200 4711 et
2236 4663 2488 4726 tempera
2513 4650 3043 4718 immutatalQuem
3093 4663 3317 4704 murum
3370 4647 3600 4719 inexpu-

2009 4748 2285 4823 gnabilem
2334 4762 2433 4819 pro
2473 4752 2664 4801 sancta
2708 4746 2964 4799 Romana
3016 4741 3282 4809 Ecclesia,
3334 4740 3423 4797 cui
3476 4740 3603 4797 licet

2010 4840 2216 4914 indigni
2294 4838 2674 4912 prmsidemus,
2736 4836 3092 4910 putabamus,
3148 4851 3316 4909 quem
3384 4843 3604 4891 scutum

2010 4934 2173 5002 ﬁdei,
2217 4948 2382 5004 quem
2437 4930 2684 5003 gladium
2738 4928 2938 4986 Christi
2988 4944 3209 4986 sumere
3277 4928 3501 4996 debere,
3557 4928 3604 4983 si

2011 5034 2311 5100 oporteret,
2331 5033 2453 5081 tum
2482 5023 2669 5081 ofﬁcio
2691 5033 2810 5094 tuo,
2841 5032 2964 5080 tum
2994 5022 3258 5097 praedicto
3286 5021 3473 5079 debito
3503 5036 3606 5095 pro

2011 5129 2199 5178 sancta
2231 5122 2482 5177 Romana
2522 5118 2769 5175 Ecclesia
2817 5120 3041 5191 [atque],
3075 5133 3175 5190 pro
3230 5116 3393 5174 nobis
3439 5115 3607 5171 etiam

2010 5215 2295 5286 notrisque
2351 5212 2761 5269 successoribus
2818 5210 3173 5267 credebamus
3198 5252 3212 5279 ,
3288 5209 3410 5281 jam
3481 5223 3606 5265 eum

2010 5317 2373 5379 nostrumque
2415 5306 2705 5363 inimicum
2751 5313 3111 5377 nostrumque
3172 5312 3608 5376 oppugnatorem

2010 5402 2351 5468 invenimus;
2423 5409 2656 5471 tuasque
2716 5398 2972 5472 injurias,
3036 5414 3067 5456 a
3124 5405 3178 5454 te
3230 5396 3607 5469 turpissimam

2010 5505 2065 5552 et
2104 5494 2420 5552 inauditam
2462 5494 2756 5566 repulsam,
2782 5493 2911 5549 licet
2940 5493 3149 5566 injuste
3183 5490 3447 5563 patimur.
3498 5492 3609 5544 Le—

2011 5590 2155 5662 gatis
2209 5589 2410 5661 quippe
2458 5588 2667 5646 nostris
2715 5585 2944 5644 Alberto
2974 5583 3271 5657 [Huberto]
3321 5579 3615 5642 Praenesti-

375 5869 522 5935 (366)
566 5865 722 5923 Alias
761 5861 1039 5927 Liemaro,
1070 5867 1142 5920 ut
1175 5860 1332 5934 apud
1376 5861 1717 5918 Lambertum
1751 5876 1895 5918 anno
1925 5863 2087 5927 1073,
2116 5865 2169 5917 et
2193 5861 2350 5917 alibi.
3418 5850 3465 5895 ⁸
