4144 6184
306 268 409 323 385

1370 272 1565 328 LIBER
1602 273 1967 330 SECUNDUS.
2006 304 2077 315 —
2114 278 2323 333 EPIST.
2366 280 2536 334 XXXI.

3488 292 3591 346 386

304 397 627 463 potestatem
658 399 805 447 recte
853 395 1037 461 Vorte,
1084 402 1227 449 recte
1273 403 1346 451 te.
1392 397 1488 465 H.]
1518 397 1762 454 obtinere
1793 414 1887 453 co-
1920 402 1971 464 Α
2000 403 2317 473 praeparatis
2347 418 2444 458 sua
2474 403 2683 474 possint
2720 411 2936 475 captare
2982 407 3297 476 commoda,
3342 425 3441 465 sua
3482 412 3595 483 pal-

298 499 550 555 gnoscas,
583 486 624 540 si
671 485 782 558 regi
813 496 1003 558 regem
1054 488 1269 543 Christo
1312 489 1381 545 ad
1434 491 1888 547 restaurationem

298 576 784 650 defensionemque
812 580 1165 637 ecclesiarum
1199 598 1422 638 suarum
1448 582 1756 640 faciendam
1786 584 1888 641 do-

297 671 613 727 minationis
634 681 745 729 tua:
778 672 1119 729 altitudinem
1158 676 1412 746 inclinas,
1443 687 1497 733 et
1520 678 1683 734 verba
1720 678 1891 750 ipsius

292 764 532 821 dicentis
571 782 695 822 cum
724 775 966 823 tremore
996 770 1263 841 recogitas
1292 789 1303 824 :
1354 776 1469 839 Ego
1498 773 1780 841 diligentes
1808 790 1890 827 me

290 858 468 928 diligo
490 864 661 931 (Prov.
688 875 821 923 vm,
852 866 956 927 l7),
986 867 1037 917 et
1055 863 1453 933 honoriﬁcantes
1472 882 1551 919 me
1571 867 1850 935 honoriﬁco
1869 886 1886 917 .-

290 956 394 1023 qui
419 962 598 1008 autem
618 971 699 1009 me
724 958 1071 1009 contemnunt
1096 961 1250 1011 erant
1271 959 1533 1026 ignobiles
1562 959 1623 1029 (1
1651 963 1778 1029 Reg.
1813 975 1885 1027 Il,

294 1052 403 1112 30).
438 1050 712 1103 Praeterea
740 1048 957 1105 noverit
991 1048 1340 1106 sublimitatis
1370 1059 1478 1106 tuae
1517 1052 1762 1124 dignatio
1787 1068 1888 1109 nos

286 1138 569 1213 Sigefrido
596 1141 929 1213 Moguntino
968 1142 1375 1215 archiepiscopo
1404 1144 1618 1200 litteras
1651 1146 1883 1213 misisse,

284 1244 580 1289 evocantes
622 1250 750 1290 eum
795 1235 865 1291 ad
912 1236 1211 1308 synodum,
1253 1252 1440 1309 quam,
1489 1241 1605 1294 Deo
1644 1248 1884 1307 auctore,

285 1328 560 1398 proximae
588 1327 1040 1401 Quadragesimae
1066 1330 1240 1400 prima
1272 1330 1621 1389 hebdomade
1651 1334 1887 1389 celebra-

288 1422 395 1475 turi
416 1437 632 1477 sumus.
665 1421 822 1490 Quod
846 1423 891 1478 si
928 1423 1117 1477 venire
1148 1440 1258 1478 non
1300 1440 1463 1495 posse
1508 1426 1765 1496 patuerit,
1799 1435 1886 1481 ta-

287 1516 367 1570 les
399 1518 582 1571 mittat
622 1516 852 1588 legatos,
883 1517 979 1588 qui
1012 1516 1185 1571 vicem
1240 1518 1357 1588 ejus
1403 1519 1634 1575 concilio
1680 1536 1886 1591 reprae-

284 1617 527 1664 sentant.
596 1609 855 1665 Similiter
934 1610 1418 1683 Bambergensem,
1497 1615 1884 1686 Strazburgen-

281 1717 425 1771 sem,
455 1703 767 1774 Spirensem
793 1703 984 1760 adesse
1027 1704 1394 1776 praecipimus,
1428 1706 1683 1762 introitus
1710 1709 1794 1763 sui
1833 1717 1887 1764 et

284 1797 409 1853 vitae
437 1797 712 1852 rationem
756 1798 1050 1869 posituros.
1085 1797 1185 1867 Qui
1217 1798 1259 1853 si
1288 1797 1450 1871 forte,
1482 1808 1545 1854 ut
1583 1810 1667 1856 est
1694 1800 1879 1856 homi-

283 1906 421 1946 num
469 1891 765 1962 protervia,
814 1892 1002 1947 venire
1043 1890 1378 1961 distulerint,
1428 1893 1590 1965 regiae
1631 1903 1741 1950 tua:
1786 1911 1883 1967 po-

280 1983 500 2040 testatis
528 1984 766 2056 impulsu
799 1985 1035 2057 petimus
1068 1990 1128 2040 ut
1160 1985 1344 2041 venire
1390 1996 1654 2058 cogantur
1704 2007 1716 2041 :
1758 2004 1883 2044 cum

280 2078 486 2149 quibus
531 2079 788 2136 volumus
832 2096 862 2134 a
905 2079 1070 2135 latere
1119 2088 1216 2135 tuo
1266 2080 1473 2153 legatos
1511 2082 1648 2137 tales
1704 2090 1882 2138 trans-

284 2172 452 2237 mitti,
480 2172 574 2243 qui
605 2189 705 2228 nos
734 2172 964 2229 ﬁdeliter
997 2171 1230 2228 doceant
1259 2182 1311 2227 et
1348 2173 1415 2229 de
1446 2174 1693 2247 ingressu
1739 2184 1792 2230 et
1816 2175 1884 2232 de

282 2265 391 2320 vita
438 2281 633 2321 eorum
665 2284 679 2321 :
729 2281 967 2336 quorum
998 2266 1260 2322 relatione
1290 2268 1507 2339 cognita
1540 2260 1786 2336 veritate,
1816 2269 1883 2325 ad

282 2357 563 2430 liquidum
611 2359 818 2416 certius
864 2359 1137 2432 possimus
1177 2359 1243 2415 de
1289 2360 1610 2417 indubitatis
1641 2360 1884 2434 proferre

279 2452 576 2523 judicium.

351 2550 494 2603 Data
537 2550 735 2604 Romae
778 2548 1011 2620 septimo
1041 2547 1171 2603 Idus
1200 2548 1541 2616 Decembris,
1582 2548 1884 2607 indictione

284 2640 505 2696 decima
532 2642 713 2697 tertia.

766 2736 1123 2799 EPISTULA
1163 2738 1360 2791 XXXI
1371 2776 1384 2789 .

895 2844 974 2884 AD
996 2844 1277 2885 BUMDEM.

893 2928 1073 2988 (Anno
1116 2928 1303 2988 1074.)

283 3012 560 3067 Summum
589 3013 655 3080 in
698 3027 818 3065 eum
837 3028 1073 3066 amorem
1099 3017 1348 3067 testatur.
1385 3014 1555 3080 Rogat
1579 3014 1639 3063 ut
1673 3015 1883 3064 avertat

352 3099 509 3137 aures
543 3078 612 3137 ab
635 3083 722 3137 his
749 3084 847 3152 qui
873 3085 1200 3138 discordiam
1230 3086 1369 3137 inter
1389 3100 1443 3138 se
1468 3078 1521 3136 et
1551 3083 1704 3135 illum
1731 3084 1883 3136 semi-

349 3160 505 3209 nant.
539 3158 782 3210 Recenset
812 3156 1241 3211 Christianorum
1286 3155 1638 3215 calamitates,
1691 3156 1787 3222 qui
1823 3156 1881 3207 in
1918 3152 1960 3211 (ὲ

355 3228 740 3281 transmarinis
766 3227 1018 3295 partibus
1050 3243 1083 3279 a
1130 3228 1365 3296 paganis
1390 3226 1732 3280 versabantur
1758 3244 1774 3275 :
1806 3226 1880 3279 ad

350 3314 482 3367 quos
506 3297 857 3351 sublevandos
898 3313 952 3351 se
982 3299 1310 3354 Christiast
1352 3313 1524 3352 omnes
1548 3312 1875 3365 provocasse,

350 3386 513 3438 seque
532 3374 786 3438 paratum
808 3384 916 3423 esse
935 3371 1181 3438 afﬁrmat
1209 3388 1225 3419 :
1252 3374 1365 3423 tum
1395 3386 1455 3423 ea
1481 3384 1645 3422 causa
1675 3384 1731 3422 eo
1749 3384 1875 3422 con-

353 3441 591 3502 tendere,
645 3446 757 3494 tum
784 3444 845 3494 ut
883 3441 1165 3495 orientalis
1208 3441 1456 3495 Ecclesia:
1499 3455 1615 3493 cum
1640 3443 1879 3495 Romana

352 3515 479 3566 unio
512 3514 682 3580 ﬁeret.

348 3607 703 3661 Ganeonws
724 3604 1032 3677 episcopus,
1058 3620 1247 3661 servus
1270 3619 1552 3659 servorum
1579 3604 1700 3669 Dei,
1720 3605 1879 3658 Hnn-

283 3712 422 3755 ntco
445 3697 690 3770 glorioso
731 3698 870 3771 regi,
898 3697 1131 3754 salutem
1172 3706 1227 3753 et
1268 3696 1622 3768 apostolicam
1656 3695 1875 3751 benedi-

285 3793 546 3848 ctionem.

348 3887 399 3941 Si
434 3888 592 3941 Deus
637 3883 808 3941 modo
846 3884 1032 3957 aliquo
1060 3900 1174 3942 sua:
1218 3883 1435 3956 pietatis
1465 3883 1789 3940 concederet
1814 3891 1877 3939 ut

284 3993 433 4035 mens
470 3995 597 4034 mea
627 3978 729 4035 tibi
780 3987 1005 4050 pateret,
1056 3978 1428 4035 indubitanter
1456 3978 1591 4041 scio,
1624 3993 1719 4033 sua
1766 3978 1875 4032 lar-

285 4074 453 4145 giente
484 4073 686 4146 gratia,
717 4073 901 4129 nullus
928 4080 1029 4127 tea
1058 4087 1181 4127 mea
1202 4071 1490 4127 dilectione
1504 4079 1687 4142 posset
1715 4086 1876 4141 sepa-

285 4182 417 4221 rare.
466 4169 735 4222 Attamen
773 4165 841 4221 de
886 4165 1031 4221 illius
1074 4163 1292 4221 conﬁdo
1322 4163 1714 4229 misericordia,
1753 4162 1874 4234 quia

286 4259 617 4333 quandoque
649 4259 895 4329 clarebit,
926 4258 1076 4330 quod
1121 4267 1177 4314 te
1207 4258 1417 4314 sincera
1454 4256 1722 4313 charitate
1751 4256 1873 4311 dili-

283 4368 420 4425 gam.
460 4352 550 4409 Ad
579 4352 685 4409 hoc
725 4353 873 4409 enim
913 4368 1002 4408 me
1042 4368 1336 4408 commune
1378 4359 1713 4423 praeceptum
1752 4366 1876 4406 om-

284 4449 431 4504 nium
461 4447 902 4504 Christianorum
930 4445 1140 4518 dirigit,
1173 4445 1243 4501 ad
1280 4445 1386 4501 hoc
1432 4445 1597 4501 etiam
1638 4445 1874 4516 impera-

284 4543 482 4597 ratoria
518 4540 798 4612 majestas,
829 4548 884 4595 et
923 4539 1240 4611 apostolicae
1278 4538 1425 4596 sedis
1462 4546 1746 4595 mansueta
1779 4554 1874 4609 po-
1907 4505 1957 4568 D
1988 4513 2142 4612 ξθίίυί
2188 4523 2470 4612 (ξρῖδῐηυες

283 4642 447 4690 testas
479 4634 747 4707 impellit;
780 4634 904 4706 quia
933 4633 977 4689 si
1008 4642 1085 4697 te,
1121 4642 1181 4689 ut
1218 4640 1453 4704 oportet,
1485 4649 1594 4689 non
1624 4632 1787 4704 diligo
1819 4632 1877 4686 in

284 4746 483 4785 vanum
514 4727 583 4785 de
608 4726 981 4783 misericordia
1005 4726 1128 4794 Dei,
1156 4726 1368 4782 meritis
1398 4726 1542 4782 beati
1568 4726 1709 4780 Petri
1734 4741 1873 4780 con-

281 4821 406 4879 ﬁdo.
441 4822 555 4878 Sed
599 4822 724 4892 quia
754 4819 845 4876 die
873 4829 1140 4892 nocteque
1171 4820 1226 4875 in
1278 4820 1430 4875 vinea
1474 4819 1694 4874 Domini
1725 4819 1873 4873 labo-

281 4932 420 4985 rare,
454 4931 554 4987 per
576 4914 747 4970 multa
776 4914 1009 4986 pericula
1036 4914 1204 4969 etiam
1226 4928 1399 4984 usque
1427 4910 1497 4967 ad
1527 4920 1763 4967 mortem
1784 4912 1878 4968 de—

278 5010 481 5073 sidero,
509 5024 624 5064 non
649 5010 829 5064 solum
867 5008 987 5077 tibi,
1019 5023 1185 5079 quem
1224 5010 1373 5062 Deus
1408 5006 1463 5060 in
1505 5021 1724 5061 summo
1756 5009 1872 5061 cul-

280 5104 429 5159 mine
459 5117 649 5158 rerum
701 5100 905 5173 posuit,
937 5116 1031 5172 per
1058 5115 1221 5172 quem
1260 5099 1415 5154 multi
1444 5107 1674 5170 possunt
1722 5108 1817 5154 aut
1843 5115 1874 5154 a

281 5204 429 5253 recto
460 5196 685 5253 tramite
713 5196 987 5260 aberrare,
1020 5202 1115 5249 aut
1143 5192 1509 5249 Christianam
1554 5192 1873 5263 religionem

282 5289 592 5357 observare,
622 5287 717 5345 sed
754 5288 920 5344 etiam
950 5287 1183 5342 minimo
1213 5285 1544 5353 Christiano,
1584 5284 1876 5357 adjuvante

284 5386 418 5453 Deo,
451 5398 677 5455 semper
726 5380 955 5438 studebo
983 5388 1227 5436 sanctam
1258 5388 1313 5436 et
1339 5379 1667 5451 condignam
1696 5378 1873 5434 chari-

284 5484 450 5533 tatem
497 5475 793 5532 custodire.
834 5477 953 5530 Hac
996 5472 1145 5530 enim
1184 5474 1299 5530 sine
1327 5482 1477 5530 veste
1519 5473 1731 5545 regales
1770 5489 1873 5528 nu-

286 5572 421 5641 ptias
462 5570 617 5628 adire
661 5570 751 5642 qui
794 5569 1100 5636 tentaverit,
1146 5567 1385 5625 dedecus
1428 5568 1667 5623 immane
1707 5567 1875 5623 susti-

284 5665 451 5722 nebit.
503 5667 652 5733 Heu,
695 5663 830 5736 proh
863 5664 1051 5719 dolor!
1101 5663 1219 5719 haec
1245 5661 1485 5734 vigilanti
1532 5662 1719 5717 animo
1761 5677 1872 5717 non

284 5758 596 5821 attendunt,
625 5757 716 5828 qui
748 5756 1080 5813 discordiam
1111 5757 1386 5813 seminare
1431 5756 1567 5811 inter
1610 5772 1711 5811 nos
1740 5772 1873 5825 quo-

283 5852 409 5908 tidie
454 5852 777 5923 disponunt,
830 5859 894 5906 ut
931 5850 1013 5907 his
1061 5851 1269 5909 retibus
1312 5848 1580 5907 diabolica
1620 5850 1874 5907 instinctu

1997 495 2127 550 liare
2153 495 2303 559 vitia,
2332 496 2535 566 quibus
2564 496 2704 551 iram
2734 498 2834 553 Dei
2866 506 2922 553 et
2946 498 3185 570 gladium
3230 503 3402 561 sancti
3448 504 3592 560 Petri

1996 597 2189 643 contra
2217 604 2275 643 se
2298 588 2488 643 insana
2516 596 2701 644 mente
2726 601 3041 661 provocant.
3072 595 3267 650 Moneo
3292 595 3479 667 itaque
3516 605 3593 666 te,
3628 642 3639 651 κ

1994 690 2048 735 et
2076 681 2291 750 hortor,
2323 682 2637 738 charissima
2678 684 2774 750 ﬁli,
2809 685 2876 739 ab
2922 684 3003 741 his
3040 702 3202 742 aures
3230 696 3352 743 tuas
3380 698 3590 755 averte,

1997 788 2051 829 et
2084 774 2159 830 eis
2187 775 2437 831 auditum
2479 776 2851 833 indubitanter
2877 779 3076 849 praebe,
3101 780 3191 851 qui
3218 796 3324 835 non
3351 798 3469 851 sua,
3496 783 3593 841 sed

1995 884 2117 939 quae
2144 877 2275 924 sunt
2316 871 2447 924 Jesu
2473 869 2670 926 Christi
2698 880 2951 941 quaerunt
2982 875 3029 937 (Ι
3067 875 3182 930 Cor.
3225 882 3385 942 xm),
3414 891 3594 949 neque

1997 961 2265 1017 honorem
2308 979 2471 1018 suum
2520 964 2598 1018 vel
2632 964 2843 1019 lucrum
2879 965 3108 1036 justitias
3139 978 3488 1040 praeponunt,
3532 979 3592 1026 ut

1995 1071 2189 1111 eorum
2216 1057 2442 1112 consilio
2473 1057 2639 1129 hujus
2669 1058 2792 1113 vitae
2815 1058 3044 1129 gloriam
3070 1076 3181 1115 non
3211 1064 3455 1131 amittas,
3492 1064 3589 1119 sed

1994 1164 2111 1204 eam
2151 1164 2273 1219 quae
2311 1159 2394 1205 est
2436 1148 2488 1204 in
2534 1150 2751 1206 Christo
2796 1152 2925 1206 Jesu
2973 1152 3294 1210 ﬁducialiter
3322 1156 3587 1227 acquiras.

1994 1245 2262 1298 Praeterea
2306 1243 2484 1298 indico
2514 1252 2623 1299 ture
2667 1244 3055 1317 magnitudini,
3092 1247 3219 1318 quia
3272 1248 3584 1317 Christiani,

1996 1353 2059 1391 ex
2108 1336 2346 1407 partibus
2377 1338 2512 1392 ultra
2552 1338 2798 1406 marinis,
2833 1353 3070 1409 quorum
3119 1341 3365 1397 maxima
3402 1358 3529 1412 pars
3555 1360 3588 1398 a

1994 1431 2214 1504 paganis
2240 1430 2485 1486 inaudita
2513 1432 2665 1486 clade
2691 1431 3017 1497 destruitur,
3049 1441 3103 1488 et
3131 1450 3286 1490 more
3314 1435 3585 1506 pecudum

1994 1524 2240 1594 quotidie
2278 1524 2565 1588 occiditur,
2615 1540 2854 1597 gensque
2904 1526 3204 1582 Christiana
3240 1529 3308 1583 ad
3356 1528 3588 1584 nihilum

1992 1618 2274 1690 redigitur,
2315 1617 2384 1673 ad
2427 1634 2513 1674 me
2556 1618 2835 1674 humiliter
2882 1620 3168 1688 miserunt,
3219 1622 3388 1677 nimia
3434 1638 3623 1677 com-.

1996 1712 2131 1782 pulsi
2169 1712 2392 1767 miseria
2416 1712 2792 1783 implorantes,
2834 1722 2893 1767 ut
2924 1713 3103 1769 modis
3146 1716 3341 1786 quibus
3370 1730 3587 1787 possem

1914 1792 1957 1851 Β
1993 1804 2195 1860 eisdem
2225 1803 2480 1860 fratribus
2534 1807 2737 1861 nostris
2764 1821 3160 1875 Succurrerem,
3195 1824 3261 1863 ne
3289 1808 3588 1864 Christiana

1992 1899 2179 1970 religio
2211 1899 2412 1954 nostris
2440 1900 2781 1970 temporibus
2810 1940 2825 1967 ,
2871 1900 3019 1971 quod
3049 1900 3209 1967 absit,
3241 1901 3467 1957 omnino
3496 1902 3590 1958 de-
3614 1914 3633 1919 ’

1996 1991 2210 2061 periret.
2241 1994 2354 2062 Ego
2385 2000 2569 2047 autem
2596 1992 2769 2047 nimio
2800 1992 2988 2048 dolore
3017 2001 3217 2061 tactus,
3243 2004 3299 2048 et
3327 2010 3499 2065 usque
3519 1994 3586 2049 ad

1993 2084 2189 2140 mortis
2218 2084 2556 2139 desiderium
2584 2084 2798 2151 ductus,
2850 2086 3022 2158 magis
3051 2086 3196 2142 enim
3246 2087 3443 2144 vellem
3487 2103 3586 2158 pro

1996 2178 2079 2233 his
2108 2178 2350 2234 animam
2377 2193 2556 2233 meam
2588 2194 2791 2249 ponere
2821 2195 2988 2251 quam
3018 2195 3113 2234 eos
3150 2180 3427 2252 negligens
3466 2182 3587 2237 uni-

1994 2286 2146 2327 verso
2182 2272 2298 2328 orbi
2334 2272 2403 2327 ad
2452 2272 2668 2327 libitum
2714 2272 2895 2327 carnis
2948 2272 3237 2343 imperare,
3302 2276 3587 2344 procuravi

1991 2365 2329 2422 Christianos
2357 2382 2603 2437 quosque
2636 2349 2706 2420 ad
2754 2366 2861 2420 hoc
2904 2380 3223 2437 provocare,
3265 2368 3332 2423 ad
3359 2367 3462 2423 hoc
3491 2368 3588 2423 im-

1992 2460 2210 2529 pellere,
2241 2468 2303 2515 ut
2329 2467 2603 2531 appetant,
2634 2458 2978 2515 defendendo
3015 2461 3188 2532 legem
3226 2460 3450 2531 Christi,
3478 2462 3590 2516 ani-

1993 2568 2146 2607 mam
2183 2569 2343 2608 suam
2392 2569 2489 2623 pro
2535 2551 2796 2608 fratribus
2840 2569 3042 2624 ponere
3091 2556 3263 2619 (Joan.
3309 2560 3369 2621 χ)
3404 2563 3459 2610 et
3488 2570 3585 2610 no-

1994 2645 2253 2700 bilitatem
2283 2645 2522 2701 ﬁliorum
2556 2645 2653 2699 Dei
2692 2647 2808 2701 luce
2841 2646 3039 2701 clarius
3066 2655 3363 2703 ostentare.
3403 2651 3584 2718 Quam

1982 2738 2427 2793 “admonitionem
2473 2738 2643 2792 Italici
2696 2746 2753 2793 et
2799 2739 3211 2807 ultramoutani,
3248 2744 3368 2795 Deo
3412 2741 3580 2813 inspi-

1991 2840 2168 2898 rante,
2202 2839 2261 2887 ut
2289 2846 2438 2899 reor,
2470 2831 2585 2886 imo
2618 2830 2781 2885 etiam
2812 2831 3043 2886 omnino
3070 2830 3312 2900 afﬁrmo,
3354 2832 3585 2889 libenter

1991 2930 2335 2996 acceperunt,
2366 2932 2421 2979 et
2450 2924 2567 2995 jam
2594 2923 2736 2979 ultra
2766 2922 3152 2995 quinquaginta
3182 2925 3352 2981 millia
3381 2911 3584 2982 adhoc

1994 3033 2049 3072 se
2081 3026 2409 3089 praeparant,
2439 3026 2497 3072 ut
2523 3018 2564 3072 si
2612 3032 2699 3071 me
2740 3024 2973 3088 possunt
3001 3017 3053 3071 in
3084 3017 3438 3089 expeditione
3485 3035 3581 3089 pro

1993 3112 2132 3167 duce
2167 3128 2229 3167 ac
2254 3111 2513 3182 pontiﬁce
2538 3109 2758 3177 habere,
2791 3117 3005 3165 armata
3030 3126 3199 3167 manu
3241 3120 3438 3167 contra
3478 3111 3582 3167 ini-

1991 3205 2167 3261 micos
2194 3205 2295 3261 Dei
2329 3206 2520 3261 volunt
2544 3205 2843 3276 insurgere,
2876 3213 2931 3259 et
2977 3220 3147 3275 usque
3170 3204 3241 3260 ad
3267 3205 3580 3276 sepulcrum

1990 3299 2235 3365 Domini,
2266 3297 2386 3369 ipso
2423 3298 2674 3366 ducente,
2705 3297 3002 3367 pervenire.
3034 3298 3174 3353 lllud
3206 3298 3372 3353 etiam
3397 3314 3490 3354 me
3515 3298 3584 3354 ad

1988 3391 2092 3447 hoc
2116 3407 2253 3464 opus
2285 3390 2618 3463 permaxime
2651 3392 2894 3463 instigat,
2943 3392 3093 3464 quod
3124 3393 3583 3465 Constantinopo-

1988 3484 2152 3541 litana
2180 3484 2417 3541 Ecclesia
2455 3484 2525 3541 de
2553 3493 2744 3540 sancto
2783 3485 2992 3555 Spiritu
3020 3501 3051 3543 a
3101 3486 3262 3541 nobis
3290 3485 3578 3553 dissidens,

1986 3578 2333 3635 concordiam
2378 3578 2690 3649 apostolica:
2743 3577 2888 3634 sedis
2933 3584 3208 3650 ex5pectat
3260 3583 3577 3651 [expetat].

1990 3672 2215 3728 Armeni
2245 3672 2410 3728 etiam
2434 3671 2551 3728 fere
2580 3687 2771 3727 omnes
2810 3688 2841 3727 a
2870 3671 3131 3728 catholica
3162 3671 3268 3728 ﬁde
3304 3674 3578 3736 aberrant,

1986 3774 2040 3821 et
2068 3782 2202 3837 pene
2232 3766 2468 3821 universi
2514 3765 2801 3821 orientales
2856 3766 3238 3837 praestolamur
3265 3767 3396 3837 quid
3443 3766 3580 3823 ﬁdes

1986 3859 2213 3931 apostoli
2252 3859 2393 3915 Petri
2435 3859 2575 3914 inter
2602 3858 2842 3915 diversas
2870 3858 3153 3929 opiniones
3177 3874 3373 3915 eorum
3398 3860 3582 3918 decer-

1986 3962 2097 4008 nat.
2130 3955 2306 4009 lustat
2342 3953 2487 4008 enim
2516 3960 2705 4008 nostro
2730 3959 2980 4024 tempore
3011 3960 3074 4007 ut
3097 3952 3393 4024 impleatur
3433 3954 3576 4025 quod

1985 4047 2101 4118 pius
2126 4045 2463 4119 Redemptor
2492 4046 2704 4118 speciali
2746 4046 2922 4118 gratia
2960 4045 3214 4117 dignatus
3254 4054 3334 4101 est
3362 4054 3580 4118 aposto-

1980 4140 2161 4195 lorum
2209 4140 2430 4212 principi
2456 4139 2692 4195 indicare
2741 4156 2805 4195 ac
2852 4141 3145 4211 praecipere
3191 4140 3425 4195 dicens:
3464 4143 3571 4209 Ego

1980 4250 2083 4303 pro
2112 4240 2161 4288 te
2186 4237 2395 4303 rogavi,
2427 4238 2603 4296 Petre,
2636 4238 2697 4288 ut
2724 4250 2827 4288 non
2874 4234 3088 4302 deﬁciat
3114 4234 3243 4303 ﬁdes
3273 4240 3387 4297 tua,
3421 4238 3473 4289 et
3518 4238 3578 4288 tu

1985 4328 2279 4397 aliquando
2301 4343 2580 4383 conversus
2604 4331 2859 4396 conﬁrma
2873 4328 3073 4393 fratres
3097 4332 3210 4382 tuos
3233 4330 3376 4389 (Luc.
3399 4330 3575 4392 XXII).

1983 4424 2053 4476 Et
2082 4420 2204 4492 quia
2238 4429 2421 4492 patres
2462 4420 2657 4486 nostri,
2689 4435 2928 4491 quorum
2960 4420 3187 4491 vestigia
3218 4420 3345 4474 licet
3370 4420 3577 4491 indigni

2513 4521 2692 4585 partes
2740 4512 2860 4569 illas
2892 4528 2993 4584 pro
3026 4511 3132 4567 ﬁde
3161 4512 3427 4567 catholica
3454 4528 3580 4567 con-

1986 4602 2255 4658 ﬁrmanda
2301 4618 2445 4673 saepe
2473 4601 2747 4667 adierunt,
2793 4616 2897 4655 nos
2926 4599 3092 4654 etiam
3124 4599 3293 4672 adjuti
3327 4599 3579 4670 precibus

1986 4692 2235 4748 omnium
2260 4691 2716 4756 Christianorum,
2740 4689 2784 4745 si
2806 4688 3024 4744 Christo
3044 4687 3182 4744 duce
3203 4688 3286 4743 via
3314 4689 3576 4758 patuerit,

1986 4781 2115 4853 quia
2147 4796 2259 4835 non
2286 4788 2367 4835 est
2388 4780 2472 4833 via
2503 4778 2740 4834 hominis
2764 4778 2822 4833 in
2843 4793 3009 4832 manu
3028 4776 3171 4848 ejus,
3195 4781 3250 4832 et
3276 4793 3307 4832 a
3334 4779 3577 4834 Domino

1985 4885 2197 4941 gressus
2215 4869 2448 4924 hominis
2468 4868 2775 4942 diriguntur
2799 4868 2960 4933 (Psal.
2991 4867 3230 4939 xxxvr),
3262 4868 3389 4923 illuc
3410 4877 3575 4926 trans-

1986 4961 2065 5014 ire
2109 4975 2208 5031 pro
2261 4959 2451 5014 eadem
2492 4957 2601 5015 ﬁde
2648 4967 2702 5014 et
2769 4957 3211 5014 Christianorum
3260 4957 3578 5016 defensione

1983 5048 2387 5121 compellimur.
2421 5046 2528 5103 Sed
2576 5047 2698 5119 quia
2753 5063 2951 5120 magna
2999 5062 3088 5102 res
3133 5061 3335 5118 magno
3374 5046 3579 5121 indiget

1983 5138 2211 5193 consilio
2241 5145 2294 5194 et
2322 5152 2649 5209 magnorum
2682 5136 2908 5205 auxilio,
2951 5136 2995 5191 si
3039 5135 3143 5191 hoc
3172 5138 3321 5192 Deus
3350 5151 3439 5191 me
3469 5152 3579 5207 per-

1986 5227 2198 5283 miserit
2222 5226 2491 5298 incipere,
2537 5241 2567 5281 a
2604 5234 2660 5281 te
2707 5242 2895 5298 quaero
2928 5226 3218 5281 consilium
3262 5233 3347 5293 et,
3375 5235 3439 5283 ut
3478 5224 3577 5282 tibi

1986 5317 2181 5387 placet,
2230 5315 2512 5383 auxilium,
2562 5315 2691 5387 quia
2735 5316 2785 5369 si
2831 5314 2955 5370 illuc
2978 5314 3190 5371 favente
3239 5318 3358 5371 Deo
3408 5314 3575 5383 ivero,

1985 5413 2109 5477 post
2154 5407 2335 5461 Deum
2380 5405 2478 5461 tibi
2511 5408 2823 5459 Romanam
2874 5405 3176 5461 Ecclesiam
3221 5405 3487 5475 relinquo,
3519 5411 3580 5460 ut

1985 5510 2104 5551 eam
2133 5503 2188 5549 et
2208 5495 2352 5550 sicut
2376 5501 2617 5549 sanctam
2649 5503 2879 5549 matrem
2909 5493 3213 5560 custodias,
3243 5502 3297 5548 et
3325 5493 3443 5565 ejus
3488 5493 3581 5547 ho.

1984 5600 2177 5639 norem
2199 5583 2480 5640 defendas.
2512 5582 2653 5653 Quid
2682 5582 2776 5637 tibi
2808 5598 2971 5654 super
2991 5582 3077 5637 his
3107 5582 3338 5652 placeat,
3363 5592 3416 5639 et
3440 5582 3570 5653 quid

1984 5668 2273 5740 prudentia
2315 5679 2403 5725 tua
2461 5670 2720 5727 divinitus
2798 5673 3034 5743 aspirata
3088 5669 3368 5738 decernat,
3439 5667 3573 5725 mihi

1983 5759 2309 5830 quantocius
2334 5769 2484 5830 potes
2514 5759 2780 5814 remittas.
2814 5761 2955 5815 Nam
3010 5758 3051 5812 si
3080 5756 3153 5813 de
3186 5769 3237 5813 te
3287 5760 3576 5829 plusquam

1986 5848 2206 5921 plurimi
2252 5856 2440 5921 putent
2494 5864 2605 5905 non
2649 5862 2943 5918 Sperarem,
2997 5845 3161 5902 verba
3211 5844 3329 5901 hac
3377 5845 3579 5907 frustra
