4144 6184
610 233 714 303 387

1292 232 1350 290 s.
1392 228 1712 292 GREGORII
1751 237 1840 291 vu
1880 237 2076 297 eam
2114 216 2401 292 onstum
2426 237 2601 293 PARS
2640 239 2680 291 ι.
2720 266 2793 278 -
2828 232 3229 295 REGISTRUM.
3584 314 3587 319 λ
3780 246 3864 303 ass

613 321 946 432 proferrem.
975 357 1082 414 Sed
1111 357 1239 431 quia
1267 356 1456 415 forsan
1493 375 1608 415 non
1653 368 1740 416 est
1780 360 1970 424 homo,
2005 328 2095 417 cui
2137 360 2205 417 de
2231 364 2285 426 Α
2384 364 2517 432 cipit
2550 367 2614 417 ut
2642 362 2717 416 ad
2740 363 2909 416 alium
2932 365 3214 431 synodum
3249 367 3488 429 accedat,
3519 371 3568 422 et
3595 384 3658 422 ne
3695 328 3871 425 dictum

502 466 509 473 ‘
610 453 918 509 sinceritate
956 451 1262 509 dilectionis
1297 466 1441 508 mem
1467 451 1647 508 adhuc
1674 452 2050 510 indubitanter
2087 470 2202 511 cre-

609 544 728 615 das,
761 546 979 618 Spiritui
1006 541 1218 613 sancto,
1247 544 1339 617 qui
1379 546 1563 602 omnia
1590 555 1790 619 potest,
1829 549 2113 605 committo
2143 556 2204 603 ut

611 639 778 694 menti
802 648 913 697 tua:
940 655 1041 695 suo
1073 655 1228 695 more
1255 638 1461 696 indicet
1485 639 1617 712 quid
1641 640 1740 696 tibi
1765 640 2011 713 cupiam,
2038 657 2202 714 quan-

603 741 793 788 tumve
818 741 871 788 te
910 732 1134 804 diligam
1188 752 1201 788 :
1234 741 1291 789 et
1320 732 1519 789 eodem
1547 733 1716 790 modo
1752 734 1891 790 circa
1920 750 2014 790 me
2047 743 2200 791 tuam

607 834 849 881 mentem
884 836 1202 898 componat,
1244 835 1304 882 ut
1344 826 1643 898 impiorum
1682 826 2014 884 desiderium
2050 827 2203 898 depe-

604 928 722 975 reat
748 930 801 975 et
830 920 1110 976 bonorum
1134 928 1425 976 accrescat.
1457 922 1590 977 Hac
1620 921 1766 977 enim
1791 920 1904 979 duo
1932 920 2202 978 desideria

605 1013 746 1069 circa
790 1028 894 1069 nos
919 1012 1084 1081 duos,
1133 1013 1258 1068 licet
1284 1012 1497 1068 diverso
1523 1013 1709 1082 modo,
1757 1015 2096 1071 incessanter
2126 1014 2201 1070 in-

606 1105 844 1179 vigilant,
876 1115 933 1162 et
960 1105 1261 1162 secundum
1288 1107 1625 1162 voluntatem
1650 1123 1868 1176 eorum,
1899 1125 1928 1163 a
1951 1125 2060 1180 quo
2084 1124 2204 1180 pro-

604 1198 798 1267 deunt,
845 1199 1144 1255 decertant.
1185 1199 1549 1271 Omnipotens
1594 1205 1765 1271 Deus,
1794 1217 1824 1257 a
1853 1217 1963 1273 quo
2006 1211 2203 1259 cuncta

606 1292 752 1347 bona
796 1291 1124 1363 procedunt,
1179 1292 1393 1348 meritis
1441 1302 1497 1349 et
1541 1295 1866 1351 auctoritate
1912 1297 2203 1352 beatorum

524 1386 535 1391 ’
608 1384 983 1456 apostolorum
1014 1385 1163 1441 Petri
1201 1395 1257 1442 et
1299 1386 1473 1456 Pauli,
1524 1388 1814 1445 acunctis
1868 1390 2103 1461 peccatis
2149 1398 2204 1444 te

607 1478 877 1546 absolvat,
910 1487 965 1533 et
988 1494 1084 1550 per
1104 1479 1253 1534 viam
1277 1479 1666 1537 mandatorum
1691 1497 1919 1539 suorum
1948 1482 2202 1539 incedere

604 1569 785 1635 faciat,
816 1580 981 1643 atque
1008 1570 1082 1627 ad
1111 1573 1281 1628 vitam
1309 1582 1576 1630 mternam
1606 1574 1896 1647 perducat.

680 1668 827 1721 Data
855 1667 1050 1722 Romae
1091 1666 1331 1738 septimo
1376 1667 1507 1725 Idus
1537 1670 1879 1740 Decembris,
1909 1669 2203 1727 indictione

603 1757 820 1815 decima
840 1760 1020 1815 tertia.

1082 1855 1438 1911 EPISTOLA
1466 1854 1714 1911 XXXII.

698 1962 776 2003 AD
805 1960 1142 2003 MANASSBH
1164 1963 1496 2004 RBMBNSEM
1529 1964 2090 2007 ABCHIEPISCOPUH.

1212 2044 1396 2106 (Anno
1420 2046 1596 2113 1074.)

601 2133 814 2200 Accipit
841 2133 1236 2187 accusationem
1260 2135 1643 2205 archiepiscopi
1660 2138 1952 2202 Remensis,
1980 2138 2078 2205 qui
2096 2151 2202 2191 non

672 2205 917 2259 uisitauit
957 2205 1149 2258 limina
1182 2206 1573 2273 apostolorum;
1602 2223 1762 2278 seque
1788 2223 2041 2272 magnam
2065 2208 2201 2263 dele-

672 2278 957 2329 ctationem
988 2280 1293 2344 capturum,
1338 2279 1389 2331 si
1418 2292 1518 2332 rea:
1564 2281 1808 2334 Francia:
1856 2279 2051 2333 scelera
2098 2293 2201 2333 sua

673 2349 993 2411 corremerit;
1023 2349 1109 2400 sin
1147 2348 1346 2408 minus,
1401 2349 1452 2402 ei
1493 2351 1778 2405 adversari
1820 2354 1882 2405 in
1924 2351 2197 2416 futurum,

672 2418 973 2487 legatosque
994 2418 1344 2473 commendat.

676 2510 1040 2566 Gnaeonrus
1058 2510 1365 2582 episcopus,
1403 2526 1592 2567 servus
1616 2526 1901 2569 servorum
1923 2513 2047 2582 Dei,
2081 2517 2204 2569 MA-

579 2617 811 2659 ~NASSIE
836 2603 1101 2659 Remensi
1135 2603 1571 2676 archiepiscopo,
1599 2606 1833 2663 salutem
1863 2614 1921 2663 et
1943 2607 2202 2679 apostoli-

606 2710 733 2750 cam
759 2695 1227 2752 benedictionem.

670 2789 860 2844 Tantis
893 2790 1161 2858 [Sanctis]
1200 2790 1511 2847 dilectionis
1554 2793 1905 2865 amplexibus
1950 2801 2201 2849 sanctam

602 2881 915 2938 Romanam
946 2883 1243 2940 Ecclesiam
1287 2892 1342 2939 et
1383 2901 1485 2940 nos
1529 2886 1616 2940 sui
1656 2885 1845 2942 debito
1873 2894 1929 2942 te
1971 2885 2202 2959 diligere

600 2982 880 3046 putamus,
920 2984 1074 3032 tanto
1100 2977 1411 3034 dilectionis
1437 2978 1652 3034 fervore
1687 2980 1746 3033 in
1780 2995 1880 3034 suo
1923 2987 1978 3034 et
2008 2988 2201 3035 nostro

598 3083 786 3137 amore
814 3077 870 3124 te
894 3068 1094 3126 debere
1122 3069 1357 3136 fervere,
1390 3080 1451 3125 ut
1475 3071 1717 3126 nimium
1750 3071 1821 3125 sit
1850 3071 2012 3127 nobis
2042 3071 2198 3127 haesi-

596 3167 735 3227 tare,
763 3162 895 3232 quin
924 3163 1305 3234 apostolorum
1336 3163 1548 3230 limina,
1576 3163 1622 3217 si
1652 3162 1756 3217 tibi
1786 3163 2000 3235 integra
2028 3164 2190 3219 ades—
2225 3163 2271 3226 C

598 3263 683 3310 set
708 3254 937 3310 facultas
965 3263 1020 3311 et
1044 3255 1234 3323 libera,
1271 3255 1538 3311 visitares.
1568 3258 1726 3312 Nunc
1759 3256 1929 3328 igitur
1956 3265 2113 3313 caute
2141 3265 2198 3313 et

598 3346 911 3419 diligenter,
945 3355 1007 3401 ut
1050 3346 1240 3415 debes,
1294 3348 1550 3419 accipias,
1592 3350 1808 3406 malum
1860 3350 2193 3419 inauditum,

598 3440 775 3496 scelus
797 3439 1135 3507 detestabile,
1167 3440 1318 3513 quod
1338 3440 1623 3514 Philippus
1652 3459 1749 3499 rex
1774 3444 2044 3511 Francia,
2077 3445 2193 3499 imo

598 3531 759 3604 lupus
794 3549 978 3604 rapax,
1040 3541 1304 3606 tyrannus
1358 3535 1600 3607 iniquus,
1654 3537 1761 3592 Dei
1819 3546 1874 3593 et
1915 3538 2193 3610 religionis

596 3635 801 3682 sancta
824 3626 1090 3683 Ecclesiae
1130 3626 1412 3695 inimicus,
1438 3630 1592 3684 Italis
1620 3638 1674 3684 et
1701 3629 1932 3686 aliarum
1964 3632 2192 3702 provin-

595 3717 805 3773 ciarum
842 3718 1244 3775 mercatoribus
1274 3729 1467 3776 contra
1498 3724 1679 3777 Deum
1707 3732 1762 3779 et
1793 3724 1949 3796 regni
1978 3725 2061 3780 sui
2093 3725 2191 3780 ho-

594 3825 793 3866 norem
835 3810 983 3876 fecit,
1009 3819 1065 3866 et
1101 3811 1206 3867 alia
1232 3828 1473 3884 quorum
1521 3814 1592 3870 ad
1618 3831 1782 3871 aures
1810 3825 2031 3872 nostras
2078 3818 2193 3873 cla-

593 3919 781 3960 mores
823 3902 1269 3975 frequentissime
1324 3915 1612 3976 venerunt,
1669 3909 1737 3978 si,
1786 3917 1949 3980 prout
1971 3910 2189 3981 justitia

590 3996 898 4065 dictaverit,
929 3999 1252 4067 correxerit,
1281 4015 1383 4056 nos
1413 4001 1599 4072 procul
1627 4001 1800 4058 dubio
1827 4002 2026 4069 laetari,
2057 4019 2183 4075 gra-

590 4091 797 4146 tiarum
823 4091 1135 4148 actionibus
1159 4096 1343 4150 Deum
1382 4093 1626 4164 laudare,
1676 4103 1740 4150 ut
1763 4111 1863 4167 pro
1906 4095 2114 4167 perdita
2135 4105 2190 4152 et

591 4184 815 4240 inventa
836 4200 938 4240 ove
963 4184 1099 4240 sciat
1122 4184 1442 4242 fraternitas
1468 4195 1582 4243 tua.
1608 4188 1665 4245 Si
1697 4205 1826 4245 vero
1856 4198 2046 4246 contra
2068 4190 2189 4247 haec

534 4264 541 4265 ί
588 4277 757 4359 (quod
779 4277 1057 4345 nolumus)
1085 4280 1280 4352 egerit,
1305 4284 1487 4337 Deum
1511 4281 1697 4353 procul
1738 4281 1908 4339 dubio
1939 4283 2044 4339 sibi
2080 4284 2187 4339 ini-

591 4371 822 4438 micum,
869 4381 1224 4446 sanctamque
1267 4376 1583 4431 Romanam
1624 4376 1927 4433 Ecclesiam
1965 4386 2023 4433 et
2062 4394 2182 4446 nos,

590 4466 679 4522 cui
715 4466 845 4523 licet
879 4466 1093 4540 indigni
1122 4468 1505 4539 prasidemus,
1537 4469 1743 4525 viribus
1769 4479 1827 4526 et
1864 4472 2048 4527 modis
2071 4488 2184 4527 om-

2382 428 2768 488 mcnasterium
2793 428 3112 490 detrimento
3136 438 3368 506 afﬁciat.

2378 527 2738 583 GBRGOBIUS
2771 528 3074 599 episcopus,
3102 520 3288 585 servus
3315 546 3605 587 servorum
3642 533 3757 599 Dei,
3779 536 3873 590 Cn-

2306 635 2562 677 mPEn'ro
2582 621 2922 694 [Cunibertoj
2947 623 3271 679 Taurinensi
3291 624 3568 696 episcopo,
3595 625 3809 683 salutem
3828 636 3876 684 et

2308 713 2667 785 apostolicam
2695 714 3157 772 benedictionem.

2380 807 2529 864 Licet
2572 807 2832 865 adversus
2860 810 3351 881 praesumptionem
3387 819 3542 867 tuam
3586 811 3768 868 durius
3802 814 3876 869 in-

2309 899 2433 956 vehi
2458 900 2811 969 deberemus,
2852 902 2979 973 quia
3027 911 3250 959 vocatus
3287 890 3358 960 ad
3389 904 3688 977 synodum,
3731 922 3879 978 quam

2308 994 2451 1051 circa
2487 994 2844 1052 festivitatem
2884 996 3059 1052 sancti
3086 996 3322 1054 Andreae
3357 997 3766 1068 celebravimus,
3804 1015 3879 1056 ve-

2307 1087 2426 1142 nire
2463 1088 2865 1161 contempsisti,
2898 1098 2955 1144 et
2999 1090 3296 1146 venerabili
3337 1093 3683 1148 monasterio
3715 1094 3880 1149 Sancti

2310 1181 2617 1249 Michaelis,
2645 1199 2827 1254 neque
2856 1190 3109 1255 respectu
3138 1183 3313 1240 divini
3349 1185 3593 1250 timoris,
3625 1202 3793 1257 neque
3810 1186 3883 1241 in-

2309 1274 2456 1330 tuitu
2485 1276 2804 1345 apostolicae
2844 1275 3206 1345 defensionis,
3245 1277 3646 1349 inquietudinis
3677 1296 3882 1336 manum

2311 1368 2631 1426 subtrahere
2661 1370 2916 1438 voluisti;
2948 1369 3128 1427 adhuc
3153 1379 3342 1427 tamen
3366 1370 3668 1429 fraternam
3693 1373 3787 1429 tibi
3814 1372 3886 1427 di-

2310 1461 2601 1518 lectionem
2630 1479 2999 1532 reservamus,
3044 1473 3099 1520 et
3127 1463 3330 1522 debitae
3372 1465 3763 1522 satisfactionis
3788 1476 3885 1523 tua

2308 1552 2555 1611 fructum
2573 1565 2970 1628 exspectamus.
3004 1558 3349 1630 Quapropter
3375 1559 3586 1616 iterum
3615 1568 3668 1615 te
3690 1568 3886 1631 aposto-

2313 1649 2414 1705 lica
2444 1650 2769 1705 auctoritate
2792 1666 3112 1720 monemus,
3143 1660 3203 1709 ut
3226 1650 3297 1709 ad
3330 1652 3631 1725 synodum,
3660 1669 3815 1726 quam
3836 1653 3886 1708 in

2235 1780 2283 1843 Β
2313 1742 2491 1814 prima
2514 1743 2818 1815 septimana
2843 1744 3290 1818 Quadragesimze
3326 1746 3658 1804 celebraturi
3694 1762 3884 1813 sumus,

2313 1837 2517 1893 venias.
2544 1840 2659 1893 Nos
2697 1837 2849 1893 enim
2869 1838 3126 1896 abbatem
3148 1839 3365 1911 praefati
3390 1841 3715 1897 monasterii
3736 1855 3885 1914 usque

2309 1929 2376 1985 ad
2404 1930 2727 2001 prmdictam
2750 1931 3026 2005 synodum
3046 1932 3337 1990 nobiscum
3361 1935 3746 2006 retinebimus,
3774 1950 3888 2006 qua-

2313 2032 2491 2085 tenus.
2534 2024 2742 2081 auditis
2772 2027 3027 2098 utrinque
3049 2027 3376 2096 rationibus,
3398 2037 3520 2085 tam
3555 2029 3787 2085 Ecclesia
3806 2036 3886 2083 tua

2309 2132 2477 2188 quam
2516 2120 2919 2175 monasterium
2948 2119 3086 2176 illud
3116 2121 3395 2193 propriam
3426 2130 3787 2195 consequatur
3800 2121 3884 2193 .ju-
3974 2182 3977 2189 I

2308 2210 2532 2266 stitiam.
2563 2213 2791 2267 Interim
2817 2213 2987 2270 etiam
3022 2230 3335 2287 monemus,
3368 2224 3433 2270 ut
3456 2217 3663 2272 nullam
3702 2214 3886 2287 inquie-

2306 2302 2556 2360 tudinem
2600 2306 2826 2376 praefato
2870 2306 2992 2363 loco
3026 2305 3254 2365 inferas.
3304 2309 3363 2364 Si
3403 2324 3538 2366 vero
3575 2309 3662 2365 his
3702 2308 3885 2364 nostris

2310 2396 2508 2453 litteris
2540 2399 2881 2475 ‘inobediens
2926 2400 3119 2471 fueris,
3160 2401 3311 2474 quod
3364 2404 3544 2459 sancti
3614 2407 3790 2459 Patres
3832 2402 3883 2456 in

2308 2489 2623 2562 hujusmodi
2653 2494 2887 2566 negotiis
2932 2493 3129 2562 fecere,
3158 2511 3263 2551 nos
3293 2494 3493 2565 facere,
3530 2506 3587 2553 et
3627 2498 3799 2553 locum
3834 2495 3884 2549 il-

2309 2584 2425 2641 lum
2443 2587 2768 2643 auctoritate
2788 2587 2935 2643 beati
2960 2589 3105 2643 Petri
3127 2588 3423 2646 defendere
3443 2591 3755 2664 compelles.

2382 2683 2519 2736 Data
2552 2683 2750 2737 Romae
2777 2681 3017 2738 secundo
3047 2682 3177 2739 Idus
3225 2684 3572 2767 Decembris,
3615 2683 3889 2741 indictione

2310 2771 2523 2829 decima
2550 2776 2730 2830 tertia.

2790 2866 3140 2921 EPISTOLA
3165 2867 3437 2923 XXXIV.

2881 2969 2966 3009 AD
2992 2968 3361 3012 BAINBBIUK.

2914 3042 3099 3113 (Anno
3120 3048 3299 3108 1074.)

2306 3129 2551 3201 Deceimit
2571 3129 2740 3183 irrita
2763 3145 2871 3185 esse
2888 3147 3214 3201 quaecunque
3232 3132 3303 3185 ab
3327 3132 3530 3187 abbate
3553 3135 3732 3191 Sancti
3754 3134 3875 3191 Gau-

2378 3199 2553 3251 dentii
2577 3205 2727 3273 gesta
2748 3199 3045 3269 sunthuce
3073 3199 3196 3257 vero
3222 3206 3334 3273 ipse
3354 3206 3648 3261 Rainen‘us
3675 3221 3782 3260 cum
3802 3203 3881 3256 illo

2376 3273 2665 3393 contraxit,
2698 3272 3026 3342 difﬁnienda
3059 3272 3263 3342 differt
3289 3278 3347 3329 in
3373 3280 3571 3331 nuntii
3598 3278 3684 3332 sui
3704 3277 3882 3332 adven-

2404 3356 2515 3394 um.

2376 3430 2737 3488 GnBGonws
2763 3433 3074 3505 episcopus,
3099 3450 3285 3492 servus
3308 3451 3603 3494 servorum
3624 3437 3740 3504 Dei,
3765 3437 3880 3491 RAI-
3928 3502 3937 3507 λ

2304 3537 2492 3580 manto
2522 3524 2725 3581 illustri
2753 3526 2869 3582 viro
2916 3528 3151 3584 salutem
3183 3537 3237 3585 et
3266 3530 3640 3601 apostolicam
3683 3526 3879 3587 benedi-

2300 3618 2566 3674 ctionem.

2372 3711 2646 3780 Quoniam
2691 3713 3056 3771 devotionem
3102 3723 3264 3772 tuam
3306 3733 3371 3773 ac
3432 3716 3633 3786 ﬁdem,
3661 3720 3795 3774 sicut
3832 3722 3879 3769 te

2298 3802 2476 3872 decet,
2505 3821 2634 3878 erga
2661 3805 2889 3865 beatum
2912 3811 3138 3865 Petrum
3163 3809 3497 3882 jamdudum
3526 3812 3878 3884 probavimus,

2296 3904 2354 3951 et
2385 3900 2674 3969 praemium
2693 3908 2747 3956 te
2767 3899 2997 3974 dignum
3024 3903 3138 3959 tuis
3167 3904 3429 3976 operibus
3455 3912 3513 3960 te
3547 3913 3878 3978 accepturum

2298 3991 2527 4047 minime
2554 3992 2898 4064 dubitamus,
2924 3994 2993 4052 de
3033 3997 3260 4053 servitio
3303 4006 3358 4054 et
3388 3997 3616 4070 justitia
3651 3999 3761 4073 ejus
3788 3995 3877 4053 tibi

2296 4084 2637 4142 confidenter
2664 4089 3022 4157 mandamus,
3048 4099 3335 4161 sperantes
3361 4091 3717 4151 nobilitatem
3736 4100 3877 4147 tuam

2296 4194 2409 4234 non
2429 4180 2610 4237 solum
2631 4198 2688 4238 se
2716 4182 2975 4239 devotam
2994 4184 3260 4255 praebere,
3280 4184 3381 4242 sed
3402 4186 3578 4244 etiam
3604 4187 3739 4245 alios
3755 4196 3879 4257 quos

2295 4274 2499 4342 poterit
2526 4274 2597 4330 ad
2621 4276 2949 4348 obsequium
2969 4293 3282 4352 perurgere.
3319 4280 3464 4352 Quia
3499 4281 3672 4354 igitur
3694 4288 3877 4336 notum

2295 4365 2399 4420 tibi
2421 4366 2696 4425 credimus
2720 4385 2858 4435 esse,
2892 4370 3235 4441 charissima,
3283 4372 3759 4446 quemadmodum
3793 4371 3876 4428 ab-

2298 4458 2483 4516 batem
2522 4465 2671 4530 (368)
2691 4465 2879 4520 Sancti
2901 4464 3226 4535 Gaudentii,
3243 4467 3572 4524 sceleratum
3594 4470 3712 4525 imo
3734 4468 3873 4523 inva-

587 4560 751 4616 nibus
796 4559 904 4616 sibi
932 4560 1208 4617 adversari
1249 4560 1650 4632 promittimus.
1691 4563 1747 4618 Si
1793 4564 1956 4636 legati
1986 4566 2182 4634 nostri,

2300 4569 2480 4610 sorem
2526 4553 2874 4626 haareticum,
2915 4574 3013 4630 pro
3040 4575 3139 4616 sua
3183 4560 3427 4633 nequitia
3463 4560 3613 4633 juste
3654 4561 3873 4620 damna-

588 4662 649 4709 ut
673 4661 950 4724 putamus,
980 4652 1049 4710 ad
1078 4661 1260 4725 partes
1297 4662 1421 4709 tuas
1445 4656 1723 4726 venerint,
1759 4657 1829 4713 de
1858 4657 1946 4713 his
1984 4667 2039 4714 et
2061 4675 2187 4731 quat

586 4746 745 4802 nobis
789 4746 1056 4818 scripsisti
1085 4746 1443 4819 pluribusque
1471 4748 1615 4817 aliis,
1644 4758 1830 4811 tecum
1867 4760 1922 4808 et
1950 4761 2007 4808 te
2034 4754 2188 4809 auxi-

588 4838 755 4895 liante
793 4840 1100 4906 tractaturi,
1129 4839 1247 4895 vice
1274 4840 1425 4897 Petri
1467 4844 1701 4916 suscipe,
1736 4846 1851 4902 vice
1876 4854 2064 4903 nostra
2099 4846 2183 4902 di-

585 4932 711 5005 lige,
739 4940 802 4989 ut
842 4940 1048 5004 quanto
1078 4934 1457 5005 apostolorum
1487 4938 1719 5010 principi
1769 4955 1961 4996 amore
1998 4940 2185 4996 nobis-

538 5074 551 5079 -
585 5041 690 5098 que
715 5025 1021 5092 adhazreas,
1054 5027 1110 5082 in
1132 5026 1220 5083 his
1244 5028 1416 5085 etiam
1446 5031 1680 5102 probare
1707 5048 1893 5104 queas.

655 5125 799 5178 Data
826 5124 1024 5177 Romae
1054 5131 1209 5179 sexto
1237 5124 1364 5178 Idus
1390 5125 1735 5194 Decembris,
1763 5125 2065 5184 indictione
2090 5128 2180 5185 de~

584 5215 729 5273 cima
749 5214 930 5270 tertia.
1386 5214 1391 5225 ’

1082 5310 1428 5365 EPISTOLA
1459 5313 1723 5368 XXXIII.

692 5418 772 5459 ΔΙ)
799 5415 1202 5458 CUNIPEBTUM
1231 5418 1675 5493 TAURINENSE?!
1697 5422 2064 5466 EPISCOPUM.

1187 5500 1369 5561 (Anno
1400 5504 1586 5565 1074.)

580 5585 787 5654 Arguit
809 5588 953 5656 quod
979 5588 1053 5642 ad
1093 5590 1358 5658 synodum
1374 5598 1590 5647 uocatus
1617 5609 1722 5649 non
1742 5566 1960 5661 cenem,
1983 5602 2032 5654 et
2059 5615 2171 5654 mo-

583 5708 591 5723 ,
650 5660 884 5714 nasterio
914 5662 1091 5716 sancti
1119 5663 1397 5719 Michaelis
1412 5663 1718 5721 molestiam
1746 5660 2011 5725 intulerit.
2036 5673 2174 5726 Prm-

653 5794 796 5862 (368)
826 5797 1312 5868 Quemadmodum
1348 5803 1667 5860 Henricum.

2296 4648 2495 4716 vimus,
2526 4664 2675 4706 nunc
2702 4651 2804 4707 tibi
2829 4651 3231 4710 notiﬁcandum
3256 4669 3375 4711 esse
3410 4670 3702 4713 censemus
3735 4649 3873 4726 quod

2294 4741 2484 4797 omnia
2502 4757 2626 4815 quae
2648 4744 2855 4818 abipso
2871 4746 3198 4817 perditionis
3222 4747 3333 4803 ﬁlio
3356 4747 3424 4804 de
3442 4748 3604 4804 rebus
3626 4744 3874 4806 Ecclesia

2292 4834 2502 4903 illicite,
2546 4845 2735 4909 utpote
2769 4839 2839 4895 ab
2883 4839 3168 4908 haeretico,
3225 4849 3533 4914 perpetrata
3586 4850 3733 4909 sunt,
3798 4837 3873 4893 vel

2292 4928 2554 4998 alienata,
2585 4933 2854 4988 canonica
2888 4941 2944 4988 et
2974 4933 3135 5006 legali
3164 4936 3498 4991 auctoritate
3526 4933 3788 4992 cassanda
3824 4938 3873 4987 et

2290 5023 2505 5093 penitus
2524 5025 2837 5082 evacuanda
2862 5042 2982 5082 esse
3001 5025 3364 5085 decernimus.
3397 5032 3481 5085 De
3502 5028 3590 5085 bis
3612 5044 3734 5085 vero
3758 5039 3872 5099 quae

2290 5123 2469 5171 tecum
2495 5119 2664 5189 gessit
2686 5119 2932 5190 iniquus,
2972 5119 3230 5178 videlicet
3254 5130 3310 5179 et
3328 5123 3717 5179 ecclesiasticis
3743 5134 3870 5177 cau-

2288 5209 2550 5278 tionibus,
2578 5212 2658 5266 tui
2690 5221 2940 5284 respectu
2968 5221 3023 5268 et
3045 5212 3318 5271 charitate
3348 5216 3529 5272 taliter
3549 5215 3866 5274 difﬁnimus.

2287 5312 2347 5359 ut
2376 5320 2502 5360 cum
2532 5305 2743 5361 venerit
2769 5306 2841 5363 ad
2864 5315 2920 5362 te
2950 5308 3175 5365 nuntius
3202 5318 3416 5378 noster,
3441 5311 3716 5382 sapientes
3734 5307 3870 5362 viros

2284 5403 2471 5452 tecum
2514 5397 2738 5467 habeas,
2773 5401 2868 5471 qui
2914 5403 3097 5457 Deum
3148 5402 3403 5469 timeant,
3448 5411 3505 5460 et
3553 5413 3607 5460 te
3646 5402 3871 5474 diligant

2285 5505 2525 5562 quorum
2548 5491 2781 5548 consilio
2805 5509 3029 5551 causam
3052 5493 3340 5565 discutias,
3370 5504 3427 5553 et
3450 5513 3577 5553 cum
3605 5490 3866 5553 inveneris

2284 5582 2433 5638 nulla
2462 5584 2695 5654 ratione,
2727 5587 2845 5643 sine
2894 5587 3137 5660 periculo
3177 5597 3285 5646 tum
3324 5591 3529 5647 animae
3563 5600 3619 5647 et
3654 5589 3867 5646 damna-

2284 5676 2456 5743 tione,
2486 5692 2573 5734 res
2595 5679 2783 5736 Sancti
2810 5679 3109 5740 Gaudentii
3131 5682 3447 5754 huiusmodi
3476 5683 3686 5742 nefario
3709 5686 3863 5753 pacto
