4074 6172
215 252 313 311 389

1231 253 1430 317 LIBER
1465 256 1831 320 SECUNDUS.
1869 295 1942 305 -
1978 265 2183 352 EPIST.
2227 256 2484 321 xxxvm

3407 263 3508 325 390

211 388 258 434 te
287 390 450 451 posse
480 380 731 448 retinere,
762 381 980 437 studeas
1003 397 1094 438 eas
1117 398 1217 455 pro
1245 399 1436 442 amore
1459 388 1632 443 sancti
1661 389 1805 444 Petri
1833 395 1886 456 Α
1918 387 2063 445 Unde
2113 390 2238 461 quia
2284 396 2527 446 Azonem
2576 389 2949 446 marchiouem
2995 374 3332 448 sacramento
3380 409 3510 448 cou-

210 489 266 528 ac
304 483 500 530 nostro
527 474 850 545 quantocius
874 475 1128 533 Ecclesiae
1173 478 1421 546 reddere,
1455 497 1556 536 nec
1602 497 1711 537 non
1741 483 1807 536 ab

210 567 324 622 aliis
351 567 549 638 injuste
579 575 788 623 retenta
818 584 1158 640 recuperare.
1191 573 1430 629 Nuntios
1455 590 1676 646 quoque
1705 592 1804 630 no-

208 668 344 716 stros
367 661 439 717 ad
469 670 652 732 partes
675 669 797 718 tuas
826 671 1108 733 venturos,
1139 665 1280 722 sicut
1307 667 1478 723 sancti
1509 669 1650 724 Petri
1680 686 1806 741 gra-

211 755 331 808 tiam
380 764 745 826 nostrumque
776 756 1100 812 beneficium
1143 757 1343 816 habere
1389 761 1689 829 desideras,
1737 779 1806 819 ne

209 847 430 904 desistas
461 849 517 904 in
560 850 824 906 omnibus
849 851 1127 922 adjuvare.

273 945 417 999 Data
456 945 655 999 Romae.
686 943 872 1000 Idibus
897 945 1237 1014 Decembris,
1272 947 1566 1007 indictione
1592 949 1805 1008 decima

211 1037 383 1093 tertia.

683 1133 1040 1190 EPISTOLA
1080 1136 1324 1190 XXXV.

343 1241 429 1282 AD
464 1241 864 1282 GUILIBLMUM
891 1243 1249 1284 PAPIBNSEM
1277 1245 1657 1287 BPISCOPUM.

801 1320 987 1390 (Anno
1029 1328 1207 1386 1074.)

213 1424 409 1490 Arguit
454 1423 606 1499 quod
642 1424 716 1499 ad
757 1439 812 1478 se
837 1429 1074 1499 uocatus
1121 1441 1227 1479 non
1271 1430 1491 1481 venerit.
1541 1430 1802 1499 Prwcipit

275 1501 332 1548 ut
360 1495 576 1548 accedat
600 1495 674 1548 ad
698 1497 1000 1558 concilium,
1029 1499 1088 1550 in
1129 1513 1232 1566 quo
1269 1499 1317 1551 ei
1345 1499 1508 1552 datur
1539 1500 1679 1554 locus
1704 1495 1800 1555 de-

276 1567 538 1642 fendendi
567 1567 874 1642 conjugium
905 1570 1106 1622 sororis
1135 1583 1243 1621 sum
1269 1585 1385 1623 cum
1414 1573 1613 1633 Azone,
1643 1589 1794 1642 quem

275 1639 420 1691 illius
448 1640 901 1707 consanguineum
928 1655 1040 1694 esse
1073 1644 1228 1695 testes
1248 1642 1621 1710 afﬁrmabant.

266 1743 628 1799 Gal-:Gonlus
658 1743 963 1814 episcOpus,
999 1759 1185 1798 servus
1214 1761 1496 1798 servorum
1532 1744 1626 1799 Dei
1658 1746 1792 1800 GUI-

206 1851 425 1892 ust
465 1836 714 1908 Papiensi
742 1835 1024 1908 episcopo,
1075 1837 1313 1893 salutem
1344 1845 1399 1892 et
1437 1839 1793 1908 apostolicam

209 1929 661 1986 benedictionem.

267 2025 419 2080 Licet
448 2034 640 2080 contra
673 2041 777 2080 nos
816 2023 870 2080 id
901 2025 1074 2097 egisse
1116 2024 1365 2092 videaris,
1397 2033 1460 2081 ut
1505 2041 1606 2081 nec
1634 2025 1795 2081 etiam

207 2119 552 2188 apostolicam
582 2118 1023 2174 benedictionem
1068 2117 1166 2174 tibi
1207 2121 1426 2175 mittere
1453 2119 1798 2187 deberemus,

206 2211 418 2281 scilicet,
449 2213 574 2283 quia
621 2211 690 2266 ad
721 2210 1081 2267 constitutum
1118 2212 1214 2267 tibi
1243 2214 1541 2268 terminum
1573 2229 1674 2268 nec
1705 2229 1798 2268 ve-

204 2305 339 2370 nisti,
389 2321 495 2360 nec
525 2304 756 2377 legalem
802 2304 1207 2361 excusationem
1258 2306 1474 2371 misisti,
1525 2306 1801 2361 malumus

203 2406 381 2455 tamen
405 2398 478 2453 de
509 2398 720 2469 pietatis
749 2397 1018 2453 modestia
1047 2398 1398 2470 reprehendi,
1437 2415 1603 2471 quam
1631 2416 1798 2455 cano-

201 2509 323 2548 num
361 2492 605 2564 rigorem
643 2491 921 2564 sequendo
949 2492 1372 2548 inobedientiam
1405 2501 1560 2549 tuam
1607 2493 1804 2549 acriter

200 2587 396 2642 ulcisci.
423 2589 778 2658 Quapropter
805 2586 1102 2657 apostolica
1129 2585 1228 2640 tibi
1259 2587 1588 2642 auctoritate
1619 2587 1801 2658 praeci-

203 2681 371 2751 pimus
398 2690 466 2736 ut
494 2679 564 2735 ad
592 2679 886 2752 synodum,
920 2695 1110 2750 quam,
1156 2683 1276 2735 Deo
1322 2689 1624 2748 annuente,
1659 2681 1804 2735 cele-

201 2774 398 2829 braturi
454 2789 647 2829 sumus
706 2773 878 2846 prima
935 2773 1284 2829 hebdomada
1339 2773 1802 2845 Quadragesimaa,

203 2869 379 2923 venias
418 2876 476 2922 et
523 2867 591 2922 de
638 2883 796 2922 causa
844 2867 1051 2922 sororis
1101 2874 1211 2922 tuae
1248 2866 1595 2938 respondeas.
1650 2867 1808 2921 Licet

203 2963 338 3017 enim
379 2961 753 3017 clarissimum
804 2961 874 3015 sit
919 2975 1042 3015 eam
1089 2960 1398 3016 Guidonem
1429 2959 1804 3015 marchionem

199 3056 660 3127 consanguineum
727 3054 930 3109 Azonis
986 3053 1320 3109 marchionis
1376 3053 1638 3109 maritum
1701 3053 1798 3108 ha-

203 3149 400 3216 buisse,
431 3149 567 3203 illud
608 3149 774 3203 etiam
812 3147 1167 3202 sacramentis
1211 3155 1266 3201 et
1310 3147 1540 3203 testibus
1571 3148 1625 3201 in
1664 3163 1798 3218 prae-

203 3194 400 3216 --.wv,
431 3194 567 3203 ....-_
611 3194 774 3203 νην.-.
813 3194 1165 3202 πωπω-.-
1215 3194 1265 3201 --
1314 3194 1539 3203 --.υπη-
1572 3194 1625 3201 ._
1664 3194 1774 3218 ..-η
1853 3194 1871 3212 ,
1929 3194 1940 3197 -

199 3245 366 3296 sentia
394 3251 586 3297 nostra
617 3241 908 3312 probatum
944 3241 1035 3308 sit,
1065 3240 1314 3296 eamdem
1344 3256 1596 3296 sororem
1646 3250 1801 3296 tuam
1831 3194 1873 3252 (³
1908 3219 2064 3275 bonis

200 3346 361 3407 atque
393 3340 639 3391 Azonem
669 3344 922 3407 quartam
968 3333 1388 3405 propinquitatis
1419 3335 1614 3388 lineam
1657 3350 1797 3389 non-

199 3429 329 3484 dum
362 3429 654 3496 excedere;
685 3428 941 3483 dabimus
970 3436 1154 3483 tamen
1192 3427 1345 3482 vobis
1375 3427 1712 3482 audientiam
1751 3428 1807 3482 in

198 3522 424 3596 prafata
467 3521 700 3595 synodo,
742 3530 1015 3592 quatenus
1060 3521 1106 3576 si
1153 3521 1385 3592 legalem
1433 3518 1807 3575 defensionem

199 3633 292 3673 vos
335 3617 543 3672 habere
590 3614 862 3672 confiditis
908 3622 963 3669 et
1012 3613 1323 3670 testimonia
1375 3621 1428 3669 et
1473 3621 1808 3668 sacramenta

202 3719 319 3765 ante
360 3726 468 3766 nos
494 3708 632 3764 facta
662 3707 981 3780 improbare
1026 3707 1288 3778 poteritis,
1321 3706 1642 3779 coniugium
1685 3707 1809 3762 illo-

203 3820 319 3859 rum
372 3811 713 3875 permaneat.
747 3801 1030 3872 Alioquin,
1071 3800 1116 3856 si
1166 3801 1274 3855 hoc
1311 3809 1442 3856 tunc
1483 3799 1658 3856 facere
1698 3816 1808 3855 non

202 3898 470 3968 poteritis,
495 3897 578 3950 vel
607 3911 634 3950 a
653 3894 907 3966 praedicta
932 3893 1144 3966 synodo
1162 3909 1258 3948 vos
1283 3893 1674 3957 subtraxeritis,
1698 3895 1812 3949 nul-

202 3992 306 4046 lam
355 3990 612 4060 deinceps
652 3989 782 4044 inde
806 3987 922 4042 ﬁeri
969 3987 1332 4058 quaestionem
1375 3988 1668 4056 apostolica
1715 4003 1808 4042 au-

206 4085 455 4140 ctoritate
485 4082 822 4137 inhibemus.
856 4080 1020 4138 Unde
1049 4081 1101 4135 in
1134 4090 1496 4145 sacramento,
1530 4095 1639 4150 quo
1669 4095 1810 4150 prae-

203 4177 406 4233 dictum
457 4181 708 4232 Azonem
739 4173 1191 4240 constrinximus,
1223 4173 1292 4227 ita
1324 4173 1465 4227 cauti
1500 4171 1722 4238 fuimus,
1749 4182 1810 4228 ut

204 4286 321 4326 cum
351 4270 572 4327 licentia
605 4277 815 4334 nostra,
864 4268 908 4322 si
951 4267 1196 4322 rationes
1235 4274 1426 4321 vestrae
1454 4263 1668 4322 idoneae
1697 4265 1812 4321 fue-

206 4364 329 4430 rint,
347 4365 464 4436 ipse
483 4362 655 4435 possit
673 4377 797 4417 eam
817 4359 1081 4416 reducere
1101 4368 1264 4431 atque
1280 4359 1334 4414 in
1351 4375 1578 4415 uxorem
1594 4358 1806 4414 habere.

270 4462 411 4514 Data
442 4461 638 4512 Romae
686 4454 906 4511 decimo
959 4452 1190 4525 septimo
1218 4452 1494 4509 Kalendas
1541 4453 1804 4522 Januarii,

203 4550 503 4608 indictione
531 4550 738 4607 decima
769 4548 950 4605 tertia.

669 4655 1020 4710 EPISTOLA
1073 4652 1341 4708 XXXVI.

538 4761 622 4804 AD
659 4762 846 4804 COIII'I
860 4762 1036 4802 ISSAM
1078 4759 1480 4801 MATHILDBM.

809 4844 993 4904 (Anno
1014 4839 1198 4910 1074.)

205 4937 549 5005 Praecipitat
588 4951 623 4988 a
649 4937 916 4989 consortio
942 4935 1144 4989 Azonis
1175 4947 1230 4987 se
1259 4933 1509 5002 sejungat
1541 4950 1556 4985 :
1587 4933 1729 5001 quod
1755 4935 1808 4987 si

270 5008 428 5060 ﬂium
478 5021 644 5059 suum
687 5008 1138 5075 consanguineum
1185 5020 1289 5058 non
1339 5019 1449 5059 esse
1486 5005 1712 5074 probare
1751 5019 1806 5059 se

264 5093 422 5148 posse
465 5077 721 5146 conﬁdat,
767 5080 823 5130 in
859 5080 1112 5147 proximo
1154 5077 1375 5132 concilio
1415 5091 1469 5130 se
1515 5076 1629 5145 ejus
1676 5091 1803 5130 cau-

271 5164 392 5204 sam
425 5152 786 5219 cogniturum.
862 5161 865 5168 ‘

276 5251 643 5308 GBBGORIUS
671 5249 979 5322 episcopus,
1001 5263 1193 5306 servus
1215 5263 1502 5305 servorum
1536 5247 1656 5314 Dei,
1681 5262 1799 5304 au-

208 5356 450 5409 τιιιιιιι,
491 5345 728 5399 salutem
765 5352 820 5399 et
866 5342 1220 5414 apostolicam
1249 5340 1720 5397 benedictionem.

273 5437 527 5506 Qualiter
589 5437 815 5494 testibus
878 5445 933 5492 et
994 5439 1347 5492 sacramentis
1400 5435 1457 5490 in
1523 5433 1803 5506 praesentia

211 5540 396 5585 nostra
445 5531 734 5602 probatum
784 5531 854 5586 sit
897 5539 950 5586 te
979 5529 1231 5586 habuisse
1278 5529 1455 5586 virum
1482 5528 1803 5600 consangui-

213 5637 387 5680 neum
429 5625 651 5694 Azonis,
683 5633 740 5680 te
785 5624 948 5680 etiam
979 5632 1032 5680 et
1062 5628 1304 5680 Azonem
1353 5621 1725 5678 marchionem
1756 5621 1810 5677 in

212 5726 415 5786 quarta
441 5718 852 5792 propinquitatis
878 5718 1021 5774 linea
1057 5717 1488 5788 consanguineos
1516 5732 1660 5783 esse,
1689 5715 1812 5787 ipsi,

213 5811 303 5880 qni
343 5809 518 5868 eidem
563 5827 740 5869 causae
762 5811 1145 5879 interfuerunt,
1176 5819 1430 5883 poterunt
1458 5810 1558 5866 tibi
1588 5807 1809 5867 referre.

1916 481 2249 551 strinximus,
2301 483 2511 538 nullam
2572 482 2829 554 deinceps
2879 483 2998 540 sine
3054 485 3268 541 licentia
3323 497 3511 542 nostra

1914 577 2218 632 maritalem
2243 585 2422 631 tecum
2454 578 2924 643 conversationem
2950 577 3171 644 habere,
3203 580 3300 634 tibi
3348 580 3510 635 etiam

1915 684 1987 724 ex
2017 677 2168 740 parte
2213 670 2357 725 beati
2388 671 2532 725 Petri
2584 671 2950 742 praecipimus,
2984 679 3047 726 ut
3091 688 3120 726 a
3149 674 3426 729 consortio
3457 684 3514 730 et

1915 763 2315 818 cohabitatione
2367 779 2463 818 sua
2506 763 2732 818 omnino
2764 773 2816 819 te
2862 762 3095 832 auferas,
3129 773 3184 820 et
3226 765 3296 821 de
3325 782 3512 837 perpe—

1914 864 2057 911 trata
2086 856 2369 928 iniquitate
2400 857 2475 912 ita
2496 855 2660 928 digne
2684 857 2962 929 pmniteas,
2990 867 3255 928 quatenus
3278 860 3510 932 gratiam

1915 950 2014 1005 Dei
2055 951 2234 1006 valeas
2277 966 2620 1022 recuperare,
2663 959 2719 1005 et
2759 952 2894 1006 tanti
2938 960 3162 1024 tamque
3207 953 3507 1024 turpissimi

1912 1044 2150 1099 incestus
2193 1042 2480 1099 infamiam
2511 1043 2802 1099 declinare.
2837 1045 2998 1113 Quod
3037 1047 3080 1100 si
3109 1045 3338 1102 fortasse
3368 1062 3510 1118 prae-

1904 1137 2175 1208 judicium
2204 1147 2258 1193 te
2288 1137 2401 1209 pati
2445 1138 2739 1202 existimas,
2789 1146 2844 1193 et
2871 1139 3187 1193 testimonia
3231 1148 3392 1211 atque
3436 1156 3513 1196 sa-

1911 1240 2186 1287 cramenta
2214 1231 2282 1287 de
2311 1232 2784 1302 consanguinitate
2812 1240 2988 1286 vestra
3018 1231 3321 1301 improbare
3348 1249 3511 1302 posse

1911 1324 2160 1391 confidis,
2188 1323 2386 1380 damus
2411 1325 2509 1380 tibi
2542 1325 2869 1380 audientiam
2899 1324 2954 1379 in
2983 1325 3228 1396 proxima
3256 1328 3508 1381 Romana

1911 1421 2147 1490 synodo,
2200 1419 2311 1485 ubi,
2359 1421 2478 1474 Deo
2528 1418 2846 1485 auxiliante,
2895 1434 3070 1489 neque
3115 1418 3182 1474 ad
3233 1419 3512 1474 dexteram

1909 1527 2087 1583 neque
2115 1511 2187 1567 ad
2227 1511 2506 1568 sinistram
2540 1512 2598 1567 in
2642 1511 2984 1568 exsecutione
3022 1511 3246 1582 justitiaa
3275 1509 3512 1568 declina-

1909 1604 2109 1672 bimus,
2154 1604 2250 1660 sed
2281 1604 2430 1676 quod
2463 1604 2678 1676 justum
2711 1613 2794 1661 est
2835 1613 3156 1660 statuemus.

1983 1701 2121 1754 Data
2144 1703 2338 1754 Romae
2363 1713 2500 1755 xvn
2530 1698 2654 1755 Kal.
2687 1699 2946 1765 Januarii,
2974 1697 3265 1754 indictione
3287 1713 3433 1754 χιιι.

2363 1849 2712 1904 EPISTOLA
2749 1849 3045 1902 XXXVII.

2319 1952 2404 1994 AD
2447 1954 2482 1993 U
2492 1953 2790 1994 NIVBBSOS
2828 1952 3095 1994 FIDELBS.

2503 2031 2684 2093 (Anno
2729 2033 2912 2094 1074.)

1906 2121 2175 2174 Hortatur
2191 2117 2266 2171 ad
2274 2119 2638 2184 defensionem
2661 2116 3109 2179 Christianorum,
3137 2117 3237 2184 qui
3253 2116 3314 2170 in
3342 2120 3490 2170 trans
3520 2143 3526 2151 -

2015 2191 2242 2244 marinis
2267 2190 2516 2258 partibus
2561 2189 2627 2242 ab
2657 2187 2965 2256 infidelibus
3002 2187 3399 2256 premebantur.

1981 2286 2340 2341 GBEGORIUS
2358 2282 2666 2352 episcopus,
2689 2297 2876 2336 servus
2900 2295 3186 2335 servorum
3199 2280 3319 2348 Dei,
3341 2281 3514 2334 omni-

1908 2379 2012 2434 bus
2035 2377 2284 2432 fidelibus
2314 2377 2494 2431 Sancti
2516 2375 2683 2442 Petri,
2703 2373 2941 2429 maxime
2968 2374 3142 2442 [deest
3157 2373 3421 2440 maxime]
3441 2375 3514 2428 ul-

1908 2471 2294 2535 tramontanis,
2325 2470 2555 2525 salutem
2587 2478 2640 2524 et
2663 2468 3021 2539 apostolicam
3047 2467 3508 2523 benedictionem.

1980 2563 2068 2619 Ad
2117 2579 2214 2618 vos
2255 2563 2371 2633 jam
2421 2561 2728 2632 pervenisse
2757 2561 3030 2616 credimus
3067 2576 3192 2632 quae
3231 2560 3300 2615 sit
3325 2568 3512 2615 nostra

1913 2659 2187 2721 voluntas,
2237 2664 2291 2710 et
2327 2655 2459 2727 quid
2498 2671 2563 2710 ex
2595 2663 2747 2726 parte
2808 2654 2990 2709 Sancti
3031 2654 3179 2708 Petri
3218 2652 3516 2708 dixerimus

1913 2750 2269 2819 [direximus]
2301 2748 2367 2804 de
2393 2747 2666 2820 adjutorio
2705 2746 2955 2802 faciendo
2994 2746 3253 2802 fratribus
3290 2746 3513 2814 nostris,

1913 2845 2004 2917 qui
2048 2843 2187 2899 ultra
2217 2857 2369 2897 mare
2412 2841 2464 2895 in
2509 2839 3110 2908 Constantinoliolitano
3146 2840 3376 2910 imperio
3419 2839 3516 2893 ha-

1914 2939 2108 3005 bitant,
2147 2951 2284 3008 quos
2313 2935 2564 2992 diabolus
2594 2949 2688 3004 per
2720 2949 2779 2988 se
2825 2933 3002 3003 ipsum
3032 2949 3061 2987 a
3106 2933 3210 2988 fide
3251 2932 3514 2987 catholica

1915 3040 2145 3087 conatur
2193 3038 2458 3096 avertere,
2511 3037 2566 3083 et
2613 3043 2708 3098 per
2755 3027 3007 3081 membra
3048 3041 3144 3081 sua
3185 3042 3292 3080 non
3340 3034 3513 3081 cessat

1853 3194 1871 3212 Ἰ
1909 3125 2149 3197 quotidie
2180 3123 2412 3195 pecudes
2437 3137 2667 3178 enecare
2693 3121 2998 3176 crudeliter.
3027 3119 3136 3174 Sed
3159 3119 3289 3190 quia
3313 3119 3526 3175 invidet

2111 3217 2410 3284 desideriis,
2465 3223 2659 3282 tentat,
2696 3215 2740 3270 si
2773 3223 2970 3285 potest,
3006 3229 3106 3268 nos
3135 3213 3399 3284 impedire
3445 3228 3514 3268 ne

1911 3312 1985 3367 illi
2020 3311 2193 3384 gratia
2228 3311 2412 3366 divina
2444 3309 2705 3381 largiente
2751 3308 3069 3373 liberentur,
3101 3315 3156 3362 et
3200 3322 3305 3362 nos
3331 3295 3516 3362 dando

1916 3407 2124 3461 animas
2170 3412 2388 3459 nostras
2440 3418 2539 3473 pro
2595 3401 2856 3456 fratribus
2898 3401 3105 3455 nostris
3159 3415 3508 3455 coronemur.

1919 3497 2153 3554 Proinde
2191 3513 2259 3552 ex
2289 3504 2440 3568 parte
2470 3495 2616 3550 beati
2645 3494 2787 3549 Petri
2815 3509 3093 3566 rogamus,
3141 3509 3432 3548 monemus
3460 3501 3516 3548 et

1917 3592 2208 3647 invitamus
2235 3599 2295 3646 ut
2318 3606 2385 3645 eo
2407 3588 2596 3657 modo,
2617 3603 2780 3659 quem
2806 3587 3040 3657 portitor
3065 3586 3266 3641 horum
3287 3585 3512 3650 dixerit,

1916 3685 1986 3740 ad
2016 3701 2120 3740 nos
2166 3683 2389 3755 quidam
2431 3691 2679 3738 vestrum
2725 3681 2966 3743 veniant,
3013 3680 3103 3751 qui
3147 3679 3513 3736 Christianam

1916 3777 2081 3834 ﬁdem
2118 3777 2280 3833 vultis
2321 3774 2633 3841 defendere,
2674 3784 2728 3830 et
2768 3773 2972 3830 cmlesti
3016 3772 3128 3845 regi
3159 3772 3414 3838 militare,
3459 3780 3521 3827 ut

1917 3887 2048 3928 cum
2075 3871 2156 3927 eis
2190 3849 2336 3925 viam
2368 3867 2611 3937 (favente
2653 3867 2797 3939 Deo)
2840 3880 3214 3938 praparemus
3257 3864 3519 3920 omnibus

1919 3965 2011 4037 qui
2039 3965 2315 4022 cmlestem
2343 3962 2686 4018 nobilitatem
2714 3959 3060 4036 defendendo
3102 3975 3198 4031 per
3232 3974 3335 4015 nos
3380 3958 3516 4028 ultra

1918 4075 2074 4114 mare
2103 4059 2292 4114 volunt
2319 4057 2570 4124 transire,
2605 4063 2659 4110 et
2685 4053 2836 4126 quod
2866 4054 2968 4109 Dei
3001 4061 3132 4108 sunt
3158 4052 3278 4119 filii,
3309 4068 3420 4106 nou
3451 4052 3521 4106 ti-

1920 4159 2070 4208 ment
2096 4153 2402 4207 ostendere.
2425 4153 2638 4221 Itaque,
2666 4147 2860 4203 fratres
2886 4146 3216 4211 charissimi,
3244 4153 3418 4201 estote
3450 4145 3520 4200 ad

1919 4244 2273 4317 pugnandum
2303 4242 2585 4299 fortissimi
2629 4257 2728 4313 pro
2759 4240 2918 4296 laude
2946 4240 3034 4294 illa
3061 4248 3118 4294 et
3158 4239 3352 4310 gloria,
3397 4253 3519 4311 quae

1918 4354 2082 4394 omne
2110 4337 2446 4394 desiderium
2476 4344 2754 4407 superant,
2795 4333 2891 4404 qui
2919 4333 3183 4388 hactenus
3210 4332 3379 4387 fortes
3408 4331 3520 4388 fui-

1915 4433 2016 4487 stis
2066 4447 2304 4502 pugnare
2333 4445 2433 4501 pro
2461 4429 2629 4484 rebus
2672 4442 2808 4498 quas
2853 4441 2966 4481 non
2998 4425 3224 4496 potestis
3251 4425 3517 4491 detinere,

1837 4517 1886 4578 D
1918 4541 2020 4580 nec
2048 4525 2166 4580 sine
2209 4523 2397 4580 dolore
2426 4521 2722 4594 possidere.
2751 4522 2890 4575 Nam
2940 4535 3036 4591 per
3067 4527 3515 4573 momentaueum

1917 4622 1989 4683 (Π
2032 4621 2174 4685 Cor.,
2223 4618 2308 4688 Iv)
2358 4616 2607 4672 laborem
2658 4622 2922 4670 aeternam
2967 4611 3196 4684 potestis
3241 4610 3518 4684 acquirere

1915 4713 2246 4768 mercedem.
2301 4709 2662 4780 Omnipotens
2711 4710 2880 4773 Deus,
2928 4705 3020 4777 qui
3068 4721 3290 4761 omnem
3341 4705 3514 4778 legem

1913 4821 2070 4860 suam
2111 4806 2165 4858 in
2196 4811 2466 4875 praecepto
2508 4798 2850 4855 abbreviavit
2877 4798 3180 4866 charitatis,
3225 4798 3318 4854 det
3367 4799 3518 4855 vobis

1914 4915 1971 4953 se
2000 4906 2116 4966 toto
2143 4895 2329 4963 corde,
2374 4903 2489 4950 tota
2535 4894 2738 4959 anima,
2770 4901 2882 4948 tota
2924 4894 3123 4948 virtute
3169 4891 3414 4964 diligere,
3462 4902 3520 4947 ut

1918 4992 2196 5063 proximos
2226 4998 2434 5045 vestros
2478 4988 2623 5043 sicut
2672 5003 2768 5042 vos
2813 4986 2963 5058 ipsos
2991 4987 3280 5058 diligentes
3309 5003 3516 5042 merea-

1918 5085 2076 5152 mini,
2103 5085 2144 5140 si
2171 5084 2500 5156 oportuerit,
2532 5097 2630 5153 pro
2656 5080 2735 5136 eis
2759 5080 2966 5135 animas
2989 5087 3197 5135 vestras
3225 5095 3442 5152 ponere.

1994 5182 2134 5234 Data
2165 5180 2360 5233 Romae
2389 5191 2529 5232 xvu
2557 5174 2686 5228 Kal.
2705 5172 2982 5248 januarii,
3014 5173 3308 5229 indictione
3334 5187 3477 5228 xm.

2359 5306 2709 5360 EPISTOLA
2748 5305 3075 5358 XXXVIII.

1949 5413 2032 5454 AD
2062 5410 2365 5452 UBEBTUM
2397 5409 2708 5460 COMITEM,
2739 5408 2813 5449 ΕΤ
2839 5407 3083 5448 CLEBUM
3122 5407 3479 5448 FIBMANUM.

2519 5484 2699 5555 (Anno
2736 5487 2915 5550 1074.)

1926 5579 1994 5632 Ut
2007 5576 2275 5630 auxilium
2294 5578 2546 5643 praestent
2563 5573 2957 5634 archidiacono,
2978 5572 3069 5643 cui
3085 5573 3516 5643 procurationem

1996 5641 2334 5716 episcopatus
2371 5647 2614 5701 Firmani
2642 5647 2996 5703 commiserat,
3026 5642 3189 5695 donec
3229 5641 3294 5694 de
3334 5641 3520 5694 idoneo

1990 5722 2209 5789 pastore
2230 5717 2600 5788 provideatur.

1961 5809 2835 5879 GaneonwsepiscOpus,servus
2847 5818 3128 5860 servorum
3144 5802 3523 5866 Dei,UBBRTO
