4074 6172
555 276 650 330 391

1232 272 1287 326 S.
1331 269 1653 327 GREGORII
1692 268 1779 322 Vll
1819 267 2018 321 ΡΑΡΛΞ
2060 265 2129 321 Oi

2243 265 2336 319 ΗΜ
2376 264 2549 319 PARS
2589 265 2628 318 1.
2669 294 2740 303 -
2779 263 3183 319 REGISTRUM.

3754 264 3857 317 392

553 396 765 465 comiti,
792 404 847 453 et
871 397 1123 453 universo
1158 395 1325 461 clero,
1356 393 1664 465 populoque
1686 393 1968 459 Firmano,
1995 390 2050 446 in
2084 390 2141 444 ﬁ-
2170 393 2228 455 Α
2261 405 2381 444 rum
2412 388 2658 460 partibus
2684 386 2864 443 divina
2892 386 3223 458 dispensatio
3251 394 3457 441 terram
3486 392 3723 440 vestram
3766 401 3860 456 pa-

555 491 773 547 delitate
801 490 982 546 Sancti
1025 488 1167 545 Petri
1201 487 1630 557 persistentibus,
1661 486 1893 541 salutem
1924 492 1979 539 et
2017 499 2146 555 apo-

552 585 804 642 stolicam
837 581 1294 639 benedictionem.

623 680 950 747 Quanquam
980 675 1232 746 pleraque
1272 672 1427 729 nobis
1456 671 1525 727 de
1553 671 1936 727 archidiacono
1969 678 2148 726 vestro

552 768 984 841 reprehensibilia
1002 770 1165 823 relata
1184 766 1406 831 fuerint,
1431 782 1495 822 eo
1517 765 1776 821 tamenin
1795 774 1979 821 nostra
2005 779 2150 836 pra-

548 863 717 918 sentia
768 861 962 932 posito,
994 870 1048 917 et
1074 861 1363 932 diligenter
1402 875 1567 930 super
1592 858 1675 913 his
1734 859 1932 930 quibus
1961 874 2152 929 argue-

550 955 707 1010 batur
734 954 1024 1027 inquisito,
1054 953 1191 1008 nihil
1224 952 1325 1007 nisi
1354 952 1501 1024 quod
1530 952 1595 1006 ad
1636 951 1853 1007 ﬁdelem
1883 953 2150 1022 pertinere

549 1047 830 1105 videbatur
876 1047 1250 1103 obedientiam
1281 1046 1333 1100 in
1365 1046 1483 1117 ipso
1532 1044 1941 1115 deprehendere
1970 1046 2150 1115 potui-

546 1157 690 1197 mus.
722 1142 1139 1198 Considerantes
1167 1156 1296 1211 ergo
1337 1139 1719 1195 necessitatem
1768 1138 2000 1194 viduata
2052 1141 2150 1194 Ec-

546 1235 745 1303 clesia,
777 1235 1213 1306 procurationem
1245 1234 1413 1289 totius
1441 1234 1781 1304 episcopatus
1827 1232 2049 1287 interim
2097 1230 2146 1287 ei

545 1329 947 1396 commisimus,
963 1329 1134 1384 donec
1153 1326 1335 1382 divina
1360 1327 1677 1399 providente
1695 1326 2005 1395 clementia,
2022 1342 2149 1382 cum

543 1430 730 1477 nostra
760 1420 1150 1490 sollicitudine,
1180 1431 1298 1476 tum
1330 1420 1473 1491 regis
1501 1420 1750 1487 consilio,
1786 1428 1839 1475 et
1866 1419 2148 1491 dispensa-

543 1515 689 1570 tione
730 1515 921 1571 idonea
945 1514 1013 1569 ad
1044 1514 1343 1586 regendam
1372 1515 1670 1569 Ecclesiam
1701 1522 1754 1568 et
1774 1514 2149 1584 episcopalem

541 1608 867 1680 dignitatem
895 1623 1124 1679 persona
1150 1609 1467 1678 reperiatur.
1498 1612 1849 1679 Quapropter
1878 1608 2147 1664 admone-

544 1718 667 1757 mus
709 1718 827 1767 vos,
876 1710 931 1756 et
970 1701 1266 1773 apostolica
1315 1702 1637 1757 auctoritate
1693 1700 2039 1771 pracipimus
2090 1709 2149 1756 ut

2252 483 2581 538 triarchatus
2603 482 2809 537 honore
2848 481 3185 548 sublimavit,
3226 481 3383 552 cujus
3415 479 3860 552 diguitatisemi-

2254 576 2433 632 nentia
2478 592 2543 632 ex
2586 576 2704 647 ipsa
2755 576 2839 636 sui
2888 574 3128 630 nominis
3182 582 3236 628 et
3286 573 3450 629 ofﬁcii
3506 574 3859 645 prarogativa

2254 671 2388 727 adeo
2417 678 2641 742 angusta
2671 678 2725 723 et
2751 684 2872 724 rara
2905 677 3009 734 est,
3052 676 3113 723 ut
3138 684 3248 723 non
3277 668 3510 737 amplius
3538 681 3701 737 quam
3731 681 3861 738 qua-

2254 773 2379 819 tuor
2407 764 2463 819 in
2490 772 2607 819 toto
2637 762 2846 818 mundo
2886 761 3245 832 reperiantur.
3292 760 3457 830 Quod
3484 776 3610 816 cum
3652 760 3722 814 ita
3765 760 3837 815 sit

2254 857 2399 928 apud
2441 873 2536 912 vos
2580 865 2768 911 tamen
2804 854 2911 911 hoc
2938 863 3155 910 tantum
3202 856 3388 921 decus,
3423 863 3477 909 et
3516 862 3631 908 tam
3659 854 3859 909 excelsi

2256 951 2425 1023 gloria
2455 949 2737 1005 sacerdotii
2759 964 2824 1004 ex
2852 948 3032 1020 inopia
3062 964 3246 1004 rerum
3276 948 3663 1019 temporalium
3695 956 3750 1003 et
3773 948 3859 1003 di-

2256 1044 2567 1099 minutione
2596 1043 2880 1115 potestatis
2912 1058 3024 1098 sua
3050 1042 3187 1098 adeo
3230 1041 3455 1108 vilescit,
3492 1049 3545 1096 et
3573 1056 3603 1096 a
3641 1057 3863 1113 compe-

2256 1136 2388 1192 tenti
2434 1145 2580 1193 statu
2611 1136 2835 1194 honoris
2880 1136 2961 1191 sui
2995 1136 3209 1206 penitus
3236 1135 3459 1200 corruit,
3502 1144 3561 1191 ut
3600 1143 3747 1191 tanta
3777 1144 3860 1190 te-

2255 1232 2433 1286 nuitas
2459 1247 2642 1287 rerum
2672 1247 2776 1285 nec
2805 1230 3107 1300 simplicem
3135 1229 3479 1301 episcopatus
3507 1228 3688 1283 sedem
3720 1244 3859 1284 con-

2257 1325 2471 1391 decere,
2488 1327 2712 1396 autejus
2726 1323 3143 1378 necessitatibus
3157 1321 3409 1378 sufﬁcere
3430 1321 3857 1393 possevideatur.

2258 1418 2421 1475 Unde
2444 1434 2539 1474 vos
2562 1418 2702 1473 tanti
2730 1416 2973 1473 beneﬁcii
2994 1416 3187 1472 divina
3208 1415 3593 1472 muniﬁcentia
3618 1416 3861 1489 ingratos

2252 1520 2305 1566 et
2330 1512 2689 1567 immemores
2709 1527 2827 1566 esse
2844 1510 3318 1581 deprehendimus,
3337 1510 3591 1565 timentes
3608 1525 3675 1564 ne
3704 1509 3864 1581 quasi

2256 1606 2556 1677 degeneres
2602 1606 2693 1659 ﬁlii
2741 1604 2961 1660 divitias
2990 1613 3046 1660 et
3090 1603 3465 1660 hareditatem
3496 1603 3858 1659 nobilissima

2258 1700 2448 1755 matris
2477 1706 2688 1766 vestra,
2732 1698 2981 1753 videlicet
3027 1697 3331 1753 Gradensis
3378 1697 3656 1763 Ecclesia,
3689 1697 3860 1753 dissi-

543 1795 868 1850 uuanimiter
916 1794 1017 1850 sibi
1059 1794 1129 1849 ad
1175 1794 1293 1849 hac
1334 1792 1636 1865 peragenda
1693 1800 1867 1847 vestra
1914 1793 2136 1848 consilia
2162 1785 2210 1845 Β
2244 1802 2453 1866 pantes,
2480 1792 2605 1848 inde
2633 1792 2977 1848 obscuriores
3020 1791 3356 1859 efﬁciamini,
3393 1791 3537 1847 unde
3569 1800 3692 1862 post
3723 1807 3858 1863 apo-

539 1895 593 1943 et
633 1888 898 1959 adjutoria
930 1887 1238 1958 prabeatis,
1272 1895 1328 1942 et
1356 1903 1416 1942 ea
1448 1902 1569 1958 qua
1599 1886 1666 1941 de
1696 1886 1854 1941 bouis
1883 1887 2143 1943 Ecclesia

539 1981 777 2052 dispersa
803 1990 857 2037 et
888 1980 1111 2037 confusa
1140 1990 1267 2037 sunt
1294 1996 1615 2052 recuperare
1643 1989 1696 2035 et
1725 1979 2011 2036 salubriter
2051 1996 2143 2035 or-

537 2074 724 2129 dinare
751 2074 931 2130 modis
959 2091 1085 2129 cum
1125 2073 1384 2129 omnibus
1429 2072 1715 2144 adjuvetis.
1768 2073 1822 2128 Si
1862 2072 1985 2144 quis
2015 2089 2140 2128 vero

535 2175 728 2222 contra
757 2166 1041 2239 prafatam
1062 2167 1367 2222 Ecclesiam
1391 2166 1598 2238 aliquid
1624 2166 1887 2237 injuriose
1909 2165 2139 2221 commi-

534 2260 624 2329 sit,
655 2270 750 2316 aut
795 2260 973 2316 facere
1001 2269 1251 2325 conatur,
1293 2260 1503 2332 absque
1533 2259 1796 2315 dilatione
1845 2258 2141 2315 emendare

535 2363 591 2409 et
626 2354 907 2410 restituere
936 2353 1167 2409 studeat.
1201 2352 1361 2422 Quod
1390 2355 1434 2408 si
1463 2368 1569 2424 qua
1613 2352 1920 2408 temeritate
1953 2353 2137 2424 negle-

533 2447 692 2515 xerit,
722 2448 859 2503 sciat
903 2463 961 2502 se
1003 2462 1069 2502 ex
1098 2447 1397 2519 apostolica
1448 2445 1768 2501 auctoritate
1798 2446 1852 2500 in
1893 2447 2139 2502 bannum

531 2556 785 2596 casurum
841 2555 981 2606 esse,
1028 2541 1071 2595 si
1117 2539 1272 2596 dives
1319 2548 1421 2605 est,
1465 2547 1692 2595 centum
1742 2539 2021 2606 librarum;
2054 2542 2138 2595 sin

524 2649 652 2689 vero
668 2633 736 2689 de
757 2633 1142 2702 mediocribus,
1171 2634 1229 2689 in
1257 2633 1657 2689 detrimentum
1690 2633 1862 2689 totius
1881 2633 2133 2688 substan-

532 2727 621 2783 tia
649 2742 782 2783 sua.
814 2726 972 2798 Agite
1009 2742 1139 2798 ergo
1175 2734 1235 2781 ut
1258 2735 1518 2798 appareat
1544 2742 1643 2782 vos
1684 2727 1949 2798 ingenuos
1978 2735 2032 2781 et
2070 2727 2135 2780 ﬁ-

531 2820 679 2876 deles
717 2836 834 2876 esse
876 2829 1073 2875 vestra
1113 2819 1305 2875 matris
1352 2819 1611 2875 Ecclesia
1655 2819 1818 2887 ﬁlios,
1866 2828 1920 2874 et
1949 2820 2135 2875 omnia

529 2929 653 2986 qua
697 2913 769 2969 ad
813 2914 1083 2969 honorem
1126 2922 1180 2969 et
1222 2914 1513 2970 utilitatem
1558 2914 1675 2985 ejus
1719 2913 2004 2985 pertinent,
2062 2914 2134 2969 ita

530 3007 719 3063 vestris
759 3008 951 3064 studiis
979 3007 1080 3063 sub
1129 3006 1470 3078 providentia
1500 3006 1866 3062 archidiaconi
1913 3015 2135 3063 strenue

524 3111 876 3173 peragantur,
903 3110 963 3157 ut
988 3100 1382 3172 omnipotentis
1408 3100 1510 3155 Dei
1542 3099 1799 3171 gratiam,
1830 3108 1884 3155 et
1910 3108 2126 3171 aposto-

527 3195 648 3250 lica
684 3194 1080 3250 benedictionis
1125 3193 1364 3249 salutem
1394 3192 1737 3248 mereamini.

586 3291 735 3343 Data
765 3291 962 3344 Roma
1005 3286 1246 3342 secundo
1288 3288 1415 3357 [x1]
1444 3286 1725 3342 Kalendas
1752 3285 2019 3353 Januarii,
2046 3286 2124 3341 in-

528 3380 760 3438 dictione
785 3382 995 3438 decima
1023 3382 1199 3438 tertia.

988 3492 1338 3549 EPISTOLA
1380 3492 1656 3547 XXXIX.

726 3611 808 3652 ΔΙ)
835 3612 1046 3653 ΒυΟΕΗ
1064 3612 1138 3652 ΕΤ
1164 3610 1458 3653 POPULUM
1488 3607 1914 3651 VBNBTIABUM.

1133 3702 1311 3763 (Anno
1340 3701 1520 3763 1074.)

530 3814 775 3866 Testatur
810 3826 960 3864 suam
1001 3810 1059 3863 in
1105 3825 1186 3864 eos
1225 3811 1579 3864 dilectionem.
1629 3812 1893 3864 Hortatur
1929 3814 1990 3864 ut
2026 3826 2121 3880 pa-

589 3880 843 3934 triarchae
863 3883 1035 3933 nimia
1065 3885 1297 3949 egestate
1334 3896 1580 3949 oppresso
1600 3897 1718 3949 qua:
1737 3887 1863 3935 sunt
1881 3896 2118 3935 necessa-

596 3955 681 4005 ria
695 3952 769 4005 ad
786 3954 957 4005 vitam
981 3953 1246 4006 tuendam
1262 3968 1367 4021 pro
1377 3953 1621 4006 decentia
1643 3956 1807 4006 tanta:
1829 3953 2119 4019 dignitatis

592 4023 952 4093 suppeditent.

590 4133 949 4187 Gneoonrus
961 4130 1269 4201 episcOpus,
1285 4145 1474 4186 servus
1484 4144 1766 4187 servorum
1787 4131 1908 4198 Dei,
1926 4133 2116 4187 Dom-

522 4235 673 4277 meo
689 4219 833 4286 duci,
855 4226 911 4274 et
932 4219 1135 4291 populo
1160 4218 1407 4275 Venetia
1431 4220 1660 4275 salutem
1688 4228 1745 4276 et
1763 4219 2114 4291 apostolicam

521 4312 972 4368 benedictionem.

590 4408 795 4462 Notum
822 4422 941 4463 esse
982 4404 1274 4475 credimus,
1320 4422 1435 4462 non
1463 4406 1645 4463 solum
1675 4405 1762 4461 his
1797 4406 1889 4478 qui
1928 4406 2114 4462 nobis-

2252 1887 2498 1943 stolicam
2529 1885 2716 1941 sedem
2742 1885 2996 1940 omnibus
3026 1900 3148 1956 qua
3172 1893 3299 1940 sunt
3322 1885 3377 1939 in
3406 1883 3703 1941 Occidente
3724 1901 3857 1958 gen-

2251 1981 2399 2035 tibus
2428 1980 2685 2036 clariores
2714 1978 3023 2034 exstitistis.
3070 1980 3184 2034 Nos
3224 1977 3479 2049 equidem
3509 1978 3860 2033 meminimus

2252 2073 2609 2129 Dominicum
2641 2072 3009 2145 patriarcham
3041 2071 3216 2128 beata
3243 2074 3528 2129 memoria
3559 2081 3863 2128 antecesso-

2249 2184 2367 2222 rem
2398 2167 2561 2238 hujus
2600 2174 2820 2237 propter
2870 2166 3102 2221 nimiam
3146 2175 3443 2238 egestatem
3492 2166 3672 2221 locum
3701 2165 3860 2222 dese-

2248 2276 2365 2315 rere
2392 2259 2627 2315 voluisse
2654 2278 2665 2313 :
2695 2268 2750 2314 et
2772 2259 2858 2314 hic
2887 2258 3112 2331 quidem
3144 2260 3260 2331 pari
3292 2260 3608 2315 necessitate
3636 2259 3772 2315 dicit
3795 2276 3859 2316 se

2248 2354 2682 2409 circumventum
2726 2369 2862 2409 esse.
2897 2355 3264 2424 Quapropter,
3322 2353 3463 2408 sicut
3505 2353 3859 2411 charissimos

2250 2446 2408 2515 ﬁlios,
2443 2463 2539 2503 vos
2563 2447 2928 2503 admonemus
2958 2455 3019 2501 ut
3047 2462 3322 2502 memores
3347 2446 3587 2518 pristina
3610 2446 3859 2503 nobilita-

2248 2541 2316 2596 tis
2344 2550 2398 2595 et
2425 2540 2617 2611 gloria
2658 2541 2919 2596 collatum
2963 2539 3117 2595 vobis
3145 2541 3430 2608 honorem,
3461 2549 3516 2596 et
3538 2540 3856 2612 apostolica

2246 2634 2393 2690 sedis
2420 2650 2548 2708 erga
2579 2650 2674 2690 vos
2697 2633 3136 2690 benevolentiam
3166 2634 3393 2689 ulterius
3412 2649 3521 2689 non
3546 2634 3855 2707 negligatis,

2245 2728 2340 2784 sed
2389 2728 2772 2785 convenientes
2814 2728 2865 2782 in
2898 2744 3069 2784 unum
3113 2728 3345 2800 qualiter
3390 2727 3707 2801 antesignati
3753 2745 3854 2798 pa-

2244 2822 2567 2878 triarchatus
2590 2822 2906 2895 dignitatem
2935 2822 3115 2878 debita
3143 2838 3271 2878 cum
3296 2821 3640 2878 veneratione
3679 2831 3731 2878 et
3758 2840 3848 2879 re-

2244 2932 2368 2971 rum
2384 2916 2770 2987 temporalium
2790 2914 3268 2987 ampliﬁcationem
3286 2916 3623 2982 sustentetis,
3646 2925 3851 2973 etcum

2244 3010 2346 3065 Dei
2386 3009 2655 3080 adjutorio
2702 3010 2771 3065 ad
2799 3010 3019 3065 culmen
3051 3024 3164 3065 sua
3192 3009 3529 3065 celsitudinis
3573 3011 3847 3081 relevetis,

2236 3103 2517 3158 communi
2547 3101 2774 3158 consilio
2807 3103 3166 3173 pertractetis.
3196 3102 3462 3158 lndicavit
3490 3103 3713 3174 quidem
3742 3121 3851 3160 no-

2166 3167 2210 3229 C
2239 3195 2321 3250 bis
2345 3195 2431 3251 hic
2447 3194 2726 3251 confrater
2749 3167 2935 3251 noster
2965 3195 3292 3267 patriarcha,
3319 3205 3371 3251 te
3398 3167 3613 3264 ducem,
3644 3208 3699 3253 et
3726 3198 3847 3269 ple-

2236 3304 2435 3360 rosque
2459 3298 2701 3344 vestrum
2739 3305 2904 3361 quam
2941 3290 3210 3361 optimam
3236 3305 3400 3361 super
3429 3288 3531 3345 hac
3560 3307 3617 3346 re
3641 3290 3845 3348 habere

2236 3382 2569 3439 voluntatem
2616 3402 2628 3437 :
2667 3392 2887 3455 propter
2924 3382 3073 3455 quod
3100 3391 3156 3439 et
3194 3382 3493 3439 ﬁducialius
3522 3384 3587 3440 ad
3618 3385 3843 3455 explen-

2234 3475 2367 3532 dum
2415 3492 2551 3548 opus
2592 3476 2717 3532 boni
2751 3476 3014 3548 propositi
3058 3484 3298 3532 vestram
3338 3476 3615 3534 exhortari
3654 3477 3844 3550 incipi-

2234 3585 2358 3625 mus
2380 3570 2748 3626 dilectionem.
2773 3569 3057 3642 Quidquid
3082 3569 3246 3643 igitur
3271 3569 3398 3626 inde
3419 3570 3561 3626 inter
3582 3587 3677 3627 vos
3699 3588 3843 3627 con-

2233 3665 2436 3719 sultum
2465 3673 2519 3719 et
2547 3664 2906 3720 constitutum
2947 3662 3133 3730 fuerit,
3165 3663 3328 3719 nobis
3377 3680 3471 3735 per
3500 3664 3706 3721 litteras
3740 3675 3844 3722 aut

2230 3765 2380 3813 certo
2410 3758 2605 3813 nuntio
2634 3758 2959 3829 quantocius
2996 3758 3328 3825 renuntiate;
3367 3758 3624 3829 quoniam
3663 3760 3705 3813 si
3736 3775 3839 3831 pro

2230 3851 2399 3922 gloria
2431 3859 2485 3906 et
2520 3850 2826 3918 nobilitate,
2865 3859 2978 3907 tam
3006 3850 3171 3907 vestri
3213 3867 3376 3923 quam
3406 3850 3617 3924 prafati
3649 3852 3750 3908 loci
3782 3862 3845 3909 et

2232 3943 2546 4008 sacerdotii,
2571 3943 2774 4015 aliquid
2803 3943 3118 4011 statueritis,
3141 3952 3202 4000 ut
3223 3961 3451 4017 aquum
3478 3953 3562 4001 est
3589 3961 3686 4017 pro
3718 3962 3838 4002 me-

2230 4037 2343 4094 ritis
2374 4037 2565 4093 vestris
2593 4038 3006 4111 gratulabimur;
3038 4038 3122 4093 sin
3152 4054 3283 4093 vero
3312 4038 3491 4111 aliqua
3516 4040 3695 4095 minus
3723 4039 3837 4096 ho-

2228 4140 2383 4186 nesta
2410 4147 2505 4187 vos
2535 4132 2747 4188 occasio
2773 4134 3083 4199 retraxerit,
3105 4131 3293 4203 procul
3317 4132 3485 4188 dubio
3509 4133 3643 4188 tanti
3672 4133 3838 4190 mini-

2226 4225 2376 4281 sterii
2419 4240 2621 4280 nomen
2662 4224 2803 4280 inter
2839 4241 2937 4282 vos
2982 4224 3260 4295 vilescere,
3309 4234 3365 4282 et
3391 4226 3574 4282 debito
3622 4225 3841 4284 honore

2227 4318 2426 4390 privari
2455 4334 2572 4374 non
2602 4318 2899 4389 patiemur.

2293 4415 2437 4467 Data
2460 4414 2658 4468 Roma
2679 4411 2921 4468 secundo
2946 4412 3222 4469 Kalendas
3241 4413 3508 4482 Januarii,
3534 4412 3839 4473 indictione

519 4516 647 4556 cum
703 4500 898 4557 morati
947 4509 1099 4568 sunt,
1155 4500 1248 4557 sed
1304 4500 1466 4555 etiam
1523 4500 1790 4572 plerisque
1844 4506 2111 4568 vestrum,
2142 4525 2194 4589 Β
2224 4503 2434 4561 decima
2465 4503 2644 4561 tertia.

517 4592 664 4664 quod
684 4594 799 4665 jam
828 4593 896 4650 ab
924 4594 1141 4650 ineunte
1167 4602 1324 4650 atate
1352 4601 1558 4650 terram
1587 4602 1824 4650 vestram
1863 4602 1919 4649 et
1950 4593 2116 4650 liber-

516 4694 688 4741 tatem
718 4686 877 4758 hujus
900 4688 1080 4758 gentis
1097 4687 1251 4744 valde
1273 4687 1589 4755 dileximus,
1609 4696 1771 4759 atque
1797 4686 1867 4742 ob
1897 4686 1953 4743 id
1972 4703 2115 4743 non-

515 4778 790 4835 nullorum
822 4781 1124 4853 principum
1166 4790 1220 4836 et
1246 4781 1513 4838 nobilium
1537 4796 1899 4853 personarum
1929 4781 2117 4836 inimi-

514 4871 672 4928 citias
696 4873 1074 4929 sustinuimus.
1106 4878 1405 4947 Postquam
1431 4891 1559 4931 vero
1584 4874 1863 4947 apostolici
1888 4874 2111 4947 regimi-

515 4965 597 5021 nis
624 4981 763 5022 onus
784 4974 838 5021 et
862 4965 1131 5035 ofﬁcium,
1159 4968 1283 5023 licet
1308 4967 1537 5040 indigni,
1568 4968 1925 5038 suscepimus,
1960 4976 2111 5023 tanto

513 5056 809 5115 ferventius
827 5058 882 5114 in
905 5058 1192 5114 dilectione
1214 5068 1395 5115 vestra
1419 5069 1604 5116 noster
1631 5060 1831 5117 exarsit
1855 5058 2108 5125 affectus,

515 5160 722 5223 quanto
762 5167 857 5224 per
899 5152 1165 5224 generalis
1207 5168 1351 5229 cura
1379 5153 1624 5208 debitum
1668 5155 1724 5208 in
1769 5151 2110 5208 administra-

512 5245 724 5301 tionem
749 5254 938 5301 vestra
966 5247 1156 5302 salutis
1184 5244 1471 5301 sollicitius
1496 5246 1700 5301 astricti
1721 5262 1929 5302 sumus.
1960 5249 2105 5316 Qua-

516 5347 734 5409 pr0pter
786 5339 988 5394 litteras
1041 5338 1111 5395 ad
1160 5354 1258 5394 vos
1303 5338 1623 5406 direximus,
1676 5348 1737 5395 ut
1776 5338 2106 5396 nobilitatem

514 5441 748 5488 vestram
777 5431 842 5488 ad
870 5431 1263 5504 reSpiciendum
1291 5431 1457 5488 decus
1487 5441 1540 5488 et
1566 5432 1957 5488 sublimitatem
2002 5451 2104 5490 an—

515 5526 676 5597 tiqua
701 5525 977 5597 dignitatis
1004 5541 1116 5582 sua
1145 5527 1378 5582 excitare
1406 5527 1703 5599 possimus,
1730 5543 1799 5582 ne
1830 5544 1894 5583 ex
1926 5528 2102 5600 longa,

513 5620 661 5691 quod
704 5619 863 5686 absit,
908 5619 1232 5692 negligentia
1273 5620 1539 5692 dilapsum
1581 5619 1846 5677 honorem
1899 5629 2099 5692 gemat,

510 5729 671 5784 quem
703 5713 884 5769 adhuc
917 5722 1175 5783 stantem,
1207 5714 1340 5771 dum
1375 5724 1569 5785 poteSt,
1601 5717 1780 5770 colere
1806 5724 1861 5770 et
1889 5731 2101 5771 servare

513 5821 625 5862 non
658 5807 885 5864 laborat.
918 5806 1245 5864 Scitis'enim
1278 5809 1535 5880 quoniam
1570 5824 1680 5879 prae
1720 5809 1905 5863 multis
1929 5818 2100 5865 terra-

2778 4603 3123 4660 EPISTOLA
3150 4604 3274 4658 XL.

2653 4716 2731 4757 AD
2754 4717 2791 4758 U
2802 4717 3095 4761 NIVEBSOS
3115 4720 3146 4760 ε·
3156 4717 3385 4760 IDBLBS.

2825 4805 3013 4867 {Anno
3063 4806 3160 4855 107
3168 4806 3245 4865 4.)

2406 4899 2473 4953 Ut
2501 4898 2703 4970 legatos
2740 4914 2861 4954 suos
2883 4914 3109 4967 congruo
3138 4900 3329 4954 honore
3351 4898 3642 4968 recipiant,

2587 4972 2765 5039 eisque
2792 4971 3147 5025 obedientiam
3168 4975 3449 5041 praestent.

2290 5068 2648 5124 Gaacontus
2668 5068 2977 5139 episcopus,
2994 5083 3181 5125 servus
3197 5084 3483 5125 servorum
3500 5067 3620 5135 Dei,
3640 5068 3830 5124 omni-

2218 5159 2321 5216 bus
2348 5162 2532 5217 Sancti
2578 5161 2723 5216 Petri
2766 5159 3020 5216 fidelibus
3054 5162 3123 5217 ad
3174 5178 3313 5233 quos
3361 5161 3651 5232 portitores
3682 5175 3829 5232 pra-

2215 5254 2450 5309 sentiam
2500 5254 2765 5321 venerint,
2813 5252 3044 5309 salutem
3087 5262 3142 5311 et
3193 5255 3547 5328 apostolicam
3596 5254 3824 5311 benedi-

2216 5346 2477 5401 ctionem.

2286 5441 2491 5494 Notum
2538 5439 2692 5495 vobis
2733 5450 2817 5496 est
2860 5441 3010 5513 quod
3039 5450 3414 5497 succreseente
3468 5441 3731 5511 nequitia,
3764 5451 3824 5499 et

2213 5531 2482 5588 diabolica
2528 5531 2720 5589 fraude
2758 5550 3145 5607 usquequaque
3187 5535 3571 5601 invalescente,
3619 5536 3821 5591 multo-

2208 5641 2334 5680 rum
2353 5625 2468 5697 jam
2496 5625 2727 5682 charitas
2752 5625 2954 5700 friguit,
2982 5636 3035 5684 et
3070 5628 3239 5684 totius
3264 5628 3541 5701 religionis
3570 5627 3817 5684 studium

2209 5718 2265 5773 in
2295 5729 2476 5774 sancta
2508 5721 2745 5777 Ecclesia
2780 5738 2916 5793 pene
2938 5721 3217 5777 defecerit.
3251 5721 3357 5778 Sed
3402 5722 3525 5794 quia
3556 5722 3816 5793 impossi-

2212 5811 2316 5870 bile
2353 5822 2437 5870 est
2462 5822 2706 5870 nostram
2735 5814 2792 5871 in
2820 5823 2901 5871 tot
2925 5822 2979 5872 et
3002 5823 3117 5871 tam
3147 5814 3385 5872 diversas
3412 5815 3814 5873 sollicitudines
