4074 6172
253 264 356 317 393

1323 266 1519 320 LIBER
1559 266 1917 321 SECUNDUS.
1958 294 2028 305 —
2067 266 2271 321 EPIST.
2315 267 2486 322 XLIV.

3442 268 3546 321 394

252 390 604 460 prasentiam
641 389 910 457 exhiberi,
941 391 1199 446 misimus
1226 389 1296 446 ad
1323 406 1422 446 vos
1450 389 1679 446 dilectos
1708 407 1841 447 san—
1872 396 1924 456 Α
1953 392 2171 457 sentiat,
2203 406 2307 447 nec
2357 391 2414 445 in
2461 388 2700 457 aliquem
2737 397 2979 446 vestrum
3008 390 3183 463 aliqua
3230 389 3553 462 suspicionis

253 492 359 538 cta
395 486 662 541 Romana
703 484 953 540 Ecclesia
1001 484 1171 551 filios,
1218 484 1466 540 videlicet
1505 486 1845 556 Gepizonem

254 576 580 646 [Geizonem
610 583 661 631 ct
687 582 762 633 sic
803 579 1017 648 ubique]
1043 578 1295 633 abbatem
1342 578 1523 633 Sancti
1552 578 1811 634 Bonifacii
1830 622 1842 645 ,

255 679 307 725 et
336 672 594 726 Maurum
627 672 879 727 abbatem
908 673 1093 727 Sancti
1118 672 1331 737 Sabba,
1363 689 1458 743 per
1495 688 1634 743 quos
1661 682 1714 726 et
1741 689 1845 727 no-

256 774 363 820 stra
412 765 567 820 vobis
596 774 1018 836 reprasentetur
1057 766 1376 833 auctoritas,
1421 775 1474 821 et
1517 775 1701 820 nostra
1734 766 1847 820 vice

254 875 313 913 ea
338 874 463 930 qua
492 858 562 914 ad
590 860 879 915 utilitatem
908 869 1112 916 sancta
1144 860 1393 915 Ecclesia
1424 862 1699 931 pertinent
1720 876 1845 915 cum

257 954 352 1007 Dei
382 952 659 1025 adjutorio
682 954 921 1010 studiosa
953 955 1334 1024 procuratione
1364 962 1704 1026 peragantur.
1739 957 1851 1008 Vos

256 1046 419 1117 igitur
442 1062 719 1102 memores
738 1047 903 1101 divini
931 1064 1023 1119 per
1054 1049 1405 1120 Evangelium
1427 1048 1555 1102 dicti
1590 1067 1601 1101 :
1630 1050 1735 1114 Qui
1762 1064 1849 1102 vos

259 1140 435 1201 audit,
468 1156 549 1195 me
571 1142 750 1203 audit,
777 1147 828 1196 et
851 1144 947 1211 qui
962 1158 1051 1197 vos
1080 1146 1322 1212 spernit,
1357 1158 1437 1196 me
1463 1144 1667 1211 spernit
1700 1145 1846 1205 (Luc.

261 1234 341 1303 x),
376 1249 494 1300 eos,
526 1234 665 1289 sicut
682 1234 751 1290 de
774 1242 959 1290 nostra
986 1236 1243 1301 amicitia,
1272 1236 1385 1290 imo
1413 1235 1481 1291 de
1512 1234 1682 1307 gratia
1714 1236 1851 1289 San-

261 1328 331 1382 cti
362 1328 508 1383 Petri
560 1328 715 1401 cujus
758 1329 941 1385 nuntii
983 1338 1130 1395 sunt,
1175 1345 1364 1384 curam
1396 1328 1633 1394 habetis,
1676 1327 1854 1383 debita

261 1437 384 1476 cum
412 1422 761 1477 veneratione
794 1432 850 1478 et
879 1422 1143 1478 charitate
1167 1422 1471 1493 recipiatis;
1500 1430 1552 1477 et
1581 1422 1637 1476 in
1668 1422 1853 1477 omni-

264 1516 362 1569 bus
385 1531 512 1587 qua
549 1517 629 1571 vel
652 1532 818 1571 causa
849 1517 1138 1589 legationis
1165 1532 1379 1583 eorum,
1405 1516 1486 1571 vel
1520 1514 1856 1586 fatigationis

262 1610 559 1665 necessitas
599 1611 971 1680 postulaverit,
1002 1610 1217 1665 fidelem
1248 1610 1353 1665 illis
1390 1609 1759 1665 obedientiam
1803 1617 1859 1663 et

262 1718 594 1759 consensum
634 1704 935 1775 prabeatis.
969 1708 1239 1759 Praterea
1267 1704 1313 1759 si
1342 1704 1625 1775 contigerit
1655 1719 1751 1759 eos
1794 1717 1860 1757 ex

263 1797 599 1853 considerata
629 1805 683 1853 et
706 1799 1035 1869 competenti
1068 1798 1382 1853 necessitate
1408 1800 1753 1870 negotiorum
1773 1796 1857 1852 di-

266 1891 392 1955 vidi,
426 1899 483 1946 et
532 1893 824 1963 separatim
870 1892 922 1945 in
953 1892 1197 1947 diversas
1229 1900 1410 1962 partes
1462 1890 1747 1961 proficisci,
1794 1889 1863 1944 ad

268 1999 623 2057 quoscunque
651 1985 788 2039 alter
816 2001 1008 2040 eorum
1038 1985 1267 2052 venerit,
1300 2001 1427 2040 eum
1457 1984 1599 2039 sicut
1632 1999 1733 2038 nos
1761 1999 1863 2038 au-

267 2076 446 2143 diatis,
481 2086 538 2132 et
561 2077 706 2149 quod
735 2088 936 2134 nostra
968 2078 1234 2134 deberetis
1263 2077 1568 2149 prasentia
1594 2077 1646 2131 in
1677 2092 1741 2132 eo
1772 2092 1865 2131 os-

270 2169 489 2227 tendere
521 2181 577 2227 et
604 2172 831 2244 exsequi
862 2188 974 2228 non
1002 2172 1283 2228 dubitetis.

338 2268 477 2321 Data
522 2268 744 2334 Roma,
784 2274 981 2337 quarto
1032 2268 1215 2322 Nonas
1255 2266 1517 2333 Januarii,
1566 2263 1865 2320 indictione

271 2357 479 2415 decima
514 2362 694 2429 tertia,
728 2376 871 2414 anno
901 2360 1102 2416 Christi
1138 2365 1294 2415 1075.

800 2465 1146 2519 EPISTOLA
1189 2465 1341 2518 XLI.

562 2582 643 2622 ΔΙ)
666 2580 1060 2622 FERBTBANOS
1082 2582 1156 2623 ΒΤ
1183 2580 1546 2622 EUGUBINOS.

874 2672 1061 2735 (Anno
1098 2674 1277 2735 1075.)

277 2773 553 2841 Signiﬁcat
600 2789 653 2827 se
704 2774 902 2841 legatos
947 2790 1007 2827 ea
1047 2774 1112 2827 de
1152 2787 1315 2827 causa
1357 2772 1580 2833 misisse,
1633 2775 1692 2823 ut
1738 2770 1870 2823 dent

342 2860 557 2913 operam
580 2850 640 2897 ut
657 2845 876 2898 idoneus
888 2850 1079 2915 pastor
1095 2848 1152 2898 in
1169 2860 1353 2898 eorum
1370 2844 1599 2899 Ecclesia
1613 2842 1864 2908 eligatur.

346 2917 519 2969 Monet
530 2921 592 2970 ut
612 2918 685 2970 eis
710 2918 1063 2970 obedientiam
1082 2917 1386 2970 exhibeant.

346 3018 697 3073 Gnsaonws
716 3017 1029 3089 episcopus,
1058 3033 1249 3072 servus
1266 3031 1553 3072 servorum
1579 3014 1703 3080 Dei,
1727 3014 1873 3069 clero

278 3119 328 3164 et
352 3111 553 3181 p0pulo
574 3113 888 3175 Feretrano,
907 3119 1072 3182 atque
1092 3111 1240 3167 clero
1262 3118 1317 3165 et
1341 3110 1543 3181 populo
1568 3108 1873 3180 Eugubino,

278 3204 513 3259 salutem
544 3214 599 3260 et
626 3206 979 3276 apostolicam
1016 3204 1472 3260 benedictionem.

348 3300 429 3353 Ex
458 3314 572 3369 quo
601 3300 895 3355 Ecclesiam
928 3307 1161 3354 vestram
1202 3308 1419 3368 pastore
1448 3296 1721 3352 viduatam
1752 3310 1871 3350 esse

279 3393 662 3464 cognovimus,
692 3393 865 3448 multa
892 3409 990 3464 pro
1022 3392 1172 3448 vobis
1202 3390 1564 3447 sollicitudine
1594 3388 1740 3445 anxii
1766 3387 1869 3443 fui-

280 3501 427 3553 mus,
457 3494 514 3541 et
549 3500 865 3557 quanquam
894 3486 1065 3541 multa
1103 3494 1158 3541 et
1194 3486 1376 3557 gravia
1404 3500 1505 3539 nos
1535 3482 1751 3555 negotia
1782 3497 1873 3538 oc-

280 3588 501 3650 cupent,
532 3594 594 3635 ea
625 3587 808 3635 tamen
848 3594 979 3634 cura
1018 3579 1253 3650 qualiter
1293 3577 1472 3634 divina
1502 3576 1876 3631 misericordia

279 3670 508 3744 dignum
538 3673 694 3729 vobis
724 3680 935 3743 patrem
977 3672 1261 3743 provideat
1305 3680 1495 3727 nostro
1538 3668 1693 3726 cordi
1725 3667 1873 3724 inde-

282 3765 521 3820 sinenter
553 3765 816 3834 adharet,
846 3774 1008 3837 atque
1037 3782 1101 3820 eo
1130 3765 1303 3837 magis
1335 3765 1436 3820 hac
1469 3764 1537 3820 de
1575 3778 1735 3817 causa
1766 3761 1876 3816 sol-

282 3857 573 3929 licitamur,
600 3867 655 3914 et
688 3860 951 3915 attentius
980 3862 1095 3915 Deo
1126 3874 1312 3929 preces
1348 3857 1702 3924 effundimus,
1739 3870 1876 3926 quo-

284 3952 432 4007 niam
481 3952 541 4007 in
584 3954 871 4009 retroactis
903 3952 1246 4023 temporibus
1287 3968 1403 4007 non
1448 3961 1531 4006 sat
1570 3950 1877 4021 vigilantem

285 4044 439 4100 vobis
472 4054 747 4116 pastorem
792 4044 1073 4117 prafuisse
1108 4044 1512 4116 cognoscimus.
1543 4046 1884 4114 Quapropter

283 4139 537 4194 misimus
557 4139 625 4195 ad
644 4155 742 4195 vos
762 4139 864 4195 hos
887 4140 1167 4209 religiosos
1187 4148 1389 4195 sancta
1402 4141 1667 4193 Romana
1695 4128 1881 4189 Eccle-

286 4239 386 4294 sia
428 4236 571 4291 ﬁlios
603 4234 853 4290 videlicet
884 4234 1139 4291 abbatem
1169 4234 1347 4289 Sancti
1390 4231 1605 4295 Sabba,
1641 4238 1695 4283 et
1717 4229 1883 4283 abba-

291 4340 405 4387 tem
427 4332 607 4387 Sancti
622 4329 907 4396 Bonifacii,
926 4340 989 4385 ut
1007 4330 1049 4384 si
1070 4328 1210 4384 forte
1231 4327 1289 4381 in
1309 4325 1548 4382 Ecclesia
1569 4330 1744 4378 vestra
1766 4321 1886 4376 talis

296 4441 546 4497 persona,
581 4440 704 4494 qua
731 4423 858 4479 huic
887 4422 1131 4495 regimini
1162 4436 1402 4492 congrua
1430 4418 1520 4485 sit,
1560 4416 1884 4487 reperiatur,

1958 484 2178 540 infamia
2200 484 2376 539 cadat.

2028 581 2167 632 Data
2210 582 2440 643 Roma,
2472 586 2666 649 quarto
2710 581 2893 635 Nonas
2931 578 3201 647 Januarii,
3253 577 3553 633 indictione

1952 670 2169 729 decima
2199 672 2380 726 tertia.

2482 768 2821 822 EPISTOLA
2862 768 3033 821 XLII.

1994 873 2076 913 AD
2106 873 2479 915 GUIBER‘IUM
2510 876 3045 917 ARCHIEPISCOPUM
3078 873 3513 916 BAVBNNATEM.

2543 959 2724 1020 (Anno
2758 960 2935 1020 1075.)

1961 1048 2051 1103 Ad
2078 1048 2335 1115 synodum
2364 1054 2511 1102 vocat
2536 1051 2857 1174 ίηὴχένὲωἱᾶηα
2884 1049 3308 1117 Quadragesima
3326 1065 3394 1103 ea:
3412 1062 3556 1102 more

2696 1136 2758 1174 en
2802 1136 2908 1174 am.

2696 1136 2908 1174 endam.

2034 1214 2382 1269 Gnsaomus
2412 1213 2721 1284 episcOpus,
2743 1228 2929 1268 servus
2948 1228 3232 1268 servorum
3262 1213 3382 1279 Dei,
3408 1214 3558 1270 GU1-

1961 1321 2154 1363 BERTO
2182 1306 2487 1361 Ravennati
2533 1305 2962 1378 archiepiscOpo,
2994 1308 3227 1361 salutem
3258 1314 3314 1361 et
3344 1314 3560 1377 aposto-

1962 1399 2123 1455 licam
2154 1399 2612 1455 benedictionem.

2036 1494 2234 1549 Coram
2283 1494 2456 1549 oculis
2486 1494 2669 1559 habes,
2706 1492 2872 1549 frater
2918 1494 3260 1561 charissime,
3302 1500 3359 1549 et
3405 1495 3561 1563 quasi

1968 1589 2186 1659 palpare
2216 1587 2471 1642 manibus
2492 1596 2645 1659 potes
2672 1587 3039 1643 miserabilem
3067 1596 3271 1642 sancta
3302 1585 3564 1643 Ecclesia

1968 1681 2459 1752 perturbationem,
2491 1690 2544 1735 et
2566 1680 2679 1751 jam
2714 1696 2807 1751 per
2840 1681 2997 1750 longa
3028 1689 3272 1751 tempora
3314 1680 3564 1735 inimico-

1889 1761 1934 1822 B
1969 1790 2093 1829 rum
2129 1784 2186 1829 et
2232 1775 2674 1845 impugnatorum
2721 1774 2837 1845 ejus
2871 1774 3205 1829 insensatam
3252 1782 3307 1828 et
3335 1773 3564 1829 omnino

1972 1867 2349 1923 irrefrenatam
2378 1867 2877 1938 prasumptionem.
2901 1869 3102 1923 Contra
3122 1883 3279 1938 quos,
3302 1867 3563 1938 quoniam

1971 1978 2075 2016 nos
2102 1962 2195 2033 qui
2226 1961 2285 2016 in
2302 1971 2509 2016 sortem
2540 1961 2824 2016 ministerii
2854 1960 3226 2026 sacerdotalis,
3252 1971 3304 2016 et
3334 1976 3564 2030 regnum

1976 2056 2075 2110 Dei
2120 2055 2275 2110 electi
2306 2070 2520 2123 sumus,
2569 2054 2720 2109 omni
2774 2071 2905 2110 cura
2936 2063 2988 2109 et
3034 2054 3214 2110 studio
3244 2070 3466 2126 surgere
3513 2063 3567 2109 et

1974 2164 2215 2221 pugnare
2262 2149 2539 2215 convenit,
2596 2148 2736 2203 sicut
2768 2148 2888 2220 jam
2920 2164 3015 2219 per
3042 2148 3250 2219 aliquot
3276 2164 3451 2204 annos
3507 2149 3565 2204 in

1973 2242 2264 2313 apostolica
2293 2241 2420 2297 sede
2448 2241 2561 2297 ﬁeri
2591 2242 2869 2297 consuevit
2919 2243 2977 2297 in
3006 2242 3177 2312 prima
3226 2241 3567 2298 hebdomade

1975 2335 2415 2409 Quadragesima
2452 2334 2747 2408 synodum,
2793 2339 2911 2391 Deo
2952 2343 3248 2402 annuente,
3297 2335 3569 2392 celebrare

1974 2429 2343 2500 disposuimus
2376 2448 2389 2483 :
2422 2429 2488 2484 ad
2520 2445 2686 2500 quam
2716 2428 3112 2484 fraternitatem
3143 2438 3297 2485 tuam
3328 2429 3563 2501 singula-

1976 2523 2017 2576 ri
2047 2523 2437 2591 admonitione,
2458 2531 2513 2577 et
2542 2524 2712 2577 multo
2742 2522 3018 2577 charitatis
3043 2521 3237 2588 affatu,
3269 2522 3567 2594 postposita

1977 2616 2127 2671 omni
2158 2615 2500 2687 negligentia,
2525 2616 2710 2670 venire
2741 2631 2995 2687 rogamus
3023 2625 3078 2672 et
3099 2616 3414 2681 invitamus,
3442 2632 3571 2688 qua-

1977 2718 2136 2765 tenus
2163 2718 2259 2764 tua
2295 2709 2633 2779 aliorumque
2668 2709 2903 2764 fratrum
2932 2717 3248 2766 nostrorum
3292 2711 3569 2765 anuitente

1979 2802 2285 2873 prudentia,
2301 2811 2357 2857 et
2376 2802 2642 2873 spirituali
2661 2811 2776 2858 tam
2791 2801 3111 2858 fortitudine
3132 2818 3293 2874 quam
3310 2803 3571 2873 sapientia

1980 2896 2134 2967 impii
2162 2912 2191 2949 a
2232 2895 2343 2951 suis
2383 2895 2668 2950 conatibus
2713 2904 3017 2963 arceantur,
3049 2904 3103 2950 et
3146 2895 3448 2951 Christiana
3477 2912 3569 2950 re—

1980 2988 2113 3060 ligio
2144 2990 2200 3044 in
2231 3005 2293 3044 ea
2321 3004 2425 3060 qua
2452 2990 2691 3060 primum
2720 2988 2948 3044 fundata
2973 2998 3055 3044 est
3081 2988 3332 3043 libertate
3361 2996 3415 3043 et
3443 3005 3571 3058 pace

1981 3084 2293 3139 roboretur.

1910 3158 1954 3219 ί)
2056 3180 2199 3231 Data
2241 3180 2457 3241 Roma,
2489 3175 2729 3232 secundo
2758 3179 2944 3232 Nonas
2983 3177 3243 3243 Januarii,
3278 3174 3571 3231 indictione

1976 3270 2187 3327 decima
2213 3271 2391 3326 tertia.

2475 3365 2825 3420 EPISTOLA
2855 3365 3066 3418 XLIII.

2221 3472 2305 3513 AD
2335 3472 2638 3515 HUGONBM
2670 3472 2943 3513 DIBNSEM
2972 3469 3338 3512 EPISCOPUH.

2603 3551 2785 3621 (Anno
2814 3554 2993 3614 1075.)

1989 3647 2055 3701 Ut
2090 3647 2319 3715 recipiat
2342 3661 2383 3700 α
2408 3646 2638 3700 subditis
2658 3660 2719 3698 ea
2751 3660 2870 3712 qua
2901 3644 3143 3698 Ecclesia:
3172 3645 3450 3697 restituere
3480 3658 3575 3697 υο-

2055 3719 2192 3777 lunt,
2219 3732 2405 3786 eosque
2429 3716 2689 3782 absolvat,
2716 3716 2821 3784 ﬁde
2850 3720 3063 3783 accepta
3089 3716 3161 3768 ad
3195 3715 3456 3783 synodum
3489 3730 3576 3768 ve-

2054 3789 2256 3843 utendi.

2058 3882 2419 3937 Gnsaonms
2448 3880 2752 3951 episcopus,
2780 3893 2967 3934 servus
2984 3893 3265 3933 servorum
3299 3878 3426 3943 Dei,
3452 3879 3576 3933 Hu-

1988 3989 2162 4039 GONI,
2196 3976 2248 4029 in
2271 3973 2582 4044 Burgundia
2600 3972 2785 4028 Diensi
2806 3971 3081 4043 episcopo,
3103 3971 3338 4028 salutem
3368 3980 3422 4026 et
3454 3986 3584 4042 apo-

1986 4068 2235 4123 stolicam
2264 4066 2722 4122 benedictionem.

2062 4162 2287 4216 Videtur
2316 4160 2473 4215 nobis
2504 4168 2563 4215 ut
2592 4159 2737 4231 quod
2781 4159 2873 4214 filii
2901 4158 3157 4239 Ecclesia
3184 4168 3293 4214 tua
3324 4156 3393 4212 de
3421 4156 3583 4212 rebus

1990 4254 2364 4311 ecclesiasticis
2421 4254 2612 4308 volunt
2656 4253 2751 4307 tibi
2799 4252 3023 4308 reddere
3065 4252 3326 4317 recipias,
3386 4267 3584 4321 eosque

1994 4348 2243 4403 absolvas
2282 4347 2375 4401 tali
2415 4355 2622 4410 tenore,
2668 4353 2729 4400 ut
2772 4345 2897 4399 data
2936 4344 3043 4399 fide
3092 4344 3318 4415 quidam
3368 4345 3585 4399 illorum

1997 4442 2319 4513 promittant
2346 4448 2527 4495 tecum
2558 4438 2741 4493 venire
2777 4437 2843 4492 ad
2876 4454 2972 4492 nos
3017 4440 3273 4503 Romam,
3310 4436 3585 4505 videlicet,

294 4519 588 4590 diligenter
606 4518 906 4588 inquirant,
930 4526 983 4572 et
1002 4532 1144 4581 eam,
1174 4515 1315 4570 sicut
1336 4512 1561 4583 dignum
1583 4518 1683 4573 est,
1709 4517 1884 4603 vestra
1917 4521 1966 4581 ι)
2000 4512 2116 4590 Deo
2165 4541 2417 4601 auctore,
2462 4532 2532 4588 ad
2572 4530 2843 4603 synodum
2890 4529 3302 4597 celebrandam,
3360 4537 3423 4585 ut
3479 4530 3588 4585 illic

294 4612 560 4667 electione
608 4610 970 4665 collaudatam
1022 4618 1077 4665 et
1121 4607 1386 4663 canonico
1427 4606 1646 4660 decreto
1686 4601 1885 4673 proba-

298 4714 433 4768 tam,
480 4703 636 4760 nobis
674 4703 743 4760 ad
793 4703 1159 4759 ordinandum
1199 4698 1520 4773 quantocius
1559 4703 1885 4769 prasentare

295 4798 574 4854 studeant.
609 4797 702 4852 Sin
740 4813 870 4853 vero
900 4797 1037 4852 inter
1065 4812 1161 4851 vos
1204 4794 1324 4850 talis
1354 4790 1575 4862 reperiri
1607 4806 1716 4845 non
1756 4803 1885 4860 pos-

295 4892 389 4959 sit,
417 4891 518 4963 ipsi
551 4906 681 4946 cum
711 4891 863 4945 omni
888 4888 1167 4961 diligentia
1197 4896 1253 4942 et
1280 4883 1637 4942 sollicitudine
1667 4881 1888 4938 aliunde

295 4985 555 5056 aliquem,
596 4984 695 5057 qui
723 4982 878 5038 vobis
903 4981 1204 5039 secundum
1236 4984 1409 5036 Deum
1438 4992 1670 5051 praesse
1700 4975 1887 5048 possit,

298 5078 544 5133 invenire
582 5085 897 5150 procurent,
936 5084 989 5131 et
1023 5075 1096 5131 ad
1135 5070 1544 5145 suscipiendam
1573 5069 1891 5141 episcopalis

298 5170 469 5226 ofﬁcii
497 5170 899 5227 ordinationem
930 5169 998 5223 ad
1026 5184 1128 5223 nos
1156 5168 1273 5223 sine
1302 5180 1460 5222 mora
1494 5164 1885 5218 transmittant.

299 5266 411 5319 Vos
437 5264 599 5336 igitur
628 5264 683 5319 in
712 5262 965 5320 omnibus
988 5263 1062 5317 eis
1089 5262 1289 5317 credite
1318 5269 1371 5314 et
1391 5258 1633 5328 obedite,
1657 5256 1892 5311 scientes

302 5372 399 5413 eos
442 5358 496 5411 in
536 5358 639 5413 hac
676 5374 753 5425 re,
801 5356 1141 5413 custodiente
1174 5358 1307 5421 Deo,
1352 5352 1488 5407 nihil
1523 5351 1625 5406 nisi
1656 5358 1890 5405 vestram

299 5452 532 5506 salutem
558 5459 613 5505 et
641 5451 893 5506 Ecclesia
918 5457 1109 5504 vestra
1134 5448 1401 5503 honorem
1430 5444 1727 5501 attendere.
1758 5446 1891 5499 Prao

299 5553 447 5600 terea
478 5543 747 5616 quidquid
785 5543 1020 5599 thesauri
1058 5542 1140 5596 vel
1194 5540 1509 5597 ornamenti
1544 5540 1598 5593 in
1656 5538 1890 5593 Ecclesia

300 5648 479 5694 vestra
508 5637 761 5705 habetur,
790 5638 1003 5693 illorum
1034 5634 1206 5691 oculis
1236 5641 1594 5706 prasentate;
1623 5640 1891 5704 quatenus

303 5747 369 5787 ex
407 5748 601 5788 eorum
643 5731 971 5803 providentia
1001 5737 1055 5784 et
1080 5728 1560 5784 commendatione
1588 5726 1640 5780 in
1672 5726 1766 5782 tali
1796 5741 1888 5780 cu-

302 5824 481 5881 stodia
529 5825 903 5897 relinquatur,
951 5831 1015 5879 ut
1067 5837 1169 5879 nec
1212 5822 1453 5878 Ecclesia
1501 5820 1889 5877 detrimentum

592 5916 820 5969 Puncta
858 5913 1117 5969 CXLVIII.

1997 4626 2148 4699 quod
2188 4627 2345 4682 nobis
2389 4636 2572 4682 ratum
2628 4626 2805 4680 visum
2849 4623 3015 4679 fuerit
3066 4631 3341 4695 peragant.
3388 4624 3589 4679 Melius

2000 4722 2148 4776 enim
2189 4720 2351 4776 nobis
2395 4719 2567 4790 placet
2604 4726 2663 4772 ut
2706 4734 2803 4789 pro
2844 4718 3041 4789 pietate
3084 4716 3358 4772 interdum
3401 4732 3591 4789 repre-

2001 4800 2278 4880 hendaris,
2313 4828 2480 4885 quam
2510 4828 2608 4883 pro
2654 4810 2821 4866 nimia
2849 4810 3133 4867 severitate
3162 4811 3217 4865 in
3260 4811 3449 4867 odium
3488 4814 3593 4867 Ec-

1994 4907 2174 4963 clesia
2215 4915 2328 4962 tua
2374 4906 2573 4961 venias.
2609 4905 2788 4960 Debes
2833 4903 3055 4976 quidem
3102 4904 3245 4960 ﬁlios
3289 4913 3416 4960 tuos
3466 4904 3593 4977 quia

1997 5001 2157 5057 rudes
2184 5004 2317 5055 sant
2345 5007 2399 5054 et
2422 4998 2623 5055 indocti
2664 4998 2995 5069 conspicere,
3026 5007 3082 5053 et
3102 4998 3170 5054 ad
3198 4998 3427 5054 meliora
3456 5013 3589 5069 pau-

1997 5094 2153 5149 latim
2198 5108 2522 5165 provocare,
2573 5092 2697 5163 quia
2738 5108 2902 5147 nemo
2940 5100 3165 5163 repente
3207 5092 3269 5146 ﬁt
3308 5106 3560 5147 summus

1998 5196 2053 5243 et
2079 5188 2184 5241 alta
2215 5186 2447 5243 adiﬁcia
2478 5186 2737 5257 paulatim
2770 5184 3127 5240 adificantur.

2075 5286 2208 5335 Data
2253 5284 2471 5347 Roma,
2503 5280 2680 5335 Nonis
2721 5278 2991 5343 Januarii,
3040 5278 3334 5335 indictione
3378 5276 3590 5334 decima

1998 5375 2179 5428 tertia.

2468 5462 2819 5518 EPISTOLA
2857 5463 3057 5516 XLIV.

2240 5571 2323 5612 AD
2343 5571 2577 5613 JUDITH
2602 5570 3031 5612 HUNGABORUM
3056 5569 3347 5611 REGINAM.

2593 5655 2781 5716 (Anno
2822 5654 3004 5713 1076.)

1998 5747 2181 5801 Plu-res
2218 5751 2449 5800 recenset
2487 5761 2675 5800 causas
2702 5748 2921 5799 sincera
2953 5758 3085 5809 erga
3117 5758 3241 5797 eum
3275 5740 3589 5795 dilectionis.

2070 5818 2381 5875 Consolatur
2406 5820 2601 5888 ipsam.
2634 5820 2685 5870 et
2712 5815 2791 5869 ad
2828 5814 3155 5882 patientiam
3195 5813 3468 5867 hortatur.
3499 5813 3593 5865 De-

3175 5903 3237 5953 I3
