4074 6172
467 273 569 326 395

1125 269 1204 343 .S.
1248 265 1564 320 GREGORII
1606 267 1692 320 νη
1731 266 1924 319 PAF/13
1964 259 2236 320 OPERUM
2277 263 2446 318 PARS
2487 264 2525 315 Ι.
2567 292 2637 300 ——
2677 257 3080 314 REGISTRUM.

3654 255 3758 308 396

535 412 682 450 mum
703 411 758 448 se
780 396 959 448 omnia
973 393 1182 462 quaead
1209 391 1323 458 ejus
1353 391 1596 444 honorem
1616 395 1664 444 et
1689 389 1914 444 salutem
1938 405 2054 459 per-
2087 392 2137 453 Α
2166 389 2276 442 tius
2304 387 2529 441 extollit.
2563 384 2641 440 Illi
2688 385 2837 439 enim
2884 399 2982 437 sua
3017 380 3326 436 humilitate
3361 386 3638 450 teguntur,
3668 377 3758 432 isti

536 471 704 521 tinent
737 466 960 520 libenter
992 468 1313 516 curaturum
1345 464 1554 515 asserit.

536 571 891 626 GnBGomUs
922 565 1230 636 episcopus,
1258 578 1445 618 servus
1481 577 1766 618 servorum
1800 564 1924 631 Dei,
1951 565 2053 618 JU-

460 677 614 717 DITH
639 667 784 726 (369)
816 661 1206 727 Hungarorum
1235 657 1461 728 regina,
1488 657 1720 712 salutem
1749 666 1803 712 et
1827 665 2052 727 aposto-

457 755 618 810 licam
645 751 1104 807 benedictionem.

525 846 718 901 Multa
746 860 809 898 ac
851 845 1076 900 diversa
1126 860 1304 901 causa
1351 855 1495 914 sunt,
1533 854 1755 916 propter
1796 861 1929 916 quas
1965 845 2047 900 in-

455 941 592 994 timo
620 947 676 994 et
704 939 915 993 sincero
953 938 1135 993 cordis
1169 938 1370 994 affectu
1399 948 1453 993 te
1494 938 1793 1009 diligimus.
1840 939 2047 1004 Primo,

365 1081 370 1086 .
450 1032 711 1103 quoniam
754 1048 820 1088 ex
849 1032 1245 1087 universalitate
1277 1032 1512 1102 suscepti
1554 1031 1831 1103 regiminis
1868 1031 2049 1086 omni-

449 1124 554 1180 bus
587 1125 678 1196 qui
730 1125 786 1179 in
832 1125 1049 1180 Christo
1096 1134 1224 1180 sunt
1267 1125 1546 1180 debitores
1589 1140 1799 1179 sumus.
1839 1123 2048 1179 Deinde

447 1219 709 1289 quoniam
735 1218 1069 1274 clarissimus
1094 1219 1391 1289 imperator
1419 1219 1693 1273 Henricus
1724 1226 1876 1288 pater
1899 1226 2046 1285 tuus,

385 1385 398 1394 _
449 1321 502 1366 et
541 1318 732 1384 Agnes
760 1321 935 1367 mater
965 1320 1056 1367 tua
1083 1311 1201 1382 jam
1246 1328 1389 1367 nunc
1424 1328 1535 1368 non
1573 1311 1911 1378 humanitus,
1953 1311 2048 1366 sed

449 1407 557 1461 Dei
602 1405 976 1461 misericordia
1025 1406 1243 1461 calitus
1287 1405 1606 1476 imperatrix
1658 1408 1923 1476 Augusta,
1982 1421 2046 1460 ex

448 1515 560 1571 quo
608 1514 699 1555 me
725 1508 1122 1572 cognoverunt,
1172 1515 1269 1570 pro
1305 1515 1402 1555 sua
1454 1499 1830 1571 magnitudine
1876 1499 2047 1554 hono-

445 1593 595 1648 riﬁce
632 1601 688 1648 et
716 1609 830 1664 pra
857 1594 1077 1648 cateris
1105 1602 1308 1648 sancta
1338 1596 1613 1648 Romana
1643 1593 1899 1648 Ecclesia
1926 1593 2045 1649 ﬁliis

443 1686 759 1742 charitative
804 1686 1132 1750 habuerunt,
1163 1695 1218 1742 et
1246 1687 1483 1741 maxime
1528 1686 1650 1757 quia
1683 1703 1826 1742 nunc
1855 1687 2042 1742 eadem

2160 498 2288 537 vero
2313 480 2499 535 innata
2545 478 2644 533 sibi
2673 475 2992 533 celsitudine
3036 473 3359 546 produntur.
3390 475 3507 542 Age
3537 486 3667 542 ergo
3699 479 3760 526 ut

2161 574 2415 630 omnibus
2445 588 2570 644 qua
2600 585 2831 642 regnum
2863 569 2968 624 fert
2995 576 3050 622 et
3078 566 3372 638 imperium
3397 573 3544 620 tanto
3582 573 3633 619 te
3657 580 3758 619 ex-

2159 667 2532 724 cellentiorem
2562 664 2839 731 ostendas,
2872 671 3074 732 quanto
3104 677 3166 716 ea
3195 659 3391 714 'omnia
3421 658 3624 714 mutari
3661 672 3755 712 co-

2160 762 2395 834 gnoscis.
2433 764 2616 816 Tuam
2665 774 2790 813 vero
2821 764 3074 812 naturam
3118 763 3172 808 et
3198 753 3478 824 imperiale
3503 768 3751 823 germen,

2157 856 2302 926 quod
2349 864 2402 910 te
2433 864 2536 918 est,
2575 851 2737 907 nullis
2765 849 3107 906 successibus
3154 846 3381 902 nullisve
3410 845 3753 901 adversitati-

2158 949 2257 1003 bus
2301 948 2498 1003 mutari
2541 962 2697 1017 posse
2741 959 3035 1016 proponas.
3096 945 3178 996 De
3215 949 3414 996 catero
3453 939 3602 1010 quod
3651 954 3754 994 nos

2159 1051 2396 1096 matrem
2434 1050 2585 1096 tuam
2616 1039 2682 1095 de
2713 1054 2875 1093 causa
2905 1046 2995 1091 tua
3027 1034 3359 1105 compellare
3389 1033 3616 1105 rogasti.
3650 1048 3752 1102 pro

2156 1144 2306 1190 certo
2345 1135 2505 1199 scias,
2530 1150 2634 1188 nos
2659 1132 2843 1188 omnia
2882 1145 3003 1200 qua
3031 1128 3098 1184 ad
3129 1132 3398 1182 honorem
3432 1135 3489 1182 et
3517 1127 3750 1182 salutem

2155 1237 2307 1284 tuam
2335 1228 2607 1298 pertinent
2636 1235 2693 1281 et
2722 1224 3062 1281 consulendo
3109 1221 3340 1276 libenter
3387 1221 3434 1275 ei
3473 1219 3746 1281 intimare,

2155 1332 2209 1377 et
2246 1319 2621 1392 persuadendo
2659 1328 2720 1375 ut
2759 1319 2892 1373 ﬁant
2925 1315 3223 1389 apostolica
3267 1314 3501 1386 benigne
3529 1305 3749 1384 adjuto-

2153 1414 2233 1470 ria
2262 1415 2535 1470 exhibere.
2587 1417 2738 1470 Deus
2763 1422 2948 1468 autem
2984 1410 3335 1480 omnipotens
3361 1407 3453 1478 qui
3483 1415 3568 1462 est
3604 1422 3744 1461 moe-

2153 1517 2365 1563 storum
2392 1508 2716 1573 consolatio,
2751 1504 3156 1560 inﬁrmantium
3187 1501 3473 1569 fortitudo,
3503 1516 3745 1572 prasen-

2149 1611 2260 1657 tem
2310 1602 2460 1656 vobis
2491 1601 2732 1656 latitiam
2776 1599 2882 1653 cito
2934 1596 3201 1663 conferat,
3239 1604 3294 1650 et
3348 1609 3538 1650 veram
3584 1602 3747 1650 ater-

2152 1711 2392 1767 namque
2424 1695 2652 1765 gloriam
2681 1707 2930 1764 superna
2961 1690 3238 1746 felicitatis
3277 1688 3501 1744 tribuat.

440 1789 618 1836 mater
659 1788 713 1835 et
741 1780 969 1836 domina
1008 1788 1127 1847 tua,
1161 1780 1475 1851 postpositis
1521 1781 1872 1836 saecularibus
1918 1797 2042 1835 cau-
2072 1766 2119 1827 Β
2224 1766 2363 1844 Data
2394 1792 2610 1855 Roma,
2639 1796 2832 1857 quarto
2863 1788 2994 1841 Idus
3027 1784 3294 1852 Januarii,
3324 1781 3623 1839 indictione
3651 1779 3745 1836 de-

441 1874 517 1930 sis
556 1882 608 1929 et
635 1872 954 1942 honoribus,
984 1873 1360 1945 apostolorum
1403 1874 1587 1928 limina
1614 1882 1728 1928 tota
1752 1873 2041 1929 devotione

439 1975 491 2022 et
515 1967 862 2022 veneratione
891 1966 1272 2038 complectitur
1306 1986 1318 2020 :
1353 1983 1417 2021 ex
1449 1967 1602 2038 cujus
1647 1967 1867 2038 quidem
1899 1984 2038 2038 pra-

437 2061 610 2116 sentia
669 2061 807 2115 inter
864 2058 1026 2131 hujus
1080 2060 1263 2116 saculi
1323 2076 1555 2132 nequam
1602 2061 2040 2131 perturbationes

437 2169 582 2225 sape
622 2154 780 2210 nobis
829 2161 1050 2225 accepta
1097 2153 1290 2209 solatia
1339 2153 1716 2209 conferuntur.
1766 2156 2040 2210 Praterea

437 2248 677 2304 multum
702 2256 756 2302 te
784 2245 1135 2303 commendat
1166 2246 1324 2302 nobis
1352 2255 1444 2302 tua
1475 2247 1732 2316 praclara
1763 2256 1818 2302 et
1842 2248 2035 2320 inclyta

437 2341 606 2408 fama,
645 2340 793 2411 quod
836 2341 892 2395 in
935 2349 1052 2396 tam
1080 2349 1271 2395 tenera
1309 2349 1469 2396 atate
1517 2341 1660 2396 inter
1703 2357 1954 2412 asperam
1984 2351 2039 2397 et

435 2420 766 2507 incognitam
805 2443 1020 2506 gentem
1066 2434 1281 2504 generis
1319 2436 1394 2488 tui
1439 2435 1667 2506 gloriam
1699 2435 1969 2490 decorasti
2020 2455 2032 2491 :

434 2528 631 2600 quippe
661 2543 787 2598 qua
823 2527 880 2582 in
913 2528 1124 2582 excelso
1158 2536 1285 2582 nata
1326 2527 1550 2597 imperio
1579 2528 1710 2582 nihil
1742 2529 1794 2582 in
1823 2529 2036 2584 actibus

431 2630 485 2676 et
512 2622 569 2676 in
611 2620 928 2676 habitudine
977 2629 1070 2676 tua
1102 2620 1205 2676 nisi
1254 2619 1422 2676 decus
1463 2621 1743 2691 imperiale
1771 2621 2036 2677 hactenus

430 2714 845 2770 demonstrasti.
891 2714 1014 2779 His,
1053 2715 1292 2786 inquam,
1338 2714 1405 2770 de
1442 2715 1619 2770 causis
1663 2731 1785 2781 nos,
1835 2716 2034 2786 quibus

429 2805 619 2864 fallere
649 2824 985 2880 quemquam
1013 2807 1164 2864 nefas
1194 2816 1296 2875 est,
1330 2809 1382 2862 in
1413 2809 1533 2864 loco
1573 2824 1852 2880 germana
1879 2824 2032 2864 soro-

430 2901 506 2957 ris
544 2911 598 2958 te
629 2901 922 2974 diligimus,
958 2910 1033 2968 et,
1085 2903 1128 2957 si
1172 2901 1307 2973 quid
1339 2901 1611 2957 orationes
1639 2911 1842 2958 nostra
1885 2901 2033 2974 apud

429 2999 614 3050 Deum
639 2996 837 3063 valent,
869 3013 979 3050 non
1007 2994 1402 3050 infructuosam
1435 3011 1560 3066 erga
1583 3003 1637 3050 te
1665 3005 1912 3051 nostram
1937 2996 2024 3050 fo-

427 3105 486 3145 re
515 3090 812 3145 amicitiam
842 3090 895 3144 in
924 3090 1025 3144 Dei
1056 3089 1258 3160 pietate
1285 3089 1629 3144 conﬁdimus.
1663 3089 1808 3143 Scias
1852 3089 2022 3144 etiam

426 3181 574 3253 quod
615 3182 683 3238 de
711 3182 1148 3238 tribulationibus
1179 3188 1233 3236 et
1264 3181 1552 3253 angustiis,
1599 3197 1734 3253 quas
1773 3190 1830 3237 te
1869 3183 2027 3237 susti-

427 3291 556 3331 nere
589 3275 976 3348 cognovimus,
1020 3275 1174 3330 valde
1211 3274 1489 3342 dolemus,
1527 3284 1580 3329 et
1630 3275 1869 3330 divinam
1913 3277 2020 3331 cle-

424 3369 696 3424 mentiam
725 3386 823 3440 pro
845 3369 1025 3440 quiete
1048 3378 1104 3424 et
1131 3368 1315 3424 latitia
1345 3378 1439 3424 tua
1471 3367 1783 3440 frequenter
1807 3380 1861 3424 et
1892 3385 2022 3440 sup-

425 3463 641 3533 pliciter
671 3464 1050 3535 imploramus.
1089 3467 1158 3519 Et
1186 3465 1229 3517 si
1265 3462 1483 3535 quando
1511 3464 1662 3519 locus
1682 3471 1775 3518 aut
1801 3472 2022 3534 tempus

423 3558 889 3626 opportunitatem
914 3556 1148 3622 dederit,
1187 3557 1581 3627 temporalibus
1609 3573 1827 3628 quoque
1857 3557 2024 3612 subsi-

423 3648 524 3703 diis
564 3658 615 3704 te
658 3650 928 3705 honorare
970 3651 1382 3721 quammaxime
1416 3649 1686 3719 cupimus.
1743 3652 2019 3706 Caterum

421 3756 482 3796 ea
521 3756 644 3811 qua
685 3758 831 3796 nunc
858 3743 956 3796 tibi
1007 3743 1176 3796 instat
1214 3742 1518 3796 adversitas
1569 3759 1680 3797 non
1717 3751 1769 3798 te
1798 3751 2015 3812 terreat,

419 3849 523 3888 nec
566 3843 810 3888 mentem
863 3843 974 3890 tua
1021 3835 1403 3906 generositatis
1451 3835 1753 3905 deprimat;
1806 3835 1925 3904 sed,
1974 3837 2018 3891 si

419 3925 549 3997 quid
596 3935 862 3980 moestum
915 3935 1010 3980 aut
1053 3942 1214 3997 grave
1271 3926 1569 3998 ingruerit,
1619 3929 1770 3982 vultu
1827 3929 2019 3998 regalis

417 4018 740 4074 constantia
778 4027 1042 4090 gestuque
1078 4018 1394 4087 dissimula,
1438 4029 1492 4074 et
1542 4020 1833 4086 molestas,
1879 4036 2017 4091 quas

417 4114 568 4166 Deus
593 4121 824 4179 avertat,
853 4127 1043 4167 causas
1076 4111 1304 4166 naturali
1332 4128 1550 4167 morum
1579 4120 1806 4168 tuorum
1837 4113 2016 4170 virtu-

417 4214 471 4260 te
501 4205 771 4276 patienter
812 4205 1007 4259 tolera.
1051 4204 1341 4260 Fiduciam
1384 4214 1438 4260 et
1471 4221 1625 4276 spem
1655 4206 1873 4261 ﬁrmam
1911 4207 2013 4262 ha-

415 4297 550 4352 bens
579 4297 636 4353 in
687 4301 806 4353 Deo
859 4300 1138 4354 Salvatore
1176 4307 1386 4366 nostro,
1442 4298 1700 4370 quoniam
1747 4300 1845 4369 ipsi
1883 4317 2012 4357 cura

414 4399 496 4446 est
534 4391 603 4446 de
649 4400 727 4460 te,
767 4391 857 4463 qui
897 4397 1178 4463 nunquam
1206 4393 1533 4464 derelinquit
1569 4403 1848 4464 sperantes
1872 4395 1926 4449 in
1956 4411 2015 4450 se

2149 1883 2288 1937 cima
2313 1883 2490 1938 tertia.

2668 1975 3022 2029 EPISTOLA
3050 1973 3226 2028 XLV.

2255 2095 2338 2134 AD
2378 2094 2771 2135 RODULPHUM
2807 2093 3059 2145 SUEVUE,
3100 2092 3172 2131 ET
3213 2088 3634 2133 ΒΕΒΤυιΡΗωι

2607 2188 2929 2230 ΟΑΒΕΝΤΔΝ
2941 2187 2973 2226 U
2985 2187 3028 2227 Μ
3046 2213 3058 2236 ,
3101 2187 3307 2227 DUCES.

2752 2272 2935 2331 (Anno
2967 2266 3144 2334 1075.)

2145 2371 2421 2423 Invehitu-r
2476 2373 2533 2423 in
2578 2372 2870 2439 episcopos,
2927 2371 3027 2438 qui
3079 2370 3435 2423 inobedientes
3481 2372 3635 2421 erant
3682 2369 3739 2420 in

2217 2442 2565 2510 exsequendis
2597 2443 2898 2510 apostolica:
2938 2441 3076 2494 sedis
3120 2441 3344 2494 decretis
3375 2440 3439 2492 de
3465 2440 3740 2494 Simonia-

2215 2515 2287 2566 eis
2325 2519 2378 2566 et
2405 2515 2716 2579 f‘crnicariis
2746 2513 2947 2565 clericis
2978 2531 2993 2564 :
3022 2528 3186 2580 quare
3231 2513 3387 2565 duces
3433 2516 3611 2564 monet
3654 2514 3736 2576 ut,

2214 2600 2576 2662 quoscunque
2602 2585 2928 2662 Simomﬁacos
2976 2588 3070 2636 aut
3093 2583 3443 2662 ⁸Ῑόζηρεςινίοες
3489 2597 3739 2662 cogitave-

2211 2657 2346 2717 rint,
2387 2653 2694 2708 nullatenus
2729 2657 3032 2723 recipiant:
3079 2654 3418 2722 Rodulphum
3447 2669 3564 2706 vero
3606 2653 3740 2706 hor-

2216 2730 2386 2787 tatur,
2416 2731 2478 2778 ut
2501 2729 2735 2795 pretium
2766 2727 2908 2794 quod
2936 2726 3298 2792 beneficiorum
3342 2739 3504 2778 causa
3526 2740 3560 2776 α
3581 2724 3740 2777 cleri-

2212 2799 2284 2850 cis
2309 2803 2584 2867 acceperat
2603 2801 2661 2850 in
2683 2799 2803 2867 pios
2823 2811 2950 2850 usus
2973 2802 3163 2864 eroget.

2209 2901 2558 2956 Gnmonms
2589 2901 2894 2971 episcopus,
2924 2913 3113 2954 servus
3151 2914 3432 2954 servorum
3461 2897 3583 2966 Dei,
3611 2899 3736 2954 Ro-

2141 3008 2392 3049 DULPHO
2432 2993 2556 3048 duci
2587 2995 2814 3059 Suevia,
2863 3002 3026 3064 atque
3076 2991 3373 3062 Bertulpho
3422 2993 3563 3062 (370)
3605 2990 3736 3046 duci

2132 3089 2457 3153 Carentano,
2501 3087 2733 3142 salutem
2764 3095 2817 3141 et
2860 3086 3221 3157 apostolicam
3270 3083 3735 3140 benedictionem.

2203 3181 2418 3236 Scimus
2469 3181 2732 3251 quoniam
2779 3169 3059 3251 prudentia
3111 3187 3295 3234 vestra
3349 3177 3734 3233 miserabilem

2128 3274 2452 3330 Christiana
2492 3273 2780 3345 religionis
2809 3272 3208 3328 desolationem
3241 3270 3535 3343 perspicaci
3570 3287 3733 3327 men-

2129 3377 2184 3423 te
2216 3367 2515 3438 perpendit,
2547 3382 2672 3438 qua
2705 3383 2801 3438 pro
2854 3367 3089 3437 peccatis
3135 3365 3333 3421 nostris
3377 3365 3436 3419 in
3484 3380 3547 3420 ea
3577 3380 3732 3420 nunc

2129 3461 2474 3516 extremitate
2503 3468 2587 3516 est
2625 3460 2822 3530 posita,
2851 3468 2912 3514 ut
2944 3459 3244 3514 infeliciora
3280 3468 3531 3530 tempora
3562 3474 3733 3514 nemo

2130 3555 2429 3610 viventium
2462 3553 2680 3625 viderit,
2711 3570 2814 3608 nec
2853 3569 2885 3608 a
2907 3562 3161 3624 tempore
3185 3552 3327 3607 beati
3355 3543 3595 3607 Silvestri
3623 3554 3731 3608 Pa-

2125 3648 2224 3702 tris
2250 3649 2423 3703 nostri
2460 3648 2859 3719 scripturarum
2888 3646 3183 3702 traditione
3208 3645 3487 3717 repererit.
3519 3647 3731 3700 Verum
3799 3684 3806 3688 ι

2127 3741 2292 3811 hujus
2321 3741 2458 3796 tanti
2489 3742 2615 3796 mali
2657 3757 2758 3796 nos
2787 3748 2950 3811 caput
2989 3749 3042 3794 et
3070 3755 3230 3796 causa
3271 3755 3481 3806 sumus,
3528 3738 3621 3809 qui
3655 3737 3731 3794 ad

2127 3834 2431 3905 regendum
2464 3835 2724 3905 populum
2752 3833 2983 3904 pralati,
3013 3841 3067 3887 et
3091 3849 3187 3904 pro
3211 3832 3484 3888 lucrandis
3505 3831 3728 3887 anima-

2126 3927 2227 3983 bus
2256 3928 2494 4000 episcOpi
2525 3928 2698 3983 vocati
2729 3935 2785 3982 et
2829 3927 3114 3982 constituti
3148 3941 3360 3980 sumus.
3411 3925 3497 3980 Ab
3524 3940 3728 3980 eorum

2123 4037 2363 4093 namque
2419 4020 2856 4093 principatibus,”
2887 4020 3033 4075 velut
3086 4036 3117 4074 a
3169 4019 3493 4090 quibusdam
3552 4018 3732 4073 initiis

2123 4115 2466 4178 subditorum
2493 4116 2632 4171 bona
2658 4116 2742 4171 vel
2773 4114 2918 4169 mala
2948 4113 3187 4180 veniunt,
3221 4112 3340 4183 qui,
3368 4121 3461 4167 aut
3485 4109 3729 4167 munda-

2124 4223 2226 4263 nas
2263 4208 2567 4280 dignitates,
2619 4217 2714 4263 aut
2740 4207 3117 4279 magisterium
3146 4206 3430 4278 spirituale
3466 4219 3724 4275 suscepe-

2122 4309 2268 4370 runt,
2300 4302 2393 4372 qui
2419 4303 2550 4357 dum
2593 4301 2726 4356 nihil
2759 4301 2904 4356 aliud
2933 4301 3035 4355 nisi
3066 4300 3295 4371 gloriam
3325 4308 3378 4354 et
3408 4298 3730 4369 voluptates

2120 4395 2301 4450 saculi
2328 4404 2578 4465 quarunt
2601 4394 2716 4449 sine
2744 4410 2842 4449 sua
2877 4402 2933 4448 et
2961 4394 3143 4465 populi
3169 4392 3496 4449 confusione
3529 4391 3727 4447 vivere

415 4484 639 4550 (Iudith.
679 4498 811 4554 xm)
855 4503 869 4540 :
904 4495 957 4541 et
985 4495 1190 4557 quanto
1217 4503 1361 4540 nunc
1392 4488 1636 4541 animum
1672 4495 1826 4541 tuum
1855 4489 2008 4543 solli-
2038 4493 2088 4553 D
2118 4497 2426 4559 nequeunt;
2484 4488 2744 4559 quoniam
2797 4488 2852 4542 in
2920 4485 3223 4542 malefactis
3286 4501 3450 4558 prava
3498 4491 3726 4540 sectan-

413 4578 744 4634 citudinibus
788 4579 1058 4635 verberari
1107 4580 1232 4634 sinit
1274 4580 1540 4648 acerbius,
1573 4589 1725 4635 tanto
1775 4597 1902 4636 eum
1943 4597 2008 4636 ex

416 4669 581 4726 vicina
623 4681 681 4726 et
719 4674 924 4743 potenti
957 4673 1155 4728 virtute
1193 4673 1579 4729 consolationis
1607 4689 1722 4730 sua
1770 4673 2011 4729 laetiﬁca-

409 4763 493 4818 bit
520 4763 756 4819 uberius.
791 4769 912 4837 Ipse
936 4767 1086 4821 enim
1112 4766 1251 4822 nihil
1291 4769 1411 4822 sine
1439 4784 1601 4824 causa
1632 4768 1896 4839 pracipit,
1929 4769 2012 4823 ni-

410 4855 483 4910 hil
513 4855 627 4911 sine
668 4859 881 4913 ratione
912 4859 1208 4929 permittit,
1255 4861 1347 4932 qui
1380 4876 1574 4932 regum
1614 4871 1669 4915 et
1715 4861 2009 4932 imperato-

411 4963 535 5004 rum
565 4950 920 5022 omniumque
951 4967 1242 5008 causarum
1271 4969 1462 5024 aquus
1493 4954 1698 5008 arbiter
1731 4964 1786 5009 et
1813 4954 2008 5009 mode-

411 5051 564 5099 rator
593 5043 786 5098 existit.
820 5047 1023 5100 Verum
1066 5045 1207 5100 inter
1235 5046 1417 5100 omnia
1446 5054 1501 5101 te
1529 5046 1584 5101 id
1623 5063 1783 5118 agere
1811 5056 1865 5102 et
1887 5056 2009 5103 stu-

411 5136 539 5192 dere
566 5152 882 5203 monemus,
915 5146 977 5192 ut
1003 5139 1325 5208 praclarum
1355 5154 1560 5194 nomen
1606 5139 1732 5194 vita
1761 5155 1826 5195 ac
1854 5140 2008 5195 nobi-

411 5230 576 5285 litatis
604 5238 715 5286 tua
753 5230 822 5286 ab
863 5231 1084 5286 ineunte
1111 5240 1270 5287 atate
1316 5235 1539 5286 nactum
1577 5232 1629 5286 in
1662 5232 1780 5287 dies
1807 5233 2002 5304 ampli-

409 5321 605 5378 ﬁcetur
646 5331 700 5378 et
741 5333 981 5392 crescat,
1035 5325 1295 5396 quoniam
1333 5325 1616 5396 integritas
1671 5324 1832 5381 fama
1883 5327 2006 5381 licet

408 5431 520 5487 pra
549 5417 760 5473 cunctis
787 5426 1059 5474 terrarum
1089 5419 1281 5489 opibus
1319 5434 1523 5475 corona
1558 5419 1628 5474 sit
1655 5419 1918 5474 nobilium
1949 5429 2004 5476 et

407 5509 728 5581 gnobilium,
779 5520 931 5567 tanto
975 5519 1157 5567 tamen
1204 5513 1500 5584 unicuique
1543 5514 1666 5584 plus
1695 5515 2000 5570 ornamenti

407 5611 464 5662 et
490 5604 678 5676 gloria
705 5605 911 5672 tribuit,
943 5615 1148 5676 quanto
1177 5622 1304 5661 eum
1345 5607 1638 5662 eminentia
1677 5608 1893 5680 generis
1917 5609 2002 5664 al-

477 5733 640 5810 (369)_
667 5735 766 5810 De_
796 5731 985 5789 Judith
1040 5733 1346 5790 Salomonis
1410 5735 1804 5806 Hungarorum
1855 5737 2000 5810 regis

402 5816 572 5860 uxore
613 5805 942 5862 Lambertus
970 5821 1114 5862 anno
1159 5810 1283 5861 I061
1318 5814 1374 5860 et
1414 5805 1571 5862 10632

2116 4590 2200 4635 tes
2228 4580 2517 4648 desideria,
2544 4589 2600 4636 et
2625 4597 2739 4636 sua
2762 4581 3102 4636 auctoritatis
3131 4582 3252 4652 jura
3283 4595 3377 4650 per
3410 4579 3624 4651 culpam
3653 4577 3727 4632 li-

2119 4681 2270 4744 gant,
2300 4683 2354 4728 et
2379 4674 2492 4730 aliis
2515 4674 2771 4746 peccandi
2795 4690 2888 4746 per
2920 4672 3234 4743 exemplum
3263 4670 3419 4726 frena
3451 4671 3718 4726 relaxant.

2117 4769 2308 4838 Neque
2343 4768 2488 4822 enim
2536 4784 2631 4839 per
2660 4768 3027 4838 ignorantiam
3072 4773 3167 4821 aut
3197 4763 3489 4836 improvidi
3534 4763 3721 4819 delin-

2117 4869 2315 4932 quunt,
2353 4861 2448 4916 sed
2486 4869 2904 4932 presumptuosa
2942 4859 3302 4915 obstinatione
3334 4856 3551 4929 Spiritui
3585 4871 3722 4911 san-

2116 4962 2204 5009 cto
2233 4953 2564 5020 resistentes,
2596 4952 2808 5009 divinas
2829 4968 2966 5025 quas
2994 4960 3371 5024 cognoverunt
3398 4950 3546 5022 leges
3573 4948 3718 5022 abji-

2115 5047 2290 5114 ciunt,
2345 5054 2400 5101 et
2460 5047 2758 5118 apostolica
2809 5046 3026 5102 decreta
3091 5051 3468 5102 contemnunt.
3521 5043 3722 5099 Sciunt

2110 5155 2348 5213 namque
2375 5139 2763 5212 archiepiscopi
2785 5147 2840 5194 et
2859 5139 3099 5211 episcopi
3128 5147 3288 5195 terra
3312 5145 3525 5206 vestra,
3559 5135 3722 5208 quod

2114 5241 2168 5289 et
2211 5233 2465 5289 omnibus
2493 5233 2742 5288 ﬁdelibus
2766 5241 2960 5288 notum
2985 5248 3100 5288 esse
3128 5231 3310 5300 debet,
3340 5231 3604 5303 quoniam
3650 5228 3720 5286 in

2111 5327 2277 5382 sacris
2317 5327 2620 5382 canonibus
2666 5326 3007 5398 prohibitum
3049 5331 3132 5381 est
3170 5334 3232 5380 ut
3272 5325 3328 5380 hi
3361 5324 3452 5396 qui
3486 5338 3583 5394 per
3627 5322 3717 5380 Si-

2112 5421 2418 5476 moniacam
2463 5420 2736 5488 haresim,
2781 5420 2887 5475 hoc
2937 5428 3023 5475 est
3069 5419 3380 5474 interventu
3409 5414 3590 5488 pretii,
3639 5415 3715 5472 ad

2109 5515 2350 5585 aliquem
2404 5529 2687 5569 sacrorum
2741 5512 2995 5570 ordinum
3042 5512 3271 5584 gradum
3325 5511 3407 5566 vel
3464 5509 3715 5566 ofﬁcium

2109 5609 2348 5679 promoti
2386 5616 2540 5674 sunt,
2581 5607 2796 5664 nullum
2848 5607 2904 5662 in
2958 5615 3144 5662 sancta
3189 5603 3430 5661 Ecclesia
3479 5603 3714 5660 ulterius

2181 5743 2325 5804 (370)
2366 5737 2518 5792 Alias
2547 5739 2848 5804 Bertholdo,
2877 5745 2938 5792 ut
2977 5734 3119 5808 apud
3154 5734 3513 5790 Lambertum
3555 5748 3711 5788 anno

2115 5814 2281 5874 1073;
2313 5815 2367 5862 et
2389 5809 2522 5864 alibi
2557 5809 2848 5864 Bertarito.
