4144 6184
306 317 408 368 397

1355 319 1551 373 LIBER
1592 319 1957 374 SECUNDUS.
1994 348 2065 359 —
2104 319 2311 373 EPIST.
2356 319 2546 373 XLVII.

3494 328 3595 381 398

307 438 648 509 ministrandi
680 439 860 496 locum
911 439 1167 507 habeant,
1198 457 1299 497 nec
1336 442 1432 509 illi,
1461 443 1553 514 qui
1606 443 1661 497 in
1712 443 1894 498 crimi-
1924 448 1975 509 Α
2003 443 2217 510 Sabba,
2248 443 2305 498 in
2333 442 2597 515 legatione
2626 442 2888 499 Marchia
2910 444 3241 509 constitutis,
3273 445 3501 502 salutem
3546 457 3602 528 et

305 547 371 586 ne
395 530 779 588 fornicationis
791 533 1000 604 jacent,
1035 534 1231 591 missas
1251 535 1551 604 celebrare,
1580 545 1677 592 aut
1704 552 1894 593 secun-

305 623 440 680 dum
477 624 763 682 inferiores
811 626 1034 684 ordines
1075 628 1391 684 ministrare
1437 630 1605 684 altari
1640 629 1893 685 debeant.

304 720 436 787 Qua
480 735 609 774 cum
636 736 731 775 eos
759 729 945 777 sancta
994 729 1049 776 et
1085 722 1383 793 apostolica
1430 731 1609 779 mater
1653 723 1894 778 Ecclesia

296 811 411 882 jam
443 828 474 868 a
516 820 762 884 tempore
783 812 928 869 beati
967 815 1169 871 Leonis
1198 831 1351 888 papa
1380 832 1527 889 sape
1558 816 1616 871 in
1643 816 1895 872 conciliis

302 914 419 961 tum
448 922 545 977 per
567 906 798 979 legatos,
831 915 947 963 tum
972 924 1068 980 per
1095 908 1354 979 epistolas
1384 909 1439 964 in
1470 925 1527 965 se
1556 918 1611 966 et
1633 910 1895 965 commis-

300 1015 386 1055 sas
417 999 519 1055 sibi
544 1000 747 1071 plebes,
782 1009 972 1073 utpote
1020 1002 1088 1057 ab
1117 1003 1516 1074 antiquioribus
1541 1003 1783 1075 neglecte
1809 1020 1893 1059 re-

300 1109 505 1149 novare
532 1102 589 1149 et
618 1093 908 1151 observare
942 1097 1369 1164 commonuerit,
1406 1096 1699 1168 rogaverit,
1727 1106 1782 1153 et
1810 1113 1897 1153 ac-

299 1195 451 1259 cepta
500 1202 597 1259 per
639 1190 868 1244 Petrum
917 1188 1242 1244 auctoritate
1279 1190 1534 1261 jusserit;
1587 1190 1766 1246 adhuc
1816 1199 1899 1246 ta-

304 1297 429 1336 men
450 1279 825 1337 inobedientes
854 1281 1115 1353 (exceptis
1142 1283 1444 1353 perpaucis)
1467 1292 1579 1338 tam
1603 1299 1893 1339 exsecran-

300 1375 430 1430 dam
470 1373 936 1431 consuetudinem
976 1376 1127 1431 nulla
1156 1375 1483 1431 studuerunt
1529 1377 1896 1447 prohibitione

300 1467 574 1533 decidere,
599 1467 746 1523 nulla
774 1466 1114 1523 districtione
1159 1469 1373 1540 punire,
1404 1485 1514 1525 non
1544 1470 1893 1527 attendentes

295 1561 441 1634 quod
482 1561 751 1633 scriptum
792 1570 894 1629 est,
922 1565 1055 1632 quia
1093 1564 1368 1618 ariolandi
1391 1568 1664 1633 peccatum
1684 1570 1762 1619 est
1812 1582 1894 1620 re-

294 1672 580 1725 pugnare,
600 1661 650 1711 et
681 1658 842 1726 quasi
859 1659 1059 1710 crimen
1076 1658 1397 1711 idololatria
1415 1658 1552 1711 nolle
1575 1661 1902 1727 acquiescere

296 1752 345 1813 {I
365 1752 495 1818 Reg.
538 1753 663 1813 xv).
704 1749 844 1804 Cum
881 1747 1043 1820 igitur
1071 1748 1175 1805 illis
1204 1750 1524 1821 apostolica,
1566 1752 1679 1805 imo
1728 1752 1899 1807 sancti

2006 537 2363 607 apostolicam
2387 535 2845 603 benedictionem,

2076 628 2406 685 Mandamus
2440 628 2593 683 vobis
2631 627 2709 707 ut}
2728 631 3020 702 diligenter
3054 632 3387 687 conveniatis
3417 632 3596 688 homi-

2004 737 2102 778 nes
2129 723 2274 792 illos,
2308 724 2506 795 quibus
2538 726 2770 782 Michael
2809 725 3145 782 Pisaurensis
3181 727 3465 797 episcOpus
3493 730 3597 783 Ec-

2004 815 2182 873 clesia
2223 832 2338 873 sua
2368 816 2509 872 bona
2540 818 2754 875 incaute
2795 820 3005 886 tribuit,
3045 820 3232 891 eisque
3276 819 3598 876 auctoritate

2005 908 2301 980 apostolica
2350 911 2535 965 omnia
2585 912 2843 968 Ecclesia
2889 920 2941 967 et
2996 912 3250 983 episcOpo
3311 913 3598 968 restituere

2005 1001 2348 1072 pracipiatis,
2375 1011 2534 1073 atque
2559 1013 2718 1074 prout
2750 1004 3050 1076 oportuerit
3086 1004 3289 1075 cogatis
3317 1025 3329 1059 :
3372 1014 3425 1059 et
3454 1006 3599 1061 insu-

2006 1110 2105 1166 per
2146 1096 2482 1167 episcopum,
2534 1098 2578 1152 si
2629 1097 3011 1153 inobedientes
3052 1096 3276 1165 fuerint,
3333 1114 3399 1154 ex
3446 1108 3597 1170 parte

2004 1188 2187 1245 Sancti
2229 1190 2376 1244 Petri
2420 1198 2475 1244 et
2511 1200 2699 1246 nostra
2750 1190 3107 1262 corporaliter
3148 1191 3248 1246 sub
3290 1192 3470 1247 banno
3512 1193 3597 1247 in-

2003 1282 2201 1337 vestire
2231 1282 2407 1353 palam
2454 1284 2735 1351 studeatis,
2781 1300 2984 1355 eosque
3028 1284 3252 1355 gratiam
3286 1284 3467 1339 Sancti
3498 1287 3597 1339 Pe-

2003 1375 2073 1430 tri
2126 1384 2182 1431 et
2230 1385 2479 1454 nostram
2537 1378 2837 1433 amissuros
2887 1377 2931 1432 si
2982 1376 3210 1432 rebelles
3270 1377 3598 1448 exstiterint,

2006 1478 2186 1540 aperte
2233 1469 2539 1524 insinuetis.
2596 1472 2898 1542 Episcopos
2954 1486 3194 1542 quoque,
3252 1479 3310 1525 et
3348 1471 3594 1536 comites,

2006 1570 2341 1634 cunctosque
2385 1562 2567 1618 Sancti
2595 1564 2742 1618 Petri
2781 1564 2967 1619 fideles
3006 1564 3234 1620 firmiter
3275 1564 3597 1635 pracipien-

2008 1663 2089 1711 tes
2119 1662 2325 1729 rogate,
2359 1664 2627 1727 quatenus
2665 1656 2919 1728 episcopo
2950 1656 3253 1712 Pisaurensi
3284 1657 3354 1713 ad
3382 1673 3475 1712 eos
3504 1672 3598 1712 ex-

2012 1750 2330 1821 pugnandos
2368 1750 2635 1821 spirituali
2660 1760 2715 1805 et
2755 1749 3005 1805 saculari
3047 1751 3265 1819 auxilio,
3309 1759 3473 1821 prout
3503 1766 3599 1805 ne-

299 1842 536 1914 Spiritus
577 1841 841 1897 mandata
886 1842 1299 1914 spernentibus,
1340 1853 1394 1899 et
1418 1844 1621 1899 scelera
1661 1844 1901 1900 subdito-
1928 1829 1975 1890 Β
2007 1858 2155 1898 cesse
2205 1841 2393 1910 fuerit,
2422 1843 2658 1898 ﬁdeliter
2694 1843 3018 1899 subveniant
3049 1864 3064 1898 :
3096 1844 3336 1899 maxime
3367 1860 3460 1899 eos
3505 1844 3597 1916 qui

298 1952 426 1991 rum
463 1936 761 1991 criminosa
793 1933 1102 1992 foventibus
1122 1936 1400 2008 patientia,
1432 1936 1612 1993 divina
1648 1938 1894 1993 ministe-

297 2030 377 2085 ria
418 2028 639 2102 indigne
688 2030 928 2095 tractari,
980 2030 1241 2101 populum
1289 2029 1476 2086 seduci
1523 2031 1894 2102 intelligimus,

296 2122 401 2178 alio
422 2123 665 2195 quolibet
692 2122 863 2179 modo
891 2130 1086 2179 contra
1107 2122 1225 2179 hac
1252 2122 1471 2195 vigilare
1495 2140 1598 2180 nos
1620 2125 1895 2191 convenit,

294 2217 495 2288 quibus
532 2232 661 2272 cura
710 2216 986 2273 Dominici
1016 2217 1191 2289 gregis
1225 2232 1337 2288 pra
1366 2219 1579 2272 cunctis
1608 2218 1895 2273 incumbit.

296 2310 480 2366 Multo
524 2310 668 2365 enim
696 2310 896 2365 melius
936 2310 1093 2366 nobis
1131 2309 1346 2365 videtur
1377 2310 1645 2382 justitiam
1673 2295 1775 2366 ﬁci
1814 2312 1897 2367 vel

295 2404 457 2460 novis
491 2403 823 2459 readificare
849 2403 1113 2470 consiliis,
1155 2420 1320 2476 quam
1368 2405 1576 2471 animas
1612 2405 1899 2461 hominum

297 2514 407 2553 una
437 2513 565 2552 cum
594 2496 802 2569 legibus
838 2497 1088 2569 deperire
1117 2497 1397 2570 neglectis.
1444 2499 1790 2570 Quapropter
1831 2498 1898 2554 ad

294 2600 347 2646 te
376 2590 542 2659 eto'ad
568 2606 759 2647 omnes
786 2590 853 2647 de
897 2606 1137 2660 quorum
1165 2591 1270 2649 ﬁde
1313 2599 1369 2648 et
1395 2591 1687 2648 devotione
1729 2592 1899 2647 conﬁ-

292 2684 483 2741 dimus
515 2700 667 2740 nunc
706 2685 1101 2750 convertimur,
1133 2694 1393 2765 rogantes
1427 2701 1548 2750 vos,
1593 2694 1650 2741 et
1675 2694 1895 2757 aposto-
1975 2744 1980 2749 ,

293 2778 397 2833 lica
445 2778 773 2833 auctoritate
822 2777 1181 2834 admonentes
1234 2787 1295 2833 ut
1347 2777 1609 2850 quidquid
1660 2777 1896 2850 episcopi

293 2870 492 2927 dehinc
523 2872 820 2943 loquantur
846 2880 941 2927 aut
983 2879 1219 2940 taceant,
1266 2887 1363 2927 vos
1404 2870 1648 2927 ofﬁcium
1706 2886 1898 2926 eorum

292 2980 437 3036 quos
468 2972 563 3020 aut
589 2963 900 3023 Simoniace
929 2973 1212 3035 promotos
1242 2973 1298 3019 et
1343 2964 1651 3033 ordinatos,
1694 2972 1792 3031 aut
1839 2964 1895 3018 in

291 3059 529 3115 crimine
570 3057 949 3113 fornicationis
1000 3057 1244 3129 jacentes
1287 3056 1678 3130 cognoveritis,
1726 3057 1897 3112 nulla-

293 3160 458 3208 tenus
495 3150 773 3223 recipiatis
825 3169 837 3206 :
879 3159 934 3205 et
962 3151 1084 3207 hac
1121 3150 1311 3206 eadem
1341 3151 1587 3207 adstricti
1637 3166 1736 3222 per
1774 3149 1894 3205 obe-

293 3244 558 3301 dientiam
582 3254 696 3299 tam
735 3245 788 3299 in
817 3244 967 3300 curia
999 3244 1163 3317 regis,
1201 3261 1363 3317 quam
1394 3311 1398 3315 φ
1410 3261 1505 3317 per
1542 3244 1645 3300 alia
1676 3245 1795 3299 loca
1836 3253 1891 3298 et

292 3347 609 3395 conventus
637 3337 788 3411 regni
821 3338 1164 3394 notiﬁcantes
1190 3354 1253 3393 ac
1280 3336 1688 3410 persuadentes,
1714 3353 1892 3409 quan-

294 3440 419 3488 tum
447 3431 697 3505 potestis,
732 3432 869 3487 tales
902 3431 1259 3486 sacrosanctis
1284 3431 1556 3487 deservire
1589 3431 1892 3503 mysteriis,

293 3526 465 3581 etiam
507 3524 586 3592 vi,
615 3525 659 3581 si
703 3523 1033 3597 oportuerit,
1084 3523 1439 3595 prohibeatis.
1473 3524 1529 3581 Si
1561 3524 1654 3595 qui
1706 3532 1893 3579 autem

294 3628 491 3675 contra
533 3634 631 3674 vos
675 3618 833 3691 quasi
875 3617 1023 3674 istud
1060 3616 1230 3673 ofﬁcii
1279 3618 1440 3674 vestri
1490 3633 1604 3673 non
1633 3632 1752 3673 esse
1797 3616 1891 3672 ali-

294 3712 429 3783 quid
452 3711 666 3783 garrire
690 3709 970 3782 incipiant,
1012 3709 1116 3765 hoc
1146 3709 1253 3766 illis
1281 3710 1606 3783 respondete
1649 3731 1661 3767 :
1691 3713 1772 3767 Ut
1797 3726 1892 3766 ve-

296 3814 472 3861 stram
495 3812 553 3860 et
579 3804 766 3876 populi
796 3803 1034 3859 salutem
1078 3819 1189 3859 non
1218 3803 1591 3876 impedientes,
1612 3803 1680 3860 de
1719 3803 1891 3875 injun-

295 3907 380 3953 cta
414 3898 592 3954 'vobis
629 3896 941 3953 obedientia
994 3896 1064 3953 ad
1102 3912 1206 3953 nos
1234 3897 1527 3954 nobiscum
1565 3896 1893 3969 disputaturi

292 3992 533 4047 veniant.
554 3990 695 4062 Quia
719 4006 866 4059 vero,
902 3998 974 4058 te,
994 3989 1311 4062 Rodulphe,
1343 3991 1467 4047 dico
1487 3989 1684 4046 ducem
1706 3999 1761 4046 et
1774 3990 1895 4046 cha-

290 4084 579 4141 rissimam
607 4084 781 4141 sancti
808 4082 951 4141 Petri
994 4084 1191 4147 ﬁlium,
1229 4083 1299 4139 ad
1329 4084 1613 4157 religionis
1640 4083 1892 4155 spiritum

287 4178 675 4235 desideranter
700 4176 959 4233 anhelare
995 4176 1351 4245 conﬁdimus,
1383 4176 1527 4233 unde
1566 4193 1671 4233 nos
1699 4192 1892 4233 consu-

289 4272 467 4341 luisti,
500 4268 770 4343 quidquid
794 4270 953 4326 nobis
989 4269 1282 4342 perfectius
1324 4270 1503 4326 visum
1533 4279 1637 4337 est,
1667 4269 1739 4326 ad
1771 4286 1891 4326 cor-

285 4365 599 4422 rectionem
631 4372 781 4420 tuam
826 4364 927 4419 tibi
950 4363 1289 4431 intimamus,
1322 4373 1381 4420 ut
1411 4372 1894 4437 quantumcunque

284 4457 454 4530 pretii
484 4467 543 4513 te
582 4473 680 4529 pro
726 4455 1083 4529 disponendis
1114 4456 1172 4512 in
1214 4457 1457 4513 Ecclesia
1500 4456 1706 4513 clericis
1742 4472 1895 4512 acce-

2005 1935 2176 2007 pretio
2204 1945 2418 2008 recepto
2446 1944 2651 1991 terram
2684 1935 2866 1991 adhuc
2888 1936 3151 1992 violenter
3174 1944 3228 1992 et
3251 1936 3484 2008 superbe
3512 1952 3597 1991 re-

2005 2029 2181 2084 tinere
2210 2045 2324 2085 non
2353 2038 2626 2098 verentur,
2669 2046 2782 2100 pra
2822 2030 3031 2085 cateris
3055 2031 3320 2085 acerrime
3358 2029 3594 2100 corriga-

2006 2121 2071 2177 tis
2101 2130 2154 2177 et
2194 2122 2337 2178 bona
2361 2123 2621 2178 Ecclesia
2669 2124 2927 2194 episcopo
2970 2122 3401 2178 intromittentes
3437 2123 3593 2178 resti-

2005 2214 2186 2272 tuatis.
2218 2218 2425 2271 Omnes
2450 2216 2617 2270 etiam
2647 2215 2768 2272 lites
2804 2215 2950 2271 inter
2974 2216 3296 2287 episcopum
3326 2224 3380 2271 et
3409 2215 3593 2271 adver-

2007 2308 2181 2364 sarios
2215 2308 2331 2380 ejus
2359 2308 2429 2364 ad
2457 2308 2748 2364 utilitatem
2795 2312 3008 2365 Sancta
3042 2309 3231 2365 Maria
3270 2309 3600 2365 Pisaurensis

2011 2402 2266 2458 Ecclesia
2294 2400 2527 2458 deﬁnire
2557 2404 2876 2473 procuretis,
2906 2403 3108 2459 nullius
3136 2403 3479 2474 negligentia
3512 2403 3595 2457 in-

2004 2496 2337 2551 terveniente
2356 2496 2583 2551 incuria.

2050 2591 2188 2643 Data
2201 2592 2410 2654 Roma,
2422 2588 2609 2645 Idibus
2618 2590 2852 2645 Januarii
2862 2630 2877 2657 ,
2894 2589 3187 2647 indictione
3198 2590 3408 2647 decima
3419 2590 3596 2646 tertia.

2482 2728 2832 2783 EPISTOLA
2873 2730 3096 2785 XLVII.

2418 2835 2511 2874 Al)
2552 2836 3006 2890 RAINERIUM,
3050 2829 3151 2876 etc.

2617 2937 2799 3005 (Anno
2843 2940 3027 2999 1075.)

2006 3054 2237 3106 Nuntiat
2282 3067 2337 3105 se
2376 3054 2694 3121 praecepisse
2724 3052 2937 3107 Clusino
2965 3053 3227 3121 episcopo,
3263 3054 3360 3120 qui
3386 3052 3591 3123 Guido-

2077 3139 2193 3177 nem
2233 3124 2415 3177 multis
2440 3124 2752 3177 criminibus
2784 3125 3072 3187 irretitum,
3103 3127 3152 3175 et
3189 3123 3255 3176 ab
3280 3124 3596 3178 Alexandro

1927 3213 1971 3276 ρ
2070 3196 2319 3276 pontiﬁce
2346 3196 2734 3276 praedecessore
2776 3210 2869 3276 suo
2895 3211 2928 3247 a
2961 3195 3199 3276 quadam
3232 3197 3597 3276 praepositum

2075 3265 2388 3334 expulsum,
2428 3268 2755 3327 restituerat,
2789 3271 2850 3319 ut
2878 3281 2933 3320 eo
2971 3270 3144 3319 amoto
3190 3266 3360 3318 alium
3398 3268 3459 3319 in
3483 3265 3596 3334 ejus

2072 3337 2241 3390 locum
2275 3337 2638 3391 substitueret.
2667 3337 2822 3391 Jubet
2848 3352 2915 3390 ne
2959 3337 3101 3391 dicto
3129 3337 3368 3392 Guidom'
3403 3337 3477 3391 ad
3517 3354 3598 3389 re-

2072 3408 2351 3461 tinendam
2371 3410 2791 3477 praposituram
2825 3409 3035 3461 auxilio
3062 3410 3192 3461 sint.

2072 3524 2422 3579 Gnaconms
2445 3522 2753 3593 episcOpus,
2780 3537 2972 3579 servus
3000 3538 3282 3578 servorum
3305 3523 3431 3585 Dei,
3457 3527 3600 3581 RM-

2000 3632 2188 3673 NERIO
2214 3617 2323 3671 tilio
2352 3616 3001 3689 Ugizonis(Uguccionis,
3025 3621 3074 3670 et
3102 3619 3176 3670 sic
3205 3618 3387 3684 alibi),
3432 3625 3599 3688 atque

2001 3713 2311 3766 RAINEBIO
2332 3709 2447 3765 tilio
2464 3708 2751 3781 Bulgarelli
2773 3710 2926 3765 uxori
2948 3725 3169 3781 quoque
3199 3709 3433 3781 Peponis
3450 3709 3597 3765 don-

2001 3819 2086 3859 na
2108 3803 2324 3867 Guilla,
2356 3802 2479 3858 ﬁliis
2506 3803 2670 3858 etiam
2700 3803 2914 3858 comitis
2942 3802 3193 3875 Ardingi,
3230 3804 3597 3875 omnibusque

1998 3897 2054 3952 in
2081 3896 2305 3954 Clusino
2332 3896 2596 3953 comitatu
2624 3897 3118 3965 commorantibus,
3144 3905 3263 3952 tam
3292 3896 3597 3969 majoribus

2000 4007 2164 4064 quam
2210 3990 2516 4047 minoribus
2559 3990 2760 4046 Christi
2789 3990 3081 4063 Sanctique
3126 3990 3274 4046 Petri
3309 3990 3591 4058 ﬁdelibus,
3688 4001 3691 4005 '

2001 4086 2229 4142 salutem
2259 4093 2313 4141 et
2344 4084 2701 4156 apostolicam
2732 4085 3194 4142 benedictionem.

2073 4180 2302 4235 Constat
2349 4178 2505 4234 vobis
2536 4178 2654 4233 ﬁeri
2684 4178 3034 4234 notissimum
3072 4176 3383 4235 Guidonem
3412 4178 3595 4233 Eccle-

2000 4272 2096 4327 sia
2123 4271 2326 4328 Christi
2351 4274 2610 4344 martyris
2644 4280 2699 4328 et
2726 4272 2956 4343 virginis
2982 4272 3255 4327 Mustiola
3285 4271 3592 4343 perjurium

2001 4365 2369 4434 multipliciter
2413 4364 2730 4431 incurrisse,
2782 4381 2881 4420 nec
2927 4381 3042 4419 non
3084 4373 3140 4419 et
3179 4363 3593 4420 fornicationem

2002 4458 2236 4529 publice,
2270 4458 2523 4515 adulterii
2566 4473 2783 4530 quoque
2812 4457 3021 4513 crimen
3051 4456 3400 4524 sustinuisse,
3438 4457 3596 4511 satis-

284 4553 445 4623 pisse
473 4549 802 4618 recordaris,
833 4558 926 4605 aut
954 4550 1010 4605 in
1048 4549 1309 4606 utilitates
1332 4548 1578 4622 ejusdem
1612 4550 1894 4618 Ecclesia,
1923 4557 1974 4620 1)
2004 4551 2302 4608 factionem
2348 4551 2585 4625 denique
2629 4551 2887 4607 exhibere
2932 4549 3253 4606 omnimodo
3304 4549 3591 4605 devitasse.

278 4644 329 4699 si
359 4644 610 4700 attinere
646 4642 695 4699 ei
719 4643 953 4710 videtur,
990 4652 1089 4699 aut
1116 4643 1170 4699 in
1203 4659 1336 4699 usus
1365 4658 1668 4716 pauperum
1695 4659 1892 4715 expen-

279 4736 411 4803 das,
451 4746 518 4793 ut
542 4736 696 4793 nulla
729 4736 787 4792 in
812 4744 866 4794 te
906 4736 1440 4810 reprehensibilitatis
1477 4738 1693 4793 macula
1720 4753 1890 4793 rema-

280 4839 461 4887 nente
503 4829 649 4886 inter
676 4829 879 4887 electos
918 4831 1074 4904 regni
1099 4830 1340 4887 calestis
1367 4817 1529 4886 cives
1552 4830 1745 4886 ascribi
1770 4847 1890 4887 me-

285 4924 485 4981 rearis.

360 5021 509 5075 Data
529 5020 750 5087 Roma,
777 5018 939 5076 tertio
964 5020 1123 5088 [xm]
1149 5018 1279 5075 Idus
1306 5017 1568 5087 Januarii,
1594 5017 1896 5075 indictione

262 5156 265 5163 .
288 5108 512 5169 decima
537 5112 720 5169 tertia.

823 5214 1175 5271 EPISTOLA
1212 5215 1415 5272 XLVI.

525 5332 612 5374 AD
646 5331 946 5375 GBPITIUM
984 5332 1055 5373 ΒΤ
1091 5331 1350 5375 ΜΔΙΙΒΒΜ
1388 5331 1682 5374 ΔΒΒΛΤΕΒ.

908 5421 1088 5490 (Anno
1132 5420 1313 5490 1075.)

297 5520 533 5579 laudat
571 5527 638 5579 ut
675 5526 1010 5580 restituenda
1051 5530 1237 5580 curent
1263 5525 1397 5579 bona
1432 5525 1680 5580 Ecclesiae
1707 5524 1898 5579 Pisau-

373 5598 545 5651 rensis
572 5612 609 5649 α
635 5612 728 5651 suo
752 5600 990 5667 episcopo
1012 5599 1219 5651 incaute
1246 5598 1511 5667 alienata,
1551 5601 1601 5650 et
1626 5598 1773 5650 litem
1810 5597 1897 5649 in-

372 5672 455 5720 ter
483 5670 789 5739 episcopum
822 5674 873 5723 et
898 5669 1033 5723 alios
1062 5670 1344 5738 deﬁniant.
1804 5746 1811 5751 _

370 5769 735 5827 Gneonms
756 5770 1061 5842 episcopus,
1080 5786 1266 5829 servus
1284 5784 1571 5828 servorum
1590 5768 1712 5833 Dei,
1735 5766 1901 5825 Gam-

303 5876 411 5919 rro
448 5861 639 5919 abbati
675 5864 847 5921 sancti
878 5862 1163 5937 Bonifacii,
1192 5875 1245 5926 et
1274 5870 1470 5925 Mauro
1505 5862 1686 5919 abbati
1718 5863 1900 5920 Sancti

2000 4646 2118 4714 Qua
2147 4644 2217 4702 de
2246 4661 2304 4702 re
2332 4661 2361 4701 a
2378 4644 2555 4702 felicis
2582 4644 2865 4701 memoria
2883 4643 3094 4699 domno
3124 4642 3435 4699 Alexandro
3460 4658 3593 4698 nos.

2000 4747 2084 4794 tro
2136 4738 2557 4810 pradecessore,
2598 4747 2655 4793 et
2689 4754 2720 4793 a
2750 4738 3065 4809 pralatione
3112 4736 3360 4809 ejusdem
3410 4737 3591 4793 Eccle-

2001 4833 2097 4888 sia
2124 4830 2554 4888 irrevocabiliter
2587 4847 2708 4887 esse
2734 4831 3041 4903 expulsum,
3085 4847 3149 4887 ac
3177 4847 3274 4903 pro
3299 4839 3592 4887 contuma—

2002 4926 2084 4981 cia
2132 4923 2536 4992 inobedientia,
2574 4924 2620 4980 si
2663 4939 2907 4996 unquam
2955 4924 3180 4980 ulterius
3226 4924 3294 4981 ad
3341 4922 3593 4980 eamdem

2005 5018 2435 5092 prasumpsisset
2472 5018 2737 5090 .aspirare
2813 5020 3260 5091 praposituram,
3334 5026 3597 5088 perpetuo

2003 5112 2333 5168 anathemati
2376 5111 2678 5169 subditum.
2728 5112 2867 5182 Quia
2909 5128 3036 5169 vero
3083 5111 3361 5168 confrater
3408 5119 3597 5167 noster

2005 5205 2345 5263 Lanfrancus
2373 5206 2630 5262 Clusinus
2659 5205 2946 5279 episcopus
2970 5206 3338 5278 quorumdam
3372 5219 3599 5260 suorum

2007 5300 2246 5356 ﬁdelium
2274 5315 2396 5371 qua
2423 5300 2598 5357 carnis
2634 5308 2762 5357 sunt
2784 5299 3117 5372 sapientium
3147 5298 3375 5355 consilio
3406 5296 3598 5365 fretus,

2008 5393 2266 5461 eumdem
2292 5393 2605 5450 Guidonem
2644 5394 2872 5449 tentavit
2899 5392 3077 5449 eidem
3106 5392 3363 5448 canonice
3398 5392 3599 5448 iterum

2008 5503 2323 5559 praponcre
2366 5496 2556 5549 contra
2607 5490 2878 5543 Romana
2910 5487 3165 5543 Ecclesia
3194 5486 3595 5548 auctoritatem,

2008 5588 2309 5652 contraque
2376 5581 2635 5637 omnium
2680 5580 3037 5637 familiarium
3094 5592 3211 5636 tam
3276 5580 3601 5636 clericorum

2010 5690 2181 5745 quam
2220 5669 2506 5743 laicorum,
2552 5674 2871 5730 unanimem
2921 5671 3404 5745 conspirationem,
3452 5680 3602 5727 eum-

2011 5764 2139 5823 dem
2168 5765 2491 5840 subjicimus
2528 5768 2849 5839 episcopum
2878 5763 3232 5824 satisfactioui
3275 5764 3461 5840 digna
3496 5768 3609 5830 pce‘

2012 5859 2275 5931 nitentia,
2306 5878 2371 5917 eo
2401 5861 2608 5918 scilicet
2634 5869 2851 5927 tenore,
2878 5876 2989 5930 quo
3016 5855 3367 5915 nominatum
3393 5849 3611 5919 Guidor
