4074 6172
531 262 634 314 399

1202 260 1259 312 S.
1301 260 1621 314 GREGORII
1662 261 1747 313 VII
1790 260 1983 313 I’APzE
2021 256 2295 313 OPEBUM
2335 255 2506 310 PARS
2546 256 2587 309 I.
2628 285 2699 294 —
2740 256 3140 311 REGISTRUM.

3714 254 3815 307 400

528 399 657 439 nem
696 399 725 437 a
746 383 903 439 nobis
936 383 1149 453 publice
1174 382 1730 452 excommunicatum,
1761 391 1817 437 et
1855 398 1885 437 a
1913 397 2121 453 prapo-
2148 387 2200 447 Α
2230 394 2380 437 GONI
2423 385 2564 447 (371)
2597 380 2937 435 Cluniacensi
2971 379 3176 445 abbati,
3222 379 3452 434 salutem
3483 386 3537 433 et
3554 375 3817 448 apostoli-

526 478 694 533 situra
743 483 813 539 et,
842 475 1119 531 claustrali
1161 475 1551 529 communione
1588 474 1824 546 dejiciat,
1863 476 2119 531 alterum-

526 586 635 642 que
665 572 786 625 loco
814 569 928 640 ejus
957 567 1261 623 secundum
1287 570 1465 623 Deum
1496 567 1801 623 substituat.
1830 572 1942 625 Vos
1966 584 2114 640 ergo,

529 661 870 719 dilectissimi
920 660 1042 727 ﬁlii,
1073 660 1114 714 si
1158 663 1339 715 Deum
1382 661 1546 717 vultis
1569 661 1772 717 habere
1791 662 2113 735 propitium,

527 763 883 825 sanctumque
932 755 1158 808 Petrum
1206 755 1441 825 peccatis
1492 756 1687 811 vestris
1736 755 1878 810 ferre
1933 756 2114 811 subsi-

521 847 700 911 dium,
746 854 933 901 cavete
964 848 1187 901 omnino
1218 863 1285 902 ne
1321 847 1550 918 praefato
1578 849 1844 921 sacrilego
1873 848 2115 906 Guidoni

518 938 738 1010 aliquod
766 949 961 995 contra
986 943 1169 995 Deum
1198 949 1557 1012 nostrumque
1587 942 1862 1014 judicium
1892 942 1958 998 ad
1984 941 2114 997 reti-

523 1032 759 1088 nendam
791 1034 1232 1105 praposituram,
1263 1035 1346 1089 vel
1374 1035 1593 1106 aliquod
1618 1035 1686 1091 de
1718 1035 1880 1091 rebus
1904 1038 2115 1092 Sancta

524 1127 793 1182 Mustiola
822 1127 1113 1198 prabeatis
1137 1127 1402 1183 auxilium
1428 1127 1539 1183 sive
1574 1130 1888 1184 consilium.
1918 1128 2112 1184 Procul

524 1218 691 1275 dubio
738 1220 905 1289 enim,
964 1220 1006 1275 si
1056 1220 1221 1291 (quod
1271 1220 1411 1275 absit
1455 1236 1485 1275 a
1538 1230 1711 1276 vestra
1780 1222 2115 1286 nobilitate!)

522 1313 771 1368 auxiliari
818 1313 920 1369 sibi
968 1329 1294 1386 quocunque
1333 1314 1500 1370 modo
1547 1315 1905 1382 tentaveritis,
1950 1324 2004 1369 et
2050 1331 2113 1371 ea

522 1422 644 1478 qua
691 1405 759 1461 de
804 1406 959 1462 bonis
1007 1408 1246 1463 ecclesia
1284 1407 1471 1463 amicis
1512 1407 1624 1463 suis
1652 1407 1808 1464 dedit
1846 1425 1946 1481 pro
1985 1408 2113 1464 reti-

521 1499 696 1554 nenda
726 1500 1085 1570 prapositura
1123 1500 1345 1555 retineri
1388 1500 1642 1569 feceritis,
1672 1501 2114 1557 excommunica-

520 1591 685 1645 tionis
710 1591 827 1662 ejus
855 1592 1139 1663 participes
1164 1594 1333 1647 eritis.
1358 1593 1412 1648 Si
1438 1610 1584 1661 vero,
1610 1603 1668 1648 ut
1690 1594 2116 1663 decetjChristia-

520 1699 621 1739 nos
642 1685 806 1753 viros,
832 1701 1053 1757 operam
1083 1685 1375 1741 studebitis
1396 1686 1547 1753 dare,
1574 1704 1638 1742 eo
1665 1689 1911 1758 expulso,
1940 1688 2111 1743 eccle-

519 1777 658 1831 siam
673 1755 1125 1849 Deimatremque
1143 1780 1325 1850 utique
1342 1788 1577 1837 vestram
1599 1779 1667 1835 ad
1686 1755 1974 1852 pristinum
1998 1789 2115 1836 sta-
2145 1755 2191 1815 Β

520 1878 640 1925 tum
662 1876 937 1936 revocare,
971 1871 1112 1927 inter
1138 1882 1363 1929 sanctos
1385 1875 1478 1929 Dei
1505 1873 1556 1928 in
1582 1890 1818 1945 superno
1839 1890 2007 1947 regno
2032 1875 2113 1930 in-

516 1964 925 2035 corruptibilem
953 1964 1293 2036 possidebitis
1315 1966 1707 2033 hareditatem,
1727 1967 1906 2039 adepti
1925 1984 2113 2039 pecca-

519 2064 703 2112 torum
726 2057 1117 2129 indulgentiam
1134 2074 1228 2130 per
1261 2058 1590 2115 ineffabilem
1616 2060 1712 2116 Dei
1738 2060 2109 2116 clementiam.

594 2154 733 2205 Data
758 2152 980 2217 Roma,
1011 2152 1202 2208 Idibus
1233 2152 1510 2222 Januarii,
1542 2152 1653 2209 ind.
1680 2169 1813 2208 xm.

980 2256 1333 2310 EPISTOLA
1373 2257 1626 2310 XLVIII.

731 2362 807 2401 AD
845 2361 1146 2404 GBPITIUM
1185 2363 1258 2403 ΕΤ
1298 2363 1567 2405 ΜΑΙῘΒΟΗ
1606 2364 1897 2404 ABBATES.

1116 2445 1297 2506 (Anno
1338 2448 1521 2506 1075.)

518 2534 584 2585 Ut
641 2540 889 2589 moneant
933 2534 1220 2603 quemdam
1257 2536 1632 2601 fratricidam,
1677 2540 1775 2606 qui
1814 2541 1939 2591 ante
1978 2552 2112 2606 per-

589 2610 763 2658 actam
788 2608 1165 2674 panitentiam
1205 2608 1369 2660 aliam
1388 2623 1609 2661 umorem
1636 2609 1980 2663 contendebat
2006 2609 2109 2661 du-

584 2691 715 2737 cere,
747 2692 811 2748 ne
852 2678 911 2729 id
938 2679 1141 2743 faciat;
1164 2678 1258 2732 sed
1294 2679 1583 2733 auditurus
1623 2696 1742 2748 qum
1769 2696 1880 2734 sua:
1917 2681 2111 2734 salutis

587 2752 714 2801 sunt
734 2747 814 2802 ad
832 2763 886 2801 se
914 2751 1110 2803 veniat.

584 2849 935 2905 Gnaeonws
955 2849 1262 2921 episcopus,
1287 2866 1475 2907 servus
1489 2867 1769 2907 servorum
1789 2852 1911 2923 Dei,
1929 2853 2110 2908 Θηρι-

514 2956 619 2998 'rIo
647 2942 829 2998 abbati
852 2944 1033 2998 Sancti
1068 2943 1351 3010 Bonifacii,
1377 2954 1428 2999 et
1466 2949 1694 3002 quno
1716 2945 1895 3001 abbati
1920 2945 2107 3001 Sancti

510 3035 723 3101 Sabba,
751 3037 979 3092 salutem
1003 3045 1058 3091 et
1084 3037 1445 3107 apostolicam
1472 3038 1927 3094 benedictionem.

584 3131 790 3185 Notum
814 3129 966 3185 vobis
998 3137 1083 3184 est
1112 3130 1259 3201 quod
1290 3130 1599 3199 Rainerius,
1632 3131 1899 3201 Ugizonis
1927 3147 2107 3203 quon-
2138 3150 2183 3213 ρ

509 3222 637 3278 dam
666 3222 827 3290 ﬁlius,
858 3222 1125 3278 diabolico
1147 3223 1410 3279 instinctu
1434 3222 1660 3278 fratrem
1691 3240 1856 3279 suum
1880 3224 2101 3280 interfe-

507 3315 610 3379 cit;
642 3316 789 3371 unde
810 3314 969 3387 digne
989 3315 1327 3387 panitentia
1358 3316 1602 3373 nondum
1628 3332 1686 3373 se
1706 3317 1966 3385 subdidit,
1998 3334 2099 3374 nec

510 3408 743 3479 perfecte
785 3409 1067 3481 paenituit;
1107 3409 1199 3464 sed
1231 3410 1525 3466 immemor
1568 3411 1701 3466 tanti
1752 3409 2005 3467 facinoris
2048 3421 2102 3467 et

510 3503 892 3572 promissionis
935 3501 1313 3558 defensionum
1367 3503 1880 3573 ecclesiasticarum,
1934 3521 2101 3577 quam

510 3594 569 3648 in
613 3595 957 3667 suscipiendo
989 3595 1176 3652 ﬁctam
1209 3595 1585 3667 paenitentiam
1622 3596 1749 3653 fecit
1791 3615 2009 3654 necnon
2052 3606 2106 3654 et

509 3702 808 3759 pauperum
835 3688 1056 3755 Christi,
1077 3689 1275 3744 anima
1305 3704 1418 3744 sua
1435 3691 1670 3745 salutem
1693 3690 1952 3748 oblivioni
1988 3700 2099 3747 tra-

509 3778 664 3846 dens,
690 3780 846 3834 aliam
876 3781 1055 3836 studet
1081 3797 1307 3837 uxorem
1338 3781 1561 3837 ducere.
1594 3782 1839 3856 Ideoque
1860 3794 2099 3841 vestram

507 3871 903 3927 fraternitatem
937 3874 1226 3928 sollicitam
1254 3889 1371 3929 esse
1403 3874 1659 3932 volumus
1686 3885 1951 3947 quatenus
1974 3894 2099 3934 eum

506 3964 845 4020 conveniatis
872 3973 927 4020 et
954 3965 1133 4021 modis
1161 3966 1358 4036 quibus
1403 3970 1647 4039 potestis,
1685 3969 1843 4025 illum
1878 3987 2103 4027 monea-

506 4058 576 4112 tis
598 4057 830 4113 dulciter
858 4066 911 4114 et
952 4073 1160 4131 aspere,
1203 4068 1475 4131 quantum
1505 4077 1642 4131 opus
1677 4061 1842 4118 fuerit
1870 4072 1924 4118 et
1948 4065 2103 4119 vobis

504 4151 872 4207 necessarium
901 4151 1192 4219 videbitur,
1233 4161 1293 4207 ut
1313 4154 1464 4209 nullo
1492 4155 1661 4211 modo
1683 4155 1740 4211 id
1766 4154 1943 4212 facere
1968 4174 2102 4228 pra-

505 4253 706 4311 sumat,
746 4244 843 4301 sed
870 4260 971 4301 nos
990 4243 1153 4301 adeat
1176 4246 1243 4302 ad
1272 4246 1607 4303 audiendum
1634 4263 1697 4304 ea
1733 4265 1857 4321 qua
1894 4250 1993 4306 sibi
2027 4251 2099 4307 de

503 4338 676 4393 salute
703 4352 799 4394 sua
827 4338 1010 4395 dicere
1031 4339 1317 4395 debemus.
1351 4342 1405 4396 Si
1434 4339 1575 4397 forte
1596 4343 1765 4415 (quod
1794 4360 1908 4400 non
1940 4353 2094 4416 opta-

503 4435 647 4498 mus)
679 4447 774 4487 vos
815 4432 1007 4489 audire
1047 4442 1100 4488 et
1137 4434 1297 4489 nobis
1350 4434 1572 4490 obedire
1620 4437 1887 4505 renuerit,
1944 4437 2094 4493 omni

500 4524 667 4580 modo
689 4534 898 4582 certum
928 4526 1085 4581 illum
1110 4526 1320 4583 reddite
1338 4526 1486 4599 quod
1505 4544 1629 4596 nos,
1655 4533 1775 4585 Deo
1792 4529 2097 4601 adjuvante,
2128 4525 2179 4587 D

501 4617 764 4689 quidquid
784 4619 997 4691 justum
1045 4627 1100 4675 et
1146 4621 1471 4676 canonicum
1501 4622 1677 4678 visum
1714 4622 1879 4678 fuerit
1920 4623 2098 4681 facere

501 4724 615 4765 non
642 4712 1000 4783 negligemus.

576 4807 715 4858 Data
746 4807 966 4872 Roma,
997 4805 1209 4862 decimo
1248 4809 1485 4880 septimo
1510 4810 1793 4867 Kalendas
1820 4810 2095 4867 Februarii

502 4895 803 4954 indictione
831 4897 1053 4954 decima
1091 4901 1266 4955 tertia.

974 5002 1330 5057 EPISTOLA
1369 5005 1581 5059 XLIX.

646 5105 726 5147 AD
766 5106 1067 5150 HUGONEM
1109 5109 1396 5151 ABBATEM
1438 5112 1933 5156 CLUNIACENSEK.

1085 5192 1272 5253 (Anno
1318 5193 1499 5255 1075.)

496 5279 750 5349 Deplorat
779 5294 933 5334 suum
954 5286 1003 5335 et
1028 5283 1264 5336 Ecclesia
1288 5284 1651 5338 miserrimum
1682 5288 1915 5345 statum;
1944 5288 2087 5341 unde

567 5353 825 5427 rationem
844 5368 946 5427 pro
989 5368 1042 5406 se
1083 5353 1157 5406 ad
1184 5357 1366 5427 Deum
1402 5356 1627 5421 effundi
1652 5358 1812 5425 petit,
1865 5359 2083 5427 vultque

563 5423 811 5496 abbatem
870 5424 943 5477 ad
988 5426 1434 5492 comprimendam
1493 5423 1784 5496 impio—rum
1819 5423 2081 5483 swvati-am

562 5494 843 5548 exhortari
868 5511 1040 5549 omnes
1069 5496 1268 5563 ﬁdeles.

563 5596 919 5652 Ganooalus
949 5594 1249 5668 episcopus,
1284 5613 1470 5654 servus
1490 5614 1771 5656 servorum
1800 5600 1924 5669 Dei,
1944 5604 2075 5657 HU-

560 5779 709 5849 (371)
736 5783 888 5837 Deest
914 5782 1151 5853 Hugoui.

2230 490 2355 529 cam
2383 473 2838 529 benedictionem.

2301 568 2356 623 Si
2407 577 2590 639 posset
2632 566 2768 633 ﬁeri,
2821 576 3067 638 optarem
3104 574 3156 622 te
3186 566 3413 637 pleniter
3450 566 3590 622 scire
3619 574 3818 637 quanta

2228 660 2503 716 tribulatio
2544 676 2632 716 me
2682 668 2965 733 angustat,
3003 668 3353 731 quantusque
3388 660 3541 714 labor
3578 658 3818 730 quotidie

2228 754 2516 811 innovatus
2546 751 2759 825 fatigat,
2799 759 2867 809 et'
2887 769 3203 809 accrescens
3233 752 3388 809 valde
3434 753 3729 823 perturbat,
3760 760 3819 807 ut

2224 849 2527 903 secundum
2578 847 2952 903 tribulationes
3002 846 3182 903 cordis
3230 846 3336 901 mei
3386 845 3629 900 fraterna
3664 861 3815 901 com-

2226 940 2402 1012 passio
2444 940 2579 995 mihi
2618 948 2671 995 te
2708 940 2969 1007 flecteret,
3006 949 3063 995 et
3100 940 3155 994 in
3193 938 3507 1011 profusione
3550 939 3816 1010 lacryma-

2224 1048 2347 1089 rum
2377 1049 2565 1089 coram
2594 1034 2824 1089 Domino
2854 1050 2948 1089 cor
2984 1042 3140 1088 tuum
3167 1031 3493 1099 effunderet,
3527 1041 3590 1087 ut
3618 1048 3819 1103 pauper

2224 1128 2383 1183 Jesus
2409 1127 2557 1199 [Iege,
2586 1127 2809 1199 pauperi
2849 1130 3006 1183 Jesus
3040 1124 3154 1199 8.],
3200 1141 3296 1197 per
3330 1141 3491 1197 quem
3523 1125 3701 1181 omnia
3733 1124 3815 1180 fa-

2225 1227 2311 1275 cta
2348 1229 2498 1285 sunt,
2528 1228 2583 1275 et
2624 1220 2715 1292 qui
2745 1220 2932 1275 omnia
2960 1220 3117 1292 regit,
3146 1235 3372 1274 manum
3406 1220 3728 1291 porrigeret,
3760 1225 3816 1274 et

2224 1313 2384 1368 solita
2412 1314 2607 1385 pietate
2636 1314 2897 1369 miserum
2942 1313 3215 1368 liberaret.
3260 1315 3378 1383 Ego
3408 1312 3559 1367 enim
3582 1328 3723 1383 sape
3751 1311 3813 1366 il-

2226 1406 2342 1461 lum
2371 1406 2579 1477 rogavi,
2606 1414 2767 1477 prout
2799 1406 2914 1477 ipse
2939 1404 3110 1474 dedit,
3144 1414 3204 1461 ut
3227 1414 3321 1460 aut
3351 1420 3438 1460 me
3465 1404 3532 1460 de
3555 1405 3815 1476 prasenti

2224 1501 2335 1556 vita
2368 1501 2604 1566 tolleret,
2632 1509 2725 1556 aut
2753 1500 2915 1555 matri
2944 1499 3226 1555 communi
3260 1515 3354 1569 per
3382 1514 3472 1554 me
3502 1498 3813 1569 prodesset,

2223 1602 2279 1649 et
2305 1601 2487 1648 tamen
2521 1593 2588 1649 de
2630 1610 2826 1666 magna
2856 1593 3205 1649 tribulatione
3246 1592 3427 1647 adhuc
3457 1609 3568 1647 non
3593 1592 3814 1664 eripuit,

2225 1703 2398 1759 neque
2434 1687 2538 1742 vita
2583 1704 2708 1743 mea
2750 1686 3023 1758 praedicta
3066 1685 3252 1751 matri,
3281 1687 3436 1757 cujus
3480 1701 3568 1741 me
3606 1686 3817 1742 catenis

2225 1781 2485 1850 alligavit,
2527 1789 2587 1836 ut
2632 1781 2957 1851 sperabam,’
2984 1779 3203 1851 profuit.
3238 1779 3625 1835 Circumvallat
3668 1780 3815 1835 enim

2226 1889 2312 1928 me
2360 1873 2519 1929 dolor
2578 1874 2855 1940 immanis,
2905 1882 2961 1929 et
3004 1873 3223 1928 tristitia
3282 1873 3619 1940 universalis,
3686 1874 3813 1945 quia

2227 1967 2506 2023 orientalis
2539 1968 2777 2023 Ecclesia
2808 1968 3071 2023 instinctu
3110 1965 3311 2023 diaboli
3343 1983 3371 2021 a
3410 1966 3674 2023 catholica
3707 1967 3815 2023 ﬁde

2224 2060 2429 2127 deﬁcit,
2459 2069 2513 2117 et
2532 2077 2625 2133 per
2646 2077 2741 2117 sua
2766 2061 3011 2115 membra
3041 2061 3155 2132 ipse
3175 2059 3432 2131 antiquus
3460 2061 3632 2116 hostis
3653 2061 3813 2117 Chri-

2223 2155 2429 2209 stianos
2472 2155 2674 2227 passim
2713 2153 2937 2221 occidit,
2975 2162 3039 2208 ut
3079 2169 3215 2224 quos
3244 2163 3410 2225 caput
3453 2154 3811 2226 spiritualiter

2222 2247 2509 2314 interﬁcit,
2579 2248 2694 2319 ejus
2755 2246 3003 2302 membra
3066 2248 3355 2303 carnaliter
3421 2247 3680 2319 puniant,
3742 2264 3813 2305 ne

2221 2340 2442 2410 quando
2470 2341 2649 2396 divina
2680 2341 2848 2412 gratia
2880 2341 3225 2413 resipiscant.
3266 2343 3473 2396 lterum
3494 2356 3623 2397 cum
3653 2357 3806 2397 men-

2221 2433 2291 2487 tis
2319 2434 2517 2489 intuitu
2546 2443 2724 2506 partes
2755 2434 3072 2499 occidentis,
3104 2434 3213 2490 sive
3238 2434 3503 2501 meridiei,
3546 2442 3640 2490 aut
3667 2442 3816 2506 sept-

2220 2527 2508 2582 tentrionis
2566 2526 2725 2583 video
2784 2529 2873 2583 vix
2915 2528 3117 2600 legales
3162 2528 3450 2599 episcopos
3494 2528 3714 2584 introitu
3755 2536 3817 2583 et

2220 2621 2350 2684 vita,
2396 2620 2489 2692 qui
2532 2620 2908 2677 Christianum
2947 2620 3209 2693 populum
3260 2620 3462 2677 Christi
3507 2637 3713 2689 amore,
3758 2629 3819 2677 et

2220 2730 2331 2770 non
2381 2714 2627 2769 saeculari
2677 2714 2981 2771 ambitione
3035 2722 3247 2786 regant,
3302 2715 3536 2783 invenio,
3586 2724 3641 2771 et
3669 2716 3816 2770 inter

2220 2824 2416 2863 omnes
2455 2809 2744 2865 saculares
2775 2807 3060 2879 principes,
3107 2808 3200 2879 qui
3230 2818 3551 2879 praponant
3579 2810 3679 2864 Dei
3713 2809 3815 2864 ho-

2217 2918 2411 2957 norem
2440 2918 2561 2968 suo,
2592 2910 2643 2957 et
2688 2901 2956 2973 justitiam
2993 2902 3165 2969 lucro,
3205 2917 3319 2956 non
3362 2917 3655 2973 cognosco.
3702 2906 3816 2958 Eos

2217 3003 2405 3051 autem
2431 2996 2576 3051 inter
2602 3010 2741 3067 quos
2760 2994 2969 3061 habito,
2992 2997 3281 3049 Romanos
3302 2994 3567 3063 videlicet,
3588 2998 3812 3069 Longo-

2220 3087 2420 3144 bardos
2446 3098 2501 3144 et
2542 3092 2906 3156 Normannos,
2948 3087 3090 3143 sicut
3118 3102 3261 3159 sape
3290 3087 3391 3143 illis
3429 3088 3573 3156 dico,
3603 3090 3815 3147 Judais

2218 3188 2273 3236 et
2314 3182 2533 3254 paganis
2574 3179 2984 3253 quodammodo
3014 3180 3228 3252 pejores
3254 3195 3372 3236 esse
3400 3182 3690 3254 redarguo.
3720 3182 3813 3239 Ad

2210 3276 2477 3347 meipsum
2527 3291 2655 3331 cum
2707 3274 2894 3345 redeo,
2958 3274 3030 3333 ita
3092 3290 3181 3331 me
3233 3282 3514 3347 gravatum
3575 3278 3814 3349 propria

2211 3369 2440 3425 actionis
2495 3371 2731 3440 pondere
2779 3371 2998 3427 invenio
3048 3381 3108 3428 ut
3166 3373 3315 3429 nulla
3357 3380 3635 3429 remaneat
3683 3385 3813 3443 spes

2209 3462 2569 3528 salutis,'nisi
2607 3462 2673 3517 de
2713 3464 2829 3519 sola
2870 3464 3245 3523 misericordia
3293 3467 3513 3524 Christi.
3569 3467 3710 3521 Nam
3761 3466 3812 3519 si

2210 3571 2321 3610 non
2351 3570 2625 3626 sperarem
2654 3555 2721 3611 ad
2752 3556 3034 3614 meliorem
3071 3559 3257 3624 vitam,
3280 3567 3335 3614 et
3360 3559 3645 3614 utilitatem
3674 3573 3812 3613 san-

2208 3657 2309 3704 cta
2339 3649 2594 3705 Ecclesia
2620 3650 2817 3719 venire,
2850 3652 3003 3707 nullo
3032 3653 3198 3708 modo
3227 3655 3444 3721 Roma,
3475 3654 3526 3707 in
3563 3668 3669 3724 qua
3707 3667 3812 3707 co-

2207 3750 2385 3809 actus,
2416 3745 2533 3797 Deo
2566 3751 2725 3810 teste,
2746 3743 2863 3815 jam
2894 3761 2923 3799 a
2966 3745 3149 3814 viginti
3175 3746 3331 3801 annis
3372 3744 3691 3811 inhabitavi,
3720 3760 3810 3800 re-

2210 3850 2512 3890 manerem.
2554 3834 2717 3891 Unde
2739 3836 2799 3890 fit
2828 3844 2889 3892 ut
2922 3837 3061 3894 inter
3090 3838 3335 3895 dolorem
3364 3838 3456 3911 qui
3479 3836 3728 3909 quotidie
3748 3837 3811 3893 in

2208 3944 2297 3983 me
2317 3935 2636 3997 renovatur,
2669 3938 2725 3984 et
2744 3945 2901 4001 spem
2928 3947 3051 4003 qua
3071 3932 3255 4000 nimis,
3280 3932 3407 3998 heu,
3439 3930 3809 4003 protenditur,

2210 4022 2359 4101 mille
2384 4030 2671 4094 quassatus
2700 4024 3116 4096 tempestatibus
3148 4024 3537 4097 quoquomodo
3565 4024 3813 4080 moriens

2208 4115 2345 4171 vivo.
2379 4118 2448 4170 Et
2476 4132 2599 4171 eum
2626 4115 2716 4186 qui
2742 4132 2829 4172 me
2848 4117 2959 4173 suis
2979 4118 3214 4190 alligavit
3228 4118 3457 4174 vinculis
3483 4127 3537 4173 et
3564 4120 3813 4173 Romam

2206 4208 2431 4263 invitum
2484 4209 2698 4271 reduxit
2719 4209 2949 4282 ‘illicque
2992 4210 3144 4266 mille
3195 4212 3455 4283 angustiis
3500 4210 3808 4282 praecinxit,

2203 4309 2481 4373 exspecto.
2513 4303 2609 4357 Cui
2640 4301 2950 4374 frequenter
2970 4303 3092 4359 dico
3123 4322 3133 4355 :
3169 4305 3385 4360 Festina
3412 4347 3427 4371 ,
3458 4320 3528 4359 ne
3556 4303 3815 4359 tardave-

2202 4394 2306 4460 ris;
2336 4393 2601 4460 accelera,
2626 4410 2696 4450 ne
2729 4396 2985 4465 moreris,
3016 4412 3211 4468 meque
3236 4396 3400 4453 libera
3421 4412 3609 4453 amore
3626 4397 3815 4453 beata

2210 4486 2399 4542 Maria
2440 4502 2501 4542 ac
2544 4488 2713 4542 sancti
2756 4490 2921 4544 Petri.
2949 4472 3061 4545 Sed
3102 4490 3230 4562 quia
3280 4506 3396 4546 non
3432 4497 3514 4546 est
3563 4489 3810 4560 pretiosa

2211 4579 2347 4644 laus,
2378 4595 2554 4651 neque
2581 4589 2767 4637 sancta
2792 4582 2968 4639 oratio
2996 4583 3106 4639 cito
3138 4583 3437 4655 impetrans
3464 4584 3521 4639 in
3545 4599 3640 4639 ore
3668 4600 3811 4653 pec—

2207 4673 2432 4742 catoris,
2460 4674 2619 4746 cujus
2662 4683 2743 4730 est
2774 4675 2879 4731 vita
2912 4675 3217 4743 laudabilis,
3251 4684 3307 4731 et
3327 4677 3469 4732 actio
3500 4676 3809 4744 sacularis,

2209 4780 2429 4839 precor,
2460 4783 2646 4834 exoro,
2674 4784 2832 4841 rogo,
2856 4777 2919 4824 ut
2950 4785 3043 4825 eos
3068 4769 3161 4841 qui
3192 4778 3477 4825 merentur
3498 4769 3668 4825 audiri
3701 4785 3810 4840 pro

2202 4860 2329 4916 vita
2358 4860 2586 4927 meritis,
2610 4860 2854 4933 vigilanti
2883 4878 3012 4917 cura
3027 4864 3251 4935 rogites,
3281 4871 3342 4919 ut
3373 4879 3469 4935 pro
3494 4879 3582 4919 me
3617 4866 3809 4919 Deum

2203 4960 2432 5009 exorent
2475 4968 2537 5009 ea
2577 4953 2841 5009 charitate
2885 4970 3056 5026 eaque
3083 4955 3398 5024 dilectione,
3440 4971 3547 5027 qua
3597 4954 3813 5011 debent

2202 5045 2563 5102 universalem
2594 5045 2818 5119 diligere
2843 5056 3095 5104 matrem.
3128 5051 3197 5104 Et
3218 5048 3343 5121 quia
3372 5056 3601 5120 utraque
3630 5064 3809 5105 manu

2200 5137 2463 5195 debemus
2498 5138 2574 5194 uti
2597 5154 2697 5211 pro
2722 5138 2946 5195 dextera
2986 5141 3055 5196 ad
3083 5140 3557 5214 comprimendam
3598 5141 3807 5213 impio-

2196 5248 2320 5287 rum
2351 5232 2638 5299 savitiam,
2669 5241 2886 5303 oportet
2912 5249 3036 5301 nos,
3068 5235 3292 5306 quando
3321 5234 3547 5307 quidem
3571 5250 3686 5291 non
3717 5244 3809 5292 est

2198 5324 2448 5397 princeps
2488 5326 2582 5396 qui
2612 5325 2737 5381 talia
2783 5336 2954 5394 curet,
2998 5328 3379 5400 religiosorum
3408 5328 3554 5384 tueri
3599 5328 3798 5396 vitam,

2197 5416 2435 5472 fraterna
2459 5426 2514 5473 te
2542 5433 2829 5475 monemus
2864 5420 3148 5486 charitate,
3182 5430 3262 5489 ut,
3295 5420 3352 5475 in
3381 5428 3651 5493 quantum
3690 5436 3804 5491 po-

2194 5518 2295 5576 tes,
2321 5509 2559 5582 vigilanti
2590 5512 2772 5569 studio
2802 5529 3030 5570 manum
3065 5514 3330 5587 prabeas,
3358 5529 3455 5570 eos
3482 5513 3792 5579 monendo,

2190 5602 2456 5675 rogando,
2498 5605 2856 5670 exhortando,
2898 5608 2989 5679 qui
3020 5608 3245 5664 beatum
3286 5609 3513 5664 Petrum
3560 5607 3802 5679 diligunt
