4144 6184
305 309 403 363 401

1413 310 1606 363 LIBER
1648 310 2012 368 SECUNDUS.
2059 342 2128 353 —
2167 315 2372 369 EPIST.
2415 315 2497 369 LI.

3498 325 3602 378 402

307 443 366 488 ut
391 433 437 488 si
470 447 595 488 vere
622 432 763 488 illius
804 432 993 487 volunt
1017 447 1135 487 esse
1173 432 1270 487 ﬁlii
1311 441 1364 487 et
1394 433 1621 503 milites,
1656 449 1768 488 non
1800 433 1898 489 ha-
1930 445 1981 503 Α
2011 439 2390 509 episcoporum
2418 447 2627 509 petens,
2661 438 2731 494 ad
2761 441 3096 511 peragendae
3125 444 3421 499 exteriores
3448 453 3502 500 et
3531 446 3604 500 in-

305 527 468 581 beant
488 526 587 581 illo
614 525 894 580 chariores
917 526 1208 581 saculares
1230 525 1524 598 principes,
1555 526 1676 598 quia
1709 527 1780 581 illi
1809 528 1901 582 mi-

305 637 426 676 sera
459 627 516 674 et
557 617 868 674 transitoria
905 619 990 673 vix
1034 619 1312 687 tribuunt,
1353 619 1452 675 iste
1488 635 1619 676 vero
1655 619 1815 676 beata
1844 631 1902 682 et

302 724 507 769 aterna
546 729 576 768 a
616 712 826 768 cunctis
867 713 1103 784 peccatis
1139 711 1396 768 solvendo
1429 713 1718 785 promittit,
1762 722 1818 769 et
1845 713 1900 770 in

301 809 585 864 calestem
635 805 868 877 patriam
917 815 1184 878 potestate
1231 806 1332 862 sibi
1382 807 1587 862 tradita
1628 807 1893 879 perducit.

301 900 443 957 Volo
468 899 695 971 quidem
715 900 834 955 luce
862 899 1058 955 clarius
1091 899 1415 972 intelligere,
1447 901 1542 971 qui
1571 917 1757 956 revera
1785 901 1902 957 sint

302 995 375 1050 illi
409 994 627 1061 ﬁdeles,
656 1002 710 1048 et
736 993 833 1065 qui
860 993 1115 1050 eumdem
1150 994 1434 1049 caelestem
1459 993 1764 1067 Principem
1789 1011 1901 1050 non

301 1089 492 1143 minus
534 1103 633 1160 pro
662 1086 871 1142 calesti
909 1086 1077 1158 gloria
1106 1086 1342 1157 diligunt
1375 1103 1543 1158 quam
1574 1103 1668 1143 eos
1705 1087 1900 1159 quibus

302 1197 399 1253 pro
429 1196 530 1252 spe
551 1189 789 1247 terrena,
817 1188 874 1235 et
895 1179 1090 1234 misera
1121 1179 1504 1251 subjiciuntur.

371 1277 516 1330 Data
547 1277 772 1341 Roma,
815 1271 1101 1328 undecimo
1135 1271 1409 1328 Kalendas
1434 1272 1734 1341 Februarii,
1765 1274 1900 1331 indi-

301 1367 486 1424 ctione
513 1366 728 1424 decima
756 1366 936 1422 tertia.

870 1470 1227 1527 EPISTOLA
1266 1471 1330 1524 L.

580 1579 664 1619 AD
705 1579 975 1619 SANCIUII
1012 1575 1224 1619 REGEM
1265 1577 1614 1619 ΔΒΑϐΟΝΙᾸ-ἰ.

902 1656 1078 1726 (Anno
1126 1663 1303 1722 1075.)

305 1755 484 1810 Censet
525 1753 820 1808 absurdum
858 1767 966 1805 esse
997 1756 1056 1804 at
1084 1754 1128 1804 is
1162 1753 1257 1820 qui
1295 1767 1361 1804 ea:
1401 1752 1678 1818 illegitimo
1705 1768 1891 1805 concu-

2005 532 2234 585 teriores
2273 547 2433 587 curas
2462 531 2628 586 talem
2657 532 2915 587 clericum
2945 535 3003 588 in
3037 536 3274 591 Ecclesia
3306 540 3606 594 constituat

2006 625 2097 694 qui
2135 625 2202 680 ad
2241 635 2455 680 tantam
2499 627 2944 695 procurationem
2976 629 3262 698 providus,
3297 639 3368 699 et,
3423 633 3467 686 si
3521 648 3605 687 res

2007 717 2330 788 postularet,
2377 718 2446 774 ad
2477 719 2881 789 percipiendam
2924 723 3252 792 episcopalis
3296 722 3465 780 ofﬁcii
3511 724 3599 780 di-

2005 811 2274 882 gnitatem
2313 821 2368 867 et
2406 811 2657 866 ordinem
2705 813 2776 868 sit
2820 813 3067 870 idoneus.
3101 819 3222 886 Quo
3261 833 3359 889 per
3388 806 3598 874 annum

2005 920 2174 959 unum
2203 913 2299 960 aut
2328 906 2566 977 amplius
2595 905 2649 960 in
2677 906 2917 961 Ecclesia
2949 910 3306 977 consistente,
3335 911 3383 965 si
3413 910 3593 967 divina

2006 998 2294 1054 clementia
2325 999 2544 1053 interim
2575 999 2830 1070 episcopo
2865 998 3009 1054 vires
3038 1002 3282 1071 corporis
3307 1012 3362 1058 et
3388 1004 3600 1060 sanita-

2005 1099 2118 1145 tcm
2149 1091 2464 1159 reddiderit,
2485 1092 2623 1148 sicut
2641 1091 2856 1164 justum
2880 1101 2983 1158 est,
3011 1093 3124 1164 ipse
3152 1095 3204 1149 in
3232 1095 3351 1151 loco
3377 1113 3477 1152 suo
3506 1112 3598 1153 su-

2007 1200 2104 1254 per
2139 1185 2488 1240 Dominicum
2521 1201 2746 1257 gregem
2777 1186 3002 1256 vigilans
3041 1186 3332 1255 consistat;
3378 1190 3424 1244 si
3467 1205 3596 1246 vero

2005 1277 2294 1334 inﬁrmitas
2317 1286 2372 1334 et
2394 1277 2648 1334 debilitas
2668 1279 2912 1350 corporis
2941 1279 3023 1335 sui
3055 1280 3285 1335 adaucta
3318 1281 3512 1350 fuerit,
3544 1292 3601 1338 et

2004 1371 2536 1427 administrationem
2562 1372 2872 1428 commissae
2911 1373 3018 1428 sibi
3061 1389 3207 1429 cura
3241 1390 3597 1446 nequaquam

2005 1467 2227 1536 exsequi
2256 1466 2474 1535 poterit,
2521 1473 2653 1521 tunc
2680 1465 2925 1534 demum,
2956 1467 3002 1520 si
3037 1466 3185 1522 illius
3216 1469 3323 1521 vita
3342 1511 3356 1534 ,
3388 1484 3595 1535 mores,

2005 1565 2062 1613 et
2089 1557 2376 1630 disciplina
2407 1558 2705 1629 probabilis
2746 1557 2910 1613 fuerit
2953 1559 3268 1629 apostolica
3306 1560 3424 1616 sedi
3476 1562 3598 1632 ejus

2002 1651 2112 1706 tuis
2131 1659 2184 1707 et
2206 1652 2444 1722 episcopi
2470 1651 2692 1718 litteris,
2724 1667 2828 1706 nec
2859 1668 2971 1706 non
2997 1653 3097 1707 sub
3123 1653 3441 1708 testimonio
3467 1654 3600 1710 cleri

2003 1743 2244 1815 ejusdem
2273 1744 2520 1800 Ecclesia
2543 1744 2919 1810 denuntietur,
2943 1753 2997 1799 et
3020 1744 3087 1800 de
3112 1744 3462 1801 ordinatione
3490 1749 3594 1803 Ec-

371 1825 490 1908 ὒξεα
528 1831 690 1908 πίε-ωε
717 1827 863 1908 fiat;
895 1822 968 1876 ad
993 1824 1324 1908 episcopatlfs
1351 1823 1610 1908 gf‘fﬁdum;
1636 1824 1714 1908 af?
1739 1840 1893 1891 quem
1928 1831 1974 1891 B
2006 1837 2186 1892 clesia
2204 1836 2504 1892 deliberato
2530 1836 2762 1892 consilio
2786 1845 2932 1891 certa
2953 1837 3108 1892 vobis
3132 1846 3187 1892 et
3206 1837 3472 1908 salubris,
3497 1854 3598 1894 an-

367 1897 436 1949 ab
459 1913 519 1950 eo
549 1895 958 1965 postulabatur,
984 1894 1312 1948 ascenderet.
1355 1895 1456 1948 Ait
1481 1909 1536 1948 se
1573 1894 1781 1948 dedisse
1804 1912 1895 1949 ne-

368 1971 577 2036 gotium
619 1969 891 2037 episcopo,
955 1968 1052 2032 qui
1093 1965 1269 2018 morbi
1309 1980 1468 2018 causa
1493 1967 1809 2037 _episcopatu
1849 1982 1902 2019 se

371 2035 627 2092 abdicare
640 2035 876 2099 'volebat,
900 2041 961 2089 ut
989 2038 1328 2090 constitueret
1355 2037 1460 2088 sibi
1480 2035 1795 2104 hujusmodi
1823 2053 1894 2090 co-

369 2110 706 2176 adiutorem,
744 2110 842 2177 qui
867 2108 1016 2161 illius
1045 2109 1376 2176 episcopatus
1397 2112 1520 2176 post
1549 2107 1663 2176 ejus
1692 2107 1894 2162 obitum

371 2182 895 2235 administrationem
915 2181 1185 2248 suscipere
1197 2183 1392 2248 posset.

365 2275 640 2330 Gasaoat
650 2289 720 2330 us
731 2273 1016 2343 episcopus
1030 2311 1044 2338 ,
1063 2286 1254 2327 servus
1263 2286 1549 2326 servorum
1563 2271 1684 2339 Dei,
1698 2274 1894 2328 SANCIO

304 2369 410 2440 regi
455 2367 876 2439 Hispaniarum,
920 2365 1156 2421 salutem
1187 2373 1242 2420 et
1277 2364 1634 2435 apostolicam
1675 2365 1894 2422 benedi-

302 2463 559 2518 ctionem.

369 2555 646 2626 Quoniam
686 2570 812 2626 erga
850 2552 1210 2608 reverentiam
1245 2561 1446 2608 sancta
1487 2561 1542 2609 et
1579 2553 1892 2623 apostolica

303 2648 444 2705 sedis
497 2647 706 2720 regiam
761 2647 1104 2702 nobilitatem
1152 2653 1306 2701 tuam
1350 2646 1434 2717 pia
1490 2646 1782 2702 devotione
1839 2656 1894 2703 et

301 2758 491 2798 amore
522 2740 732 2796 fervere
772 2739 1145 2811 intelligimus,
1179 2747 1234 2794 te
1262 2747 1317 2793 et
1343 2754 1574 2810 regnum
1607 2745 1768 2795 tuum
1805 2739 1892 2795 di-

301 2837 417 2908 gnis
457 2834 768 2890 honoribus
809 2832 1088 2889 sublimari
1119 2831 1389 2902 cupimus,
1442 2839 1497 2886 et
1535 2831 1892 2903 apostolicam

301 2927 737 2985 benevolentiam
757 2943 873 2982 non
899 2927 1080 2982 solum
1106 2926 1163 2980 in
1192 2933 1414 2992 nostro,
1432 2940 1621 2980 verum
1651 2925 1818 2981 etiam
1840 2925 1893 2982 in

299 3036 632 3095 quocunque
654 3028 900 3092 tempore
919 3019 1028 3088 ,tibi
1053 3027 1108 3074 et
1128 3018 1306 3074 causis
1334 3018 1446 3074 tuis
1472 3019 1698 3074 sincera
1719 3019 1895 3075 chari-

299 3117 428 3172 tatis
443 3113 713 3172 affectum
733 3112 977 3186 prabere
997 3112 1390 3168 desideramus.
1419 3114 1718 3181 Caterum,
1747 3114 1892 3185 quod

299 3226 396 3266 nos
425 3209 500 3266 de
539 3223 706 3264 causa
734 3206 1102 3278 Aragonensis
1145 3204 1484 3277 episcOpatus
1513 3214 1570 3262 et
1609 3206 1888 3262 consului-
1925 3197 1971 3258 C

296 3305 383 3372 sti,
417 3311 477 3358 et
500 3310 557 3356 te
586 3299 994 3372 quodammodo
1032 3298 1165 3354 velle
1193 3298 1525 3370 signiﬁcasti,
1551 3298 1645 3355 diu
1675 3309 1731 3355 et
1752 3304 1892 3356 mul-

299 3408 416 3454 tum
446 3396 714 3462 volentes,
737 3402 937 3449 etcum
961 3391 1080 3448 ﬁliis
1110 3401 1312 3448 sancta
1344 3394 1611 3448 Romanae
1644 3393 1892 3449 Ecclesia

293 3496 710 3562 pertractantes,
736 3487 1101 3559 incongruum
1132 3485 1249 3541 fore
1275 3485 1606 3557 pervidimus
1626 3486 1890 3558 quoniam

293 3588 348 3641 in
390 3600 462 3640 eo
509 3582 772 3638 canonica
810 3581 1024 3637 decreta
1057 3579 1214 3635 nobis
1251 3579 1468 3634 obviare
1513 3580 1888 3651 cognovimus.

291 3679 537 3734 Veniens
575 3675 724 3731 enim
763 3674 834 3729 ad
862 3689 987 3741 nos,
1020 3673 1160 3728 sicut
1199 3673 1372 3739 nosti,
1403 3671 1679 3728 confrater
1706 3681 1894 3729 noster

290 3771 525 3828 Saucius
552 3767 922 3840 Aragouensis
962 3766 1274 3837 episcopus,
1303 3765 1480 3822 multa
1511 3765 1670 3822 nobis
1697 3765 1764 3822 de
1808 3766 1890 3822 in-

291 3864 558 3920 ﬁrmitate
585 3861 829 3932 corporis
856 3860 938 3915 sui
964 3875 1333 3930 conquerens,
1375 3859 1661 3916 deserendi
1689 3860 1894 3932 episco-

289 3968 491 4032 patum
519 3973 552 4012 a
572 3955 736 4011 nobis
756 3953 1073 4025 suppliciter
1093 3953 1369 4008 licentiam
1394 3953 1716 4024 postulavit,
1745 3952 1894 4025 quod

289 4053 447 4108 enim
486 4049 686 4106 morbo
713 4046 999 4103 confectus
1039 4055 1096 4101 et
1131 4061 1270 4117 pene
1296 4055 1657 4116 consumptus
1693 4045 1896 4102 diutius

285 4142 627 4217 competenti
657 4139 952 4198 ministerio
973 4155 1163 4212 regere
1187 4147 1242 4195 et
1268 4138 1545 4195 custodire
1571 4154 1684 4194 non
1704 4138 1894 4211 possit.

288 4244 474 4310 Atque
501 4244 566 4291 ut
591 4234 796 4290 facilius
830 4234 935 4289 hoc
964 4234 1312 4304 impetraret,
1352 4231 1603 4287 indicavit
1629 4231 1790 4287 nobis
1825 4231 1895 4288 de

287 4331 516 4387 duobus
566 4328 809 4396 clericis,
871 4341 1112 4399 quorum
1154 4326 1386 4381 alterum
1431 4325 1485 4380 in
1522 4325 1891 4397 episcopatum

287 4424 414 4498 eligi
453 4432 610 4478 tuam
633 4430 687 4477 et
718 4420 802 4476 sui
841 4421 1009 4492 ipsius
1042 4419 1380 4474 voluntatem
1408 4427 1572 4490 atque
1601 4419 1890 4474 consilium

2004 1938 2206 1985 nuente
2248 1933 2367 1985 Deo
2405 1930 2688 2000 responsio
2717 1928 2958 1985 dabitur.
2997 1933 3204 1986 Verum
3234 1931 3352 1986 hac
3388 1948 3596 2003 nequa-

2003 2039 2170 2094 quam
2200 2031 2319 2078 tam
2355 2024 2602 2078 absolute
2631 2021 2988 2089 dixissemus,
3017 2024 3125 2079 nisi
3152 2023 3302 2096 quod
3339 2025 3598 2097 episcopo

2002 2132 2060 2172 se
2081 2118 2386 2184 excusanti,
2410 2125 2464 2171 et
2483 2115 2945 2188 impedimentum
2969 2132 3081 2172 sua
3107 2115 3447 2174 inﬁrmitatis
3475 2134 3599 2189 pro-

2005 2211 2258 2281 ponenti,
2303 2209 2558 2266 fraterna
2601 2210 3000 2282 compassionis
3030 2209 3284 2265 auditum
3322 2209 3596 2283 denegare

2003 2320 2116 2358 non
2151 2305 2453 2375 potuimus.
2501 2305 2635 2360 Hac
2666 2304 2856 2376 igitur,
2903 2303 3096 2359 dilecte
3139 2302 3251 2371 ﬁli,
3296 2303 3598 2374 prudenter

2002 2397 2311 2464 considera,
2345 2406 2401 2453 et
2438 2397 2504 2453 ad
2542 2397 2885 2454 observanda
2915 2405 3107 2452 nostra
3138 2397 3352 2452 monita
3384 2399 3596 2469 episco-

2003 2508 2156 2562 pum,
2185 2499 2456 2563 quantum
2489 2500 2661 2562 potes,
2684 2490 2900 2562 adjuva,
2919 2500 3192 2562 quatenus
3215 2500 3273 2547 et
3287 2499 3348 2546 tu
3381 2508 3412 2548 a
3433 2491 3596 2548 beato

2003 2588 2162 2640 Petro
2198 2584 2574 2654 apostolorum
2604 2585 2851 2654 principe
2884 2584 2952 2640 ad
2982 2583 3280 2657 regendum
3306 2584 3409 2641 tibi
3444 2601 3596 2641 com-

1948 2712 1952 2717 ~
2003 2677 2235 2732 missum
2267 2678 2533 2747 populum
2556 2677 2825 2748 adjuvari,
2858 2677 3083 2749 ejusque
3108 2677 3319 2732 meritis
3348 2695 3376 2732 a
3406 2694 3595 2748 pecca-

2001 2778 2188 2826 torum
2223 2779 2449 2825 tuorum
2483 2769 2710 2824 vinculis
2740 2769 3025 2825 absolutus
3054 2778 3278 2826 aterna
3303 2770 3596 2828 beatitudi-

2003 2864 2090 2918 nis
2113 2863 2288 2935 gloria
2314 2863 2372 2916 in
2403 2878 2572 2933 regno
2600 2861 2806 2917 Christi
2837 2870 2892 2917 et
2929 2863 3033 2917 Dei
3070 2863 3337 2918 merearis
3364 2855 3593 2934 perfrui.

2073 2959 2214 3011 Data
2231 2959 2450 3022 Roma,
2476 2965 2665 3011 octavo
2694 2955 2803 3026 [Ix]
2827 2954 3108 3011 Kalendas
3127 2954 3430 3034 Februarii,
3456 2955 3595 3012 indi-

1997 3051 2182 3107 ctione
2211 3049 2423 3106 decima
2450 3049 2633 3105 tertia.

2543 3166 2904 3248 EPISTOLA
2941 3167 3034 3221 LI.

2296 3298 2379 3338 AD
2418 3297 2667 3338 SUENUM
2710 3297 2924 3338 BBGBM.
2961 3296 3284 3339 DANOBUH.

2596 3391 2778 3460 (Anno
2825 3389 2999 3461 1075.)

2003 3509 2259 3575 Qua-ritur
2293 3507 2434 3575 quod
2457 3506 2530 3558 ad
2568 3520 2622 3559 se
2649 3521 2754 3558 non
2787 3507 3083 3574 scripserit.
3115 3508 3379 3560 Hortatur
3414 3506 3490 3558 ad
3513 3521 3592 3558 re-

2071 3584 2211 3634 ctam
2235 3579 2389 3645 regni
2407 3577 2946 3636 administrationem.
2978 3578 3260 3645 Signiﬁcat
3292 3577 3493 3644 legatos
3521 3576 3595 3629 ad

2071 3666 2192 3704 eum
2230 3650 2420 3702 missos
2451 3664 2510 3701 ea
2539 3647 2604 3700 de
2642 3662 2838 3713 causa,
2881 3651 2941 3701 ut
2979 3649 3359 3713 satisfacerent
3402 3646 3466 3700 de
3507 3648 3593 3700 his

2071 3737 2191 3790 qua
2220 3721 2288 3773 ab
2319 3719 2633 3774 Aleaandro
2656 3721 2904 3787 pontiﬁce
2927 3721 3162 3787 petierat
3186 3718 3248 3772 ob
3287 3719 3593 3790 Germania

2067 3789 2528 3862 perturbatio-nem
2558 3805 2666 3843 esse
2691 3805 2943 3844 reversos.
2973 3791 3170 3862 Quare
3195 3791 3333 3857 petit
3374 3789 3441 3841 ab
3476 3790 3593 3862 ipso

2071 3860 2133 3917 ut
2160 3865 2378 3916 nuntios
2406 3861 2480 3915 ad
2507 3877 2561 3915 se
2588 3862 2794 3922 mittat,
2829 3865 2880 3913 et
2921 3861 3094 3928 ﬁlium
3118 3875 3276 3914 suum
3301 3860 3590 3928 apostolica

2071 3935 2210 3989 sedis
2240 3934 2425 3988 ducem
2465 3936 2646 3987 contra
2675 3932 2933 4001 quosdam
2971 3932 3242 3986 haereticos
3280 3933 3589 3985 constituat.

2073 4051 2119 4105 G
2135 4048 2745 4120 asoonmsepiscopus,
2757 4062 2947 4103 servus
2957 4061 3244 4102 servorum
3257 4045 3382 4113 Dei,
3395 4048 3592 4104 διηεΝο

2002 4145 2147 4209 (372)
2181 4141 2294 4213 regi
2330 4145 2650 4207 Danorum,
2682 4141 2918 4197 salutem
2956 4147 3011 4195 et
3038 4139 3397 4210 apostolicam
3422 4139 3588 4194 bene-

2000 4235 2324 4292 dictionem.

2070 4330 2213 4384 Cum
2248 4327 2426 4384 adhuc
2465 4329 2523 4382 in
2564 4326 2758 4382 ordine
2787 4327 3116 4382 diaconatus
3144 4342 3393 4393 eramus,
3444 4341 3591 4397 sape

1999 4421 2310 4477 dilectionis
2331 4430 2442 4476 tua
2465 4420 2673 4476 litteras
2693 4429 2748 4475 et
2777 4421 2984 4492 legatos
3009 4419 3326 4490 accepimus
3340 4455 3358 4486 ,
3389 4418 3445 4472 in
3466 4420 3592 4489 qui-

291 4519 410 4575 fore
426 4514 739 4582 nuntiavit;
770 4513 838 4570 de
857 4529 1094 4586 quorum
1118 4513 1225 4568 vita
1245 4521 1301 4567 et
1317 4512 1729 4568 conversatione
1760 4528 1888 4569 eum
1917 4547 1967 4609 Β
2001 4516 2102 4571 bus
2127 4514 2553 4587 magniﬁcentia
2579 4522 2690 4569 tua
2717 4521 3039 4583 promptum
3060 4527 3188 4584 erga
3218 4527 3320 4568 nos
3338 4512 3591 4567 animum

289 4613 727 4680 interrogantes,
759 4607 862 4663 alia
893 4606 1075 4662 omnia
1093 4651 1106 4674 ,
1132 4615 1332 4677 prater
1349 4605 1492 4677 quod
1523 4605 1592 4661 de
1627 4607 1890 4662 concubi-

289 4707 376 4761 nis
417 4704 540 4759 nati
569 4708 744 4766 erant,
784 4701 928 4756 bona
961 4700 1092 4756 satis
1121 4709 1179 4755 et
1204 4699 1427 4755 honesta
1458 4700 1787 4772 accepimus.
1820 4702 1893 4755 Et

291 4800 418 4872 quia
464 4793 763 4852 venerandi
808 4809 1044 4850 canones
1090 4792 1158 4848 ad
1201 4792 1484 4848 sacerdotii
1527 4793 1754 4864 gradum
1783 4795 1892 4849 tale

292 4889 519 4962 provehi
549 4887 955 4955 contradicunt,
982 4886 1212 4958 probare
1235 4901 1329 4941 eos
1363 4901 1473 4940 nou
1509 4886 1638 4942 satis
1664 4895 1887 4942 cautum

293 4985 414 5041 fore
457 4981 802 5055 putavimus,
843 4995 913 5036 ne
955 4979 1251 5052 quidquam
1297 4995 1327 5034 a
1364 4979 1522 5035 nobis
1558 4979 1892 5036 contrarium

294 5078 502 5134 sanctis
530 5075 782 5148 patribus
806 5075 861 5129 in
881 5074 1193 5144 exemplum
1227 5080 1284 5128 et
1315 5072 1692 5128 auctoritatem
1723 5082 1894 5145 poste-

297 5174 372 5228 ris
394 5171 758 5240 relinquatur.
793 5166 944 5224 Solet
980 5166 1125 5222 enim
1161 5175 1347 5222 sancta
1393 5175 1449 5221 et
1475 5165 1773 5238 apostolica
1814 5183 1892 5222 se-

296 5265 392 5322 des
421 5265 678 5337 pleraque
706 5260 1046 5318 considerata
1086 5257 1295 5315 ratione
1322 5259 1576 5327 tolerare,
1627 5259 1725 5316 sed
1762 5276 1898 5316 nun-

298 5374 468 5431 quam
490 5358 550 5414 in
579 5357 694 5412 suis
713 5354 948 5411 decretis
972 5362 1027 5409 et
1045 5353 1522 5409 constitutionibus
1550 5371 1581 5410 a
1603 5353 1894 5410 concordia

299 5452 582 5508 canonica
611 5447 926 5505 traditionis
953 5447 1253 5504 discedere.
1296 5449 1644 5519 Quapropter
1683 5449 1899 5502 noverit

300 5544 526 5601 dilectio
565 5552 663 5599 tua
700 5558 804 5599 nos
847 5543 923 5598 ita
953 5542 1292 5599 consuluisse
1320 5550 1376 5598 et
1423 5541 1747 5613 praecepisse
1783 5543 1898 5613 epi-

301 5653 487 5710 scopo,
521 5647 586 5693 ut
611 5639 751 5709 ipse,
781 5645 1049 5708 quantum
1075 5638 1280 5709 possit,
1306 5636 1602 5708 episcopali
1628 5635 1812 5691 ofﬁcio
1843 5637 1900 5690 in

302 5731 681 5802 spiritualibus
725 5731 997 5800 insistens,
1029 5739 1082 5788 et
1111 5732 1316 5789 auxilia
1356 5729 1899 5800 comprovincialium

2001 4607 2121 4664 fore
2149 4608 2538 4663 intelleximus.
2582 4609 2877 4676 Postquam
2920 4620 3068 4672 vero,
3099 4605 3246 4676 quod
3287 4604 3442 4676 digni
3479 4621 3593 4661 non

2001 4718 2214 4769 smnus,
2245 4700 2314 4757 ad
2347 4701 2532 4755 locum
2564 4699 2775 4755 altioris
2798 4714 2945 4754 cura
2969 4698 3373 4770 ministeriique
3400 4715 3589 4770 perve-

2006 4797 2212 4860 nimus,
2249 4809 2498 4849 amorem
2539 4801 2700 4848 tuum
2729 4793 2785 4847 in
2833 4792 3116 4848 subtracta
3163 4793 3480 4849 visitatione
3509 4803 3590 4850 te-

2003 4889 2184 4960 puisse
2211 4885 2694 4959 deprehendimus,
2739 4886 2832 4957 qui
2867 4885 3086 4957 scriptis
3127 4887 3234 4943 tuis
3269 4886 3464 4942 tandiu
3495 4903 3593 4943 ca-

2002 4997 2122 5038 rere
2151 4980 2332 5036 nescio
2361 4995 2460 5035 cur
2492 4979 2813 5036 meruimus.
2849 4981 2966 5035 Nos
3003 4979 3257 5052 equidem
3291 4981 3411 5051 jam
3445 4997 3595 5038 nunc

2002 5091 2116 5130 non
2143 5072 2497 5130 solummodo
2527 5089 2718 5145 regum
2745 5082 2799 5128 et
2838 5073 3177 5144 principum,
3215 5074 3309 5131 sed
3340 5075 3594 5130 omnium

2002 5168 2464 5232 Christianorum,
2511 5175 2668 5223 tanto
2713 5167 3032 5238 propensior
3077 5167 3388 5224 sollicitudo
3433 5183 3595 5224 coar-

2001 5269 2116 5317 ctat
2159 5269 2366 5333 quanto
2420 5276 2486 5317 ex
2532 5260 2822 5316 universali
2867 5260 3164 5332 regimine,
3236 5259 3382 5331 quod
3432 5260 3598 5316 nobis

2005 5355 2370 5410 commissum
2399 5362 2502 5422 est,
2531 5354 2784 5409 Omnium
2824 5353 2890 5410 ad
2921 5369 3024 5409 nos
3064 5369 3230 5410 causa
3262 5354 3492 5410 vicinius
3533 5369 3597 5409 ac

2008 5449 2186 5521 magis
2210 5448 2428 5520 pr0prie
2458 5456 2687 5519 spectat.
2723 5450 2928 5503 Verum
2953 5448 3079 5520 quia
3101 5447 3460 5503 eminentiam
3486 5455 3596 5503 tua

2008 5541 2315 5598 nobilitatis
2354 5557 2464 5613 prae
2503 5542 2717 5599 caeteris
2759 5557 3056 5614 regnorum
3100 5540 3440 5613 principibus
3480 5548 3594 5593 tam

2011 5636 2205 5706 peritia
2236 5635 2546 5691 litterarum
2577 5651 2746 5706 quam
2772 5636 2953 5692 studio
2988 5632 3366 5692 ecclesiastica
3400 5631 3594 5687 exhor—

2009 5729 2259 5795 tationis,
2288 5729 2488 5800 pollere
2518 5726 2892 5785 intelleximus
2919 5727 3094 5785 multo
3119 5723 3432 5785 ﬁducialius
3455 5717 3525 5775 ad
3545 5723 3598 5768 te

380 5859 527 5922 (372)
569 5855 841 5910 Suenonis
881 5857 1021 5928 regis
1059 5861 1351 5920 Danorum
1391 5855 1734 5913 mentionem
1776 5855 1904 5912 facit
1936 5853 2269 5911 Lambertus
2295 5869 2443 5910 anno
2471 5827 2630 5907 1073.
