4074 6172
452 328 552 381 403

1138 324 1194 378 S.
1235 321 1554 375 GBEGORH
1594 321 1680 374 VII
1722 321 1915 375 PAPIE
1940 320 2225 405 ‘OPERUM
2264 320 2439 374 PARS
2475 320 2517 372 Ι.
2558 347 2625 355 -
2664 313 3063 370 REGISTRUM.

3637 310 3740 365 404

452 450 649 522 scripta
688 458 876 505 nostra
917 446 1234 517 dirigimus,
1266 444 1649 509 existimantes
1691 444 1746 499 in
1784 452 1839 500 te
1886 453 2044 501 tanto
2074 453 2126 515 Α
2220 445 2372 501 lubet
2406 459 2528 497 eum
2552 441 2639 522 ad
2666 455 2720 494 se
2746 455 2857 521 una
2894 454 3013 491 cum
3044 438 3178 506 ipsis
3202 435 3742 522 decidenda:

454 545 669 600 facilius
696 540 1015 597 lucrifacere
1046 546 1257 609 quanto
1290 538 1345 592 in
1374 536 1685 592 eruditione
1720 546 1776 592 et
1804 538 2043 608 pruden-

452 640 530 693 tia
550 652 769 692 morum
791 633 1025 704 amplius
1052 630 1389 701 dignosceris
1417 630 1728 701 profecisse.
1759 634 2044 702 Rogamus

452 730 634 802 igitur,
662 737 713 781 et
744 727 949 780 sincera
968 732 1023 779 te
1046 724 1310 779 charitate
1342 740 1633 779 monemus
1654 733 1717 780 ut
1744 725 2041 781 commissa

453 821 549 877 tibi
599 819 745 890 regni
788 817 1188 889 gubernacula,
1234 817 1539 873 secundum
1582 822 1762 874 Deum
1807 818 2043 873 admini-

453 923 622 969 strare
659 911 913 977 studeas,
960 919 1015 966 et
1058 926 1261 967 nomen
1299 912 1492 983 regalis
1524 912 1864 968 excellentiae
1905 928 2043 967 con-

451 1022 584 1077 grua
604 1021 666 1059 ac
689 1005 1015 1060 consonanti
1039 1004 1305 1060 virtutum
1334 1006 1662 1076 proprietate
1696 1006 2046 1077 geras,‘qua-

453 1108 615 1154 tenus
640 1114 788 1165 eam,
813 1114 909 1169 per
931 1098 1087 1170 cujus
1114 1098 1477 1168 principatum
1503 1099 1758 1170 subjectis
1784 1100 2045 1170 imperas,

456 1193 510 1247 in
547 1191 711 1248 corde
763 1200 859 1247 tuo
911 1207 1131 1262 semper
1175 1207 1401 1262 regnare
1439 1191 1710 1262 justitiam
1763 1192 2043 1249 ostendas.

454 1286 611 1342 Nosti
648 1286 802 1340 enim
831 1284 980 1356 quod
1018 1284 1191 1355 gloria
1231 1294 1287 1340 et
1316 1302 1454 1340 vana
1480 1284 1645 1356 hujus
1683 1285 1876 1341 mundi
1901 1285 2048 1342 dele-

455 1378 621 1434 ctatio
650 1378 824 1434 labilis
851 1386 935 1433 est
969 1386 1022 1432 et
1055 1378 1391 1449 deceptoria;
1424 1379 1567 1433 nosti
1615 1379 1761 1450 quod
1800 1379 2048 1435 universa

456 1488 582 1528 caro
625 1471 693 1527 ad
728 1472 893 1527 linem
924 1471 1167 1543 quotidie
1205 1481 1480 1543 properat,
1520 1472 1671 1543 quod
1700 1488 1802 1527 nec
1847 1473 2046 1528 volenti

459 1575 555 1621 aut
584 1566 789 1620 nolenti
832 1566 1031 1620 mortis
1077 1565 1368 1621 necessitas
1395 1574 1584 1636 pareat
1629 1566 1809 1638 [ro-rte,
1841 1575 2045 1637 parcat.

457 1662 655 1714 Hann.
688 1663 880 1730 paret].
904 1661 1061 1714 Nosti
1091 1659 1239 1731 quod
1273 1675 1429 1731 reges
1457 1675 1612 1731 aequa
1646 1660 1961 1715 conditione
1990 1668 2050 1715 ut

459 1768 722 1823 pauperes
746 1752 913 1808 futuri
945 1761 1073 1808 sunt
1102 1753 1274 1824 pulvis
1300 1761 1354 1808 et
1388 1752 1528 1808 ciuis
1548 1794 1562 1819 ,
1596 1761 1651 1808 et
1679 1752 1828 1824 quod
1856 1769 2050 1809 omnes

2230 530 2409 570 eorum
2447 514 2808 568 controversia
2849 524 3010 562 causa
3050 510 3361 577 prcestituta
3402 507 3491 561 die
3528 509 3738 568 venire;

2224 588 2442 641 interim
2460 586 2666 639 nullam
2693 584 2823 651 ipsis
2842 582 3139 633 molestiam
3160 580 3387 644 inferre,
3415 584 3465 632 et
3491 578 3742 631 clericum

2226 673 2386 728 quem
2396 658 2670 726 captivum
2687 653 2896 707 tenebat
2909 652 3201 728 dimittere.
3218 652 3463 728 Minatur
3472 665 3527 703 se
3537 664 3740 728 encom-

2225 720 2636 784 municationem
2680 740 2715 778 a
2760 740 2853 779 suo
2889 723 3274 794 praedecessore
3309 722 3369 776 in
3408 736 3527 777 eum
3575 720 3742 775 latam

2225 804 2681 872 conﬁrmaturum,
2709 797 2758 850 si
2780 811 2886 850 non
2907 795 3242 863 obtemperet.

2226 984 2585 1040 Gnaeonws
2606 978 2911 1050 episcopus,
2934 991 3123 1032 servus
3142 990 3425 1031 servorum
3449 974 3576 1042 Dei,
3597 976 3747 1030 Leu-

2160 1091 2361 1133 BALDO
2374 1075 2566 1149 [Enna
2575 1088 2708 1131 LDO.
2728 1074 2949 1138 Mutin.,
2964 1068 3348 1142 CUNIBABDO]
3366 1068 3745 1126 Aurelianensi

2157 1171 2376 1226 clerico.

2229 1287 2566 1343 Admiranda
2595 1302 2683 1341 res
2705 1294 2788 1341 est
2816 1294 2873 1340 et
2898 1283 3055 1340 valde
3087 1281 3414 1338 detestabilis
3442 1280 3588 1352 quod
3609 1280 3748 1338 adeo

2159 1381 2477 1437 induratum
2512 1396 2608 1435 cor
2635 1379 2831 1443 habes,
2869 1387 2925 1433 et
2964 1376 3022 1432 in
3062 1384 3217 1432 tanta
3262 1374 3539 1431 ferocitate
3567 1374 3750 1446 persi-

2158 1475 2255 1530 stis
2306 1482 2369 1529 ut
2412 1490 2441 1530 a
2492 1473 2870 1544 persecutione
2918 1469 3151 1526 fratrum
3198 1469 3600 1525 Aurelianensis
3644 1470 3748 1523 Ec-

2158 1570 2368 1636 clesiae,
2410 1566 2554 1623 unde
2594 1581 2693 1637 pro
2739 1565 2912 1635 culpis
2957 1564 3067 1618 tuis
3104 1578 3161 1618 te
3192 1570 3507 1633 separatum
3533 1560 3748 1617 audivi-

2158 1678 2284 1718 mus
2298 1704 2313 1729 ,
2334 1677 2435 1717 nec
2462 1659 2629 1714 divini
2649 1667 2861 1715 terrore
2876 1655 3092 1729 judicii,
3120 1672 3221 1712 nec
3239 1655 3555 1728 apostolica:
3574 1656 3751 1710 anim-

2157 1754 2493 1811 adversionis
2540 1753 2657 1824 jam
2712 1759 2932 1823 experta
2987 1750 3193 1805 ultione
3250 1766 3422 1805 manu
3475 1748 3751 1806 retrahere

460 1845 529 1901 ad
567 1846 881 1901 districtum
918 1845 1186 1917 judicium
1214 1845 1387 1901 futuri
1418 1847 1685 1902 examinis
1711 1848 1927 1901 venturi
1952 1862 2050 1903 su-
2084 1832 2132 1892 Β
2160 1850 2313 1905 velis.
2346 1846 2701 1903 Meminimus
2743 1844 2889 1900 enim
2933 1842 3216 1900 dominum
3259 1852 3315 1899 et
3351 1851 3749 1899 antecessorem

460 1955 611 2004 mus;
645 1939 793 2012 quod
815 1956 963 1994 nunc
988 1955 1101 1995 non
1124 1940 1302 1994 solum
1327 1940 1485 1995 nobis
1514 1940 1607 2011 qui
1634 1940 1945 1996 sacerdotes
1956 1956 2053 1995 .su-

461 2049 609 2100 mus,
652 2033 746 2088 sed
792 2042 847 2088 et
892 2034 1114 2104 regibus
1157 2034 1482 2105 caaterisque
1525 2033 1857 2105 principibus
1898 2043 2053 2089 tanto

461 2127 778 2182 concussius
824 2126 1131 2182 timendum
1177 2136 1231 2181 et
1277 2126 1653 2196 expavendum
1698 2134 1802 2195 est,
1847 2136 2053 2199 quanto

464 2236 563 2291 pro
593 2219 749 2275 nobis
787 2228 843 2275 et
882 2219 1121 2276 subditis
1148 2220 1348 2276 nostris
1388 2221 1661 2276 rationem
1690 2221 1919 2291 posituri
1960 2237 2047 2276 su-

465 2329 607 2369 mus.
633 2317 751 2386 Age
778 2330 929 2385 ergo4
961 2313 1337 2381 dilectissime,
1370 2323 1432 2368 ut
1454 2314 1529 2369 ita
1559 2314 1730 2385 vivas,
1758 2314 1829 2369 ita
1856 2330 2052 2386 regnes

465 2416 524 2461 ut
552 2416 686 2463 tunc
716 2407 902 2463 aeterni
940 2408 1109 2478 Regis
1145 2415 1201 2461 et
1227 2406 1436 2462 Judicis
1473 2404 1671 2463 faciem
1700 2422 1922 2462 securus
1962 2423 2049 2463 as-

464 2501 660 2570 picias,
691 2509 745 2555 et
781 2516 879 2572 pro
914 2500 1054 2555 bene
1091 2511 1242 2571 gesta
1283 2508 1522 2555 terrenae
1563 2499 1844 2572 dignitatis
1878 2501 2051 2572 gloria

464 2592 672 2650 caelesti
719 2596 872 2666 regni
922 2595 1213 2650 sublimem
1258 2603 1312 2649 et
1362 2594 1852 2665 incomparabilem
1894 2610 2053 2650 (ξονο-

464 2704 627 2755 nam,
658 2690 776 2743 Deo
805 2687 1063 2755 donante,
1105 2688 1353 2760 recipias.
1396 2690 1480 2742 De
1524 2696 1721 2743 caetero
1751 2697 1941 2743 notum
1988 2689 2058 2743 sit

464 2781 560 2835 tibi
595 2781 742 2852 quod
778 2780 987 2853 legatos
1017 2781 1088 2836 ad
1116 2789 1170 2837 te
1196 2782 1627 2849 destinavimus,
1658 2782 1752 2853 qui
1781 2798 1946 2852 super
1975 2782 2058 2837 his

464 2890 588 2947 qua:
617 2890 716 2945 pro
746 2874 1159 2930 honoriﬁcentia
1191 2876 1340 2947 regni
1378 2876 1477 2943 tui,
1526 2886 1645 2931 tum
1684 2875 1751 2931 de
1778 2884 2059 2947 metropo-

466 2968 631 3023 litana
660 2966 812 3034 sede,
845 2976 963 3023 tum
992 2968 1059 3024 de
1088 2969 1421 3040 quibusdam
1448 2970 1568 3025 aliis
1608 2969 1791 3037 rebus,
1823 2985 1956 3040 quas
2001 2969 2055 3023 iu

467 3070 717 3132 tempore
747 3060 955 3116 domini
993 3063 1164 3117 nostri
1207 3062 1503 3118 Alexandri
1532 3078 1691 3134 papae
1733 3063 1802 3117 ab
1831 3070 2056 3133 aposto-

473 3156 573 3210 lica
614 3154 744 3211 sede
787 3164 844 3211 et
887 3155 1172 3226 postulasti
1218 3164 1275 3211 et
1299 3155 1536 3210 invicem
1580 3155 1910 3226 promisisti,
1958 3155 2054 3209 tibi

471 3250 781 3320 responsuri
810 3266 875 3303 ac
900 3258 1084 3304 tecum
1109 3250 1289 3304 acturi
1314 3258 1525 3315 essent;
1557 3249 1653 3304 sed
1684 3256 1905 3320 propter
1931 3264 2053 3321 per-

469 3341 834 3396 turbationem
859 3342 1173 3398 Teutonicas
1196 3350 1358 3398 terrae
1388 3342 1759 3413 periculosum
1791 3350 1921 3397 tunc
1946 3341 2059 3397 lore

468 3444 858 3508 cognoscentes
913 3435 982 3491 ad
1037 3451 1142 3492 nos
1192 3436 1392 3491 reversi
1429 3445 1573 3492 sunt.
1627 3436 1972 3507 Quapropter
2013 3436 2057 3491 si

470 3542 578 3598 qua
599 3528 666 3584 de
699 3528 784 3585 bis
807 3529 907 3585 tibi
936 3528 1089 3585 cordi
1109 3538 1254 3599 sunt,
1283 3539 1337 3585 et
1366 3530 1410 3584 si
1433 3538 1487 3585 te
1527 3545 1590 3585 ac
1616 3546 1845 3599 regnum
1873 3538 2057 3594 tuum,

471 3623 613 3676 sicut
643 3637 738 3692 per
766 3623 975 3695 legatos
1003 3632 1128 3679 tuos
1156 3624 1445 3695 aliquoties
1477 3624 1806 3693 accepimus,
1838 3631 2059 3694 aposto-

470 3716 652 3768 lorum
705 3716 931 3786 principi
980 3718 1064 3786 pia
1112 3716 1401 3771 devotione
1437 3717 1807 3782 committere,
1864 3725 1917 3771 et
1944 3716 2064 3788 ejus

472 3808 798 3862 auctoritate
841 3805 1019 3863 fulciri
1059 3809 1317 3875 volueris,
1351 3808 1535 3864 ﬁdeles
1584 3810 1807 3866 nuntios
1852 3808 1922 3865 ad
1961 3825 2063 3865 nos

472 3901 590 3955 sine
617 3899 881 3955 dilatione
907 3902 1281 3957 transmittere
1321 3902 1480 3956 stude
1522 3912 1794 3973 quatenus
1826 3919 1921 3973 per
1968 3918 2063 3957 eos

471 4003 627 4048 tuam
648 3994 704 4048 in
730 3994 988 4049 omnibus
1015 3994 1190 4049 edocti
1215 3994 1579 4061 voluntatem,
1607 3995 1903 4050 deliberato
1927 4011 2059 4051 con-

473 4087 626 4155 silio,
666 4086 795 4158 quid
848 4086 945 4142 tibi
984 4086 1427 4158 respondendum
1476 4088 1717 4159 quidque
1766 4104 1929 4158 super
1976 4087 2063 4143 bis

475 4181 737 4236 omnibus
771 4178 1045 4251 agendum
1084 4182 1156 4234 sit
1196 4180 1499 4251 perspicere
1536 4196 1601 4235 ac
1645 4180 1927 4251 providere
1966 4198 2061 4236 va-

476 4277 705 4330 leamus.
747 4276 1017 4329 Praeterea
1045 4274 1093 4328 si
1123 4283 1309 4329 sancta
1337 4277 1591 4330 Romana
1615 4282 1795 4330 mater
1825 4276 2061 4331 Ecclesia

476 4377 669 4426 contra
694 4367 952 4440 profanos
978 4376 1034 4423 et
1062 4367 1318 4423 inimicos
1346 4367 1447 4424 Dei
1475 4376 1571 4423 tuo
1600 4368 1804 4424 auxilio
1833 4370 1892 4423 in
1918 4370 2061 4425 mili-

477 4463 623 4518 tibus
662 4470 717 4517 et
765 4462 1032 4517 materiali
1078 4460 1259 4533 gladio
1302 4478 1438 4532 opus
1476 4461 1748 4529 habuerit,
1779 4478 1904 4533 quae
1938 4478 2063 4533 spes

2158 1951 2434 2009 nostrum,
2465 1938 2786 1995 venerandae
2813 1937 3094 1993 memorias
3122 1936 3499 1992 Alexandrum
3528 1952 3747 2007 papam,

2161 2052 2259 2107 pro
2289 2032 2691 2106 compescendo
2728 2031 2913 2088 furore
2933 2040 2988 2087 et
3017 2030 3265 2086 nefandis
3290 2030 3617 2085 temeritatis
3637 2038 3748 2085 tua

2160 2129 2403 2194 ausibus,
2444 2125 2812 2182 anathematis
2846 2125 2903 2179 in
2940 2132 2995 2179 te
3018 2124 3262 2195 jaculum
3286 2123 3643 2189 contorsisse,
3674 2132 3749 2191 et,

2160 2238 2229 2276 ne
2260 2221 2488 2277 ulterius
2521 2219 2990 2292 perturbationem
3019 2216 3255 2288 aliquam
3284 2214 3615 2287 supradictis
3636 2215 3751 2273 fra-

2164 2316 2341 2371 tribus
2384 2313 2641 2380 inferres,
2671 2321 2768 2368 aut
2815 2312 2885 2367 de
2913 2311 3220 2367 honoribus
3261 2319 3317 2367 et
3367 2310 3753 2367 ecclesiasticis

2165 2408 2382 2476 ofﬁciis,
2422 2423 2546 2479 quae
2586 2415 2779 2462 contra
2812 2405 3026 2477 regulas
3057 2413 3113 2459 et
3156 2404 3541 2459 auctoritatem
3575 2420 3748 2460 cano-

2166 2519 2300 2558 num
2342 2501 2706 2573 acquisieras,
2748 2509 2803 2556 te
2840 2499 3260 2567 intromitteres,
3299 2498 3614 2570 apostolicis
3636 2499 3757 2568 jus~

2167 2596 2413 2653 sionibus
2448 2593 2807 2650 interdixisse.
2851 2594 3057 2649 Contra
3087 2607 3235 2663 quae,
3287 2592 3531 2663 quamvis
3578 2590 3756 2647 auda-

2164 2690 2309 2746 ciam
2336 2694 2490 2744 tuam
2534 2688 2735 2743 iterum
2764 2702 2821 2742 se
2850 2686 3088 2741 erexisse
3121 2700 3233 2739 non
3272 2682 3443 2739 dubia
3488 2684 3756 2740 relatione

2164 2784 2467 2839 multorum
2492 2782 2726 2837 fratrum
2755 2779 3197 2852 cognoverimus,
3238 2777 3539 2849 apostolica
3568 2786 3755 2833 tamen

2164 2876 2346 2932 adhuc
2391 2883 2607 2931 utentes
2644 2872 3071 2929 mansuetudine
3122 2871 3322 2928 debitae
3370 2871 3593 2927 ultionis
3636 2871 3756 2943 gla-

2165 2971 2317 3026 dium
2331 2985 2584 3025 exercere
2600 2968 2785 3040 [for-te,
2806 2983 3053 3022 exserere
3068 3009 3085 3030 ,
3107 2964 3354 3037 Hann],
3378 2965 3599 3021 interim
3624 2981 3757 3036 par-

2166 3064 2359 3131 cimus,
2386 3061 2563 3118 donec
2595 3062 2639 3115 si
2670 3060 2741 3116 ad
2770 3060 3138 3116 humilitatem
3165 3058 3467 3131 praemissis
3498 3058 3757 3113 admoni-

2164 3158 2408 3213 tionibus
2454 3154 2601 3211 flecti
2658 3156 2834 3224 possis
2891 3154 3347 3225 comprobemus,
3400 3161 3754 3208 reservantes

2165 3250 2265 3305 tibi
2308 3249 2483 3311 adhuc
2511 3249 2566 3302 in
2609 3248 2885 3314 omnibus,
2931 3247 2999 3303 de
3043 3247 3239 3317 quibus
3268 3246 3566 3313 accusaris,
3616 3262 3755 3318 apo-

2167 3344 2415 3399 stolieam
2441 3340 2804 3407 audientiam,
2836 3342 2891 3396 et
2918 3339 3251 3396 defensionis
3281 3341 3486 3406 locum,
3516 3339 3559 3394 si
3586 3339 3756 3395 modo

2167 3447 2265 3492 tua
2310 3444 2365 3491 te
2406 3452 2520 3491 non
2555 3434 2787 3489 retrahit
2826 3433 3179 3489 conscientia.
3227 3432 3542 3504 Apostolica
3590 3432 3761 3504 igitur

2168 3530 2267 3585 tibi
2297 3530 2622 3586 auctoritate
2660 3528 3008 3599 praecipimus
3040 3536 3100 3583 ut
3126 3527 3186 3582 in
3212 3526 3522 3599 proximam
3549 3523 3759 3583 festivi-

2171 3634 2342 3680 tatem
2380 3624 2630 3680 omnium
2670 3625 2997 3679 Sanctorum
3029 3621 3088 3677 in
3126 3628 3372 3676 nostram
3411 3622 3759 3691 praesentiam

2173 3719 2379 3786 venias,
2405 3727 2461 3774 et
2486 3717 2783 3773 adventum
2812 3725 2972 3770 tuum
3005 3714 3490 3772 Aurelianensibus
3515 3713 3757 3780 clericis,

2171 3811 2366 3882 quibus
2393 3810 2683 3867 adversum
2712 3818 2765 3865 te
2807 3824 2968 3864 causa
3010 3817 3113 3876 est,
3156 3816 3217 3863 ut
3248 3817 3304 3863 et
3329 3807 3428 3879 ipsi
3466 3817 3765 3880 praesentes

2172 3905 2322 3972 ﬁant,
2354 3905 2474 3959 sine
2512 3902 2859 3959 simulatione
2889 3901 3160 3965 notiﬁces,
3192 3909 3479 3973 quatenus,
3511 3917 3576 3957 ex
3604 3910 3765 3957 utra-

2171 4014 2277 4070 que
2316 4006 2470 4068 parte
2494 3982 2851 4053 dissensionis
2876 4004 3071 4051 vestrae
3094 3996 3272 4051 causis
3300 4004 3355 4050 et
3383 3994 3766 4051 occasionibus

2169 4090 2460 4163 diligenter
2487 4090 2755 4162 inquisitis
2783 4099 2837 4145 et
2864 4089 3115 4160 cognitis,
3146 4089 3301 4144 litem
3324 4096 3563 4143 vestram
3596 4104 3763 4161 aequo

2171 4185 2279 4240 ﬁne
2320 4184 2589 4251 decidere,
2635 4188 2753 4239 Deo
2802 4182 3125 4255 opitulante,
3167 4182 3469 4253 possimus.
3520 4183 3758 4238 Interim

2171 4294 2301 4334 vero
2330 4278 2610 4343 clericum,
2640 4293 2804 4349 quem
2835 4277 2890 4331 in
2918 4276 3171 4347 captione
3204 4284 3380 4343 tenes,
3405 4275 3609 4347 absque
3633 4292 3767 4331 om-

2171 4371 2225 4425 ni
2252 4387 2366 4427 sua:
2390 4386 2637 4443 persona:
2664 4380 2718 4426 et
2747 4370 3022 4425 bonorum
3051 4384 3277 4424 suorum
3316 4368 3642 4424 detrimento
3668 4369 3761 4424 di-

2172 4465 2386 4532 mittas,
2440 4463 2648 4518 nullam
2708 4462 2921 4533 penitus
2973 4461 3423 4517 contrarietatem
3478 4460 3765 4517 canonicis

476 4556 636 4612 nobis
664 4556 731 4612 de
760 4565 816 4611 te
844 4555 1093 4612 habenda
1120 4555 1214 4623 sit,
1264 4555 1455 4611 itidem
1482 4564 1577 4609 tua
1618 4564 1766 4611 certa
1791 4556 2063 4628 legatione
2092 4572 2143 4634 ι)
2173 4556 2414 4629 prazfataz
2450 4556 2691 4611 ecclesiae
2730 4565 2822 4611 aut
2865 4571 2960 4627 per
2999 4563 3055 4609 te
3099 4552 3299 4622 facias,
3331 4562 3426 4608 aut
3451 4555 3520 4609 ab
3574 4554 3763 4625 aliquo

476 4665 801 4722 cognoscere
828 4651 1097 4720 cupimus.
1137 4652 1239 4705 Est
1287 4650 1456 4705 etiam
1497 4664 1612 4704 non
1639 4649 1799 4720 longe
1846 4665 1879 4704 a
1906 4649 2064 4705 nobis

476 4743 751 4816 provincia
776 4743 1032 4812 quaedam
1062 4743 1471 4814 opulentissima
1501 4743 1660 4813 juxta
1690 4758 1867 4805 mare,
1897 4759 2065 4815 quam

478 4837 608 4892 viles
636 4845 691 4891 et
731 4836 906 4907 ignavi
946 4845 1139 4892 tenent
1168 4835 1427 4903 haeretici,
1471 4837 1530 4889 in
1572 4852 1678 4907 qua
1706 4852 1879 4892 unum
1907 4836 1975 4892 de
2006 4838 2065 4889 ﬁ-

475 4931 562 4986 liis
590 4929 715 4999 tuis,
749 4930 793 4984 si
839 4944 987 4994 eum,
1018 4930 1161 4985 sicut
1189 4930 1412 5000 quidam
1441 4931 1727 5000 episcopus
1752 4938 1914 4987 terrae
1955 4938 2064 4986 tum

477 5025 535 5079 in
564 5023 753 5078 animo
784 5022 879 5077 tibi
909 5022 1031 5078 fore
1070 5024 1360 5089 nuntiavit,
1408 5023 1719 5093 apostolicae
1746 5025 1883 5079 aula:
1913 5024 2053 5078 mili-

475 5115 705 5171 tandum
728 5115 886 5171 dares
910 5130 1037 5170 cum
1062 5114 1335 5187 aliquanta
1368 5115 1724 5170 multitudine
1746 5131 1940 5171 eorum
1968 5116 2061 5187 qui

474 5210 573 5266 sibi
605 5209 701 5266 ﬁdi
731 5210 933 5265 milites
968 5218 1175 5275 essent,
1218 5209 1418 5266 ducem
1449 5224 1514 5262 ac
1540 5209 1843 5280 principem
1873 5218 1929 5264 et
1965 5210 2062 5266 de-

475 5304 748 5358 fensorem
776 5302 1198 5359 Christianitatis
1230 5302 1350 5357 ﬁeri
1380 5310 1653 5372 optamus.

546 5398 690 5451 Data
736 5398 965 5461 Romae,
1006 5404 1200 5451 octavo
1242 5394 1520 5449 Kalendas
1557 5396 1869 5463 Februarii,
1914 5395 2057 5452 indi-

472 5490 653 5563 ctione
678 5489 891 5545 decima
912 5489 1095 5546 tertia.

1012 5584 1363 5639 EPISTOLA
1399 5585 1524 5639 LII.

472 5696 539 5732 an
583 5694 895 5733 LEURALDUM
936 5661 1263 5750 [Romanun]
1304 5694 1561 5733 CLERICUM
1600 5694 2052 5734 auasummsm.

1049 5772 1232 5843 (Anno
1276 5773 1453 5843 1075.)

467 5870 711 5937 Increpat
746 5867 810 5922 de
848 5868 1070 5935 injuriis
1108 5866 1593 5923 Aurelianenstbus
1620 5868 1823 5919 clericis
1866 5867 2052 5920 illatis.

2173 4660 2399 4706 tuorum
2428 4649 2545 4705 ﬁeri
2574 4649 2880 4720 permittas.
2913 4646 3076 4718 Quod
3096 4648 3140 4702 si
3173 4657 3226 4703 te
3245 4647 3391 4703 nulla
3414 4647 3624 4719 justitia
3654 4645 3764 4703 ful-

2172 4754 2293 4799 tum
2334 4743 2491 4798 nobis
2533 4751 2924 4815 repraesentare
2966 4741 3194 4797 minime
3242 4757 3409 4796 ausus
3452 4739 3621 4796 fueris
3664 4752 3764 4797 aut

2171 4838 2435 4903 volueris,
2467 4846 2523 4892 et
2571 4835 2874 4906 perdurans
2918 4835 2972 4890 in
3012 4834 3219 4890 malitia
3266 4844 3358 4889 tua
3402 4849 3546 4904 saepe
3596 4833 3764 4890 dictis

2170 4930 2430 4986 fratribus
2469 4930 2673 4986 damna
2702 4931 2785 4985 vel
2832 4929 3110 4984 molestias
3148 4928 3361 4999 aliquas
3404 4928 3641 4999 amplius
3670 4926 3761 4983 in-

2168 5023 2310 5079 ferre
2355 5023 2791 5095 praesumpseris,
2838 5030 2934 5077 aut
2981 5021 3127 5077 illata
3156 5021 3331 5089 mala,
3363 5029 3631 5093 quantum
3656 5038 3758 5093 po-

2168 5126 2273 5184 tes,
2300 5117 2594 5173 emendare
2617 5126 2672 5173 et
2698 5116 2987 5172 restituere
3025 5131 3140 5171 non
3163 5116 3458 5183 studueris,
3505 5115 3758 5171 eamdem

2169 5227 2331 5282 quam
2378 5210 2635 5282 praefatus
2663 5218 2977 5264 antecessor
3008 5218 3203 5266 noster
3229 5208 3762 5265 excommunicatio-

2169 5305 2256 5359 nis
2286 5305 2343 5359 in
2369 5313 2425 5359 te
2453 5303 2779 5359 sententiam
2806 5302 3050 5374 protulit,
3084 5311 3272 5359 nostra
3314 5302 3622 5374 apostolica
3659 5318 3760 5358 au—
3824 5336 3827 5337 ν

2166 5398 2420 5453 ctoritate
2441 5396 2824 5451 conﬁrmatam
2850 5412 2969 5452 esse
2998 5411 3324 5468 cognoscas,
3359 5402 3413 5451 et
3434 5411 3552 5451 non
3577 5395 3761 5452 solum

2166 5500 2243 5559 te,
2273 5491 2365 5563 qui
2396 5498 2565 5545 tantae
2592 5490 3036 5561 praesumptionis
3081 5489 3189 5545 dux
3216 5497 3271 5545 et
3300 5496 3497 5545 auctor
3526 5504 3610 5556 es,
3647 5487 3753 5544 sed

2165 5598 2378 5649 omnes,
2401 5582 2495 5655 qui
2526 5582 2584 5637 in
2612 5582 2799 5654 rapina
2818 5591 2873 5637 et
2899 5578 3311 5654 depraedatione
3343 5581 3616 5637 bonorum
3654 5583 3761 5636 Ec-

2163 5677 2344 5732 clesiae
2372 5677 2455 5732 vel
2478 5675 2828 5731 infestatione
2859 5676 3186 5732 clericorum
3217 5675 3404 5747 aliquo
3426 5674 3595 5731 modo
3612 5690 3752 5729 cou-

2162 5770 2344 5827 silium
2386 5770 2467 5825 vel
2498 5770 2832 5842 adjutorium
2854 5770 2969 5825 sive
2998 5783 3331 5825 consensum
3352 5768 3457 5824 tibi
3478 5766 3761 5828 dederint.

2163 5865 2277 5936 pari
2315 5864 2680 5920 anathematis
2706 5862 2911 5934 judicio
2940 5862 3346 5918 condemnatos
3376 5877 3492 5917 esse
3519 5860 3685 5916 scias.
