4144 6184
350 328 464 381 405

1441 324 1640 379 LIBER
1677 323 2037 378 SECUNDUS.
2080 353 2147 363 --
2190 322 2395 377 EPIST.
2440 321 2564 375 LIV.

3548 325 3653 380 4οσ

422 452 565 506 Data
586 452 783 506 Rom
812 414 870 504 in
898 448 1107 520 synodo
1144 447 1407 516 secunda,
1445 447 1711 505 Kalendis
1741 448 1945 515 Martii,
1975 452 2029 515 Α
2128 450 2267 502 Data
2289 428 2509 511 Romae,
2525 452 2686 500 sexto
2707 447 2891 533 Nonas
2910 444 3104 512 Martii,
3126 444 3421 533 indictione
3444 445 3653 527 decima

349 543 654 600 indictione
685 540 904 599 decima
938 543 1126 599 tertia.

886 654 1240 709 EPISTOLA
1276 655 1422 710 LIII.

946 764 1129 827 (Anno
1172 762 1355 832 1075.)

344 873 708 930 Concordiam
744 887 904 941 super
924 874 1282 926 controversia
1316 870 1456 926 inter
1498 876 1855 929 Mcravenscm
1898 880 1948 930 et

431 948 756 1012 ngensem
801 944 1067 1012 episcopos
1117 944 1182 997 de
1225 944 1573 1012 quisbusdam
1628 946 1773 1001 bonis
1815 963 1848 999 a
1893 963 1948 1002 se

412 1018 475 1070 in
502 1016 724 1071 concilio
764 1015 1053 1070 ambarum
1077 1017 1321 1085 partium
1347 1030 1567 1071 assensu
1600 1020 1946 1088 compositam

412 1090 661 1158 eaponit.

415 1201 780 1257 GBEGOBIUS
798 1199 1115 1272 episcopus,
1134 1215 1330 1256 servus
1355 1216 1648 1271 servorum
1678 1203 1796 1260 Dei.

413 1293 693 1363 Quoniam
719 1293 787 1349 ad
815 1292 1145 1349 memoriam
1184 1309 1511 1366 semperque
1538 1295 1943 1352 dilucidandam

339 1402 639 1444 causarum
702 1386 1173 1458 negotiorumque
1221 1385 1501 1442 veritatem
1547 1388 1683 1443 nihil
1738 1390 1940 1461 aptius,

337 1480 475 1537 nihil
533 1478 842 1535 durabilius
889 1495 1060 1551 quam
1110 1478 1517 1551 Scripturarum
1566 1482 1787 1552 paginas
1832 1470 1959 1539 ms?

336 1574 626 1641 timamus,
671 1572 907 1645 qualiter
948 1572 1016 1628 iis
1054 1580 1109 1630 et
1133 1571 1429 1640 discordia,
1466 1589 1593 1644 quae
1627 1575 1766 1631 inter
1801 1591 1943 1632 con—

338 1667 542 1723 fratres
611 1676 851 1735 uostros,
923 1665 1172 1723 videlicet
1227 1669 1501 1723 Joannem
1562 1670 1941 1725 Moravensem

337 1761 687 1833 episcopum,
758 1769 815 1817 et
870 1759 1224 1816 Geboardum
1276 1761 1736 1835 [Hieronymum;
1798 1765 1940 1819 alias

2060 540 2238 597 tertia.

2573 654 2925 711 EPISTOLA
2976 657 3119 711 LIV.

2522 810 2609 849 AD
2660 808 3185 851 PLACBNTINOS.

2653 924 2835 985 (Anno
2878 922 3061 983 1075.)

2055 1060 2256 1114 Scribit
2275 1073 2330 1112 se
2349 1059 2654 1128 deposuisse
2683 1060 2742 1110 in
2763 1056 2966 1126 synodo
2986 1058 3304 1129 Dionysium
3326 1072 3505 1111 eorum
3533 1061 3647 1129 ϐρύα.

2123 1146 2359 1199 scopum,
2388 1135 2442 1184 et
2480 1144 2653 1183 omnes
2684 1131 2984 1198 quicunque
3012 1130 3062 1181 ei
3082 1128 3401 1249 {idelitatem
3420 1128 3644 1198 jurave-

2126 1206 2254 1249 mnt
2289 1218 2323 1249 a
2359 1202 2681 1249 sacramenti
2715 1201 2925 1249 vinculo
2953 1198 3079 1249 abso
3100 1201 3255 1249 uisse.
3290 1200 3391 1249 Ait
3411 1215 3465 1249 se
3492 1216 3644 1249 cum-

2126 1198 2254 1256 rant
2289 1218 2323 1254 α
2359 1202 2681 1254 sacramenti
2715 1201 2925 1254 vinculo
2953 1198 3255 1253 absolvisse.
3289 1200 3391 1254 Ait
3411 1215 3465 1253 se
3492 1216 3648 1254 cura-

2125 1276 2309 1346 turum
2345 1276 2408 1326 ut
2436 1287 2611 1325 omnes
2640 1272 2818 1341 ﬁdeles
2859 1272 2931 1325 ad
2959 1285 3080 1325 eum
3110 1269 3484 1342 expellendum
3509 1273 3646 1346 ipsis

2122 1345 2334 1399 aumilio
2374 1345 2503 1398 sint.

2124 1483 2480 1539 GBEGOBIUS
2512 1482 2818 1553 episcopus,
2849 1497 3035 1536 servus
3063 1496 3348 1538 servorum
3380 1481 3507 1551 Dei,
3536 1483 3647 1538 uni-

2054 1577 2222 1631 versis
2269 1574 2552 1632 catholicis
2604 1574 2939 1630 Placentiuas
2985 1575 3269 1645 Ecclesiae,
3316 1576 3548 1632 salutem
3591 1586 3647 1634 et

2051 1670 2406 1741 apostolicam
2458 1667 2916 1725 benedictionem.

2121 1764 2317 1839 Super‘
2356 1761 2684 1819 confusione
2725 1762 2987 1818 Ecclesiae
3031 1771 3249 1831 vestrae,
3297 1755 3639 1847 dilectissimi

338 1853 717 1927 Gebeardum]
757 1856 1107 1926 Pragensem,
1137 1853 1206 1909 de
1249 1852 1575 1925 quibusdam
1595 1853 1836 1930 decimis
1883 1865 1939 1912 et
1969 1848 2017 1909 B
2041 1855 2156 1921 ﬁlii,
2185 1856 2276 1911 diu
2313 1856 2382 1912 ad
2418 1872 2522 1911 nos
2550 1855 2768 1927 querela
2794 1854 2972 1911 delata
3002 1864 3106 1923 est,
3136 1864 3190 1910 et
3216 1856 3473 1912 contritio
3516 1858 3634 1911 ani-

334 1947 591 2004 curtibus
634 1947 727 2003 diu
776 1956 1055 2020 protracta
1101 1955 1213 2013 est,
1249 1946 1474 2002 tandem
1524 1964 1620 2019 per
1661 1949 1932 2020 pactionis

333 2040 786 2098 convenientiam
835 2042 893 2095 in
921 2041 1216 2113 apostolica
1254 2040 1381 2096 sede
1428 2041 1789 2098 determinata
1835 2044 1932 2109 sit,

330 2151 444 2208 per
475 2135 678 2191 litteras
710 2143 928 2191 nostras
970 2151 1083 2190 non
1110 2133 1275 2190 modo
1316 2135 1705 2205 praesentibus,
1740 2136 1837 2191 sed
1876 2147 1932 2193 et

327 2228 565 2295 futuris,
585 2237 781 2284 notum
807 2227 929 2284 ﬁeri
945 2228 1220 2283 volumus.
1254 2230 1390 2284 Haec
1416 2228 1563 2284 enim
1593 2245 1776 2299 causa,
1806 2246 1932 2287 cum

320 2324 385 2380 in
422 2321 674 2378 secundo
684 2323 857 2378 nostri
884 2320 1232 2394 pontiﬁcatus
1247 2338 1411 2391 anno,
1436 2322 1798 2380 residentibus
1823 2342 1929 2381 una

305 2416 633 2474 nobiscum
685 2417 740 2471 in
793 2416 1009 2472 basilica
1063 2415 1357 2472 Salvatoris
1408 2417 1598 2473 multis
1647 2416 1927 2487 fratribus,

307 2509 656 2568 convocatis
694 2509 859 2566 etiam
906 2518 962 2566 et
1010 2525 1198 2566 coram
1232 2510 1420 2581 positis
1450 2509 1786 2582 supradictis
1814 2513 1926 2584 epi-

302 2604 551 2676 scopis,
599 2602 667 2659 ad
712 2602 1045 2659 audientiam
1098 2611 1349 2659 nostram
1406 2611 1462 2658 et
1506 2604 1677 2659 totius
1721 2604 1928 2661 ibidem

298 2697 645 2770 congregati
692 2697 901 2752 concilii
943 2697 1148 2768 perlata
1187 2696 1279 2760 sit,
1328 2695 1424 2752 diu
1470 2705 1525 2751 et
1568 2697 1805 2753 multum
1836 2700 1929 2754 in—

298 2791 537 2866 quisita
565 2799 723 2861 atque
742 2789 956 2858 rimata,
982 2799 1138 2845 tanta
1160 2789 1515 2861 ambiguitate
1546 2799 1600 2845 et
1634 2790 1929 2862 perplexio-

297 2886 505 2942 nibus
531 2885 763 2939 involuta
796 2883 1073 2939 videbatur
1109 2892 1171 2939 ut
1197 2883 1266 2939 ad
1302 2883 1572 2939 sinceram
1601 2885 1844 2939 veritatis
1873 2894 1927 2940 et

295 2978 564 3053 iustitiae
607 2977 1037 3049 explorationem
1084 2993 1182 3048 per
1231 2993 1294 3031 ea
1350 2993 1474 3049 quae
1520 2986 1654 3033 tunc
1687 2976 1923 3034 adhibita

297 3079 477 3130 sunt
492 3069 697 3143 judicia
726 3070 946 3142 perduci
986 3087 1097 3126 non
1128 3079 1330 3143 posset.
1361 3072 1568 3126 Verum
1606 3087 1678 3127 ne
1706 3072 1923 3129 illorum

294 3165 621 3225 altercatio
664 3164 868 3236 absque
908 3164 1055 3236 pacis
1099 3164 1402 3220 interventu
1439 3164 1639 3221 diutius
1680 3175 1776 3221 aut
1816 3166 1921 3222 l'ra-

2037 1965 2254 2005 marum
2300 1965 2598 2021 rerumque
2640 1942 2943 2004 vestrarum
2995 1947 3198 2004 factam
3244 1965 3340 2020 per
3388 1950 3639 2022 iniquum
3736 1942 3749 1947 H

2037 2052 2310 2114 pastorem
2333 2058 2710 2114 smpeuumero
2741 2051 3036 2114 paternum
3065 2042 3324 2098 cruciavit
3351 2041 3635 2099 affectum.

2036 2132 2486 2208 ExSpectavimus
2533 2135 2787 2191 arborem
2827 2134 3032 2191 malam
3098 2141 3158 2190 ut
3212 2133 3416 2192 faceret
3464 2135 3638 2193 bonos

2036 2229 2267 2297 fructus,
2323 2229 2417 2286 sed
2468 2229 2733 2301 plantatio
2775 2229 2963 2301 iniqua
3008 2227 3267 2285 radicitus
3332 2231 3517 2286 vitiata
3582 2216 3671 2287 et

2035 2323 2179 2380 sicca
2211 2339 2307 2395 per
2330 2332 2511 2379 totum
2537 2323 2797 2395 patientia
2826 2322 3065 2379 deterior
3096 2332 3199 2392 est,
3232 2331 3437 2380 terram
3464 2340 3633 2381 occu-

2034 2425 2158 2490 pat;
2188 2417 2482 2489 Quinetiam
2513 2398 2583 2471 ad
2613 2416 2903 2472 infamiam
2949 2416 3120 2472 totius
3147 2417 3400 2473 Ecclesia;
3437 2419 3635 2491 germi-

2034 2519 2130 2565 nat
2160 2509 2395 2565 l'ructum
2419 2509 2727 2581 reprobum
2755 2510 2809 2564 in
2833 2525 3187 2565 communem
3219 2519 3477 2578 mortem,
3504 2513 3635 2568 etin

2034 2611 2230 2659 vestrm
2260 2602 2577 2673 perditionis
2605 2603 2936 2673 exemplum.
2972 2603 3153 2671 Quem
3178 2604 3310 2659 olim
3339 2606 3490 2660 omni
3518 2605 3636 2662 ofﬁ-

2014 2697 2120 2752 cio
2152 2697 2440 2767 privatum,
2483 2695 2690 2750 reddita
2738 2695 2840 2750 sibi
2881 2696 3001 2750 sola
3031 2686 3419 2753 communione
3446 2701 3630 2756 Eccle-

2033 2790 2147 2858 siae,
2189 2790 2372 2844 multis
2401 2789 2565 2843 minis
2612 2804 2676 2843 ac
2713 2788 2959 2859 precibus
3004 2791 3290 2845 contestati
3334 2808 3527 2848 sumus
3569 2803 3632 2849 ut
3724 2847 3728 2850 .

2033 2891 2356 2955 procuraret
2381 2881 2585 2937 habere
2619 2897 2811 2952 pacem
2857 2881 3161 2949 vobiscum,
3192 2883 3413 2939 redditis
3441 2895 3495 2941 et
3538 2902 3630 2941 re—

2034 2976 2238 3034 stitutis
2269 2992 2390 3048 qua:
2432 2975 2751 3044 abstulerat,
2784 2991 2914 3030 cum
2941 2991 3079 3047 aqua
3123 2976 3406 3033 ministerii
3441 2978 3624 3047 Vorte,

2031 3086 2269 3143 curaque
2287 3069 2594 3125 ministerii.
2620 3073 2818 3125 HABD.
2835 3069 2920 3124 cui
2935 3069 3385 3139 restitutionem],
3406 3080 3459 3127 et
3471 3089 3626 3144 spem

2033 3165 2253 3236 majoris
2281 3163 2529 3219 beneﬁcii
2559 3163 2832 3230 dedimus,
2859 3164 2902 3219 si
2927 3163 3182 3219 mandata
3207 3173 3464 3220 servaret.
3495 3165 3625 3235 Sed,

294 3273 496 3318 terna
519 3257 637 3313 odia
668 3267 768 3313 aut
798 3258 979 3329 aliqua
1010 3257 1312 3330 periculosa
1354 3258 1483 3313 hinc
1522 3259 1605 3315 vel
1633 3259 1779 3338 illinc
1802 3269 1925 3316 stu-
1962 3236 2006 3298 (ἶ
2034 3261 2152 3313 Deo
2210 3258 2452 3326 nolente,
2516 3257 2616 3311 sub
2666 3256 2830 3327 hujus
2879 3255 3274 3312 misericordiae
3318 3258 3624 3314 velamento

292 3357 413 3414 dia
469 3351 801 3419 accenderet,
856 3367 982 3407 cum
1036 3351 1268 3407 consilio
1316 3350 1548 3408 fratrum
1608 3362 1922 3410 nostrorum

294 3462 561 3507 causam
588 3446 661 3501 ita
707 3462 771 3501 ex
805 3461 965 3517 aequo
994 3444 1177 3500 dirimi
1205 3446 1592 3506 constituimus
1619 3456 1680 3502 ut
1716 3447 1920 3517 omnia,

290 3546 387 3603 de
429 3539 626 3612 quibus
650 3541 791 3595 inter
817 3555 911 3594 eos
934 3539 1227 3594 contentio
1256 3538 1422 3606 foret,
1446 3555 1540 3610 per
1563 3540 1806 3596 medium
1835 3541 1921 3597 di-

294 3636 664 3700 viderentur,
695 3642 748 3689 et
772 3633 861 3688 hic
892 3648 1058 3687 unam
1096 3632 1186 3687 ille
1209 3633 1434 3688 alteram
1458 3643 1673 3705 partem
1703 3634 1919 3690 interim

292 3733 539 3799 absque
564 3727 713 3783 omni
752 3725 1122 3798 inquietudine
1157 3734 1424 3790 tenerent,
1471 3727 1647 3782 donec
1689 3727 1733 3782 si
1762 3744 1917 3799 aper-

290 3828 472 3884 tiora
504 3821 704 3894 judicia
745 3821 855 3876 sive
901 3821 1105 3892 scripto
1142 3828 1236 3876 aut
1266 3822 1522 3893 congruis
1562 3821 1794 3878 testibus
1831 3823 1918 3877 in-

288 3916 521 3976 venire
547 3922 763 3985 possent
785 3913 1197 3986 diligentissime
1224 3914 1632 3985 investigarent.
1655 3915 1740 3971 Ad
1771 3915 1919 3987 quod

285 4007 658 4078 faciendum,
682 4024 750 4063 ne
773 4007 921 4064 forte
945 4006 1272 4063 suscitandas
1300 4007 1408 4062 litis
1432 4007 1646 4062 inﬁnita
1670 4008 1915 4064 alterutri

288 4106 560 4163 daretur
592 4101 824 4165 occasio,
876 4100 1169 4156 terminum
1217 4115 1434 4171 quoque
1471 4100 1547 4155 eis
1600 4100 1787 4155 decem
1825 4117 1919 4156 an-

290 4212 535 4257 norum
574 4194 922 4267 praaﬁximus,
972 4202 1035 4249 ut
1093 4192 1186 4265 qui
1221 4194 1384 4249 certis
1435 4193 1917 4264 approbationibus

288 4293 387 4352 ad
422 4289 694 4360 justitiam
719 4305 777 4343 se
808 4288 1112 4359 pertingere
1142 4303 1300 4358 posse
1334 4286 1579 4353 conﬁdit,
1607 4287 1747 4343 intra
1778 4303 1913 4359 prae-

288 4387 562 4443 libatum
605 4383 899 4438 terminum
941 4380 1311 4453 proclamandi
1352 4389 1409 4435 et
1435 4380 1799 4453 consequendi
1822 4382 1915 4453 jus

291 4474 591 4537 Ecclesiae
615 4490 727 4531 suae
751 4474 1024 4531 licentiam
1055 4484 1110 4529 et
1152 4483 1477 4545 potestatem
1508 4473 1734 4540 habeat;
1775 4483 1830 4529 et
1871 4474 1914 4529 si

2029 3351 2226 3424 Operiri
2275 3359 2492 3422 peccata
2521 3349 2903 3405 inobedientiaa
2950 3350 3088 3421 ejus,
3119 3365 3221 3421 qua
3263 3365 3408 3423 saepe
3449 3350 3621 3407 offen-

1988 3446 1993 3451 ’
2027 3446 2182 3503 derat
2210 3461 2331 3512 nos,
2363 3452 2417 3500 et
2446 3452 2631 3515 operta
2659 3444 2928 3515 impunita
2958 3444 3211 3515 relinqui,
3238 3445 3436 3500 iterum
3464 3462 3623 3501 men-

2027 3538 2160 3594 titus
2199 3546 2298 3605 est,
2354 3547 2518 3609 atque
2554 3538 2638 3592 vir
2688 3536 2974 3592 manifeste
3020 3538 3347 3609 sacrilegus,
3388 3550 3443 3594 et
3483 3540 3622 3596 mul-

2026 3641 2212 3688 torum
2256 3631 2524 3687 scelerum
2572 3646 2728 3697 reus,
2791 3630 2999 3686 monita
3051 3639 3236 3686 nostra
3283 3632 3629 3703 posthabuit.,

2026 3729 2367 3797 QuaprOpter
2411 3723 2731 3779 immutabili
2777 3724 3043 3780 sententia
3085 3733 3287 3781 sanctis
3329 3725 3523 3797 synodi
3564 3735 3621 3782 et

2026 3819 2361 3876 irrevocabili
2427 3834 2695 3874 consensu
2777 3818 3028 3873 omnium
3093 3819 3614 3876 circumsedentium

2023 3912 2253 3970 fratrum
2308 3912 2636 3985 Dionysium
2695 3911 2975 3983 quondam
3037 3910 3242 3967 dictum
3303 3914 3615 3985 episcOpum

2021 4007 2233 4079 absque
2273 4007 2381 4062 ulla
2426 4021 2670 4078 unquam
2701 4021 2796 4077 spe
2844 4005 3311 4062 reconciliationis
3353 4007 3421 4062 ab
3459 4008 3613 4063 omni

2021 4101 2307 4173 episc0pali
2358 4099 2569 4155 honore
2627 4098 3014 4171 deposuimus,
3068 4108 3123 4155 et
3166 4099 3226 4155 in
3290 4111 3614 4172 perpetuum

2020 4194 2327 4267 negandam
2353 4193 2459 4249 sibi
2489 4192 2821 4248 audientiam
2850 4193 3227 4259 decrevimus;
3258 4202 3314 4249 et
3356 4194 3617 4266 quincun-

2022 4305 2127 4360 que
2154 4288 2254 4343 sibi
2279 4287 2597 4343 ﬁdelitatem
2617 4288 2961 4358 juraverunt,
2990 4302 3061 4342 ne
3087 4295 3279 4342 contra
3305 4287 3412 4343 hoc
3435 4288 3617 4346 decre-

2022 4389 2142 4437 tum
2170 4381 2299 4448 sint,
2338 4379 2416 4436 ab
2447 4380 2597 4436 omni
2628 4380 2842 4434 vinculo
2879 4379 3205 4434 sacramenti
3247 4380 3625 4438 absolvimus;

2022 4474 2291 4530 Dabimus
2319 4474 2484 4530 etiam
2510 4488 2732 4544 operam
2762 4481 2821 4527 ut
2847 4488 3042 4527 omnes
3073 4471 3259 4527 ﬁdeles
3278 4474 3448 4528 sancti
3468 4476 3613 4529 Petri

289 4574 567 4631 alterum
595 4568 815 4637 horum,
860 4569 943 4623 vel
984 4575 1265 4639 utrosque,
1294 4567 1446 4638 quod
1485 4584 1598 4623 non
1636 4577 1912 4640 Optamus,
1943 4583 1995 4645 D
2023 4568 2281 4640 adjuvent
2322 4582 2424 4624 vos
2454 4568 2507 4622 in
2554 4565 2872 4637 expellendo
2901 4566 3055 4636 lupo,
3086 4575 3139 4620 et
3168 4565 3473 4622 ordinando
3517 4582 3606 4639 pa-

290 4664 550 4725 interim
595 4662 746 4717 obire
774 4662 1081 4733 contigerit,
1124 4677 1468 4717 successores
1497 4676 1692 4717 eorum
1725 4662 1781 4717 in
1832 4678 1913 4718 ea-

287 4763 455 4820 dam
500 4756 743 4828 pactione
779 4764 834 4811 et
860 4755 1251 4811 constitutione
1299 4770 1618 4825 permanere
1655 4754 1910 4812 debeant.

290 4858 405 4913 Ex
432 4866 497 4906 ea
534 4857 715 4906 autem
747 4858 898 4921 parte
938 4865 1045 4921 qua
1068 4846 1327 4919 praefatus
1365 4847 1652 4916 terminus,
1690 4858 1787 4904 aut
1812 4850 1913 4905 sub

290 4944 560 5011 silentio,
602 4951 695 4998 aut
737 4959 847 4998 non
895 4951 1109 4998 ostensa
1151 4942 1388 4996 veritatis
1426 4950 1479 4996 et
1498 4941 1745 5013 justitiae,
1794 4958 1915 5014 pro-

292 5050 442 5116 pter
470 5053 637 5109 quam
666 5038 891 5102 clamet,
919 5036 1310 5107 approbatione
1340 5035 1688 5091 transductus
1728 5035 1912 5103 fuerit,

296 5132 510 5192 nullus
536 5130 790 5203 deinceps
815 5132 995 5197 locus,
1019 5129 1167 5184 nulla
1194 5127 1527 5184 acclamandi
1556 5130 1794 5196 occasio,
1823 5138 1919 5185 aut

295 5241 488 5298 super
528 5224 629 5283 hac
657 5240 715 5280 re
740 5222 1072 5279 renovandae
1116 5222 1436 5294 quaestionis
1481 5222 1694 5278 licentia
1734 5238 1917 5293 super-

299 5323 413 5380 sit.
458 5321 585 5374 Hoc
634 5318 797 5387 igitur
847 5315 1011 5371 modo
1057 5315 1483 5387 pramominatos
1533 5316 1818 5387 episcopos
1858 5316 1915 5371 in

297 5422 511 5472 nostra
544 5412 837 5483 praesentia
888 5409 1221 5482 paciﬁcatos,
1252 5417 1306 5464 et
1350 5410 1680 5481 praescriptas
1725 5409 1920 5465 difﬁni-

303 5506 453 5565 tioni
474 5514 713 5578 gratum,
741 5513 803 5559 ut
828 5502 1071 5559 videatur
1102 5506 1289 5570 [forte,
1326 5502 1627 5570 videbatur,
1663 5506 1914 5571 Hann],

299 5600 645 5659 adhibentes
701 5613 1011 5660 assensum,
1066 5596 1134 5652 ad
1179 5598 1395 5670 propria
1446 5613 1573 5651 cum
1620 5598 1916 5669 apostolica

298 5692 700 5753 benedictione
727 5699 783 5746 et
806 5690 1038 5746 fraterna
1062 5690 1321 5748 charitate
1348 5690 1677 5748 dimisimus.
1708 5693 1830 5746 Hoc
1849 5690 1916 5746 ab

305 5786 582 5844 omnibus
624 5785 948 5839 inviolatum
997 5792 1052 5839 et
1093 5796 1357 5859 perpetuo
1385 5785 1771 5841 inconcussum
1804 5782 1918 5840 fore

313 5877 627 5950 apostolica
670 5876 993 5932 auctoritate
1024 5882 1365 5956 praecipimus
1409 5887 1572 5951 atque
1615 5876 1912 5934 sancimus.

2021 4670 2199 4718 stores
2222 4661 2316 4733 qui
2349 4677 2435 4715 res
2461 4667 2662 4715 vestras
2688 4657 2931 4729 diripuit,
2959 4667 3015 4712 et
3042 4672 3272 4730 corpora
3293 4659 3613 4733 animasque

2022 4754 2367 4826 sequentium
2398 4768 2456 4808 se
2485 4752 2541 4806 in
2573 4750 2807 4817 foveam,
2854 4751 3000 4807 sicut
3036 4751 3224 4807 oculus
3267 4752 3611 4824 tenebrosus,

2022 4849 2210 4903 mittit.
2245 4846 2409 4904 Unde
2432 4862 2529 4901 vos
2555 4845 2698 4900 cives
2724 4844 2825 4899 Dei
2861 4844 3270 4911 confortamini,
3306 4848 3433 4917 quia
3462 4850 3614 4905 Deus

2017 4941 2309 4997 nobiscum
2365 4947 2469 5006 est,
2524 4947 2579 4993 et
2645 4938 2771 4994 licet
2818 4938 3169 4995 adversentur
3207 4939 3364 4996 nobis
3405 4943 3615 4999 turrita:

2021 5035 2185 5090 urbes
2216 5043 2377 5090 terra:
2407 5033 2680 5099 Chanaan,
2724 5041 2780 5088 et
2825 5033 3066 5105 gigantea
3098 5050 3331 5105 corpora
3373 5034 3614 5091 ﬁliorum

2025 5128 2227 5193 Enach,
2258 5127 2369 5183 dux
2400 5136 2586 5183 tamen
2623 5134 2812 5181 noster
2858 5130 3017 5200 Jesus
3057 5143 3188 5182 cum
3216 5143 3351 5182 sono
3393 5128 3618 5200 intrepi-

2024 5221 2129 5279 dus
2177 5231 2383 5278 terram
2429 5218 2803 5292 promissionis
2856 5219 3178 5290 ingreditur.
3228 5223 3327 5276 Est
3370 5214 3517 5276 enim
3566 5231 3621 5278 et

2024 5317 2139 5388 ipse
2181 5315 2335 5387 gigas
2360 5315 2429 5370 ad
2457 5314 2789 5368 currendum
2821 5313 2962 5367 viam
2991 5312 3084 5383 qui
3124 5312 3256 5368 dicit
3288 5333 3301 5369 :
3340 5315 3618 5384 Conﬁdite,

2025 5427 2118 5479 ego
2140 5412 2248 5463 vici
2272 5409 2535 5463 artandum
2560 5410 2733 5472 (Joan.
2764 5410 2911 5470 xvr).
2962 5406 3129 5476 Quod
3154 5407 3199 5462 si
3231 5408 3354 5478 quis
3398 5425 3496 5480 pro
3524 5408 3620 5464 de-

2020 5501 2263 5557 fensione
2292 5501 2524 5573 justitia:
2572 5498 2841 5556 moriatur
2880 5515 2945 5554 ex
2995 5500 3172 5566 vobis,
3204 5501 3455 5571 precibus
3495 5516 3622 5571 apo-

2025 5595 2293 5651 stolorum
2338 5594 2484 5650 Petri
2515 5601 2569 5648 et
2618 5591 2770 5647 Pauli
2811 5592 2882 5648 ab
2928 5592 3184 5649 omnibus
3218 5595 3453 5663 peccatis
3491 5593 3619 5657 libe-

2026 5696 2202 5743 retur.

2098 5784 2240 5837 Data
2284 5784 2503 5846 Romae,
2544 5796 2583 5835 v
2620 5781 2805 5833 Nonas
2852 5781 3052 5850 Martii,
3092 5775 3383 5834 indictione
3411 5772 3622 5833 decima

2028 5875 2185 5930 tertia
2196 5916 2209 5928 .
