4074 6172
440 309 544 364 407

506 419 515 430 ’
990 422 1339 481 EPISI‘OLA
1373 421 1491 475 Lv.

949 537 1044 580 AD
1089 530 1529 577 LAUDBNSES.

1050 616 1228 686 (Anno
1272 614 1453 678 1075.)

445 724 683 779 Laetam
722 718 862 784 ipsos
900 723 1184 784 eorumque
1212 708 1512 784 episcopum
1550 705 1736 784 contra
1768 700 2042 782 Sszonia-

672 772 924 840 hriresim
958 786 1009 834 et
1050 772 1361 833 clericorum
1378 772 1822 846 Yornicationem
1857 772 2042 846 insur-

517 842 656 930 gere.
690 859 953 913 Hortatur
984 856 1045 906 ut
1066 852 1381 921 persistant,
1407 842 1476 901 let
1506 847 1743 916 episcopo
1772 842 2037 897 obediant.

518 956 885 1010 Gnsconms
903 946 1214 1018 episcOpus,
1236 957 1428 998 servus
1444 954 1728 999 servorum
1752 936 1874 1004 Dei,
1902 938 2045 990 Lau-

449 1046 633 1105 densis
662 1043 919 1101 Ecclesia:
956 1040 1104 1108 ﬁliis,
1146 1038 1376 1094 salutem
1407 1044 1463 1092 et
1488 1032 1843 1107 apostolicam
1874 1030 2042 1086 bene-

452 1140 773 1199 dictionem.

523 1232 869 1298 Gaudemus,
908 1224 1279 1294 dilectissimi,
1316 1223 1386 1281 de
1424 1231 1608 1278 vestro
1648 1219 1736 1290 pio
1775 1218 2049 1291 religionis

454 1328 681 1395 affectu,
706 1339 846 1398 quos
873 1320 1186 1378 audivimus
1222 1317 1482 1374 adversus
1522 1312 1903 1371 detestandam
1962 1312 2050 1369 Si—

457 1419 766 1479 moniacam
787 1413 1042 1474 haeresim
1069 1421 1127 1469 et
1156 1410 1600 1484 presbyterorum
1629 1406 2049 1463 fornicationem

459 1515 658 1574 divinae
696 1510 831 1584 legis
874 1509 993 1565 zelo
1027 1520 1319 1563 succensos
1349 1501 1697 1558 laudabiliter
1745 1500 2048 1572 insurgere.

338 1664 353 1685 η
458 1607 778 1667 Gaudemus
821 1617 1041 1675 quoque
1090 1615 1254 1671 super
1296 1596 1464 1652 fratre
1512 1593 1832 1666 coepiscopo
1865 1602 2055 1650 nostro

462 1710 640 1760 vestro
659 1707 878 1772 pastore
895 1695 1098 1753 domno
1119 1692 1392 1765 Opizone,
1414 1688 1510 1762 qui
1527 1704 1585 1744 se
1604 1688 1878 1745 intantum
1896 1686 2058 1744 nobis

463 1795 709 1871 ejusdem
739 1793 855 1849 zelo
889 1788 1105 1863 pietatis
1132 1786 1344 1843 fervere
1367 1784 1570 1841 detexit
1611 1792 1674 1839 ut
1700 1782 1768 1840 ad
1793 1782 1913 1838 haec
1935 1797 2055 1854 per-

469 1887 763 1946 ﬁciendum
816 1891 1017 1942 sanctae
1080 1880 1240 1952 hujus
1290 1878 1438 1936 sedis
1510 1876 1707 1933 obnixe
1760 1875 2060 1947 ﬂagitasset

464 1982 750 2039 auxilium.
781 1982 1124 2050 QuaprOpter
1147 1974 1436 2030 hortamur
1465 1987 1565 2028 vos
1593 1979 1647 2026 et
1678 1978 1741 2025 ut
1768 1969 1909 2025 ﬁlios
1942 1975 2062 2025 cha-

467 2078 716 2135 rissimos
758 2086 1055 2130 monemus
1095 2076 1365 2141 quatenus
1393 2066 1451 2120 in
1484 2064 1570 2121 his
1619 2063 1863 2136 pestibus
1904 2062 2063 2118 dete-

364 2160 369 2163 ⁷
471 2168 701 2231 standis,
730 2165 1040 2224 Simoniaca
1084 2160 1337 2218 videlicet
1378 2158 1574 2215 haeresi
1606 2166 1661 2213 et
1704 2155 2066 2212 fornicatione

471 2264 854 2320 ministrorum
908 2257 1049 2314 sacri
1107 2254 1296 2311 altaris
1342 2251 1705 2323 conterenda,
1753 2258 1808 2306 et
1854 2249 2067 2321 penitus

474 2353 844 2428 exstirpanda,
896 2366 1024 2407 cum
1052 2349 1169 2423 jam
1210 2347 1358 2404 dicto
1388 2353 1604 2419 pastore
1654 2351 1855 2409 vestro,
1905 2340 2069 2397 fratre

475 2458 689 2516 nostro,
734 2447 802 2504 ad
855 2443 1246 2516 omnipotentis
1292 2440 1394 2497 Dei
1444 2446 1756 2510 sanctasque
1811 2435 2070 2492 Ecclesiae

475 2544 767 2607 honorem,
790 2538 1074 2610 totiusque
1098 2535 1290 2608 patriae
1331 2534 1587 2601 salutem,
1630 2539 1690 2587 ut
1722 2531 1793 2603 pii
1822 2529 1916 2585 ﬁlii
1946 2529 2074 2584 insi-

477 2637 648 2694 statis.
685 2638 749 2690 In
786 2630 1099 2690 ordinandis
1139 2643 1358 2701 quoque
1401 2635 1544 2682 recte
1593 2634 1648 2681 et
1683 2623 1940 2680 canonice
1983 2638 2072 2678 ec-

480 2729 660 2788 clesiis
708 2729 757 2784 ei
799 2726 931 2783 totis
957 2724 1163 2781 viribus
1198 2721 1454 2778 auxilium
1502 2718 1804 2791 praebeatis.
1855 2720 1980 2773 Imo
2026 2717 2080 2770 in

481 2823 690 2881 cunctis
718 2836 843 2894 quae
873 2820 990 2892 ipse
1021 2804 1095 2874 ad
1124 2816 1226 2872 Dei
1254 2815 1523 2871 honorem
1560 2820 1908 2883 vestramque
1939 2810 2080 2867 salu-

484 2926 597 2973 tem
637 2931 794 2989 agere
830 2912 1069 2985 disponit
1095 2911 1143 2966 ei
1188 2907 1508 2965 obedienter
1553 2905 1972 2978 obtemperetis;
2023 2911 2084 2958 ut

486 3020 690 3069 sanctae
733 3006 927 3064 matris
953 3012 1150 3062 vestra:
1190 3001 1448 3058 Ecclesiae
1493 2999 1642 3071 apud
1680 3014 1780 3054 vos
1810 2995 2079 3052 munditia

486 3104 708 3178 polleat,
760 3116 926 3174 quam
969 3097 1221 3155 Christus
1279 3095 1398 3150 sine
1445 3092 1658 3148 macula
1710 3098 1765 3147 et
1807 3105 1939 3162 ruga
1989 3105 2079 3145 ca-

489 3208 632 3255 stam
664 3195 767 3252 sibi
786 3192 1058 3266 copulavit
1079 3204 1356 3263 sponsam.
1392 3189 1530 3243 Haac
1565 3193 1748 3241 autem
1777 3184 2086 3255 quicunque

492 3289 807 3355 servaverit,
853 3286 923 3343 de
965 3280 1359 3355 omnipotentis
1404 3280 1504 3336 Dei
1546 3277 1717 3352 gratia
1744 3274 2089 3333 conﬁdenter

492 3390 819 3459 praesumat,
841 3378 1310 3452 apostolicamque
1333 3372 1768 3430 benedictionem
1798 3386 1856 3427 se
1883 3368 2090 3425 habere

496 3484 812 3552 cognoscat.
859 3474 966 3548 Qui
1012 3486 1140 3528 vero
1169 3471 1224 3526 in
1270 3469 1356 3525 his
1400 3482 1525 3540 quae
1568 3464 1779 3538 praefati
1819 3479 2014 3520 sumus
2041 3464 2091 3519 ei

498 3552 761 3629 obsistere
801 3566 1111 3630 tentaverit,
1157 3578 1393 3635 eumque
1434 3562 1493 3616 in
1536 3559 1793 3616 omnibus
1839 3572 1963 3630 qua:
1993 3555 2095 3611 Dei

502 3675 631 3724 sunt
650 3680 762 3720 non
793 3660 1077 3733 adjuverit,
1119 3656 1509 3713 contremiscat
1532 3669 1591 3709 se
1615 3652 1815 3709 divina
1844 3648 2095 3706 animad-

500 3756 764 3814 versionis
791 3752 1218 3825 apostolicmque
1274 3746 1670 3803 maledictionis
1707 3745 1978 3800 ultionem
2014 3742 2096 3797 in-

505 3865 752 3917 currere,
801 3862 899 3918 pro
929 3844 1104 3918 gratia
1133 3852 1189 3898 et
1230 3840 1607 3897 benedictione
1644 3854 1782 3910 quas
1810 3853 1923 3893 non
1945 3844 2100 3892 curat

402 4002 420 4010 ,
506 3944 726 4001 habere.
772 3943 855 3995 De
880 3935 1351 3995 administratione
1385 3948 1513 3989 vero
1537 3932 1723 3988 altaris
1751 3930 1900 4002 quod
1931 3944 2096 3999 supra

508 4051 710 4109 corpus
746 4033 889 4090 beati
933 4029 1172 4086 Bassiani
1214 4026 1539 4084 confessoris
1565 4025 1737 4081 situm
1777 4031 1881 4089 est,
1923 4023 2100 4078 omni-

509 4148 581 4188 no
609 4127 953 4202 praecipimus
985 4133 1052 4180 ut
1078 4123 1261 4178 nullus
1288 4121 1335 4176 ei
1365 4118 1749 4175 administrare
1781 4124 2100 4189 praesumat,

510 4225 605 4299 qui
640 4224 724 4279 vel
756 4221 929 4294 pretio
972 4220 1031 4274 in
1066 4214 1320 4273 eamdem
1351 4212 1617 4270 introierit
1656 4212 1962 4279 ecclesiam,
2005 4223 2108 4276 ve\

510 4322 605 4394 qui
632 4317 933 4377 fornicator
950 4322 1052 4379 est,
1082 4320 1178 4368 aut
1199 4310 1375 4382 turpis
1403 4308 1541 4365 lucri
1559 4317 1813 4389 sectator.

584 4418 725 4472 Data
752 4415 971 4479 Romae,
1011 4407 1201 4480 quinto
1234 4407 1426 4461 Nonas
1451 4403 1652 4472 Martii,
1683 4403 1976 4463 indictione
2009 4405 2105 4462 de-

512 4509 654 4568 cima
696 4506 879 4564 tertia.

908 4603 1055 4667 (373)
1092 4594 1457 4653 DICTATUS
1493 4595 1719 4650 ΡΑΡᾸΞ.

592 4697 742 4765 Quod
783 4698 1024 4752 Romana
1071 4691 1306 4747 Ecclesia
1346 4705 1381 4744 a
1426 4688 1532 4744 solo
1590 4688 1820 4742 Domino
1866 4687 1938 4741 sit
1983 4688 2110 4754 fun-

520 4792 673 4847 data.
1262 4798 1263 4801 η

594 4883 750 4953 Quod
779 4880 925 4938 solus
952 4883 1223 4937 Romanus
1240 4862 1497 4948 pontifem
1512 4875 1642 4945 jure
1661 4873 1880 4929 dicatur
1905 4876 2112 4929 univer-

521 4979 670 5035 salis.

554 5056 557 5061 ”
594 5069 747 5139 Quod
794 5069 887 5123 ille
923 5067 1069 5123 solus
1098 5065 1270 5135 possit
1315 5064 1573 5134 deponere
1614 5062 1875 5131 episcopos
1905 5058 1991 5114 vel
2025 5075 2111 5114 re—

518 5165 820 5220 conciliare.
1850 5168 1857 5169 ί

597 5257 748 5325 Quod
774 5257 978 5325 legatus
1006 5254 1119 5323 ejus
1149 5251 1394 5305 omnibus
1419 5249 1675 5319 episcopis
1697 5248 1887 5316 prcesit
1915 5245 1975 5299 in
2000 5260 2113 5298 con-

522 5353 661 5414 cilio,
694 5350 862 5404 etiam
894 5348 1171 5414 inferioris
1204 5344 1428 5414 gradus,
1480 5347 1530 5396 et
1558 5341 1817 5395 adversus
1859 5354 1943 5393 eos
1989 5351 2107 5392 sen-

522 5448 742 5500 tentiam
777 5442 1120 5510 depositionis
1144 5440 1317 5508 possit
1355 5437 1503 5490 dare.

595 5537 745 5606 Quod
775 5536 1014 5590 absentes
1037 5549 1185 5603 papa
1206 5533 1376 5602 possit
1407 5531 1684 5600 deponere.

597 5630 753 5700 Quod
794 5645 914 5684 cum
960 5627 1428 5697 excommunicatis
1477 5624 1547 5678 ab
1582 5624 1698 5685 illo,
1737 5624 1878 5677 inter
1922 5625 2113 5675 caetera

524 5742 619 5783 nec
645 5727 708 5779 in
735 5724 919 5780 eadem
948 5722 1103 5777 domo
1131 5719 1376 5776 debemus
1404 5733 1633 5773 manere.

1122 298 1174 352 S.
1219 290 1541 350 GREGOBII
1578 289 1665 342 VII
1705 286 1901 341 ΡΑΡᾹΞ
1939 276 2215 339 OPERUM
2252 279 2426 335 PARS
2468 279 2506 333 I.
2548 305 2616 317 -—
2653 269 3051 359 BEQISTRUM.

2066 418 2119 479 Α
2219 366 2381 478 Quod]
2407 407 2492 462 illi
2529 403 2630 460 soli
2669 405 2789 458 licet
2810 415 2914 473 pro
2943 399 3194 468 temporis
3231 397 3536 451 necessitate
3569 406 3734 446 novas

3572 264 3729 339 eos

2145 505 2282 573 leges
2320 501 2559 568 condere,
2608 514 2774 553 novas
2800 495 2978 567 plebes
3005 506 3346 560 congregare,
3379 487 3444 542 de
3481 487 3736 541 canonica

2145 598 2424 653 abbatiam
2452 592 2656 662 facere,
2674 596 2727 647 et
2756 592 2971 644 econtra
3010 586 3234 641 divitem
3259 584 3622 653 episcopatum
3652 579 3735 634 di-

2147 692 2349 758 videre,
2372 693 2423 742 et
2452 690 2632 757 inopes
2655 685 2831 740 unire.

2221 783 2371 852 Quod
2400 783 2543 836 solus
2566 780 2737 850 possit
2764 778 2851 831 uti
2880 772 3253 844 imperialibus
3284 769 3555 838 insigniis.

2223 877 2374 944 Quod
2416 875 2581 930 solius
2621 886 2782 943 papa:
2804 869 2967 941 pedes
3013 881 3188 921 omnes
3211 864 3488 935 principes
3527 860 3744 916 deoscu-

2152 974 2346 1026 lentur.

2226 1064 2378 1133 Quod
2405 1064 2557 1117 illius
2582 1062 2745 1115 solius
2776 1072 2965 1112 nomen
2995 1057 3053 1109 in
3079 1053 3326 1110 Ecclesiis
3357 1051 3634 1104 recitetur.

2227 1157 2377 1226 Quod
2406 1158 2622 1211 unicum
2648 1157 2726 1209 est
2748 1166 2938 1206 nomen
2963 1151 3023 1202 in
3062 1145 3281 1202 mundo.

2228 1251 2379 1320 Quod
2407 1250 2493 1304 illi
2520 1250 2676 1303 liceat
2702 1247 3044 1316 imperatores
3072 1241 3353 1310 deponere.

2231 1344 2380 1413 Quod
2405 1341 2495 1397 illi
2522 1343 2679 1397 liceat
2721 1339 2788 1394 de
2827 1336 2950 1393 sede
2994 1335 3069 1390 ad
3095 1333 3273 1389 sedem
3319 1331 3631 1385 necessitate
3674 1340 3754 1381 co-

2161 1443 2314 1506 gente
2339 1438 2604 1507 episcopos
2636 1435 3028 1504 transmittare.

2234 1530 2383 1600 Quod
2422 1530 2489 1584 de
2516 1530 2662 1583 omni
2700 1526 2935 1583 Ecclesia
2983 1542 3000 1575 :
3031 1533 3343 1593 quocunque
3381 1513 3752 1588 [quacunque]

2162 1627 2406 1688 voluerit,
2444 1623 2694 1678 clericum
2732 1620 2908 1674 valeat
2943 1616 3217 1672 ordinare.

2237 1718 2389 1787 Quod
2410 1717 2482 1772 ab
2510 1717 2604 1770 illo
2623 1714 2906 1769 ordinatus
2931 1711 3032 1765 alii
3050 1709 3293 1776 Ecclesia:
3318 1718 3543 1776 praesse
3561 1706 3757 1773 potest,

2167 1814 2379 1869 sednon
2396 1811 2651 1871 militare,
2674 1813 2725 1863 et
2917 1805 2986 1858 ab
3011 1804 3192 1872 aliquo
3217 1801 3455 1871 episcopo
3476 1811 3581 1851 non
3609 1795 3762 1851 debet

2167 1908 2498 1978 superiorem
2527 1902 2763 1972 gradum
2791 1901 3049 1968 accipere.

2241 1999 2395 2069 Quod
2443 1994 2876 2064 nullasynodus
2906 1992 3105 2061 absque
3144 1990 3416 2059 prcecepto
3453 1984 3565 2054 ejus
3610 1982 3764 2037 debet

2173 2094 2440 2165 generalis
2469 2091 2668 2145 vocari.

2245 2186 2393 2254 Quod
2419 2184 2628 2239 nullum
2656 2180 2978 2251 capitulum,
2998 2177 3285 2246 nullusque
3309 2171 3450 2226 liber
3474 2171 3768 2226 canonicus

2175 2281 2442 2337 habeatur
2464 2279 2665 2347 absque
2692 2275 2844 2329 illius
2872 2272 3213 2326 auctoritate.

2250 2373 2401 2441 Quod
2428 2371 2694 2426 sententia
2720 2368 2870 2422 illius
2899 2383 2934 2420 a
2965 2362 3114 2419 nullo
3151 2363 3340 2418 debeat
3369 2359 3675 2425 retractari,
3719 2359 3773 2411 et

2178 2473 2294 2540 ipse
2331 2468 2569 2522 omnium
2596 2464 2739 2518 solus
2776 2464 3076 2515 retractare
3114 2459 3304 2527 possit.

2257 2561 2410 2631 Quod
2437 2577 2473 2614 a
2502 2559 2714 2613 nemine
2751 2557 2869 2625 ipse
2895 2553 3147 2631 judicari
3160 2551 3368 2605 debeat.
3772 2609 3776 2614 ,

2256 2630 2408 2724 Quod
2434 2655 2615 2709 nullus
2641 2650 2841 2705 audeat
2865 2630 3210 2703 condemnare
3227 2640 3576 2713 apostolicam
3597 2639 3775 2694 sedem

2187 2751 2563 2824 appellantem.

2261 2844 2412 2913 Quod
2439 2842 2668 2911 majores
2697 2852 2872 2893 causa:
2899 2834 3252 2904 cujuscunque
3280 2831 3525 2887 Ecclesia
3549 2827 3624 2882 ad
3661 2841 3780 2881 eam

2190 2942 2393 3009 referri
2429 2937 2673 2992 debeant.

2262 3031 2413 3101 Quod
2450 3034 2691 3084 Romana
2729 3024 2962 3080 Ecclesia
3003 3035 3285 3090 nunquam
3329 3019 3556 3085 erravit,
3604 3029 3699 3069 nec
3724 3015 3784 3067 in

2187 3131 2526 3198 perpetuum,
2561 3122 2843 3189 Scriptura
2885 3119 3130 3182 testante,
3162 3111 3387 3168 errabit.

2268 3217 2419 3289 Quod
2439 3220 2709 3273 Romanus
2730 3212 3010 3282 pontifex,
3033 3210 3083 3263 si
3109 3208 3352 3262 canonice
3370 3205 3540 3273 fuerit
3568 3201 3787 3257 ordina-

2200 3320 2320 3381 tus,
2362 3310 2571 3366 meritis
2604 3307 2746 3361 beati
2787 3305 2937 3360 Petri
2970 3301 3347 3356 indubitanter
3392 3297 3629 3366 efﬁcitur
3662 3309 3786 3349 san-

2198 3413 2332 3476 ctus,
2382 3406 2608 3460 testante
2648 3402 2826 3455 sancto
2868 3395 3107 3452 Ennodio
3158 3392 3412 3462 Papiensi
3450 3391 3707 3460 episcopo,
3739 3389 3791 3442 ei

2198 3502 2383 3556 multis
2418 3498 2617 3553 sanctis
2644 3492 2900 3550 Patribus
2932 3487 3260 3556 faventibus,
3292 3486 3429 3540 sicut
3464 3485 3523 3536 in
3552 3482 3785 3537 decretis

2203 3596 2348 3650 beati
2375 3588 2689 3661 Symmachi
2716 3600 2876 3656 papae
2903 3583 3221 3638 continetur.

2275 3686 2426 3756 Quod
2461 3684 2613 3739 illius
2655 3684 2921 3752 pracepto
2967 3681 3018 3731 et
3063 3675 3283 3729 licentia
3322 3671 3573 3740 subjectis
3629 3669 3798 3723 liceat

2202 3794 2469 3838 accusare.

2277 3873 2429 3942 Quod
2471 3870 2669 3939 absque
2717 3864 2968 3936 synodali
3009 3865 3262 3918 concentu
3312 3858 3485 3930 possit
3530 3857 3801 3927 episcopos

2207 3970 2463 4040 deponere
2491 3968 2541 4019 et
2568 3960 2927 4018 reconciliare.

2281 4060 2430 4129 Quod
2478 4057 2772 4113 catholicus
2803 4068 2908 4108 non
2948 4051 3208 4107 habeatur
3239 4050 3338 4119 qui
3374 4062 3481 4102 non
3523 4042 3806 4100 concordat

2215 4159 2462 4212 Romanae
2502 4151 2768 4208 Ecclesiae.

2296 4248 2449 4317 Quod
2473 4263 2508 4300 a
2529 4245 2791 4314 ﬁdelitate
2807 4243 3115 4311 iniquorum
3136 4236 3395 4306 subjectos
3413 4237 3590 4307 potest
3622 4231 3809 4286 absol-

2218 4360 2356 4402 vere.

2739 4427 3095 4484 EPISTOLA
3134 4426 3277 4480 LVI.

2298 4545 2379 4586 AD
2417 4538 2756 4585 MANASSBM
2794 4535 3130 4579 REMBNSRM
3176 4528 3723 4575 ABCIUEPISCOPUI.

2793 4617 2973 4687 (Anno
3030 4616 3218 4673 1075.)

2216 4721 2421 4789 Arguit
2447 4714 2594 4787 quod
2625 4712 2905 4789 negligens
2944 4709 3115 4776 fuerit
3143 4708 3201 4789 in
3226 4720 3412 4789 causa
3449 4702 3814 4789 Catalaunen-

2288 4778 2431 4845 siam
2449 4778 2790 4843 clericorum.‘
2800 4784 3117 4852 Episcopum
3141 4778 3572 4852 Catalaunensem
3584 4779 3815 4852 propter

2290 4860 2707 4917 inobedientiam
2745 4845 3110 4922 deponendum
3152 4864 3257 4904 esse
3302 4848 3519 4922 statuit,
3566 4846 3655 4898 cui
3690 4845 3817 4922 vult

2289 4932 2518 5003 prcecipi
2560 4932 2637 5003 ut
2670 4918 2871 5003 clericis
2913 4919 3395 5003 Catalaunensibus
3442 4919 3574 5003 bona
3621 4918 3818 4984 erepta

2290 4987 2568 5059 restituat.
2603 4997 2753 5065 Quod
2779 4996 2829 5049 si
2852 5008 3045 5064 parere
3066 4992 3315 5065 noluerit,
3342 4987 3568 5065 mandat
3592 5000 3815 5065 amcam-

2289 5057 2584 5137 municari,
2606 5057 2817 5123 dddens
2839 5057 2901 5120 ut
2930 5065 3021 5119 ille
3051 5063 3137 5118 vel
3163 5077 3342 5116 coram
3369 5062 3483 5115 suis
3511 5058 3702 5127 legatis
3728 5057 3819 5111 vel

2290 5162 2467 5201 coram
2505 5159 2562 5198 se
2599 5141 2918 5209 compareat.

2294 5250 2648 5305 Gnsconws
2716 5240 3023 5311 episcopus,
3104 5250 3291 5292 servus
3340 5246 3624 5291 servorum
3686 5229 3815 5296 Dei,

2218 5343 2517 5397 ΜΑΝΑεεΑε
2551 5332 2805 5392 Remensi
2843 5330 3275 5403 archiepiscopo,
3309 5325 3544 5383 salutem
3588 5330 3644 5379 et
3684 5336 3817 5394 apo-

2219 5434 2471 5490 stolicam
2513 5426 2975 5485 benedictionem.

2290 5526 2344 5582 Si
2386 5533 2439 5580 te
2482 5521 2763 5595 pastoralis
2807 5518 3090 5592 regiminis
3128 5531 3280 5584 cura,
3345 5520 3511 5585 prout
3575 5517 3816 5583 oportet,

2220 5618 2512 5675 sollicitum
2560 5615 2832 5682 redderet,
2881 5612 3202 5669 clericorum
3249 5605 3656 5665 Catalaunensis
3705 5607 3815 5658 Ec-

2219 5713 2397 5770 clesiae
2431 5725 2614 5779 causa,
2656 5709 2816 5766 toties
2848 5706 2917 5764 ad
2944 5721 3048 5761 nos
3075 5703 3263 5770 relata,
3297 5699 3629 5773 jamdudum
3656 5711 3816 5753 com-

2132 4485 2183 4548 ll

592 5852 740 5916 (373)
783 5850 947 5906 Hunc
984 5845 1390 5919 supposititium
1436 5858 1554 5900 esse
1584 5850 1708 5914 post
1751 5840 1883 5896 alios
1912 5839 2110 5911 probat
2149 5838 2350 5909 Pagius
2372 5836 2443 5893 ad
2469 5852 2559 5893 an.
2592 5834 2723 5891 Chr.
2757 5836 2915 5900 1077,
2945 5846 3004 5885 n.
3045 5836 3099 5884 8.
