4074 6172
226 349 331 404 409

1295 353 1492 408 LIBER
1531 308 1890 407 SECUNDUS.
1930 380 2001 391 --
2040 334 2243 407 EPIST.
2288 352 2455 407 LVIII.

3418 351 3523 404 M0

230 482 509 545 petentem
543 473 851 531 terminum
880 476 1191 548 accepisset.
1220 477 1325 534 Sed
1350 477 1615 549 quoniam
1642 475 1818 548 negli-
1847 479 1897 541 Α
1926 485 2149 532 vertere.
2184 479 2417 532 Deceret
2443 475 2612 532 etiam
2638 484 2697 531 ut
2727 489 2866 547 quos
2888 474 3208 531 miserabilis
3236 482 3524 546 paupertas

231 568 410 641 gentia
437 575 553 634 tua,
585 576 640 623 et
657 568 899 641 episcopi
943 568 1206 641 predicta
1244 570 1477 626 civitatis
1502 569 1820 626 inobedien-

229 662 321 726 tia,
371 660 655 733 hucusque
714 670 990 733 protracta
1063 672 1168 733 est,
1236 680 1461 721 necesse
1510 663 1671 719 nobis
1720 662 1824 719 fuit

229 753 440 810 clericis
484 754 671 811 tandiu
718 753 942 812 afﬂictis
988 773 1323 826 succurrere,
1376 766 1431 813 et
1459 756 1825 813 inobedientis

227 847 628 906 contumaciam
660 850 978 920 apostolica
1001 851 1342 908 auctoritatis
1381 851 1570 923 vigore
1598 859 1825 906 contun-

230 942 378 998 dere.
430 942 618 998 Multis
667 942 816 1000 enim
854 943 1032 1001 modis
1087 944 1349 1016 prafatus
1408 944 1824 1002 Catalaunensis

228 1037 518 1107 episcopus
544 1044 753 1093 nostra
776 1036 1009 1109 jussioni
1031 1055 1219 1110 parere
1249 1039 1600 1110 contempsit.
1636 1038 1822 1095 Primo

228 1130 377 1184 enim
425 1138 656 1186 vocatus
692 1130 761 1186 ad
791 1130 1058 1204 synodum
1095 1133 1278 1188 venire
1314 1132 1573 1205 neglexit.
1606 1135 1689 1187 De
1729 1148 1824 1188 ore

228 1231 417 1278 nostro
476 1223 888 1294 praesentialiter
936 1224 1004 1281 de
1044 1224 1391 1282 restitutione
1430 1224 1822 1282 beneﬁciorum

226 1316 554 1372 clericorum
580 1324 857 1388 pracepta
902 1318 1230 1390 suscipiens,
1260 1316 1527 1375 obaudire
1555 1318 1818 1392 despexit.

226 1408 449 1465 Litteris
473 1407 673 1466 deinde
700 1410 905 1467 nostris
934 1410 1254 1469 admonitus
1270 1455 1285 1482 ,
1312 1411 1515 1468 iterum
1541 1428 1665 1484 qua
1688 1428 1826 1484 pra-

229 1503 475 1574 cepimus
502 1502 804 1575 adimplere
823 1505 1038 1577 sprevit.
1067 1505 1447 1576 Quamobrem
1461 1513 1683 1577 propter
1706 1513 1822 1561 tam

230 1612 516 1653 enormem
542 1595 924 1655 inobedientia
950 1600 1314 1655 temeritatem
1345 1599 1648 1671 apostolica
1685 1616 1821 1655 auc-

228 1692 440 1747 toritate
487 1692 639 1747 omni
680 1691 966 1763 episcopali
1018 1693 1204 1749 ofﬁcio
1252 1692 1580 1765 privandum
1611 1694 1820 1749 censui-

234 1799 371 1851 mus,
399 1791 460 1840 et
500 1784 620 1840 hac
669 1800 767 1856 per
797 1794 851 1841 te
892 1794 1118 1842 strenue
1153 1787 1415 1859 compleri
1464 1788 1617 1843 omni
1663 1802 1816 1843 mora

1931 577 1988 625 et
2014 568 2171 625 ruina
2211 569 2451 626 ecclesia
2503 577 2694 625 vestra
2739 567 3125 640 compatiendo
3180 582 3293 623 non
3326 568 3522 639 tangit,

1931 662 2252 718 verecundia
2267 663 2449 719 saculi
2471 703 2485 725 ,
2507 671 2560 718 et
2601 662 2875 718 inﬁrmata
2908 670 2963 717 et
2981 661 3208 717 omnino
3231 668 3523 732 contemp-

1932 755 2009 811 tui
2056 754 2239 810 habita
2284 756 2514 827 quastio
2565 764 2741 811 vestra
2796 754 3071 812 silentium
3112 754 3392 826 imponere
3428 752 3521 810 de-

1932 849 2162 905 buisset.
2194 848 2355 904 Unde
2390 848 2767 914 admonemus,
2791 857 2853 905 ut
2880 848 3020 904 inter
3038 864 3135 904 vos
3160 846 3392 904 ulterius
3411 861 3521 902 non

1930 942 2039 998 sint
2065 941 2365 998 schismata
2395 951 2449 997 et
2496 941 2877 999 contentiones
2907 941 3005 997 sed
3032 941 3180 1011 quod
3207 955 3311 996 nos
3350 938 3520 995 senti-

1932 1051 2085 1101 mus,
2116 1034 2264 1107 quod
2317 1035 2483 1091 nobis
2531 1034 2753 1101 sufﬁcit,
2783 1034 2932 1105 quod
2975 1037 3225 1089 Romana
3255 1032 3523 1105 approbat

1931 1129 2196 1197 Ecclesia,
2228 1144 2326 1184 vos
2380 1128 2619 1200 idipsum
2648 1127 2892 1183 sentiatis
2924 1135 2979 1182 et
3016 1125 3265 1194 teneatis,
3295 1125 3523 1181 scientes

1932 1223 2059 1295 quia
2100 1220 2201 1278 no's
2228 1222 2377 1278 nullo
2409 1222 2573 1278 modo
2624 1221 2898 1293 patiemur
2938 1219 3041 1275 sub
3074 1217 3395 1290 hujusmodi
3425 1234 3523 1274 oc-

1931 1316 2157 1372 casione
2182 1314 2428 1372 scandali
2445 1356 2461 1383 ,
2489 1331 2583 1370 seu
2612 1314 2893 1369 inutilium
2934 1311 3399 1383 disceptationum
3428 1327 3521 1367 va-

1931 1408 2201 1465 nitatibus
2264 1408 2552 1465 ecclesiam
2597 1415 2851 1463 nostram
2899 1405 3198 1472 devastari,
3255 1403 3349 1459 sed
3405 1402 3524 1474 ejus

1931 1503 2168 1559 miseria
2198 1510 2362 1575 atque
2407 1498 2746 1569 necessitati,
2773 1507 2936 1572 prout
2975 1502 3125 1554 Deus
3170 1495 3522 1562 concesserit,

1932 1610 2048 1651 non
2085 1595 2264 1651 solum
2288 1594 2584 1666 loquendo,
2613 1593 2709 1649 sed
2732 1602 2785 1649 et
2812 1591 3116 1648 vindictam
3135 1598 3329 1647 contra
3351 1589 3527 1662 ipsius

1933 1689 2190 1744 inimicos
2217 1687 2525 1744 exercendo
2542 1687 2949 1743 subveniemus.

1999 1784 2145 1837 Data
2162 1784 2379 1851 Romae,
2396 1789 2595 1854 quarto
2609 1783 2725 1849 [ιιι]
2748 1783 2935 1836 Nonas
2954 1778 3207 1845 Martias,
3222 1777 3524 1835 indictione

237 1878 527 1950 postposita
554 1846 871 1935 statuimus.
901 1882 1100 1936 Denuo
1120 1846 1552 1936 etiam-ﬁrmiter
1577 1880 1820 1952 pracipi-
1852 1846 1899 1908 B
1929 1874 2143 1933 decima
2164 1874 2349 1933 tertia.

240 1987 357 2027 mus
395 1980 459 2027 ut
517 1971 568 2027 ei
614 1969 975 2028 nihilominus
1002 1972 1260 2045 injungas
1294 1990 1360 2029 ex
1395 1982 1586 2031 nostra
1634 1982 1690 2030 et
1725 1982 1819 2031 tua

237 2074 402 2136 parte,
451 2073 728 2137 quatenus
771 2066 1040 2137 praedictis
1089 2067 1299 2124 clericis
1344 2077 1529 2139 erepta
1575 2068 1723 2124 bona
1763 2076 1821 2123 et
1871 2138 1877 2143 _

238 2157 516 2229 beneﬁcia,
551 2159 704 2215 omni
753 2160 1104 2218 excusatione
1146 2161 1467 2233 postposita,
1504 2161 1820 2235 ubicunque

242 2268 459 2308 manere
483 2252 782 2322 voluerint,
820 2254 1094 2319 restituat,
1127 2254 1388 2327 adjuncto
1417 2263 1471 2311 et
1510 2263 1821 2312 restaurato

240 2344 382 2415 quod
422 2345 495 2401 de
524 2346 710 2402 usibus
747 2362 931 2403 rerum
958 2363 1182 2404 suarum
1212 2348 1584 2428 perdiderunt,
1615 2364 1681 2405 ex
1709 2364 1820 2421 quo

236 2454 332 2494 nos
359 2437 408 2494 ei
465 2438 834 2513 praecipimus.
862 2442 979 2496 Hac
1027 2442 1162 2510 vice,
1204 2442 1248 2498 si
1301 2441 1428 2498 huic
1456 2451 1649 2498 nostro
1681 2458 1820 2513 pra-

238 2540 389 2604 cepto
414 2532 801 2604 obtemperare
822 2534 1080 2603 noluerit,
1104 2536 1422 2592 omnimodo
1449 2551 1481 2591 a
1499 2551 1729 2607 corpore
1766 2544 1822 2592 et

233 2626 489 2698 sanguine
530 2626 756 2681 Domini
786 2637 1056 2696 arceatur,
1103 2628 1282 2686 donec
1330 2645 1426 2700 per
1452 2628 1821 2685 obedientiam

234 2718 405 2774 discat
437 2727 644 2776 sancta
681 2723 947 2776 Romana
1001 2720 1258 2778 Ecclesia
1286 2721 1427 2778 colla
1471 2722 1820 2790 submittere,

237 2811 316 2867 cui
371 2828 468 2885 per
531 2812 956 2869 inobedicntiam
1006 2830 1121 2870 non
1187 2815 1409 2871 erubuit
1454 2815 1821 2871 recalcitrare.

235 2906 285 2962 Si
338 2921 464 2961 vero
512 2906 677 2977 legati
728 2906 903 2962 nostri
950 2905 1021 2964 ad
1065 2907 1372 2964 Galliarum
1425 2916 1605 2980 partes
1650 2925 1823 2980 usque

234 2998 296 3054 ad
324 2998 604 3055 Kalendas
620 2998 877 3056 Octobris
894 2999 1076 3068 ierint,
1092 3009 1215 3057 ante
1237 3001 1585 3073 prasentiam
1606 3001 1821 3058 illorum

235 3107 288 3147 se
311 3101 559 3163 paratum
588 3092 656 3148 ad
686 3094 1137 3165 expurgationem
1163 3110 1320 3151 suam
1346 3103 1672 3165 praesentare
1701 3111 1824 3168 pro-

236 3193 401 3240 curet.
424 3186 517 3241 Sin
545 3195 750 3254 autem,
791 3187 861 3242 ad
904 3185 1256 3243 festivitatem
1285 3188 1548 3244 Omnium
1594 3191 1827 3246 Sancto-

234 3293 355 3334 rum
398 3287 525 3335 ante
552 3294 657 3335 nos
685 3295 744 3336 se
775 3280 1210 3355 expurgandum,
1242 3282 1391 3337 omni
1417 3282 1699 3339 occasione
1744 3299 1828 3339 re-

236 3381 404 3441 mota,
430 3382 745 3445 prasentet.

302 3468 445 3522 Data
486 3470 701 3536 Roma,
750 3475 947 3541 quarto
1000 3469 1189 3525 Nonas
1263 3470 1471 3539 Martii,
1533 3468 1827 3526 indictione

236 3559 441 3616 decima
488 3561 670 3617 tertia.

733 3666 1084 3721 EPISTOLA
1142 3666 1312 3721 LVII.

774 3779 856 3819 AD
908 3776 1258 3820 FESULANOS
1271 3804 1285 3819 .

806 3865 989 3930 (Anno
1048 3860 1226 3933 1075.)

239 3959 482 4027 Increpat
499 3975 582 4015 eos
610 3959 753 4029 quod
774 3960 1060 4028 super/luis
1082 3961 1445 4026 quaerimom‘is
1469 3964 1658 4015 contra
1672 3977 1829 4017 suum

304 4032 604 4101 episcopum
679 4030 978 4102 repetendis
1030 4029 1273 4102 Ecclesia
1344 4033 1621 4085 Fesulana
1674 4033 1831 4087 dam-

302 4118 377 4155 na
441 4099 701 4169 inferant.
733 4099 753 4102 ⁷
786 4102 937 4156 Unde
1006 4103 1084 4154 eis
1127 4099 1397 4155 silentium
1458 4106 1723 4172 imponit;
1777 4119 1832 4159 se

302 4179 482 4299 putem
526 4174 672 4228 nullo
733 4173 889 4228 modo
949 4186 1239 4241 passurum
1310 4173 1576 4228 ecclesiam
1649 4175 1832 4230 devas-

326 4260 435 4299 an.

304 4346 669 4402 GnnGoatus
684 4345 995 4418 episcopus,
1016 4362 1206 4403 servus
1224 4362 1509 4403 servorum
1522 4346 1641 4413 Dei,
1652 4348 1823 4403 Fesu-

238 4437 366 4494 lano
428 4438 577 4494 clero
606 4447 661 4494 et
709 4440 936 4511 populo,
990 4439 1291 4511 majoribus
1354 4438 1602 4496 videlicet
1662 4449 1826 4513 atque

238 4531 557 4600 minoribus,
607 4532 839 4588 salutem
869 4540 924 4588 et
968 4533 1325 4605 apostolicam
1369 4532 1823 4591 benedictionem.

2394 1991 2745 2047 EPISTOLA
2797 1974 2991 2045 LVIII.

2003 2120 2084 2160 AD
2116 2118 2457 2159 MANASSEM
2502 2116 2836 2159 BBMENSEK
2873 2094 3448 2157 .ABCHIEPISCOPUM.

2503 2220 2688 2282 (Anno
2710 2218 2891 2281 1075.)

1935 2336 2002 2388 Ut
2041 2334 2437 2391 Noviomensem
2469 2332 2775 2401 episcopum
2818 2329 2903 2401 ad,
2941 2331 3269 2396 Brugensem
3314 2327 3523 2389 uillam,

1997 2422 2032 2458 a
2083 2403 2432 2473 Trajectensis
2475 2400 2703 2471 episcopi
2731 2400 3103 2473 iurisdictione
3153 2401 3411 2473 ereptam,
3477 2402 3530 2473 si:

1998 2475 2064 2529 id
2099 2469 2207 2529 sibi
2224 2469 2539 2535 constiterit,
2570 2469 2963 2526 restituendum
2991 2469 3287 2539 compellat,
3320 2470 3368 2523 si
3393 2469 3527 2538 quid

2001 2552 2180 2600 autem
2185 2546 2330 2614 juris
2342 2560 2395 2599 se
2414 2548 2583 2614 putat
2597 2544 2811 2611 habere,
2838 2545 2897 2597 in
2910 2541 3109 2611 synodo
3126 2555 3341 2595 causam
3371 2546 3520 2610 agat.

2001 2661 2346 2717 Gascoaws
2371 2661 2680 2732 episcOpus,
2714 2673 2900 2713 servus
2930 2673 3217 2713 servorum
3244 2657 3370 2723 Dei,
3401 2657 3527 2711 MA-

1931 2769 2141 2810 nassa
2160 2753 2427 2808 Remensi
2455 2752 2890 2824 archiepiscopo,
2929 2750 3166 2806 salutem
3193 2758 3247 2805 et
3271 2747 3531 2820 apostoli-

1931 2863 2055 2902 cam
2106 2844 2575 2901 benedictionem.
2833 2856 2842 2867 ο

2002 2939 2310 2996 Confratris
2374 2939 2554 2994 nostri
2602 2938 2969 3008 Trajectensis
3034 2937 3277 3007 episcopi
3332 2935 3526 2990 Wilel-

1934 3035 2010 3090 mi
2043 3039 2182 3101 (374)
2220 3032 2502 3105 querelam
2530 3030 2601 3087 de
2629 3031 2897 3103 Brugensi
2949 3029 3215 3098 Ecclesia,
3243 3029 3302 3083 in
3326 3029 3529 3084 Novio-

1941 3128 2115 3183 mensi
2143 3126 2419 3200 episcopio
2450 3126 2555 3181 sita
2583 3125 2782 3180 litteris
2805 3124 2977 3196 ipsius
3023 3123 3337 3194 expositam
3373 3137 3525 3177 acce-

1860 3222 1910 3288 C
1939 3223 2140 3293 pimus,
2170 3236 2339 3292 quam
2391 3228 2446 3276 et
2493 3228 2624 3275 ante
2664 3218 2958 3275 dominum
2993 3225 3049 3274 et
3086 3215 3526 3289 predecessorem

1937 3324 2190 3371 nostrum
2242 3329 2446 3387 papam
2475 3311 2857 3370 Alexandrum
2907 3311 3243 3383 depositam,
3282 3307 3526 3365 necdum

1934 3409 2273 3480 competenti
2296 3407 2536 3462 termino
2567 3406 2802 3478 contigit
2828 3404 3069 3461 deﬁniri.
3093 3403 3311 3459 Astruit
3339 3411 3528 3459 autem

1937 3500 2602 3573 episc0pusTrajectensis
2627 3499 2881 3555 eamdem
2903 3498 3205 3578 Ecclesium
3227 3497 3527 3553 traditione

1933 3595 2159 3667 antiqua
2188 3593 2307 3650 sedi
2353 3608 2466 3649 sua
2508 3592 2818 3664 delegatam
2845 3592 3095 3648 ducentis
3148 3591 3319 3648 ferme
3364 3590 3535 3657 annis

1935 3689 2183 3744 absolute
2200 3696 2256 3744 et
2270 3687 2452 3760 quiete
2480 3685 2550 3742 ad
2571 3703 2702 3741 usus
2720 3685 3109 3757 stipendiarios
3127 3685 3528 3742 canonicorum

1934 3782 2369 3855 Trajectensium
2386 3780 2686 3849 detentum,
2707 3778 2885 3836 donec
2897 3779 3119 3835 Raboth
3139 3778 3528 3834 Noviomensis

1936 3878 2239 3949 episcopus,
2287 3874 2494 3947 absque
2528 3874 2639 3929 ullo
2683 3874 2954 3930 canonico
3007 3871 3242 3945 judicio,
3272 3873 3380 3929 sibi
3404 3888 3527 3929 eam

1936 3969 2227 4042 subripuit,
2260 3978 2336 4037 et,
2367 3977 2429 4024 ut
2455 3965 2740 4024 afﬁrmant
2777 3968 2944 4040 legati
2977 3966 3149 4039 (quod
3179 3969 3403 4040 gravius
3445 3977 3529 4024 est

1937 4074 1991 4122 et
2020 4065 2251 4120 omnino
2280 4063 2577 4131 illicitum),
2609 4062 2767 4118 alteri
2794 4060 3018 4118 cuidam
3046 4061 3243 4117 clerico
3265 4060 3526 4118 vendidit.

1935 4162 2283 4230 QuaprOpter
2317 4156 2732 4229 suffraganeum
2757 4164 2918 4211 tuum
2948 4156 3376 4211 Noviomensem
3417 4156 3530 4226 epi-

1938 4268 2165 4325 scopum
2195 4267 2292 4323 per
2320 4259 2376 4306 te
2403 4249 2843 4306 conveniendum
2869 4264 2987 4305 esse
3021 4250 3359 4316 censuimus,
3382 4258 3437 4305 et
3456 4236 3525 4307 de

1939 4354 2094 4403 tanta
2133 4344 2511 4418 perversitate,
2562 4344 2608 4398 si
2635 4344 2713 4398 ita
2744 4358 2863 4398 esse
2892 4343 3228 4409 constiterit,
3285 4344 3527 4400 severius

1934 4438 2360 4511 increpandum,
2390 4453 2454 4493 ac
2477 4436 2711 4492 subinde
2740 4435 3172 4505 admonendum,
3215 4437 3329 4491 imo
3358 4437 3526 4492 etiam

1935 4531 2397 4605 compellendum,
2427 4539 2489 4586 ut
2508 4546 2783 4587 canonum
2802 4537 3006 4585 statuta
3026 4528 3328 4600 sequendo,
3357 4528 3527 4586 eccle-

306 4625 577 4681 Miramur
617 4625 746 4682 satis
772 4625 919 4697 quod
961 4625 1032 4682 de
1077 4627 1240 4683 causa
1292 4627 1600 4683 lrasmundi
1648 4630 1829 4696 [Tras-
1856 4638 1907 4700 Ῑ)
1936 4630 2078 4685 siam
2104 4626 2532 4699 Trajectensem,
2566 4639 2690 4696 qua
2710 4631 2869 4680 tanto
2891 4632 3140 4695 tempore
3163 4622 3407 4695 possedit
3425 4638 3525 4679 sua

243 4717 442 4787 mundi]
492 4710 731 4791 episcopi
773 4719 935 4776 vestri
990 4722 1261 4777 Romana
1308 4720 1566 4777 Ecclesia
1619 4720 1829 4777 sufﬁcit

245 4810 562 4881 quibusdam
590 4820 836 4868 vestrum
862 4829 976 4869 non
1017 4812 1288 4877 sufﬁcere,
1321 4821 1377 4869 et
1399 4812 1824 4885 querimoniam,

248 4903 422 4960 multis
443 4920 508 4961 ac
531 4905 811 4962 diuturnis
836 4905 1296 4978 inquisitionibus,
1327 4906 1439 4963 imo
1456 4906 1663 4963 divinis
1683 4907 1825 4964 indi-

250 4995 340 5051 ciis
362 4998 425 5053 ad
469 4998 633 5055 ﬁnem
664 4998 1004 5072 perductam,
1042 4999 1329 5071 superﬁuis
1366 4999 1824 5072 disputationibus

253 5098 497 5163 repetere,
532 5101 587 5149 et
614 5092 695 5149 sic
724 5094 1010 5149 Fesulana
1050 5092 1312 5149 Ecclesia
1340 5102 1463 5165 post
1489 5094 1684 5167 longas
1724 5094 1823 5149 tri-

258 5179 535 5242 bulationes
560 5186 705 5258 ipsas
734 5186 998 5258 reliquias
1035 5201 1379 5260 consumere.
1436 5187 1487 5242 Si
1530 5189 1680 5242 enim
1712 5171 1821 5260 epi-

1936 4720 2333 4794 exspoliatione
2351 4719 2470 4774 sine
2489 4734 2642 4773 mora
2668 4716 2899 4772 inducat
2923 4716 3253 4787 [reinducatj
3282 4731 3346 4772 ac
3375 4725 3524 4789 post-

1936 4832 2022 4882 ea,
2054 4815 2101 4869 si
2130 4812 2261 4885 quid
2293 4810 2460 4866 habet
2507 4811 2656 4882 quod
2676 4810 2801 4882 jure
2835 4818 3223 4882 conqueratur,
3271 4808 3526 4883 synodali

1930 4908 2139 4982 judicio
2187 4905 2500 4977 disceptare
2548 4904 2868 4961 contendat.
2906 4903 3072 4977 Quod
3097 4905 3145 4960 si
3174 4904 3264 4960 hic
3294 4904 3525 4961 auctori-

1929 5003 2033 5059 tati
2071 5009 2277 5057 nostra
2293 4999 2375 5055 vel
2398 4999 2626 5055 monitis
2652 4999 2760 5054 tuis
2789 4998 3173 5070 obtemperare
3196 4998 3517 5071 neglexerit,

1934 5094 2127 5152 tandiu
2151 5092 2449 5166 episcopali
2473 5094 2715 5166 privetur
2756 5092 2959 5161 ofﬁcio,
2990 5091 3351 5166 quoadusque
3399 5109 3527 5149 cau-

1931 5172 2020 5245 sas
2077 5188 2475 5244 ecclesiasticas
2512 5203 2629 5243 non
2678 5186 2941 5260 potentia
2974 5187 3376 5258 magnitudine,
3429 5185 3527 5244 sed

258 5278 687 5347 scopusomnium
718 5294 842 5351 qua
865 5278 1190 5351 sibiobjecta
1219 5287 1347 5335 sunt
1374 5295 1498 5337 reus
1517 5280 1821 5350 teneretur;
1923 5283 2155 5354 justitia
2202 5298 2458 5350 censura,
2517 5281 2663 5337 ﬁniri
2712 5290 2962 5354 oportere
3003 5281 3288 5338 doceatur.
3349 5281 3527 5353 Hujus

259 5374 303 5421 et
323 5367 495 5428 divino
518 5371 726 5445 iudicio
755 5380 920 5444 atque
949 5372 1186 5429 humana
1219 5371 1622 5431 examinatione
1658 5376 1822 5430 inno-

261 5474 372 5518 cens
397 5480 495 5522 nos
536 5466 962 5538 approbaretur,
1000 5465 1221 5522 deceret
1249 5475 1435 5522 tamen
1459 5482 1553 5523 vos
1590 5476 1822 5524 matrem

259 5563 491 5627 vestram,
536 5559 862 5617 Fesulanam
904 5558 1154 5616 videlicet
1190 5561 1494 5617 Ecclesiam
1549 5576 1672 5634 qua
1712 5578 1826 5618 non

259 5652 489 5719 peccavit,
512 5653 821 5710 immunem
865 5653 1164 5717 custodire,
1192 5662 1247 5709 et
1272 5653 1567 5710 vindictam
1594 5670 1826 5726 peccan-

258 5738 316 5795 tis
362 5743 414 5799 in
457 5745 853 5803 detrimentum
895 5744 1385 5820 confusionemque
1426 5748 1658 5804 minime
1687 5765 1826 5805 con-

1932 5392 2062 5447 ergo
2092 5376 2663 5449 nogotiidecisionem
2709 5392 2803 5447 per
2838 5383 2894 5431 te
2933 5375 3177 5431 studiose
3206 5382 3262 5430 et
3295 5375 3527 5446 impigre

1931 5470 2185 5525 volumus
2232 5469 2542 5541 adimpleri,
2566 5476 2621 5524 et
2670 5468 2869 5526 litteris
2893 5467 3131 5524 inditam
3171 5466 3333 5524 nobis
3360 5482 3523 5538 quam

1934 5562 2095 5618 citius
2133 5562 2334 5633 poteris
2380 5563 2678 5618 notiﬁcari.

2006 5657 2143 5711 Data
2188 5657 2409 5724 Romae,
2456 5657 2622 5712 tertio
2671 5658 2862 5714 Nonas
2904 5657 3156 5726 Martias,
3219 5653 3523 5712 indictione

1934 5748 2147 5805 decima
2196 5751 2380 5806 tertia.

316 5894 456 5973 (ξπ)
498 5898 583 5954 De
630 5898 914 5954 Willelmo
963 5897 1298 5971 Trajectensi
1341 5898 1591 5972 episcopo
1645 5901 1766 5956 vide
1807 5901 2169 5957 Lambertum
2203 5915 2351 5957 anno
2387 5907 2542 5956 1016.
