4074 6172
533 328 630 385 m
1124 283 1132 292 ’
1213 323 1269 378 s.
1310 321 1631 377 cascoau
1671 321 1760 409 vu
1799 321 1995 376 PAM:
2032 320 2137 376 om

2239 320 2307 375 1M
2347 321 2518 377 PARS
2556 322 2597 373 ι.
2635 347 2707 360 -—
2746 317 3145 373 REGISTRUM.
3722 317 3825 369 412

1047 445 1393 502 EPISTOLA
1453 445 1604 498 LIX.

906 611 988 652 AD
1013 608 1344 650 MONACHOS
1375 606 1798 650 ROMANBNSES.

1057 773 1065 782 κ
1138 744 1324 806 (Anno
1356 740 1539 811 1075.)

535 894 737 946 Eorum
784 888 1057 941 abbatiam
1094 889 1190 942 sub
1216 891 1469 943 Romanae
1511 889 1758 943 Ecclesia
1800 891 2130 958 protectione

608 960 818 1029 recipit,
859 959 1046 1028 illique
1077 961 1210 1013 bona
1239 975 1475 1014 concessa
1513 964 1562 1013 et
1590 960 1920 1014 concedenda
1948 962 2130 1028 conﬁr-

607 1034 741 1084 mat.
796 1033 956 1085 Vetat
993 1033 1050 1084 in
1091 1047 1152 1086 ea
1199 1032 1508 1085 canonicum
1546 1031 1811 1094 ordinari,
1863 1034 1976 1084 nisi
2029 1032 2132 1100 qui

608 1101 940 1168 regulariter
973 1104 1241 1156 victurum
1276 1103 1551 1171 professus
1581 1103 1775 1168 fuerit,
1823 1118 1918 1156 nec
1960 1101 2126 1155 abba-

609 1177 712 1226 tem
751 1175 862 1226 nisi
909 1174 1231 1242 regularem,
1283 1179 1334 1228 et
1376 1189 1410 1226 a
1455 1174 1729 1240 fratribus
1790 1173 2130 1241 regularibus

607 1244 844 1297 electum.
867 1245 1176 1317 Ecclesium
1210 1245 1398 1304 Diensi
1437 1247 1672 1317 episcopo
1720 1243 2129 1300 consecrandam

613 1316 919 1374 committit.

609 1472 979 1528 Gnaconms
1005 1472 1316 1542 episcopus,
1349 1485 1537 1525 servus
1557 1485 1842 1526 servorum
1872 1469 1994 1537 Dei,
2023 1469 2133 1525 fra-

536 1563 712 1620 tribus
737 1563 1166 1621 consistentibus
1196 1565 1255 1618 in
1279 1563 1499 1619 abbatia
1546 1563 1802 1618 Romana
1829 1579 1994 1634 super
2021 1563 2130 1618 ﬁu-

540 1657 691 1713 vium
721 1661 931 1714 Iseram
983 1658 1370 1726 constitutam,
1402 1658 1641 1713 salutem
1665 1665 1720 1712 et
1765 1656 2128 1728 apostolicam

547 1750 1016 1808 benedictionem.

605 1844 906 1901 Fidelitatis
930 1861 992 1901 ac
1033 1845 1344 1902 devotionis
1382 1852 1580 1901 vestrae
1609 1844 1791 1901 studia
1815 1886 1830 1910 ,
1858 1861 1984 1917 quae
2029 1860 2129 1916 per

539 1938 745 2010 legatos
791 1948 997 1995 vestros
1039 1939 1245 1995 nostris
1286 1939 1512 1994 auribus
1559 1937 1894 2006 intimitatis,
1926 1939 2130 2009 accepi-

537 2048 681 2088 mus.
706 2033 925 2089 Petistis
941 2043 1002 2089 ut
1017 2037 1270 2089 Romana
1295 2033 1539 2088 Ecclesia
1552 2034 1846 2099 [Romanae
1859 2033 2133 2100 Ecclesiae]

539 2122 811 2191 libertate,
859 2140 1027 2196 quam
1078 2133 1258 2181 vestra
1305 2125 1532 2180 ecclesia
1578 2126 1648 2179 ab
1693 2125 2131 2180 antecessoribus

539 2218 745 2272 nostris
769 2217 1032 2273 hactenus
1058 2217 1270 2286 habuit,
1304 2235 1402 2274 vos
1431 2217 1786 2274 donaremus.
1827 2218 2133 2290 Scripsistis

540 2309 706 2365 etiam
733 2309 920 2381 .(quod
959 2326 1063 2366 nos
1097 2311 1253 2367 valde
1291 2311 1559 2379 laetiﬁcat)
1612 2310 1883 2383 quosdam
1926 2311 2134 2367 scilicet

541 2411 784 2458 vestrum
835 2403 1144 2476 regularem
1181 2406 1620 2477 canonicamque
1654 2405 1825 2460 vitam
1865 2404 2133 2475 incepisse

540 2498 723 2564 [forte,
750 2498 1076 2568 suscepisse,
1105 2500 1346 2566 Hann],
1379 2497 1578 2569 quibus
1609 2496 1868 2570 quadam
1892 2497 2132 2554 ecclesia

542 2598 737 2646 vestrae
762 2590 906 2646 bona
938 2607 1032 2646 vos
1072 2592 1409 2648 concessisse
1446 2591 1834 2658 denuntiastis,
1867 2599 2132 2663 rogantes

542 2691 605 2738 ut
634 2683 753 2740 hac
766 2693 954 2740 nostra
973 2685 1320 2741 ﬁrmaremus
1340 2686 1684 2741 auctoritate.
1709 2688 1920 2741 Vestrae
1945 2685 2131 2756 itaque

544 2776 704 2832 bona:
754 2777 1055 2833 intentioni
1097 2777 1530 2850 congaudemus,
1571 2786 1648 2844 et,
1697 2785 1759 2832 ut
1803 2792 2017 2849 semper
2075 2776 2131 2832 in

541 2869 734 2926 melius
782 2871 1079 2941 proﬁciatis
1151 2881 1430 2944 optamus,
1515 2871 1870 2942 petitionibus
1941 2870 2135 2944 vestris

539 2962 771 3018 obtentu
798 2963 892 3020 ﬁlii
916 2965 1093 3020 nostri
1119 2966 1368 3038 Hugonis
1395 2965 1606 3020 Diensis
1637 2965 1876 3036 episcopi
1896 2973 1953 3020 et
1972 2963 2135 3018 vestri

547 3055 843 3113 dilectione
863 3059 1182 3126 annuimus,
1204 3068 1260 3114 et
1289 3063 1596 3114 Romanam
1637 3059 1943 3114 libertatem
1971 3059 2134 3124 (sicut

540 3152 884 3222 postulastis)
939 3152 1314 3208 concedimus.
1367 3153 1466 3207 Illa
1523 3167 1650 3206 vero
1693 3167 1815 3223 quae
1865 3149 2129 3206 fratribus

543 3244 733 3300 vestris
781 3245 1122 3317 regularibus
1181 3246 1505 3317 praepositus
1567 3255 1745 3300 vester
1771 3245 2133 3300 Herimannus
2167 3250 2213 3314 C

543 3345 599 3394 et
626 3354 722 3394 vos
770 3338 1017 3394 donastis
1054 3347 1109 3395 et
1137 3339 1424 3407 statuistis,
1472 3355 1594 3411 quae
1619 3347 1673 3394 et
1699 3339 1893 3402 literis
1931 3337 2000 3394 ad
2031 3354 2133 3394 nos

542 3429 722 3486 missis
745 3431 1069 3498 inseruistis,
1110 3432 1367 3488 videlicet
1417 3431 1682 3504 quidquid
1727 3432 1832 3503 ipsi
1875 3431 1942 3488 de
1973 3431 2133 3486 bonis

542 3525 786 3596 ejusdem
831 3527 1077 3582 ecclesiae
1127 3527 1277 3596 prius
1305 3525 1504 3582 habere
1542 3524 1885 3592 videbantur,
1932 3533 1987 3581 et
2014 3525 2132 3597 qui-

541 3635 778 3692 cumque
809 3636 872 3674 ex
900 3619 1051 3675 vobis
1080 3619 1127 3674 ei
1153 3636 1211 3675 se
1244 3621 1455 3674 sociare
1487 3621 1817 3690 regulariter
1840 3619 2132 3683 voluerint,

543 3712 627 3767 vel
677 3712 823 3783 quod
871 3713 977 3768 illis
1019 3714 1087 3768 de
1130 3714 1246 3768 suis
1274 3712 1478 3782 aliquid
1527 3711 1755 3779 dederit,
1790 3728 1893 3767 nos
1919 3727 2138 3784 quoque

544 3803 842 3860 donamus.
902 3805 1286 3861 Possessiones
1349 3813 1533 3858 autem
1587 3813 1641 3860 et
1693 3805 2135 3875 dispensationes

543 3898 783 3954 ecclesiae
813 3899 921 3953 illis
971 3898 1066 3970 qui
1108 3914 1254 3953 nunc
1309 3897 1525 3965 habent,
1574 3907 1671 3953 aut
1712 3899 1781 3953 ad
1827 3899 2134 3969 regularem

544 3992 720 4047 vitam
768 3991 1068 4056 conversis,
1139 3999 1234 4045 aut
1286 3990 1355 4045 de
1397 3990 1596 4044 saeculo
1655 3991 2042 4061 migrantibus,
2087 3999 2140 4044 et

545 4095 721 4140 terras
741 4099 864 4154 qua:
880 4084 1140 4152 deinceps
1173 4082 1449 4152 praedictae
1473 4082 1713 4137 ecclesiae
1743 4083 1884 4137 data:
1913 4081 2137 4151 fuerint;

548 4177 618 4234 ad
653 4191 902 4232 mensam
937 4175 1166 4229 fratrum
1196 4175 1522 4246 regulariter
1545 4175 1683 4230 inibi
1702 4176 1999 4230 viventium
2025 4193 2144 4248 per-

547 4272 724 4325 tinere
745 4311 761 4339 ,
795 4277 848 4323 et
886 4268 1096 4323 nullum
1123 4268 1353 4324 ulterius
1377 4268 1582 4324 ibidem
1624 4269 1742 4324 ﬁeri
1779 4277 1874 4324 aut
1898 4270 2143 4327 ordinari

546 4361 874 4417 canonicum
923 4361 1030 4416 nisi
1085 4362 1178 4435 qui
1227 4363 1550 4434 regulariter
1593 4379 1651 4418 se
1695 4363 1966 4419 victurum
2009 4380 2141 4434 pro-

545 4455 721 4512 fessus
749 4454 918 4512 fuerit
943 4465 1131 4512 nostra
1156 4457 1487 4512 auctoritate
1515 4457 1834 4513 statuimus.
1867 4458 2140 4528 Praeposi-

2152 452 2204 513 A

2765 443 2880 497 ΕΡ]
2886 442 3120 496 STOLA
3160 442 3291 497 LX.

2343 554 2426 595 ΔΙ)
2447 552 2725 595 OTTONBM
2765 549 3324 592 CONSTANTIENSBH
3353 548 3715 590 EPISCOPUU.

2826 633 3014 699 (Anno
3072 633 3253 694 1075.)

2237 728 2468 784 Mandat
2512 731 2575 782 ut
2621 726 2770 780 litem
2818 728 2959 779 inter
3015 740 3134 778 eum
3208 729 3259 778 et
3304 725 3609 794 Augensem
3659 724 3831 778 abba-

2307 806 2410 854 tem
2453 799 2702 852 dirimat.
2752 797 2903 863 Ouod
2947 799 2999 850 si
3040 798 3160 864 ﬁeri
3209 801 3476 866 nequeat,
3537 795 3691 849 ambo
3749 794 3829 848 ad

2306 887 2358 925 se
2377 873 2616 924 veniant.
2648 870 2870 923 Interim
2893 870 3076 922 neuter
3098 868 3260 921 alteri
3285 869 3579 921 molestiam
3597 869 3822 933 inferat.

2307 964 2660 1020 Gnaeonws
2689 960 2994 1033 episcopus,
3029 976 3220 1016 servus
3249 975 3533 1016 servorum
3564 959 3686 1029 Dei,
3710 960 3824 1014 ΟΤ-

2237 1071 2386 1113 TONl
2406 1054 2815 1112 Constantiensi
2831 1054 3112 1127 episcopo,
3141 1053 3378 1111 salutem
3395 1061 3450 1110 et
3469 1052 3830 1126 apostolicam

2238 1149 2695 1208 benedictionem.

2311 1245 2467 1301 Sicut
2506 1252 2599 1299 tua
2646 1258 2808 1314 super
2839 1243 3050 1299 Ecardo
3080 1243 3275 1299 abbate
3316 1243 3586 1314 Augensis
3615 1243 3832 1315 [Augiaz

2238 1338 2440 1406 divitis]
2488 1336 2832 1406 monasterii,
2887 1338 2964 1392 ita
3004 1345 3061 1392 et
3096 1336 3240 1392 illius
3281 1352 3446 1408 super
3472 1345 3526 1391 te
3551 1336 3713 1392 nobis
3749 1344 3836 1392 est

2238 1432 2384 1488 illata
2435 1430 2803 1504 querimonia.
2857 1433 3061 1486 Verum
3107 1431 3237 1501 quia
3269 1446 3374 1486 nos
3427 1429 3834 1502 fatigationibus

2236 1526 2430 1582 vestris
2479 1539 2701 1596 parcere
2754 1525 3026 1595 cupimus,
3095 1523 3434 1580 consulendo
3495 1523 3834 1579 mandamus

2238 1619 2390 1675 vobis
2432 1626 2496 1674 ut
2539 1616 2798 1688 utrinque
2835 1632 3159 1672 communes
3200 1616 3411 1672 amicos
3452 1625 3508 1672 et
3554 1601 3848 1687 sapientes.

2239 1713 2386 1769 viros
2421 1711 2669 1768 veritatis
2695 1718 2992 1778 amatores,
3015 1710 3246 1781 justitiae
3287 1711 3462 1784 magis
3507 1726 3672 1782 quam
3696 1709 3834 1765 ami-

2235 1807 2379 1863 citiae
2414 1804 2678 1872 faventes,
2728 1803 3070 1871 convocetis;
3133 1819 3372 1874 quorum
3432 1804 3678 1870 consilio,
3726 1819 3833 1874 op-

2162 1891 2212 1954 B
2239 1909 2478 1972 portuno
2501 1907 2751 1970 tempore
2772 1906 2826 1952 et
2848 1897 2970 1952 loco
2993 1897 3395 1966 convenientes,
3420 1897 3572 1953 litem
3592 1906 3833 1953 vestram

2237 1995 2410 2066 ecquis
2440 1991 2748 2048 rationibus
2786 1998 2841 2046 et
2868 1990 3050 2062 aliqua
3083 2007 3324 2062 congrua
3352 1991 3609 2062 pactione
3649 1991 3835 2046 dirimi

2237 2089 2298 2143 in
2361 2101 2660 2142 commune
2733 2099 3015 2145 assensum
3067 2083 3226 2140 detis.
3277 2083 3438 2157 Quod
3503 2085 3546 2140 si
3597 2084 3837 2155 peccatis

2237 2179 2564 2237 facientibus
2600 2178 2717 2233 ﬁeri
2759 2186 3014 2249 nequeat,
3048 2178 3419 2234 commonitos
3459 2194 3555 2231 vos
3587 2195 3653 2233 ex
3695 2193 3837 2249 prae-

2237 2273 2379 2330 senti
2416 2271 2744 2328 auctoritate
2771 2286 2889 2326 esse
2931 2271 3179 2326 volumus
3208 2279 3268 2326 ut
3305 2271 3450 2326 circa
3478 2269 3835 2326 festivitatem

2239 2367 2507 2426 Omnium
2542 2367 2869 2421 Sanctorum
2917 2364 3089 2421 ambo
3123 2364 3192 2420 ad
3235 2365 3613 2437 apostolorum
3640 2364 3835 2420 limina

2237 2461 2488 2528 veniatis,
2520 2467 2806 2530 quatenus,
2839 2467 3118 2514 annuente
3144 2461 3296 2526 Deo,
3342 2475 3568 2514 causam
3593 2468 3837 2514 vestram

2237 2554 2481 2625 diligenti
2523 2551 2927 2608 examinatione
2977 2551 3350 2619 discutiamus,
3401 2562 3457 2607 et
3513 2551 3838 2608 diuturnam

2237 2645 2567 2704 discordiam
2588 2645 2737 2718 justo
2761 2645 2869 2700 ﬁne
2896 2645 3232 2701 decidamus.
3266 2646 3494 2701 Interim
3525 2661 3654 2700 vero
3688 2661 3839 2716 prae-

2237 2742 2471 2814 cipimus
2515 2749 2597 2808 ut,
2638 2739 2794 2794 omni
2841 2739 2937 2794 lite
2993 2738 3138 2794 inter
3164 2754 3265 2795 vos
3308 2740 3505 2810 30pita,
3547 2739 3698 2810 quasi
3738 2756 3846 2810 per

2241 2850 2467 2891 manum
2506 2833 2651 2889 beati
2704 2833 2870 2895 Petri,
2924 2840 2978 2887 et
3023 2840 3295 2900 nostram,
3342 2832 3500 2888 ﬁrma
3533 2849 3633 2903 pax
3659 2833 3845 2904 posita

2241 2938 2408 3000 atque
2458 2926 2726 2983 conducta
2775 2934 3048 2993 teneatur,
3107 2933 3167 2982 ut
3193 2934 3386 2981 neutra
3428 2942 3554 2997 pars
3602 2926 3841 2982 alteram

2241 3021 2506 3078 molestiis
2531 3020 2616 3075 vel
2643 3019 3034 3075 contrarietate
3064 3035 3361 3090 provocare
3388 3028 3484 3074 aut
3529 3020 3845 3091 inquietare

2238 3115 2457 3171 audeat.
2515 3116 2626 3169 Nec
2676 3113 2793 3168 leve
2825 3112 2981 3168 vobis
3009 3112 3276 3179 videatur,
3324 3122 3483 3168 tanto
3526 3113 3842 3169 mediatore

2241 3207 2586 3278 interposito,
2641 3206 2790 3278 pacis
2835 3207 2961 3278 jura
3031 3205 3350 3273 dissolvere,
3407 3206 3669 3278 quoniam
3737 3208 3837 3278 qui

2242 3303 2300 3358 in
2326 3301 2432 3356 hac
2461 3299 2849 3356 constitutione
2880 3300 3194 3370 apostolicae
3223 3299 3531 3355 auctoritati
3586 3315 3844 3356 reveren-

2237 3397 2372 3451 tiam
2397 3404 2451 3450 et
2476 3393 2643 3449 ﬁdem
2667 3409 2778 3448 non
2797 3392 3116 3459 exhibuerit,
3153 3409 3218 3448 ex
3257 3394 3374 3465 ipsa
3421 3409 3518 3448 sua
3549 3394 3845 3450 temerita-

2239 3489 2311 3544 tis
2343 3488 2621 3559 impietate
2649 3488 2911 3543 adversus
2950 3502 3008 3542 se
3038 3495 3093 3541 et
3128 3503 3353 3542 causam
3382 3502 3538 3542 suam
3584 3486 3750 3542 ﬁdem
3785 3497 3846 3543 et

2241 3582 2504 3654 judicium
2548 3579 2886 3651 provocabit.

2312 3678 2455 3732 Data
2481 3678 2700 3742 Romae,
2730 3672 2894 3728 tertio
2927 3672 3056 3728 Idus
3108 3674 3312 3742 Martii,
3343 3672 3634 3729 indictione
3677 3673 3835 3728 deci-

2244 3787 2337 3826 ma
2363 3770 2543 3826 tertia.

2741 3840 3095 3895 EPISTOLA
3144 3841 3274 3895 LX]
3286 3879 3300 3892 .

2373 3949 2454 3990 AD
2491 3947 2856 3991 DlETWINUM
2894 3948 3246 3989 BPISCOPUM
3280 3946 3678 3988 LBODIENSBM.

2826 4031 3006 4093 (Anno
3068 4032 3246 4091 1075.)

2250 4123 2602 4194 Reprehendit
2645 4138 2765 4175 eum
2809 4125 3068 4189 tanquam
3114 4123 3506 4194 Simoniacum;
3529 4124 3844 4194 rmonetque

2321 4193 2383 4248 ut
2408 4195 2707 4262 resipiscat,
2745 4194 3196 4258 form'cationeme
3229 4193 3362 4245 clero
3391 4193 3678 4259 exstirpet,
3717 4199 3773 4244 et
3809 4209 3846 4246 a

2323 4266 2655 4320 contumeliis
2697 4265 2883 4316 abbati
2927 4263 2992 4316 de
3028 4270 3212 4317 sancto
3254 4263 3493 4317 Huberto
3536 4263 3844 4328 inferendis

2323 4337 2597 4390 abstineat
2644 4353 2662 4384 :
2720 4340 2886 4403 utque
2947 4335 3212 4388 ecclesiam
3272 4333 3565 4403 quamdam
3613 4335 3670 4385 in
3730 4349 3843 4387 sua

2321 4408 2535 4460 dia-cesi
2574 4406 2659 4459 vel
2700 4420 2797 4474 per
2832 4420 2887 4458 se
2934 4405 3016 4458 vel
3061 4421 3162 4474 per
3210 4408 3491 4460 Metensem
3529 4405 3840 4472 episcopum

2318 4481 2608 4543 consecret;
2639 4478 2790 4545 eique
2825 4490 3046 4530 suorum
3069 4482 3409 4546 peccatorum
3446 4475 3843 4530 absolutionem

549 4558 689 4619 tum,
764 4551 844 4605 vel
901 4549 1181 4617 abbatem,
1229 4565 1325 4604 seu
1377 4549 1671 4622 cujuslibet
1715 4549 2139 4620 dispensationis
2166 4581 2217 4644 Β
2317 4550 2653 4619 impartitur.

546 4643 925 4698 ecclesiasticae
954 4644 1294 4710 ministrum,
1334 4643 1439 4698 nisi
1468 4658 1630 4713 quem
1661 4644 1975 4698 communis
2003 4644 2139 4699 elec-

551 4737 628 4791 tio
680 4735 911 4791 fratrum
943 4737 1266 4808 regulariter
1309 4736 1607 4792 viventium
1645 4752 1758 4792 suae
1783 4736 2139 4808 professionis

551 4830 857 4884 secundum
887 4834 1068 4885 Deum
1100 4831 1339 4902 elegerit,
1374 4829 1534 4886 vobis
1569 4830 1810 4902 praeferri
1839 4831 2138 4902 apostolica

551 4923 876 4978 auctoritate
905 4921 1279 4992 prohibemus.
1309 4926 1390 4979 Ne
1410 4924 1532 4994 quis
1565 4932 1749 4979 autem
1773 4923 1890 4980 haec
1925 4942 1956 4979 a
1980 4924 2142 4980 nobis

549 5014 846 5073 salubriter
888 5023 1092 5071 statuta
1130 5016 1333 5071 violare
1363 5025 1678 5086 praesumat,
1730 5016 1926 5072 virtute
1961 5018 2141 5072 sancti

551 5111 796 5182 Spiritus,
837 5119 893 5165 et.
919 5117 1187 5180 potestate
1220 5109 1380 5164 nobis
1426 5126 1457 5163 a
1504 5111 1614 5164 Deo
1647 5109 1863 5177 collata,
1906 5109 2141 5166 interdi-

553 5204 746 5259 cimus.
799 5202 1099 5258 Ecclesiam
1168 5211 1430 5269 vestram,
1507 5219 1674 5274 quam
1742 5219 1838 5274 per
1901 5203 2139 5276 legatum

551 5296 865 5369 apostolicae
937 5295 1079 5351 sedis
1135 5294 1478 5350 reconciliari
1544 5296 1848 5366 quasistis,
1913 5295 2142 5368 praefato

499 5411 506 5426 ι
554 5391 667 5446 ﬁlio
705 5399 894 5446 nostro
941 5389 1127 5444 Diensi
1185 5388 1477 5459 episcopo,
1526 5389 1617 5461 qui
1664 5397 1719 5444 et
1748 5393 2035 5446 Romanus
2089 5399 2145 5448 et

551 5484 874 5540 Viennensis
924 5482 1181 5539 Ecclesiae
1207 5482 1356 5537 ﬁlius
1385 5491 1488 5550 est,
1532 5483 1962 5540 consecrandam
1991 5501 2142 5541 com-

552 5578 823 5634 misimus.

622 5675 763 5727 Data
788 5673 1006 5738 Roma,
1038 5686 1136 5728 vn
1160 5670 1316 5744 [vm]
1338 5671 1467 5728 Idus
1496 5673 1706 5741 Martii,
1737 5673 1831 5730 ind
1858 5689 1994 5730 χιιι.

2316 4636 2678 4698 Gnnconws'
2748 4640 3051 4711 episcopus,
3123 4655 3312 4695 servus
3376 4655 3661 4695 servorum
3710 4641 3841 4706 Dei,

2246 4734 2566 4791 Leodicensi
2587 4739 2669 4799 (57
2678 4739 2727 4801 3)
2740 4733 3016 4806 episcopo,
3041 4734 3277 4790 salutem
3291 4742 3346 4789 et
3366 4732 3725 4805 apostolicam
3738 4731 3843 4788 be-

2248 4829 2636 4885 nedictionem.
3125 4888 3130 4892 _

2318 4923 2440 4978 Jam
2501 4922 2678 4977 multo
2735 4930 2982 4992 tempore
3040 4920 3358 4976 audivimus
3413 4929 3468 4975 et
3528 4919 3843 4975 multorum

2250 5017 2508 5072 relatione
2557 5014 2926 5085 comperimus
2989 5022 3044 5070 te
3113 5029 3208 5086 per
3271 5015 3433 5087 plura
3503 5013 3559 5068 in
3620 5012 3845 5084 episco-

2249 5120 2381 5182 patu
2403 5109 2665 5166 adversus
2693 5109 2942 5164 instituta
2991 5118 3310 5164 sanctorum
3363 5111 3584 5163 Patrum
3615 5107 3842 5171 fecisse,

2250 5204 2500 5267 videlicet
2535 5204 2592 5257 in
2636 5200 3047 5257 venditionibus
3075 5202 3564 5257 ecclesiasticarum
3606 5199 3847 5272 dignita-

2251 5293 2369 5353 tum
2437 5306 2493 5352 et
2542 5295 2935 5351 canonicarum
3005 5294 3445 5365 praebendarum.
3503 5293 3666 5350 Unde
3741 5293 3845 5347 tibi

2249 5392 2487 5447 multum
2527 5387 2886 5443 condolemus
2915 5395 2969 5442 et
3034 5388 3164 5444 satis
3209 5387 3664 5459 obstupescimus,
3711 5402 3844 5441 cum

2249 5493 2468 5539 tantum
2526 5480 2802 5537 honorem
2853 5481 3025 5552 gratis
3071 5482 3396 5551 susceperis,
3446 5488 3501 5535 et
3540 5497 3669 5536 cum
3714 5495 3846 5551 pru-

2249 5577 2440 5633 dentes
2481 5583 2538 5630 et
2577 5574 2863 5646 religiosos
2921 5573 3068 5631 viros
3123 5575 3415 5643 inveneris,
3469 5573 3712 5629 honores
3761 5588 3846 5626 ec-

2248 5670 2581 5728 clesiasticos
2605 5668 2775 5740 gratis
2803 5685 2917 5723 non
2961 5668 3288 5742 erogaveris,
3319 5667 3412 5724 sed
3445 5667 3727 5724 declinasti
3770 5664 3844 5719 ab

616 5873 776 5935 (375)
819 5867 1115 5925 Leodiensi
1166 5868 1473 5925 Dietwinus
1505 5868 1813 5937 dicebatur,
1841 5877 1906 5923 ut
1956 5867 2102 5939 apud
2146 5867 2532 5936 Lambertum,
2579 5881 2725 5922 anno
2759 5870 2896 5921 1075
