  <div class='ocr_page' id='page_1' title='image "/cluster/home/n/w/nwhite01/storage/ocr_20150623/148/hvd.32044054760061/212.png"; bbox 0 0 4144 6184; ppageno 0'>
   <div class='ocr_carea' id='block_1_1' title="bbox 269 311 3573 378">
    <p class='ocr_par' dir='ltr' id='par_1_1' title="bbox 269 311 3573 378">
     <span class='ocr_line' id='line_1_1' title="bbox 269 311 3573 378; baseline 0.004 -14"><span class='ocrx_word' id='word_1_1' title='bbox 269 311 377 365; x_wconf 77' lang='grc'><strong>413</strong></span> <span class='ocrx_word' id='word_1_2' title='bbox 1348 316 1542 371; x_wconf 81' lang='lat' dir='ltr'><strong>LIBER</strong></span> <span class='ocrx_word' id='word_1_3' title='bbox 1580 317 1945 373; x_wconf 87' lang='lat' dir='ltr'><strong>SECUNDUS.</strong></span> <span class='ocrx_word' id='word_1_4' title='bbox 1986 348 2054 358; x_wconf 91' lang='lat'>—</span> <span class='ocrx_word' id='word_1_5' title='bbox 2094 321 2303 376; x_wconf 81' lang='lat' dir='ltr'><strong>EPIST.</strong></span> <span class='ocrx_word' id='word_1_6' title='bbox 2347 319 2512 374; x_wconf 84' lang='lat' dir='ltr'><strong>LXIII.</strong></span> <span class='ocrx_word' id='word_1_7' title='bbox 3268 336 3273 353; x_wconf 71' lang='grc'><strong><em>⁷</em></strong></span> <span class='ocrx_word' id='word_1_8' title='bbox 3470 324 3573 378; x_wconf 77' lang='grc'><strong>414</strong></span> 
     </span>
    </p>
   </div>
   <div class='ocr_carea' id='block_1_2' title="bbox 267 432 3577 511">
    <p class='ocr_par' dir='ltr' id='par_1_2' title="bbox 267 432 3577 511">
     <span class='ocr_line' id='line_1_2' title="bbox 267 432 3577 511; baseline 0.003 -22"><span class='ocrx_word' id='word_1_9' title='bbox 267 434 533 505; x_wconf 79' lang='lat' dir='ltr'><strong>exemplo</strong></span> <span class='ocrx_word' id='word_1_10' title='bbox 574 432 655 489; x_wconf 92' lang='lat' dir='ltr'><strong>tui</strong></span> <span class='ocrx_word' id='word_1_11' title='bbox 695 436 1053 491; x_wconf 80' lang='lat' dir='ltr'><strong>antecesseris</strong></span> <span class='ocrx_word' id='word_1_12' title='bbox 1090 437 1493 496; x_wconf 86' lang='lat' dir='ltr'><strong>introductione</strong></span> <span class='ocrx_word' id='word_1_13' title='bbox 1541 457 1695 497; x_wconf 74' lang='lat' dir='ltr'><strong>novae</strong></span> <span class='ocrx_word' id='word_1_14' title='bbox 1749 458 1878 497; x_wconf 91' lang='lat' dir='ltr'><strong>cou-</strong></span> <span class='ocrx_word' id='word_1_15' title='bbox 1902 449 1955 508; x_wconf 85' lang='grc' dir='ltr'><strong>Α</strong></span> <span class='ocrx_word' id='word_1_16' title='bbox 1984 444 2351 500; x_wconf 86' lang='lat' dir='ltr'><strong>concubinam</strong></span> <span class='ocrx_word' id='word_1_17' title='bbox 2400 443 2583 511; x_wconf 85' lang='lat' dir='ltr'><strong>habet,</strong></span> <span class='ocrx_word' id='word_1_18' title='bbox 2632 444 2732 499; x_wconf 91' lang='lat' dir='ltr'><strong>nisi</strong></span> <span class='ocrx_word' id='word_1_19' title='bbox 2783 442 2890 498; x_wconf 85' lang='lat' dir='ltr'><strong>illis</strong></span> <span class='ocrx_word' id='word_1_20' title='bbox 2934 443 3161 499; x_wconf 86' lang='lat' dir='ltr'><strong>omnino</strong></span> <span class='ocrx_word' id='word_1_21' title='bbox 3209 444 3453 500; x_wconf 85' lang='lat' dir='ltr'><strong>dimissis</strong></span> <span class='ocrx_word' id='word_1_22' title='bbox 3501 444 3577 500; x_wconf 91' lang='lat' dir='ltr'><strong>di-</strong></span> 
     </span>
    </p>
   </div>
   <div class='ocr_carea' id='block_1_3' title="bbox 263 526 3578 609">
    <p class='ocr_par' dir='ltr' id='par_1_3' title="bbox 263 526 3578 609">
     <span class='ocr_line' id='line_1_3' title="bbox 263 526 3578 609; baseline 0.004 -28"><span class='ocrx_word' id='word_1_23' title='bbox 263 526 614 583; x_wconf 87' lang='lat' dir='ltr'><strong>suetudinis.</strong></span> <span class='ocrx_word' id='word_1_24' title='bbox 643 527 878 583; x_wconf 83' lang='lat' dir='ltr'><strong>Ratione</strong></span> <span class='ocrx_word' id='word_1_25' title='bbox 905 528 1071 599; x_wconf 84' lang='lat' dir='ltr'><strong>igitur</strong></span> <span class='ocrx_word' id='word_1_26' title='bbox 1090 531 1316 602; x_wconf 73' lang='lat' dir='ltr'><strong>justitia:</strong></span> <span class='ocrx_word' id='word_1_27' title='bbox 1347 532 1430 587; x_wconf 92' lang='lat' dir='ltr'><strong>his</strong></span> <span class='ocrx_word' id='word_1_28' title='bbox 1453 533 1524 589; x_wconf 90' lang='lat' dir='ltr'><strong>de</strong></span> <span class='ocrx_word' id='word_1_29' title='bbox 1546 534 1725 590; x_wconf 86' lang='lat' dir='ltr'><strong>causis</strong></span> <span class='ocrx_word' id='word_1_30' title='bbox 1749 550 1869 590; x_wconf 90' lang='lat' dir='ltr'><strong>sen-</strong></span> <span class='ocrx_word' id='word_1_31' title='bbox 1982 552 2148 607; x_wconf 84' lang='lat' dir='ltr'><strong>gnam</strong></span> <span class='ocrx_word' id='word_1_32' title='bbox 2196 538 2576 609; x_wconf 65' lang='lat' dir='ltr'><strong>paenitentiam</strong></span> <span class='ocrx_word' id='word_1_33' title='bbox 2626 546 2811 609; x_wconf 82' lang='lat' dir='ltr'><strong>agant,</strong></span> <span class='ocrx_word' id='word_1_34' title='bbox 2855 537 3023 593; x_wconf 86' lang='lat' dir='ltr'><strong>sacris</strong></span> <span class='ocrx_word' id='word_1_35' title='bbox 3064 536 3327 592; x_wconf 78' lang='lat' dir='ltr'><strong>altaribus</strong></span> <span class='ocrx_word' id='word_1_36' title='bbox 3366 538 3578 609; x_wconf 84' lang='lat' dir='ltr'><strong>penitus</strong></span> 
     </span>
    </p>
   </div>
   <div class='ocr_carea' id='block_1_4' title="bbox 263 620 3573 702">
    <p class='ocr_par' dir='ltr' id='par_1_4' title="bbox 263 620 3573 702">
     <span class='ocr_line' id='line_1_4' title="bbox 263 620 3573 702; baseline 0.004 -28"><span class='ocrx_word' id='word_1_37' title='bbox 263 621 446 676; x_wconf 82' lang='lat' dir='ltr'><strong>tentia</strong></span> <span class='ocrx_word' id='word_1_38' title='bbox 502 620 559 675; x_wconf 89' lang='lat' dir='ltr'><strong>in</strong></span> <span class='ocrx_word' id='word_1_39' title='bbox 615 630 672 676; x_wconf 89' lang='lat' dir='ltr'><strong>te</strong></span> <span class='ocrx_word' id='word_1_40' title='bbox 704 630 847 677; x_wconf 84' lang='lat' dir='ltr'><strong>esset</strong></span> <span class='ocrx_word' id='word_1_41' title='bbox 905 623 1407 692; x_wconf 86' lang='lat' dir='ltr'><strong>animadvertenda,</strong></span> <span class='ocrx_word' id='word_1_42' title='bbox 1457 627 1555 682; x_wconf 91' lang='lat' dir='ltr'><strong>sed</strong></span> <span class='ocrx_word' id='word_1_43' title='bbox 1599 628 1868 698; x_wconf 86' lang='lat' dir='ltr'><strong>parcimus</strong></span> <span class='ocrx_word' id='word_1_44' title='bbox 1984 630 2367 687; x_wconf 86' lang='lat' dir='ltr'><strong>administrare</strong></span> <span class='ocrx_word' id='word_1_45' title='bbox 2408 630 2690 697; x_wconf 84' lang='lat' dir='ltr'><strong>desistant,</strong></span> <span class='ocrx_word' id='word_1_46' title='bbox 2721 646 2823 685; x_wconf 90' lang='lat' dir='ltr'><strong>nec</strong></span> <span class='ocrx_word' id='word_1_47' title='bbox 2863 631 3047 702; x_wconf 89' lang='lat' dir='ltr'><strong>aliquo</strong></span> <span class='ocrx_word' id='word_1_48' title='bbox 3087 630 3346 687; x_wconf 80' lang='lat' dir='ltr'><strong>Ecclesiae</strong></span> <span class='ocrx_word' id='word_1_49' title='bbox 3370 630 3573 687; x_wconf 88' lang='lat' dir='ltr'><strong>beneﬁ-</strong></span> 
     </span>
    </p>
   </div>
   <div class='ocr_carea' id='block_1_5' title="bbox 259 715 3574 796">
    <p class='ocr_par' dir='ltr' id='par_1_5' title="bbox 259 715 3574 796">
     <span class='ocr_line' id='line_1_5' title="bbox 259 715 3574 796; baseline 0.003 -27"><span class='ocrx_word' id='word_1_50' title='bbox 259 723 499 785; x_wconf 88' lang='lat' dir='ltr'><strong>propter</strong></span> <span class='ocrx_word' id='word_1_51' title='bbox 524 715 756 771; x_wconf 87' lang='lat' dir='ltr'><strong>senilem</strong></span> <span class='ocrx_word' id='word_1_52' title='bbox 783 725 1023 781; x_wconf 60' lang='lat' dir='ltr'><strong>aetatem,</strong></span> <span class='ocrx_word' id='word_1_53' title='bbox 1068 726 1124 773; x_wconf 91' lang='lat' dir='ltr'><strong>et</strong></span> <span class='ocrx_word' id='word_1_54' title='bbox 1160 720 1284 790; x_wconf 87' lang='lat' dir='ltr'><strong>quia</strong></span> <span class='ocrx_word' id='word_1_55' title='bbox 1311 720 1670 777; x_wconf 90' lang='lat' dir='ltr'><strong>charissimus</strong></span> <span class='ocrx_word' id='word_1_56' title='bbox 1702 722 1869 778; x_wconf 83' lang='lat' dir='ltr'><strong>frater</strong></span> <span class='ocrx_word' id='word_1_57' title='bbox 1984 725 2067 781; x_wconf 91' lang='lat' dir='ltr'><strong>cio</strong></span> <span class='ocrx_word' id='word_1_58' title='bbox 2098 725 2328 781; x_wconf 87' lang='lat' dir='ltr'><strong>ulterius</strong></span> <span class='ocrx_word' id='word_1_59' title='bbox 2354 724 2651 795; x_wconf 89' lang='lat' dir='ltr'><strong>potiantur,</strong></span> <span class='ocrx_word' id='word_1_60' title='bbox 2678 724 2787 779; x_wconf 84' lang='lat' dir='ltr'><strong>sive</strong></span> <span class='ocrx_word' id='word_1_61' title='bbox 2815 724 3003 796; x_wconf 88' lang='lat' dir='ltr'><strong>potitis</strong></span> <span class='ocrx_word' id='word_1_62' title='bbox 3022 722 3295 779; x_wconf 87' lang='lat' dir='ltr'><strong>fruantur.</strong></span> <span class='ocrx_word' id='word_1_63' title='bbox 3319 726 3427 796; x_wconf 89' lang='lat' dir='ltr'><strong>Qui</strong></span> <span class='ocrx_word' id='word_1_64' title='bbox 3446 740 3574 781; x_wconf 92' lang='lat' dir='ltr'><strong>vero</strong></span> 
     </span>
    </p>
   </div>
   <div class='ocr_carea' id='block_1_6' title="bbox 256 808 3576 889">
    <p class='ocr_par' dir='ltr' id='par_1_6' title="bbox 256 808 3576 889">
     <span class='ocr_line' id='line_1_6' title="bbox 256 808 3576 889; baseline 0.003 -25"><span class='ocrx_word' id='word_1_65' title='bbox 256 817 467 864; x_wconf 82' lang='lat' dir='ltr'><strong>noster</strong></span> <span class='ocrx_word' id='word_1_66' title='bbox 493 808 875 865; x_wconf 83' lang='lat' dir='ltr'><strong>Herimannus</strong></span> <span class='ocrx_word' id='word_1_67' title='bbox 911 812 1175 867; x_wconf 91' lang='lat' dir='ltr'><strong>Metensis</strong></span> <span class='ocrx_word' id='word_1_68' title='bbox 1202 812 1506 885; x_wconf 92' lang='lat' dir='ltr'><strong>episcopus,</strong></span> <span class='ocrx_word' id='word_1_69' title='bbox 1537 824 1647 871; x_wconf 72' lang='lat' dir='ltr'><strong>tuae</strong></span> <span class='ocrx_word' id='word_1_70' title='bbox 1676 817 1869 871; x_wconf 86' lang='lat' dir='ltr'><strong>Eccle-</strong></span> <span class='ocrx_word' id='word_1_71' title='bbox 1981 819 2311 883; x_wconf 89' lang='lat' dir='ltr'><strong>Simoniace,</strong></span> <span class='ocrx_word' id='word_1_72' title='bbox 2340 817 2587 873; x_wconf 87' lang='lat' dir='ltr'><strong>videlicet</strong></span> <span class='ocrx_word' id='word_1_73' title='bbox 2620 833 2717 889; x_wconf 92' lang='lat' dir='ltr'><strong>per</strong></span> <span class='ocrx_word' id='word_1_74' title='bbox 2746 817 3111 872; x_wconf 89' lang='lat' dir='ltr'><strong>interventum</strong></span> <span class='ocrx_word' id='word_1_75' title='bbox 3150 818 3420 888; x_wconf 66' lang='lat' dir='ltr'><strong>pecuniae,</strong></span> <span class='ocrx_word' id='word_1_76' title='bbox 3443 827 3576 873; x_wconf 91' lang='lat' dir='ltr'><strong>sunt</strong></span> 
     </span>
    </p>
   </div>
   <div class='ocr_carea' id='block_1_7' title="bbox 259 900 3572 993">
    <p class='ocr_par' dir='ltr' id='par_1_7' title="bbox 259 900 3572 993">
     <span class='ocr_line' id='line_1_7' title="bbox 259 900 3572 993; baseline 0.002 -36"><span class='ocrx_word' id='word_1_77' title='bbox 259 900 365 957; x_wconf 71' lang='lat' dir='ltr'><strong>size</strong></span> <span class='ocrx_word' id='word_1_78' title='bbox 392 901 569 967; x_wconf 87' lang='lat' dir='ltr'><strong>ﬁlius,</strong></span> <span class='ocrx_word' id='word_1_79' title='bbox 599 910 656 957; x_wconf 89' lang='lat' dir='ltr'><strong>te</strong></span> <span class='ocrx_word' id='word_1_80' title='bbox 682 903 922 993; x_wconf 87' lang='lat' dir='ltr'><strong>multum</strong></span> <span class='ocrx_word' id='word_1_81' title='bbox 954 904 1101 975; x_wconf 89' lang='lat' dir='ltr'><strong>apud</strong></span> <span class='ocrx_word' id='word_1_82' title='bbox 1126 920 1228 960; x_wconf 90' lang='lat' dir='ltr'><strong>nos</strong></span> <span class='ocrx_word' id='word_1_83' title='bbox 1255 908 1561 976; x_wconf 82' lang='lat' dir='ltr'><strong>excusavit,</strong></span> <span class='ocrx_word' id='word_1_84' title='bbox 1594 908 1868 979; x_wconf 89' lang='lat' dir='ltr'><strong>imputaus</strong></span> <span class='ocrx_word' id='word_1_85' title='bbox 1982 913 2243 984; x_wconf 87' lang='lat' dir='ltr'><strong>promoti,</strong></span> <span class='ocrx_word' id='word_1_86' title='bbox 2277 920 2338 966; x_wconf 93' lang='lat' dir='ltr'><strong>ut</strong></span> <span class='ocrx_word' id='word_1_87' title='bbox 2365 911 2567 993; x_wconf 80' lang='lat' dir='ltr'><strong>absque</strong></span> <span class='ocrx_word' id='word_1_88' title='bbox 2594 911 2701 966; x_wconf 90' lang='lat' dir='ltr'><strong>ulla</strong></span> <span class='ocrx_word' id='word_1_89' title='bbox 2732 927 2827 982; x_wconf 91' lang='lat' dir='ltr'><strong>spe</strong></span> <span class='ocrx_word' id='word_1_90' title='bbox 2856 911 3278 981; x_wconf 88' lang='lat' dir='ltr'><strong>recuperationis</strong></span> <span class='ocrx_word' id='word_1_91' title='bbox 3297 911 3572 982; x_wconf 91' lang='lat' dir='ltr'><strong>deponan-</strong></span> 
     </span>
    </p>
   </div>
   <div class='ocr_carea' id='block_1_8' title="bbox 253 986 3571 1078">
    <p class='ocr_par' dir='ltr' id='par_1_8' title="bbox 253 986 3571 1078">
     <span class='ocr_line' id='line_1_8' title="bbox 253 986 3571 1078; baseline 0.003 -27"><span class='ocrx_word' id='word_1_92' title='bbox 253 994 385 1051; x_wconf 89' lang='lat' dir='ltr'><strong>aliis</strong></span> <span class='ocrx_word' id='word_1_93' title='bbox 415 992 761 1067; x_wconf 74' lang='lat' dir='ltr'><strong>quaecunque</strong></span> <span class='ocrx_word' id='word_1_94' title='bbox 795 1012 959 1069; x_wconf 89' lang='lat' dir='ltr'><strong>super</strong></span> <span class='ocrx_word' id='word_1_95' title='bbox 987 997 1071 1053; x_wconf 90' lang='lat' dir='ltr'><strong>his</strong></span> <span class='ocrx_word' id='word_1_96' title='bbox 1102 1000 1242 1056; x_wconf 89' lang='lat' dir='ltr'><strong>male</strong></span> <span class='ocrx_word' id='word_1_97' title='bbox 1273 1000 1606 1071; x_wconf 90' lang='lat' dir='ltr'><strong>disposueris</strong></span> <span class='ocrx_word' id='word_1_98' title='bbox 1633 1017 1871 1073; x_wconf 88' lang='lat' dir='ltr'><strong>quorum</strong></span> <span class='ocrx_word' id='word_1_99' title='bbox 1979 1015 2069 1063; x_wconf 87' lang='lat' dir='ltr'><strong>tur</strong></span> <span class='ocrx_word' id='word_1_100' title='bbox 2108 986 2401 1078; x_wconf 82' lang='lat' dir='ltr'><strong>apostolica</strong></span> <span class='ocrx_word' id='word_1_101' title='bbox 2438 1020 2666 1059; x_wconf 87' lang='lat' dir='ltr'><strong>censura</strong></span> <span class='ocrx_word' id='word_1_102' title='bbox 2714 1004 3020 1059; x_wconf 88' lang='lat' dir='ltr'><strong>statuimus.</strong></span> <span class='ocrx_word' id='word_1_103' title='bbox 3064 1006 3353 1060; x_wconf 86' lang='lat' dir='ltr'><strong>Monemus</strong></span> <span class='ocrx_word' id='word_1_104' title='bbox 3389 1006 3571 1076; x_wconf 88' lang='lat' dir='ltr'><strong>itaque</strong></span> 
     </span>
    </p>
   </div>
   <div class='ocr_carea' id='block_1_9' title="bbox 256 1089 3571 1169">
    <p class='ocr_par' dir='ltr' id='par_1_9' title="bbox 256 1089 3571 1169">
     <span class='ocr_line' id='line_1_9' title="bbox 256 1089 3571 1169; baseline 0.003 -26"><span class='ocrx_word' id='word_1_105' title='bbox 256 1089 500 1144; x_wconf 69' lang='lat' dir='ltr'><strong>mnsilio</strong></span> <span class='ocrx_word' id='word_1_106' title='bbox 548 1105 683 1146; x_wconf 88' lang='lat' dir='ltr'><strong>usus</strong></span> <span class='ocrx_word' id='word_1_107' title='bbox 723 1090 917 1157; x_wconf 85' lang='lat' dir='ltr'><strong>fueris;</strong></span> <span class='ocrx_word' id='word_1_108' title='bbox 955 1107 1375 1163; x_wconf 89' lang='lat' dir='ltr'><strong>commonemus</strong></span> <span class='ocrx_word' id='word_1_109' title='bbox 1401 1110 1531 1166; x_wconf 90' lang='lat' dir='ltr'><strong>ergo</strong></span> <span class='ocrx_word' id='word_1_110' title='bbox 1564 1104 1617 1150; x_wconf 91' lang='lat' dir='ltr'><strong>te</strong></span> <span class='ocrx_word' id='word_1_111' title='bbox 1644 1105 1868 1167; x_wconf 89' lang='lat' dir='ltr'><strong>aposto-</strong></span> <span class='ocrx_word' id='word_1_112' title='bbox 1979 1110 2053 1168; x_wconf 88' lang='lat' dir='ltr'><strong>te,</strong></span> <span class='ocrx_word' id='word_1_113' title='bbox 2099 1099 2453 1155; x_wconf 88' lang='lat' dir='ltr'><strong>dilectissime</strong></span> <span class='ocrx_word' id='word_1_114' title='bbox 2496 1098 2661 1153; x_wconf 88' lang='lat' dir='ltr'><strong>frater</strong></span> <span class='ocrx_word' id='word_1_115' title='bbox 2710 1098 3048 1169; x_wconf 90' lang='lat' dir='ltr'><strong>coepiscope,</strong></span> <span class='ocrx_word' id='word_1_116' title='bbox 3099 1097 3213 1152; x_wconf 91' lang='lat' dir='ltr'><strong>imo</strong></span> <span class='ocrx_word' id='word_1_117' title='bbox 3271 1098 3571 1168; x_wconf 91' lang='lat' dir='ltr'><strong>apostolica</strong></span> 
     </span>
    </p>
   </div>
   <div class='ocr_carea' id='block_1_10' title="bbox 253 1181 3569 1263">
    <p class='ocr_par' dir='ltr' id='par_1_10' title="bbox 253 1181 3569 1263">
     <span class='ocr_line' id='line_1_10' title="bbox 253 1181 3569 1263; baseline 0.003 -26"><span class='ocrx_word' id='word_1_118' title='bbox 253 1181 372 1238; x_wconf 86' lang='lat' dir='ltr'><strong>lica</strong></span> <span class='ocrx_word' id='word_1_119' title='bbox 400 1182 731 1239; x_wconf 83' lang='lat' dir='ltr'><strong>auctoritate</strong></span> <span class='ocrx_word' id='word_1_120' title='bbox 765 1191 828 1239; x_wconf 92' lang='lat' dir='ltr'><strong>ut</strong></span> <span class='ocrx_word' id='word_1_121' title='bbox 858 1184 991 1255; x_wconf 91' lang='lat' dir='ltr'><strong>quid</strong></span> <span class='ocrx_word' id='word_1_122' title='bbox 1022 1186 1197 1258; x_wconf 89' lang='lat' dir='ltr'><strong>egeris</strong></span> <span class='ocrx_word' id='word_1_123' title='bbox 1221 1187 1491 1255; x_wconf 89' lang='lat' dir='ltr'><strong>attendas,</strong></span> <span class='ocrx_word' id='word_1_124' title='bbox 1532 1196 1585 1243; x_wconf 91' lang='lat' dir='ltr'><strong>et</strong></span> <span class='ocrx_word' id='word_1_125' title='bbox 1603 1188 1870 1260; x_wconf 89' lang='lat' dir='ltr'><strong>judicium</strong></span> <span class='ocrx_word' id='word_1_126' title='bbox 1980 1194 2081 1249; x_wconf 87' lang='lat' dir='ltr'><strong>tibi</strong></span> <span class='ocrx_word' id='word_1_127' title='bbox 2122 1193 2445 1248; x_wconf 89' lang='lat' dir='ltr'><strong>auctoritate</strong></span> <span class='ocrx_word' id='word_1_128' title='bbox 2490 1191 2851 1263; x_wconf 81' lang='lat' dir='ltr'><strong>praecipiendo</strong></span> <span class='ocrx_word' id='word_1_129' title='bbox 2908 1190 3232 1246; x_wconf 87' lang='lat' dir='ltr'><strong>mandamus</strong></span> <span class='ocrx_word' id='word_1_130' title='bbox 3286 1200 3348 1246; x_wconf 93' lang='lat' dir='ltr'><strong>ut</strong></span> <span class='ocrx_word' id='word_1_131' title='bbox 3400 1200 3459 1246; x_wconf 91' lang='lat' dir='ltr'><strong>tu</strong></span> <span class='ocrx_word' id='word_1_132' title='bbox 3512 1192 3569 1246; x_wconf 92' lang='lat' dir='ltr'><strong>in</strong></span> 
     </span>
    </p>
   </div>
   <div class='ocr_carea' id='block_1_11' title="bbox 255 1275 3567 1354">
    <p class='ocr_par' dir='ltr' id='par_1_11' title="bbox 255 1275 3567 1354">
     <span class='ocr_line' id='line_1_11' title="bbox 255 1275 3567 1354; baseline 0.002 -23"><span class='ocrx_word' id='word_1_133' title='bbox 255 1275 340 1331; x_wconf 84' lang='lat' dir='ltr'><strong>ad</strong></span> <span class='ocrx_word' id='word_1_134' title='bbox 365 1275 526 1345; x_wconf 87' lang='lat' dir='ltr'><strong>quod</strong></span> <span class='ocrx_word' id='word_1_135' title='bbox 556 1291 816 1348; x_wconf 88' lang='lat' dir='ltr'><strong>properas</strong></span> <span class='ocrx_word' id='word_1_136' title='bbox 835 1292 1184 1349; x_wconf 88' lang='lat' dir='ltr'><strong>expavescas,</strong></span> <span class='ocrx_word' id='word_1_137' title='bbox 1206 1288 1265 1336; x_wconf 90' lang='lat' dir='ltr'><strong>et</strong></span> <span class='ocrx_word' id='word_1_138' title='bbox 1286 1281 1522 1352; x_wconf 90' lang='lat' dir='ltr'><strong>amplius</strong></span> <span class='ocrx_word' id='word_1_139' title='bbox 1540 1280 1775 1338; x_wconf 90' lang='lat' dir='ltr'><strong>desistas</strong></span> <span class='ocrx_word' id='word_1_140' title='bbox 1802 1283 1870 1337; x_wconf 89' lang='lat' dir='ltr'><strong>ab</strong></span> <span class='ocrx_word' id='word_1_141' title='bbox 1979 1287 2201 1343; x_wconf 85' lang='lat' dir='ltr'><strong>dioecesi</strong></span> <span class='ocrx_word' id='word_1_142' title='bbox 2244 1295 2337 1341; x_wconf 87' lang='lat' dir='ltr'><strong>tua</strong></span> <span class='ocrx_word' id='word_1_143' title='bbox 2380 1285 2714 1341; x_wconf 89' lang='lat' dir='ltr'><strong>Simoniacos</strong></span> <span class='ocrx_word' id='word_1_144' title='bbox 2764 1284 2988 1340; x_wconf 86' lang='lat' dir='ltr'><strong>omnino</strong></span> <span class='ocrx_word' id='word_1_145' title='bbox 3018 1284 3281 1354; x_wconf 86' lang='lat' dir='ltr'><strong>deponas,</strong></span> <span class='ocrx_word' id='word_1_146' title='bbox 3311 1292 3366 1339; x_wconf 93' lang='lat' dir='ltr'><strong>et</strong></span> <span class='ocrx_word' id='word_1_147' title='bbox 3390 1282 3567 1339; x_wconf 88' lang='lat' dir='ltr'><strong>forni-</strong></span> 
     </span>
    </p>
   </div>
   <div class='ocr_carea' id='block_1_12' title="bbox 250 1368 3567 1448">
    <p class='ocr_par' dir='ltr' id='par_1_12' title="bbox 250 1368 3567 1448">
     <span class='ocr_line' id='line_1_12' title="bbox 250 1368 3567 1448; baseline 0.002 -24"><span class='ocrx_word' id='word_1_148' title='bbox 250 1368 595 1440; x_wconf 89' lang='lat' dir='ltr'><strong>hujusmodi</strong></span> <span class='ocrx_word' id='word_1_149' title='bbox 646 1370 1196 1442; x_wconf 89' lang='lat' dir='ltr'><strong>transgressionibus,</strong></span> <span class='ocrx_word' id='word_1_150' title='bbox 1258 1381 1313 1429; x_wconf 89' lang='lat' dir='ltr'><strong>et</strong></span> <span class='ocrx_word' id='word_1_151' title='bbox 1349 1373 1405 1428; x_wconf 90' lang='lat' dir='ltr'><strong>in</strong></span> <span class='ocrx_word' id='word_1_152' title='bbox 1455 1375 1870 1448; x_wconf 89' lang='lat' dir='ltr'><strong>quibuscunque</strong></span> <span class='ocrx_word' id='word_1_153' title='bbox 1979 1380 2254 1436; x_wconf 90' lang='lat' dir='ltr'><strong>catoribus</strong></span> <span class='ocrx_word' id='word_1_154' title='bbox 2288 1379 2518 1447; x_wconf 88' lang='lat' dir='ltr'><strong>clericis,</strong></span> <span class='ocrx_word' id='word_1_155' title='bbox 2557 1378 2663 1433; x_wconf 87' lang='lat' dir='ltr'><strong>nisi</strong></span> <span class='ocrx_word' id='word_1_156' title='bbox 2710 1394 2742 1433; x_wconf 89' lang='lat' dir='ltr'><strong>a</strong></span> <span class='ocrx_word' id='word_1_157' title='bbox 2781 1377 3143 1433; x_wconf 91' lang='lat' dir='ltr'><strong>fornicatione</strong></span> <span class='ocrx_word' id='word_1_158' title='bbox 3186 1376 3567 1443; x_wconf 89' lang='lat' dir='ltr'><strong>abstinuerint,</strong></span> 
     </span>
    </p>
   </div>
   <div class='ocr_carea' id='block_1_13' title="bbox 247 1458 3568 1546">
    <p class='ocr_par' dir='ltr' id='par_1_13' title="bbox 247 1458 3568 1546">
     <span class='ocr_line' id='line_1_13' title="bbox 247 1458 3568 1546; baseline 0.002 -28"><span class='ocrx_word' id='word_1_159' title='bbox 247 1463 479 1533; x_wconf 83' lang='lat' dir='ltr'><strong>poteris</strong></span> <span class='ocrx_word' id='word_1_160' title='bbox 517 1462 743 1519; x_wconf 86' lang='lat' dir='ltr'><strong>studeas</strong></span> <span class='ocrx_word' id='word_1_161' title='bbox 772 1464 1068 1537; x_wconf 83' lang='lat' dir='ltr'><strong>corrigere,</strong></span> <span class='ocrx_word' id='word_1_162' title='bbox 1114 1466 1462 1523; x_wconf 90' lang='lat' dir='ltr'><strong>immutando</strong></span> <span class='ocrx_word' id='word_1_163' title='bbox 1508 1484 1631 1539; x_wconf 86' lang='lat' dir='ltr'><strong>quae</strong></span> <span class='ocrx_word' id='word_1_164' title='bbox 1672 1470 1865 1539; x_wconf 81' lang='lat' dir='ltr'><strong>egeris.</strong></span> <span class='ocrx_word' id='word_1_165' title='bbox 1980 1474 2205 1546; x_wconf 74' lang='lat' dir='ltr'><strong>praefata</strong></span> <span class='ocrx_word' id='word_1_166' title='bbox 2246 1472 2558 1529; x_wconf 88' lang='lat' dir='ltr'><strong>conditione</strong></span> <span class='ocrx_word' id='word_1_167' title='bbox 2604 1471 2852 1526; x_wconf 87' lang='lat' dir='ltr'><strong>ofﬁcium</strong></span> <span class='ocrx_word' id='word_1_168' title='bbox 2897 1480 2951 1526; x_wconf 93' lang='lat' dir='ltr'><strong>et</strong></span> <span class='ocrx_word' id='word_1_169' title='bbox 2979 1470 3311 1526; x_wconf 87' lang='lat' dir='ltr'><strong>beneﬁcium</strong></span> <span class='ocrx_word' id='word_1_170' title='bbox 3350 1458 3568 1541; x_wconf 85' lang='lat' dir='ltr'><strong>penitus</strong></span> 
     </span>
    </p>
   </div>
   <div class='ocr_carea' id='block_1_14' title="bbox 250 1556 3572 1636">
    <p class='ocr_par' dir='ltr' id='par_1_14' title="bbox 250 1556 3572 1636">
     <span class='ocr_line' id='line_1_14' title="bbox 250 1556 3572 1636; baseline 0.002 -26"><span class='ocrx_word' id='word_1_171' title='bbox 250 1557 631 1627; x_wconf 65' lang='lat' dir='ltr'><strong>Praecipimus</strong></span> <span class='ocrx_word' id='word_1_172' title='bbox 650 1556 815 1612; x_wconf 90' lang='lat' dir='ltr'><strong>etiam</strong></span> <span class='ocrx_word' id='word_1_173' title='bbox 840 1558 1215 1614; x_wconf 87' lang='lat' dir='ltr'><strong>utadmoneas</strong></span> <span class='ocrx_word' id='word_1_174' title='bbox 1238 1567 1562 1616; x_wconf 88' lang='lat' dir='ltr'><strong>etcoerceas</strong></span> <span class='ocrx_word' id='word_1_175' title='bbox 1590 1577 1869 1634; x_wconf 90' lang='lat' dir='ltr'><strong>quoscun-</strong></span> <span class='ocrx_word' id='word_1_176' title='bbox 1984 1567 2295 1636; x_wconf 88' lang='lat' dir='ltr'><strong>interdicas,</strong></span> <span class='ocrx_word' id='word_1_177' title='bbox 2343 1574 2401 1621; x_wconf 91' lang='lat' dir='ltr'><strong>et</strong></span> <span class='ocrx_word' id='word_1_178' title='bbox 2450 1563 2827 1636; x_wconf 83' lang='lat' dir='ltr'><strong>suffraganeos</strong></span> <span class='ocrx_word' id='word_1_179' title='bbox 2878 1573 3027 1630; x_wconf 91' lang='lat' dir='ltr'><strong>tuos,</strong></span> <span class='ocrx_word' id='word_1_180' title='bbox 3069 1564 3179 1618; x_wconf 89' lang='lat' dir='ltr'><strong>sive</strong></span> <span class='ocrx_word' id='word_1_181' title='bbox 3227 1563 3423 1617; x_wconf 90' lang='lat' dir='ltr'><strong>litteris</strong></span> <span class='ocrx_word' id='word_1_182' title='bbox 3464 1562 3572 1617; x_wconf 89' lang='lat' dir='ltr'><strong>tuis</strong></span> 
     </span>
    </p>
   </div>
   <div class='ocr_carea' id='block_1_15' title="bbox 248 1649 3571 1725">
    <p class='ocr_par' dir='ltr' id='par_1_15' title="bbox 248 1649 3571 1725">
     <span class='ocr_line' id='line_1_15' title="bbox 248 1649 3571 1725; baseline 0.002 -21"><span class='ocrx_word' id='word_1_183' title='bbox 248 1666 374 1720; x_wconf 85' lang='lat' dir='ltr'><strong>que</strong></span> <span class='ocrx_word' id='word_1_184' title='bbox 412 1650 557 1705; x_wconf 87' lang='lat' dir='ltr'><strong>sacri</strong></span> <span class='ocrx_word' id='word_1_185' title='bbox 582 1649 794 1707; x_wconf 90' lang='lat' dir='ltr'><strong>ordinis</strong></span> <span class='ocrx_word' id='word_1_186' title='bbox 828 1651 1108 1709; x_wconf 89' lang='lat' dir='ltr'><strong>ministros</strong></span> <span class='ocrx_word' id='word_1_187' title='bbox 1136 1663 1280 1709; x_wconf 88' lang='lat' dir='ltr'><strong>caste</strong></span> <span class='ocrx_word' id='word_1_188' title='bbox 1318 1653 1496 1710; x_wconf 91' lang='lat' dir='ltr'><strong>vivere</strong></span> <span class='ocrx_word' id='word_1_189' title='bbox 1531 1663 1589 1711; x_wconf 92' lang='lat' dir='ltr'><strong>et</strong></span> <span class='ocrx_word' id='word_1_190' title='bbox 1615 1656 1870 1712; x_wconf 86' lang='lat' dir='ltr'><strong>concubi-</strong></span> <span class='ocrx_word' id='word_1_191' title='bbox 1980 1662 2090 1716; x_wconf 88' lang='lat' dir='ltr'><strong>sive</strong></span> <span class='ocrx_word' id='word_1_192' title='bbox 2140 1661 2257 1715; x_wconf 90' lang='lat' dir='ltr'><strong>viva</strong></span> <span class='ocrx_word' id='word_1_193' title='bbox 2301 1676 2432 1715; x_wconf 89' lang='lat' dir='ltr'><strong>voce</strong></span> <span class='ocrx_word' id='word_1_194' title='bbox 2477 1657 2547 1713; x_wconf 90' lang='lat' dir='ltr'><strong>ad</strong></span> <span class='ocrx_word' id='word_1_195' title='bbox 2598 1667 2652 1713; x_wconf 89' lang='lat' dir='ltr'><strong>te</strong></span> <span class='ocrx_word' id='word_1_196' title='bbox 2698 1666 3045 1725; x_wconf 88' lang='lat' dir='ltr'><strong>convocatos,</strong></span> <span class='ocrx_word' id='word_1_197' title='bbox 3089 1666 3153 1712; x_wconf 91' lang='lat' dir='ltr'><strong>ut</strong></span> <span class='ocrx_word' id='word_1_198' title='bbox 3181 1656 3327 1712; x_wconf 89' lang='lat' dir='ltr'><strong>idem</strong></span> <span class='ocrx_word' id='word_1_199' title='bbox 3377 1655 3571 1710; x_wconf 85' lang='lat' dir='ltr'><strong>faciant</strong></span> 
     </span>
    </p>
   </div>
   <div class='ocr_carea' id='block_1_16' title="bbox 242 1743 2921 1824">
    <p class='ocr_par' dir='ltr' id='par_1_16' title="bbox 242 1743 2921 1824">
     <span class='ocr_line' id='line_1_16' title="bbox 242 1743 2921 1824; baseline 0.003 -26"><span class='ocrx_word' id='word_1_200' title='bbox 242 1757 363 1798; x_wconf 83' lang='lat' dir='ltr'><strong>nas</strong></span> <span class='ocrx_word' id='word_1_201' title='bbox 390 1743 622 1799; x_wconf 87' lang='lat' dir='ltr'><strong>omnino</strong></span> <span class='ocrx_word' id='word_1_202' title='bbox 650 1743 1048 1816; x_wconf 88' lang='lat' dir='ltr'><strong>derelinquere,</strong></span> <span class='ocrx_word' id='word_1_203' title='bbox 1074 1754 1129 1801; x_wconf 91' lang='lat' dir='ltr'><strong>et</strong></span> <span class='ocrx_word' id='word_1_204' title='bbox 1152 1747 1453 1802; x_wconf 88' lang='lat' dir='ltr'><strong>extermina</strong></span> <span class='ocrx_word' id='word_1_205' title='bbox 1482 1745 1659 1817; x_wconf 81' lang='lat' dir='ltr'><strong>nefas,</strong></span> <span class='ocrx_word' id='word_1_206' title='bbox 1681 1764 1874 1804; x_wconf 88' lang='lat' dir='ltr'><strong>secun-</strong></span> <span class='ocrx_word' id='word_1_207' title='bbox 1982 1770 2199 1810; x_wconf 89' lang='lat' dir='ltr'><strong>summa</strong></span> <span class='ocrx_word' id='word_1_208' title='bbox 2221 1770 2351 1809; x_wconf 88' lang='lat' dir='ltr'><strong>cum</strong></span> <span class='ocrx_word' id='word_1_209' title='bbox 2378 1752 2651 1824; x_wconf 83' lang='lat' dir='ltr'><strong>diligentia</strong></span> <span class='ocrx_word' id='word_1_210' title='bbox 2678 1767 2921 1805; x_wconf 91' lang='lat' dir='ltr'><strong>moneas.</strong></span> 
     </span>
    </p>
   </div>
   <div class='ocr_carea' id='block_1_17' title="bbox 244 1825 3569 1915">
    <p class='ocr_par' dir='ltr' id='par_1_17' title="bbox 244 1825 3569 1915">
     <span class='ocr_line' id='line_1_17' title="bbox 244 1825 3569 1915; baseline 0.002 -23"><span class='ocrx_word' id='word_1_211' title='bbox 244 1835 407 1892; x_wconf 88' lang='lat' dir='ltr'><strong>dum</strong></span> <span class='ocrx_word' id='word_1_212' title='bbox 434 1839 663 1892; x_wconf 86' lang='lat' dir='ltr'><strong>Patrum</strong></span> <span class='ocrx_word' id='word_1_213' title='bbox 694 1838 1066 1908; x_wconf 86' lang='lat' dir='ltr'><strong>traditionem,</strong></span> <span class='ocrx_word' id='word_1_214' title='bbox 1092 1840 1243 1911; x_wconf 92' lang='lat' dir='ltr'><strong>quod</strong></span> <span class='ocrx_word' id='word_1_215' title='bbox 1270 1841 1615 1911; x_wconf 86' lang='lat' dir='ltr'><strong>temporibus</strong></span> <span class='ocrx_word' id='word_1_216' title='bbox 1646 1841 1868 1898; x_wconf 91' lang='lat' dir='ltr'><strong>moder-</strong></span> <span class='ocrx_word' id='word_1_217' title='bbox 1894 1825 1949 1897; x_wconf 82' lang='grc' dir='ltr'><strong>Β</strong></span> <span class='ocrx_word' id='word_1_218' title='bbox 2048 1850 2191 1902; x_wconf 89' lang='lat' dir='ltr'><strong>Data</strong></span> <span class='ocrx_word' id='word_1_219' title='bbox 2222 1851 2438 1915; x_wconf 76' lang='lat' dir='ltr'><strong>Romae,</strong></span> <span class='ocrx_word' id='word_1_220' title='bbox 2470 1845 2681 1901; x_wconf 92' lang='lat' dir='ltr'><strong>decimo</strong></span> <span class='ocrx_word' id='word_1_221' title='bbox 2712 1843 2992 1900; x_wconf 81' lang='lat' dir='ltr'><strong>Kalendas</strong></span> <span class='ocrx_word' id='word_1_222' title='bbox 3023 1842 3240 1914; x_wconf 85' lang='lat' dir='ltr'><strong>Aprilis,</strong></span> <span class='ocrx_word' id='word_1_223' title='bbox 3266 1840 3569 1900; x_wconf 81' lang='lat' dir='ltr'><strong>indictione</strong></span> 
     </span>
    </p>
   </div>
   <div class='ocr_carea' id='block_1_18' title="bbox 245 1928 2413 2004">
    <p class='ocr_par' dir='ltr' id='par_1_18' title="bbox 245 1928 2413 2004">
     <span class='ocr_line' id='line_1_18' title="bbox 245 1928 2413 2004; baseline 0.004 -19"><span class='ocrx_word' id='word_1_224' title='bbox 245 1929 354 1985; x_wconf 89' lang='lat' dir='ltr'><strong>nis</strong></span> <span class='ocrx_word' id='word_1_225' title='bbox 382 1928 615 1986; x_wconf 87' lang='lat' dir='ltr'><strong>inolevit</strong></span> <span class='ocrx_word' id='word_1_226' title='bbox 633 1946 698 1987; x_wconf 86' lang='lat' dir='ltr'><strong>ex</strong></span> <span class='ocrx_word' id='word_1_227' title='bbox 729 1932 1098 1989; x_wconf 88' lang='lat' dir='ltr'><strong>taciturnitate</strong></span> <span class='ocrx_word' id='word_1_228' title='bbox 1129 1948 1435 2004; x_wconf 85' lang='lat' dir='ltr'><strong>paStorum,</strong></span> <span class='ocrx_word' id='word_1_229' title='bbox 1466 1951 1534 1991; x_wconf 92' lang='lat' dir='ltr'><strong>ne</strong></span> <span class='ocrx_word' id='word_1_230' title='bbox 1565 1951 1691 1991; x_wconf 88' lang='lat' dir='ltr'><strong>cum</strong></span> <span class='ocrx_word' id='word_1_231' title='bbox 1729 1937 1873 1991; x_wconf 89' lang='lat' dir='ltr'><strong>male</strong></span> <span class='ocrx_word' id='word_1_232' title='bbox 1980 1941 2192 1997; x_wconf 90' lang='lat' dir='ltr'><strong>decima</strong></span> <span class='ocrx_word' id='word_1_233' title='bbox 2234 1940 2413 1995; x_wconf 88' lang='lat' dir='ltr'><strong>tertia.</strong></span> 
     </span>
    </p>
   </div>
   <div class='ocr_carea' id='block_1_19' title="bbox 246 2024 1867 2100">
    <p class='ocr_par' dir='ltr' id='par_1_19' title="bbox 246 2024 1867 2100">
     <span class='ocr_line' id='line_1_19' title="bbox 246 2024 1867 2100; baseline 0.004 -23"><span class='ocrx_word' id='word_1_234' title='bbox 246 2024 630 2094; x_wconf 86' lang='lat' dir='ltr'><strong>operantibus</strong></span> <span class='ocrx_word' id='word_1_235' title='bbox 694 2033 916 2097; x_wconf 89' lang='lat' dir='ltr'><strong>propter</strong></span> <span class='ocrx_word' id='word_1_236' title='bbox 967 2026 1245 2082; x_wconf 88' lang='lat' dir='ltr'><strong>silentium</strong></span> <span class='ocrx_word' id='word_1_237' title='bbox 1305 2027 1612 2092; x_wconf 85' lang='lat' dir='ltr'><strong>damneris,</strong></span> <span class='ocrx_word' id='word_1_238' title='bbox 1666 2037 1723 2084; x_wconf 93' lang='lat' dir='ltr'><strong>et</strong></span> <span class='ocrx_word' id='word_1_239' title='bbox 1768 2030 1867 2100; x_wconf 91' lang='lat' dir='ltr'><strong>ipsi</strong></span> 
     </span>
    </p>
   </div>
   <div class='ocr_carea' id='block_1_20' title="bbox 238 2119 1869 2193">
    <p class='ocr_par' dir='ltr' id='par_1_20' title="bbox 238 2119 1869 2193">
     <span class='ocr_line' id='line_1_20' title="bbox 238 2119 1869 2193; baseline 0.004 -21"><span class='ocrx_word' id='word_1_240' title='bbox 238 2123 500 2172; x_wconf 66' lang='lat' dir='ltr'><strong>aeternae</strong></span> <span class='ocrx_word' id='word_1_241' title='bbox 518 2119 712 2173; x_wconf 87' lang='lat' dir='ltr'><strong>mortis</strong></span> <span class='ocrx_word' id='word_1_242' title='bbox 736 2119 1017 2174; x_wconf 88' lang='lat' dir='ltr'><strong>incurrant</strong></span> <span class='ocrx_word' id='word_1_243' title='bbox 1042 2120 1371 2191; x_wconf 88' lang='lat' dir='ltr'><strong>periculum.</strong></span> <span class='ocrx_word' id='word_1_244' title='bbox 1404 2123 1763 2193; x_wconf 88' lang='lat' dir='ltr'><strong>Compertum</strong></span> <span class='ocrx_word' id='word_1_245' title='bbox 1784 2132 1869 2178; x_wconf 89' lang='lat' dir='ltr'><strong>est</strong></span> 
     </span>
    </p>
   </div>
   <div class='ocr_carea' id='block_1_21' title="bbox 238 2209 1868 2285">
    <p class='ocr_par' dir='ltr' id='par_1_21' title="bbox 238 2209 1868 2285">
     <span class='ocr_line' id='line_1_21' title="bbox 238 2209 1868 2285; baseline 0.003 -19"><span class='ocrx_word' id='word_1_246' title='bbox 238 2209 439 2266; x_wconf 89' lang='lat' dir='ltr'><strong>nobis</strong></span> <span class='ocrx_word' id='word_1_247' title='bbox 480 2218 535 2267; x_wconf 91' lang='lat' dir='ltr'><strong>te</strong></span> <span class='ocrx_word' id='word_1_248' title='bbox 562 2212 924 2268; x_wconf 87' lang='lat' dir='ltr'><strong>contumelias</strong></span> <span class='ocrx_word' id='word_1_249' title='bbox 950 2214 1320 2285; x_wconf 87' lang='lat' dir='ltr'><strong>quorumdam</strong></span> <span class='ocrx_word' id='word_1_250' title='bbox 1347 2214 1571 2270; x_wconf 90' lang='lat' dir='ltr'><strong>consilio</strong></span> <span class='ocrx_word' id='word_1_251' title='bbox 1612 2215 1868 2272; x_wconf 89' lang='lat' dir='ltr'><strong>intulisse</strong></span> 
     </span>
    </p>
   </div>
   <div class='ocr_carea' id='block_1_22' title="bbox 238 2303 1867 2381">
    <p class='ocr_par' dir='ltr' id='par_1_22' title="bbox 238 2303 1867 2381">
     <span class='ocr_line' id='line_1_22' title="bbox 238 2303 1867 2381; baseline 0.004 -22"><span class='ocrx_word' id='word_1_252' title='bbox 238 2303 462 2359; x_wconf 82' lang='lat' dir='ltr'><strong>abbati</strong></span> <span class='ocrx_word' id='word_1_253' title='bbox 483 2304 550 2361; x_wconf 90' lang='lat' dir='ltr'><strong>de</strong></span> <span class='ocrx_word' id='word_1_254' title='bbox 586 2314 777 2362; x_wconf 91' lang='lat' dir='ltr'><strong>sancto</strong></span> <span class='ocrx_word' id='word_1_255' title='bbox 805 2306 1053 2362; x_wconf 87' lang='lat' dir='ltr'><strong>Huberto</strong></span> <span class='ocrx_word' id='word_1_256' title='bbox 1082 2306 1364 2379; x_wconf 79' lang='lat' dir='ltr'><strong>[Imberto]</strong></span> <span class='ocrx_word' id='word_1_257' title='bbox 1412 2317 1632 2381; x_wconf 90' lang='lat' dir='ltr'><strong>propter</strong></span> <span class='ocrx_word' id='word_1_258' title='bbox 1658 2310 1867 2381; x_wconf 88' lang='lat' dir='ltr'><strong>privile-</strong></span> 
     </span>
    </p>
   </div>
   <div class='ocr_carea' id='block_1_23' title="bbox 235 2397 1867 2472">
    <p class='ocr_par' dir='ltr' id='par_1_23' title="bbox 235 2397 1867 2472">
     <span class='ocr_line' id='line_1_23' title="bbox 235 2397 1867 2472; baseline 0.002 -17"><span class='ocrx_word' id='word_1_259' title='bbox 235 2397 421 2470; x_wconf 81' lang='lat' dir='ltr'><strong>gium</strong></span> <span class='ocrx_word' id='word_1_260' title='bbox 464 2399 606 2468; x_wconf 91' lang='lat' dir='ltr'><strong>quod</strong></span> <span class='ocrx_word' id='word_1_261' title='bbox 642 2415 673 2454; x_wconf 90' lang='lat' dir='ltr'><strong>a</strong></span> <span class='ocrx_word' id='word_1_262' title='bbox 702 2399 864 2455; x_wconf 91' lang='lat' dir='ltr'><strong>nobis</strong></span> <span class='ocrx_word' id='word_1_263' title='bbox 906 2401 1179 2472; x_wconf 88' lang='lat' dir='ltr'><strong>suscepit;</strong></span> <span class='ocrx_word' id='word_1_264' title='bbox 1214 2401 1311 2457; x_wconf 92' lang='lat' dir='ltr'><strong>sed</strong></span> <span class='ocrx_word' id='word_1_265' title='bbox 1349 2417 1677 2458; x_wconf 90' lang='lat' dir='ltr'><strong>excusamus</strong></span> <span class='ocrx_word' id='word_1_266' title='bbox 1716 2419 1867 2472; x_wconf 87' lang='lat' dir='ltr'><strong>eum,</strong></span> 
     </span>
    </p>
   </div>
   <div class='ocr_carea' id='block_1_24' title="bbox 233 2489 1869 2564">
    <p class='ocr_par' dir='ltr' id='par_1_24' title="bbox 233 2489 1869 2564">
     <span class='ocr_line' id='line_1_24' title="bbox 233 2489 1869 2564; baseline 0.004 -19"><span class='ocrx_word' id='word_1_267' title='bbox 233 2489 424 2564; x_wconf 89' lang='lat' dir='ltr'><strong>quod</strong></span> <span class='ocrx_word' id='word_1_268' title='bbox 452 2499 639 2548; x_wconf 87' lang='lat' dir='ltr'><strong>contra</strong></span> <span class='ocrx_word' id='word_1_269' title='bbox 667 2492 1059 2549; x_wconf 86' lang='lat' dir='ltr'><strong>detrimentum</strong></span> <span class='ocrx_word' id='word_1_270' title='bbox 1089 2500 1145 2550; x_wconf 91' lang='lat' dir='ltr'><strong>et</strong></span> <span class='ocrx_word' id='word_1_271' title='bbox 1169 2493 1441 2550; x_wconf 89' lang='lat' dir='ltr'><strong>honorem</strong></span> <span class='ocrx_word' id='word_1_272' title='bbox 1477 2496 1729 2551; x_wconf 86' lang='lat' dir='ltr'><strong>Ecclesiae</strong></span> <span class='ocrx_word' id='word_1_273' title='bbox 1758 2505 1869 2552; x_wconf 71' lang='lat' dir='ltr'><strong>tuae</strong></span> 
     </span>
    </p>
   </div>
   <div class='ocr_carea' id='block_1_25' title="bbox 227 2581 1868 2660">
    <p class='ocr_par' dir='ltr' id='par_1_25' title="bbox 227 2581 1868 2660">
     <span class='ocr_line' id='line_1_25' title="bbox 227 2581 1868 2660; baseline 0.004 -22"><span class='ocrx_word' id='word_1_274' title='bbox 227 2584 405 2639; x_wconf 86' lang='lat' dir='ltr'><strong>nihil</strong></span> <span class='ocrx_word' id='word_1_275' title='bbox 446 2581 671 2654; x_wconf 84' lang='lat' dir='ltr'><strong>fecerit;</strong></span> <span class='ocrx_word' id='word_1_276' title='bbox 702 2585 848 2643; x_wconf 90' lang='lat' dir='ltr'><strong>unde</strong></span> <span class='ocrx_word' id='word_1_277' title='bbox 881 2594 936 2642; x_wconf 89' lang='lat' dir='ltr'><strong>te</strong></span> <span class='ocrx_word' id='word_1_278' title='bbox 965 2602 1262 2642; x_wconf 89' lang='lat' dir='ltr'><strong>monemus</strong></span> <span class='ocrx_word' id='word_1_279' title='bbox 1286 2596 1342 2643; x_wconf 90' lang='lat' dir='ltr'><strong>et</strong></span> <span class='ocrx_word' id='word_1_280' title='bbox 1380 2604 1638 2660; x_wconf 85' lang='lat' dir='ltr'><strong>rogamus</strong></span> <span class='ocrx_word' id='word_1_281' title='bbox 1662 2597 1720 2644; x_wconf 91' lang='lat' dir='ltr'><strong>ut</strong></span> <span class='ocrx_word' id='word_1_282' title='bbox 1752 2606 1868 2660; x_wconf 88' lang='lat' dir='ltr'><strong>per-</strong></span> 
     </span>
    </p>
   </div>
   <div class='ocr_carea' id='block_1_26' title="bbox 229 2679 1869 2753">
    <p class='ocr_par' dir='ltr' id='par_1_26' title="bbox 229 2679 1869 2753">
     <span class='ocr_line' id='line_1_26' title="bbox 229 2679 1869 2753; baseline 0.002 -19"><span class='ocrx_word' id='word_1_283' title='bbox 229 2680 470 2735; x_wconf 80' lang='lat' dir='ltr'><strong>mittas</strong></span> <span class='ocrx_word' id='word_1_284' title='bbox 512 2693 638 2734; x_wconf 89' lang='lat' dir='ltr'><strong>eum</strong></span> <span class='ocrx_word' id='word_1_285' title='bbox 680 2679 735 2734; x_wconf 92' lang='lat' dir='ltr'><strong>in</strong></span> <span class='ocrx_word' id='word_1_286' title='bbox 769 2695 902 2751; x_wconf 92' lang='lat' dir='ltr'><strong>pace</strong></span> <span class='ocrx_word' id='word_1_287' title='bbox 939 2689 994 2735; x_wconf 93' lang='lat' dir='ltr'><strong>et</strong></span> <span class='ocrx_word' id='word_1_288' title='bbox 1039 2682 1095 2735; x_wconf 92' lang='lat' dir='ltr'><strong>in</strong></span> <span class='ocrx_word' id='word_1_289' title='bbox 1133 2681 1286 2735; x_wconf 91' lang='lat' dir='ltr'><strong>omni</strong></span> <span class='ocrx_word' id='word_1_290' title='bbox 1334 2682 1748 2753; x_wconf 90' lang='lat' dir='ltr'><strong>tranquillitate.</strong></span> <span class='ocrx_word' id='word_1_291' title='bbox 1806 2687 1869 2738; x_wconf 92' lang='lat' dir='ltr'><strong>ln</strong></span> 
     </span>
    </p>
   </div>
   <div class='ocr_carea' id='block_1_27' title="bbox 223 2770 1868 2842">
    <p class='ocr_par' dir='ltr' id='par_1_27' title="bbox 223 2770 1868 2842">
     <span class='ocr_line' id='line_1_27' title="bbox 223 2770 1868 2842; baseline 0.001 -14"><span class='ocrx_word' id='word_1_292' title='bbox 223 2770 505 2828; x_wconf 69' lang='grc' dir='ltr'><strong>ὀίωοεεί</strong></span> <span class='ocrx_word' id='word_1_293' title='bbox 529 2771 691 2827; x_wconf 89' lang='lat' dir='ltr'><strong>etiam</strong></span> <span class='ocrx_word' id='word_1_294' title='bbox 717 2780 813 2827; x_wconf 90' lang='lat' dir='ltr'><strong>tua</strong></span> <span class='ocrx_word' id='word_1_295' title='bbox 840 2773 1192 2829; x_wconf 85' lang='lat' dir='ltr'><strong>Manucensis</strong></span> <span class='ocrx_word' id='word_1_296' title='bbox 1220 2775 1617 2842; x_wconf 81' lang='lat' dir='ltr'><strong>[Namucensis]</strong></span> <span class='ocrx_word' id='word_1_297' title='bbox 1652 2776 1868 2832; x_wconf 89' lang='lat' dir='ltr'><strong>comitis</strong></span> 
     </span>
    </p>
   </div>
   <div class='ocr_carea' id='block_1_28' title="bbox 226 2864 1868 2940">
    <p class='ocr_par' dir='ltr' id='par_1_28' title="bbox 226 2864 1868 2940">
     <span class='ocr_line' id='line_1_28' title="bbox 226 2864 1868 2940; baseline 0 -18"><span class='ocrx_word' id='word_1_298' title='bbox 226 2864 559 2922; x_wconf 80' lang='lat' dir='ltr'><strong>ecclesiam</strong></span> <span class='ocrx_word' id='word_1_299' title='bbox 589 2882 750 2936; x_wconf 91' lang='lat' dir='ltr'><strong>quam</strong></span> <span class='ocrx_word' id='word_1_300' title='bbox 791 2865 968 2922; x_wconf 90' lang='lat' dir='ltr'><strong>adhuc</strong></span> <span class='ocrx_word' id='word_1_301' title='bbox 1012 2883 1334 2923; x_wconf 91' lang='lat' dir='ltr'><strong>consecrare</strong></span> <span class='ocrx_word' id='word_1_302' title='bbox 1381 2868 1668 2934; x_wconf 89' lang='lat' dir='ltr'><strong>distulisti,</strong></span> <span class='ocrx_word' id='word_1_303' title='bbox 1712 2885 1868 2940; x_wconf 90' lang='lat' dir='ltr'><strong>roga-</strong></span> 
     </span>
    </p>
   </div>
   <div class='ocr_carea' id='block_1_29' title="bbox 226 2960 1867 3032">
    <p class='ocr_par' dir='ltr' id='par_1_29' title="bbox 226 2960 1867 3032">
     <span class='ocr_line' id='line_1_29' title="bbox 226 2960 1867 3032; baseline 0 -15"><span class='ocrx_word' id='word_1_304' title='bbox 226 2975 390 3017; x_wconf 82' lang='lat' dir='ltr'><strong>mus</strong></span> <span class='ocrx_word' id='word_1_305' title='bbox 426 2966 493 3013; x_wconf 85' lang='lat' dir='ltr'><strong>ut</strong></span> <span class='ocrx_word' id='word_1_306' title='bbox 516 2974 831 3029; x_wconf 89' lang='lat' dir='ltr'><strong>consecres;</strong></span> <span class='ocrx_word' id='word_1_307' title='bbox 861 2960 906 3015; x_wconf 91' lang='lat' dir='ltr'><strong>si</strong></span> <span class='ocrx_word' id='word_1_308' title='bbox 945 2976 1074 3015; x_wconf 89' lang='lat' dir='ltr'><strong>vero</strong></span> <span class='ocrx_word' id='word_1_309' title='bbox 1103 2977 1171 3016; x_wconf 78' lang='lat' dir='ltr'><strong>ex</strong></span> <span class='ocrx_word' id='word_1_310' title='bbox 1214 2961 1494 3017; x_wconf 90' lang='lat' dir='ltr'><strong>debilitate</strong></span> <span class='ocrx_word' id='word_1_311' title='bbox 1535 2963 1783 3032; x_wconf 90' lang='lat' dir='ltr'><strong>corporis</strong></span> <span class='ocrx_word' id='word_1_312' title='bbox 1812 2962 1867 3017; x_wconf 89' lang='lat' dir='ltr'><strong>id</strong></span> 
     </span>
    </p>
   </div>
   <div class='ocr_carea' id='block_1_30' title="bbox 226 3052 1867 3127">
    <p class='ocr_par' dir='ltr' id='par_1_30' title="bbox 226 3052 1867 3127">
     <span class='ocr_line' id='line_1_30' title="bbox 226 3052 1867 3127; baseline -0.001 -15"><span class='ocrx_word' id='word_1_313' title='bbox 226 3066 445 3127; x_wconf 82' lang='lat' dir='ltr'><strong>agere</strong></span> <span class='ocrx_word' id='word_1_314' title='bbox 472 3052 790 3123; x_wconf 87' lang='lat' dir='ltr'><strong>nequiveris,</strong></span> <span class='ocrx_word' id='word_1_315' title='bbox 828 3054 1112 3109; x_wconf 91' lang='lat' dir='ltr'><strong>committe</strong></span> <span class='ocrx_word' id='word_1_316' title='bbox 1148 3054 1290 3110; x_wconf 91' lang='lat' dir='ltr'><strong>hanc</strong></span> <span class='ocrx_word' id='word_1_317' title='bbox 1320 3053 1689 3110; x_wconf 90' lang='lat' dir='ltr'><strong>obedientiam</strong></span> <span class='ocrx_word' id='word_1_318' title='bbox 1739 3055 1867 3110; x_wconf 92' lang='lat' dir='ltr'><strong>cha-</strong></span> 
     </span>
    </p>
   </div>
   <div class='ocr_carea' id='block_1_31' title="bbox 224 3145 1866 3220">
    <p class='ocr_par' dir='ltr' id='par_1_31' title="bbox 224 3145 1866 3220">
     <span class='ocr_line' id='line_1_31' title="bbox 224 3145 1866 3220; baseline -0.001 -15"><span class='ocrx_word' id='word_1_319' title='bbox 224 3147 500 3205; x_wconf 80' lang='lat' dir='ltr'><strong>rissimo</strong></span> <span class='ocrx_word' id='word_1_320' title='bbox 536 3145 645 3201; x_wconf 87' lang='lat' dir='ltr'><strong>ﬁlio</strong></span> <span class='ocrx_word' id='word_1_321' title='bbox 689 3154 877 3202; x_wconf 90' lang='lat' dir='ltr'><strong>nostro</strong></span> <span class='ocrx_word' id='word_1_322' title='bbox 916 3148 1149 3203; x_wconf 89' lang='lat' dir='ltr'><strong>Metensi</strong></span> <span class='ocrx_word' id='word_1_323' title='bbox 1185 3148 1464 3220; x_wconf 90' lang='lat' dir='ltr'><strong>episcopo.</strong></span> <span class='ocrx_word' id='word_1_324' title='bbox 1495 3149 1655 3216; x_wconf 87' lang='lat' dir='ltr'><strong>Quod</strong></span> <span class='ocrx_word' id='word_1_325' title='bbox 1683 3149 1727 3204; x_wconf 89' lang='lat' dir='ltr'><strong>si</strong></span> <span class='ocrx_word' id='word_1_326' title='bbox 1756 3164 1866 3205; x_wconf 92' lang='lat' dir='ltr'><strong>non</strong></span> 
     </span>
    </p>
   </div>
   <div class='ocr_carea' id='block_1_32' title="bbox 223 3238 1885 3313">
    <p class='ocr_par' dir='ltr' id='par_1_32' title="bbox 223 3238 1885 3313">
     <span class='ocr_line' id='line_1_32' title="bbox 223 3238 1885 3313; baseline 0.002 -19"><span class='ocrx_word' id='word_1_327' title='bbox 223 3238 627 3313; x_wconf 83' lang='lat' dir='ltr'><strong>acquieveris,</strong></span> <span class='ocrx_word' id='word_1_328' title='bbox 662 3240 871 3310; x_wconf 88' lang='lat' dir='ltr'><strong>justam</strong></span> <span class='ocrx_word' id='word_1_329' title='bbox 923 3248 980 3296; x_wconf 92' lang='lat' dir='ltr'><strong>et</strong></span> <span class='ocrx_word' id='word_1_330' title='bbox 1016 3241 1394 3297; x_wconf 89' lang='lat' dir='ltr'><strong>rationabilem</strong></span> <span class='ocrx_word' id='word_1_331' title='bbox 1434 3258 1658 3297; x_wconf 90' lang='lat' dir='ltr'><strong>causam</strong></span> <span class='ocrx_word' id='word_1_332' title='bbox 1699 3258 1885 3313; x_wconf 92' lang='lat' dir='ltr'><strong>quare-</strong></span> 
     </span>
    </p>
   </div>
   <div class='ocr_carea' id='block_1_33' title="bbox 223 3332 1867 3408">
    <p class='ocr_par' dir='ltr' id='par_1_33' title="bbox 223 3332 1867 3408">
     <span class='ocr_line' id='line_1_33' title="bbox 223 3332 1867 3408; baseline 0.001 -17"><span class='ocrx_word' id='word_1_333' title='bbox 223 3332 553 3393; x_wconf 81' lang='lat' dir='ltr'><strong>dimiseris</strong></span> <span class='ocrx_word' id='word_1_334' title='bbox 579 3334 863 3389; x_wconf 88' lang='lat' dir='ltr'><strong>rescribas.</strong></span> <span class='ocrx_word' id='word_1_335' title='bbox 924 3337 993 3389; x_wconf 91' lang='lat' dir='ltr'><strong>Et</strong></span> <span class='ocrx_word' id='word_1_336' title='bbox 1019 3334 1143 3405; x_wconf 88' lang='lat' dir='ltr'><strong>quia</strong></span> <span class='ocrx_word' id='word_1_337' title='bbox 1176 3334 1233 3389; x_wconf 93' lang='lat' dir='ltr'><strong>in</strong></span> <span class='ocrx_word' id='word_1_338' title='bbox 1262 3342 1509 3391; x_wconf 81' lang='lat' dir='ltr'><strong>extremo</strong></span> <span class='ocrx_word' id='word_1_339' title='bbox 1546 3335 1747 3391; x_wconf 89' lang='lat' dir='ltr'><strong>videris</strong></span> <span class='ocrx_word' id='word_1_340' title='bbox 1772 3353 1867 3408; x_wconf 91' lang='lat' dir='ltr'><strong>po-</strong></span> 
     </span>
    </p>
   </div>
   <div class='ocr_carea' id='block_1_34' title="bbox 222 3424 1867 3499">
    <p class='ocr_par' dir='ltr' id='par_1_34' title="bbox 222 3424 1867 3499">
     <span class='ocr_line' id='line_1_34' title="bbox 222 3424 1867 3499; baseline -0.001 -13"><span class='ocrx_word' id='word_1_341' title='bbox 222 3432 444 3493; x_wconf 86' lang='lat' dir='ltr'><strong>situs,</strong></span> <span class='ocrx_word' id='word_1_342' title='bbox 472 3424 700 3482; x_wconf 89' lang='lat' dir='ltr'><strong>fraterna</strong></span> <span class='ocrx_word' id='word_1_343' title='bbox 735 3428 1119 3499; x_wconf 90' lang='lat' dir='ltr'><strong>compassione</strong></span> <span class='ocrx_word' id='word_1_344' title='bbox 1151 3428 1325 3495; x_wconf 91' lang='lat' dir='ltr'><strong>ducti,</strong></span> <span class='ocrx_word' id='word_1_345' title='bbox 1363 3430 1688 3484; x_wconf 88' lang='lat' dir='ltr'><strong>auctoritate</strong></span> <span class='ocrx_word' id='word_1_346' title='bbox 1724 3429 1867 3485; x_wconf 89' lang='lat' dir='ltr'><strong>beati</strong></span> 
     </span>
    </p>
   </div>
   <div class='ocr_carea' id='block_1_35' title="bbox 226 3519 1870 3593">
    <p class='ocr_par' dir='ltr' id='par_1_35' title="bbox 226 3519 1870 3593">
     <span class='ocr_line' id='line_1_35' title="bbox 226 3519 1870 3593; baseline -0.002 -12"><span class='ocrx_word' id='word_1_347' title='bbox 226 3519 423 3582; x_wconf 80' lang='lat' dir='ltr'><strong>Petri</strong></span> <span class='ocrx_word' id='word_1_348' title='bbox 456 3519 820 3590; x_wconf 87' lang='lat' dir='ltr'><strong>apostolorum</strong></span> <span class='ocrx_word' id='word_1_349' title='bbox 851 3521 1112 3592; x_wconf 88' lang='lat' dir='ltr'><strong>principis</strong></span> <span class='ocrx_word' id='word_1_350' title='bbox 1144 3520 1474 3577; x_wconf 89' lang='lat' dir='ltr'><strong>absolvimus</strong></span> <span class='ocrx_word' id='word_1_351' title='bbox 1500 3530 1553 3577; x_wconf 89' lang='lat' dir='ltr'><strong>te</strong></span> <span class='ocrx_word' id='word_1_352' title='bbox 1582 3538 1612 3577; x_wconf 92' lang='lat' dir='ltr'><strong>a</strong></span> <span class='ocrx_word' id='word_1_353' title='bbox 1641 3524 1870 3593; x_wconf 89' lang='lat' dir='ltr'><strong>peccatis</strong></span> 
     </span>
    </p>
   </div>
   <div class='ocr_carea' id='block_1_36' title="bbox 226 3614 1869 3686">
    <p class='ocr_par' dir='ltr' id='par_1_36' title="bbox 226 3614 1869 3686">
     <span class='ocr_line' id='line_1_36' title="bbox 226 3614 1869 3686; baseline 0 -15"><span class='ocrx_word' id='word_1_354' title='bbox 226 3618 401 3681; x_wconf 81' lang='lat' dir='ltr'><strong>tuis,</strong></span> <span class='ocrx_word' id='word_1_355' title='bbox 453 3619 506 3668; x_wconf 90' lang='lat' dir='ltr'><strong>et</strong></span> <span class='ocrx_word' id='word_1_356' title='bbox 536 3614 828 3669; x_wconf 90' lang='lat' dir='ltr'><strong>Dominum</strong></span> <span class='ocrx_word' id='word_1_357' title='bbox 876 3630 974 3686; x_wconf 92' lang='lat' dir='ltr'><strong>pro</strong></span> <span class='ocrx_word' id='word_1_358' title='bbox 1012 3622 1065 3670; x_wconf 90' lang='lat' dir='ltr'><strong>te</strong></span> <span class='ocrx_word' id='word_1_359' title='bbox 1098 3630 1412 3681; x_wconf 79' lang='lat' dir='ltr'><strong>exoramus,</strong></span> <span class='ocrx_word' id='word_1_360' title='bbox 1461 3623 1521 3669; x_wconf 92' lang='lat' dir='ltr'><strong>ut</strong></span> <span class='ocrx_word' id='word_1_361' title='bbox 1561 3615 1869 3672; x_wconf 85' lang='lat' dir='ltr'><strong>interventu</strong></span> 
     </span>
    </p>
   </div>
   <div class='ocr_carea' id='block_1_37' title="bbox 228 3708 1869 3779">
    <p class='ocr_par' dir='ltr' id='par_1_37' title="bbox 228 3708 1869 3779">
     <span class='ocr_line' id='line_1_37' title="bbox 228 3708 1869 3779; baseline 0.001 -15"><span class='ocrx_word' id='word_1_362' title='bbox 228 3714 567 3769; x_wconf 84' lang='lat' dir='ltr'><strong>beatorum</strong></span> <span class='ocrx_word' id='word_1_363' title='bbox 590 3708 963 3779; x_wconf 90' lang='lat' dir='ltr'><strong>apostolorum</strong></span> <span class='ocrx_word' id='word_1_364' title='bbox 985 3708 1128 3765; x_wconf 92' lang='lat' dir='ltr'><strong>inter</strong></span> <span class='ocrx_word' id='word_1_365' title='bbox 1150 3709 1352 3764; x_wconf 90' lang='lat' dir='ltr'><strong>electos</strong></span> <span class='ocrx_word' id='word_1_366' title='bbox 1377 3717 1649 3765; x_wconf 73' lang='lat' dir='ltr'><strong>aeternum</strong></span> <span class='ocrx_word' id='word_1_367' title='bbox 1668 3724 1869 3765; x_wconf 82' lang='lat' dir='ltr'><strong>merea-</strong></span> 
     </span>
    </p>
   </div>
   <div class='ocr_carea' id='block_1_38' title="bbox 229 3801 749 3862">
    <p class='ocr_par' dir='ltr' id='par_1_38' title="bbox 229 3801 749 3862">
     <span class='ocr_line' id='line_1_38' title="bbox 229 3801 749 3862; baseline -0.002 -6"><span class='ocrx_word' id='word_1_368' title='bbox 229 3807 327 3862; x_wconf 78' lang='lat' dir='ltr'><strong>ris</strong></span> <span class='ocrx_word' id='word_1_369' title='bbox 373 3801 749 3856; x_wconf 86' lang='lat' dir='ltr'><strong>consortium.</strong></span> 
     </span>
    </p>
   </div>
   <div class='ocr_carea' id='block_1_39' title="bbox 324 3894 1870 3968">
    <p class='ocr_par' dir='ltr' id='par_1_39' title="bbox 324 3894 1870 3968">
     <span class='ocr_line' id='line_1_39' title="bbox 324 3894 1870 3968; baseline 0.001 -16"><span class='ocrx_word' id='word_1_370' title='bbox 324 3898 494 3952; x_wconf 87' lang='lat' dir='ltr'><strong>Data</strong></span> <span class='ocrx_word' id='word_1_371' title='bbox 534 3896 745 3963; x_wconf 68' lang='lat' dir='ltr'><strong>Romae,</strong></span> <span class='ocrx_word' id='word_1_372' title='bbox 771 3894 986 3952; x_wconf 90' lang='lat' dir='ltr'><strong>decimo</strong></span> <span class='ocrx_word' id='word_1_373' title='bbox 1013 3895 1293 3952; x_wconf 79' lang='lat' dir='ltr'><strong>Kalendas</strong></span> <span class='ocrx_word' id='word_1_374' title='bbox 1316 3896 1542 3968; x_wconf 83' lang='lat' dir='ltr'><strong>Aprilis,</strong></span> <span class='ocrx_word' id='word_1_375' title='bbox 1574 3895 1870 3954; x_wconf 90' lang='lat' dir='ltr'><strong>indictione</strong></span> 
     </span>
    </p>
   </div>
   <div class='ocr_carea' id='block_1_40' title="bbox 230 3989 1531 4051">
    <p class='ocr_par' dir='ltr' id='par_1_40' title="bbox 230 3989 1531 4051">
     <span class='ocr_line' id='line_1_40' title="bbox 230 3989 1531 4051; baseline -0.003 -7"><span class='ocrx_word' id='word_1_376' title='bbox 230 3989 496 4051; x_wconf 82' lang='lat' dir='ltr'><strong>decima</strong></span> <span class='ocrx_word' id='word_1_377' title='bbox 527 3989 701 4045; x_wconf 87' lang='lat' dir='ltr'><strong>tertia.</strong></span> <span class='ocrx_word' id='word_1_378' title='bbox 1490 4018 1531 4031; x_wconf 50' lang='grc' dir='ltr'><em>κ</em></span> 
     </span>
    </p>
   </div>
   <div class='ocr_carea' id='block_1_41' title="bbox 771 4094 1336 4150">
    <p class='ocr_par' dir='ltr' id='par_1_41' title="bbox 771 4094 1336 4150">
     <span class='ocr_line' id='line_1_41' title="bbox 771 4094 1336 4150; baseline -0.009 0"><span class='ocrx_word' id='word_1_379' title='bbox 771 4094 1123 4150; x_wconf 84' lang='lat' dir='ltr'><strong>EPISTOLA</strong></span> <span class='ocrx_word' id='word_1_380' title='bbox 1160 4094 1336 4148; x_wconf 83' lang='lat' dir='ltr'><strong>LXII.</strong></span> 
     </span>
    </p>
   </div>
   <div class='ocr_carea' id='block_1_42' title="bbox 334 4200 1762 4253">
    <p class='ocr_par' dir='ltr' id='par_1_42' title="bbox 334 4200 1762 4253">
     <span class='ocr_line' id='line_1_42' title="bbox 334 4200 1762 4253; baseline -0.001 -9"><span class='ocrx_word' id='word_1_381' title='bbox 334 4200 445 4244; x_wconf 70' lang='grc' dir='ltr'><strong>ΔΙ)</strong></span> <span class='ocrx_word' id='word_1_382' title='bbox 484 4200 847 4243; x_wconf 72' lang='lat' dir='ltr'><strong>SICHABDUM</strong></span> <span class='ocrx_word' id='word_1_383' title='bbox 886 4201 1242 4243; x_wconf 79' lang='lat' dir='ltr'><strong>EPISCOPUM</strong></span> <span class='ocrx_word' id='word_1_384' title='bbox 1282 4200 1762 4253; x_wconf 74' lang='lat' dir='ltr'><strong>AQUILBIENSBM.</strong></span> 
     </span>
    </p>
   </div>
   <div class='ocr_carea' id='block_1_43' title="bbox 868 4285 1273 4348">
    <p class='ocr_par' dir='ltr' id='par_1_43' title="bbox 868 4285 1273 4348">
     <span class='ocr_line' id='line_1_43' title="bbox 868 4285 1273 4348; baseline 0 -12"><span class='ocrx_word' id='word_1_385' title='bbox 868 4285 1047 4347; x_wconf 85' lang='lat' dir='ltr'><strong>(Anno</strong></span> <span class='ocrx_word' id='word_1_386' title='bbox 1088 4286 1273 4348; x_wconf 83' lang='lat'><strong>1075.)</strong></span> 
     </span>
    </p>
   </div>
   <div class='ocr_carea' id='block_1_44' title="bbox 226 4379 1867 4452">
    <p class='ocr_par' dir='ltr' id='par_1_44' title="bbox 226 4379 1867 4452">
     <span class='ocr_line' id='line_1_44' title="bbox 226 4379 1867 4452; baseline 0.003 -23"><span class='ocrx_word' id='word_1_387' title='bbox 226 4381 524 4452; x_wconf 64' lang='lat' dir='ltr'><strong>Exponit</strong></span> <span class='ocrx_word' id='word_1_388' title='bbox 550 4382 764 4452; x_wconf 78' lang='lat' dir='ltr'><strong>statuta</strong></span> <span class='ocrx_word' id='word_1_389' title='bbox 794 4382 854 4433; x_wconf 82' lang='lat' dir='ltr'><strong>in</strong></span> <span class='ocrx_word' id='word_1_390' title='bbox 890 4379 1106 4434; x_wconf 80' lang='lat' dir='ltr'><strong>concilio</strong></span> <span class='ocrx_word' id='word_1_391' title='bbox 1161 4384 1347 4433; x_wconf 81' lang='lat' dir='ltr'><strong>contra</strong></span> <span class='ocrx_word' id='word_1_392' title='bbox 1378 4379 1775 4433; x_wconf 80' lang='lat' dir='ltr'><strong>concubinarios</strong></span> <span class='ocrx_word' id='word_1_393' title='bbox 1815 4386 1867 4435; x_wconf 87' lang='lat' dir='ltr'><strong>et</strong></span> 
     </span>
    </p>
   </div>
   <div class='ocr_carea' id='block_1_45' title="bbox 319 4450 1865 4519">
    <p class='ocr_par' dir='ltr' id='par_1_45' title="bbox 319 4450 1865 4519">
     <span class='ocr_line' id='line_1_45' title="bbox 319 4450 1865 4519; baseline -0.002 -11"><span class='ocrx_word' id='word_1_394' title='bbox 319 4450 668 4508; x_wconf 73' lang='lat' dir='ltr'><strong>Simoniacos</strong></span> <span class='ocrx_word' id='word_1_395' title='bbox 718 4450 950 4508; x_wconf 72' lang='lat' dir='ltr'><strong>clericos.</strong></span> <span class='ocrx_word' id='word_1_396' title='bbox 1002 4452 1257 4519; x_wconf 72' lang='lat' dir='ltr'><strong>Praecipit</strong></span> <span class='ocrx_word' id='word_1_397' title='bbox 1307 4456 1369 4505; x_wconf 87' lang='lat' dir='ltr'><strong>ut</strong></span> <span class='ocrx_word' id='word_1_398' title='bbox 1425 4466 1490 4504; x_wconf 87' lang='lat' dir='ltr'><strong>ea</strong></span> <span class='ocrx_word' id='word_1_399' title='bbox 1530 4453 1738 4505; x_wconf 84' lang='lat' dir='ltr'><strong>servari</strong></span> <span class='ocrx_word' id='word_1_400' title='bbox 1781 4468 1865 4505; x_wconf 88' lang='lat' dir='ltr'><strong>cu-</strong></span> 
     </span>
    </p>
   </div>
   <div class='ocr_carea' id='block_1_46' title="bbox 322 4526 448 4579">
    <p class='ocr_par' dir='ltr' id='par_1_46' title="bbox 322 4526 448 4579">
     <span class='ocr_line' id='line_1_46' title="bbox 322 4526 448 4579; baseline -0.032 0"><span class='ocrx_word' id='word_1_401' title='bbox 322 4526 448 4579; x_wconf 83' lang='lat' dir='ltr'><strong>ret.</strong></span> 
     </span>
    </p>
   </div>
   <div class='ocr_carea' id='block_1_47' title="bbox 328 4624 1862 4696">
    <p class='ocr_par' dir='ltr' id='par_1_47' title="bbox 328 4624 1862 4696">
     <span class='ocr_line' id='line_1_47' title="bbox 328 4624 1862 4696; baseline -0.001 -13"><span class='ocrx_word' id='word_1_402' title='bbox 328 4627 709 4683; x_wconf 76' lang='lat' dir='ltr'><strong>GBEGOBIUS</strong></span> <span class='ocrx_word' id='word_1_403' title='bbox 729 4624 1033 4696; x_wconf 89' lang='lat' dir='ltr'><strong>episcopus,</strong></span> <span class='ocrx_word' id='word_1_404' title='bbox 1075 4640 1263 4680; x_wconf 90' lang='lat' dir='ltr'><strong>servus</strong></span> <span class='ocrx_word' id='word_1_405' title='bbox 1289 4640 1574 4680; x_wconf 89' lang='lat' dir='ltr'><strong>servorum</strong></span> <span class='ocrx_word' id='word_1_406' title='bbox 1607 4625 1729 4693; x_wconf 90' lang='lat' dir='ltr'><strong>Dei,</strong></span> <span class='ocrx_word' id='word_1_407' title='bbox 1778 4627 1862 4681; x_wconf 82' lang='lat' dir='ltr'><strong>SI-</strong></span> 
     </span>
    </p>
   </div>
   <div class='ocr_carea' id='block_1_48' title="bbox 232 4715 1867 4790">
    <p class='ocr_par' dir='ltr' id='par_1_48' title="bbox 232 4715 1867 4790">
     <span class='ocr_line' id='line_1_48' title="bbox 232 4715 1867 4790; baseline 0.001 -18"><span class='ocrx_word' id='word_1_408' title='bbox 232 4731 531 4782; x_wconf 66' lang='lat' dir='ltr'><strong>cmnno</strong></span> <span class='ocrx_word' id='word_1_409' title='bbox 549 4715 693 4772; x_wconf 88' lang='lat' dir='ltr'><strong>fratri</strong></span> <span class='ocrx_word' id='word_1_410' title='bbox 712 4719 1031 4790; x_wconf 90' lang='lat' dir='ltr'><strong>coepiscopo</strong></span> <span class='ocrx_word' id='word_1_411' title='bbox 1053 4717 1406 4790; x_wconf 81' lang='lat' dir='ltr'><strong>Aquileiensi,</strong></span> <span class='ocrx_word' id='word_1_412' title='bbox 1424 4718 1657 4774; x_wconf 91' lang='lat' dir='ltr'><strong>salutem</strong></span> <span class='ocrx_word' id='word_1_413' title='bbox 1674 4724 1728 4773; x_wconf 91' lang='lat' dir='ltr'><strong>et</strong></span> <span class='ocrx_word' id='word_1_414' title='bbox 1746 4735 1867 4790; x_wconf 90' lang='lat' dir='ltr'><strong>apo-</strong></span> 
     </span>
    </p>
   </div>
   <div class='ocr_carea' id='block_1_49' title="bbox 232 4810 1006 4875">
    <p class='ocr_par' dir='ltr' id='par_1_49' title="bbox 232 4810 1006 4875">
     <span class='ocr_line' id='line_1_49' title="bbox 232 4810 1006 4875; baseline -0.001 -8"><span class='ocrx_word' id='word_1_415' title='bbox 232 4812 529 4875; x_wconf 71' lang='lat' dir='ltr'><strong>stolicam</strong></span> <span class='ocrx_word' id='word_1_416' title='bbox 556 4810 1006 4867; x_wconf 89' lang='lat' dir='ltr'><strong>benedictionem.</strong></span> 
     </span>
    </p>
   </div>
   <div class='ocr_carea' id='block_1_50' title="bbox 328 4903 1865 4976">
    <p class='ocr_par' dir='ltr' id='par_1_50' title="bbox 328 4903 1865 4976">
     <span class='ocr_line' id='line_1_50' title="bbox 328 4903 1865 4976; baseline -0.003 -11"><span class='ocrx_word' id='word_1_417' title='bbox 328 4904 722 4965; x_wconf 84' lang='lat' dir='ltr'><strong>Fraternitatis</strong></span> <span class='ocrx_word' id='word_1_418' title='bbox 765 4914 875 4962; x_wconf 81' lang='lat' dir='ltr'><strong>tuae</strong></span> <span class='ocrx_word' id='word_1_419' title='bbox 919 4903 1265 4976; x_wconf 91' lang='lat' dir='ltr'><strong>prudentiam</strong></span> <span class='ocrx_word' id='word_1_420' title='bbox 1304 4904 1470 4960; x_wconf 85' lang='lat' dir='ltr'><strong>latere</strong></span> <span class='ocrx_word' id='word_1_421' title='bbox 1518 4922 1631 4961; x_wconf 93' lang='lat' dir='ltr'><strong>non</strong></span> <span class='ocrx_word' id='word_1_422' title='bbox 1679 4906 1865 4973; x_wconf 88' lang='lat' dir='ltr'><strong>debet,</strong></span> 
     </span>
    </p>
   </div>
   <div class='ocr_carea' id='block_1_51' title="bbox 238 4998 1867 5073">
    <p class='ocr_par' dir='ltr' id='par_1_51' title="bbox 238 4998 1867 5073">
     <span class='ocr_line' id='line_1_51' title="bbox 238 4998 1867 5073; baseline 0.001 -20"><span class='ocrx_word' id='word_1_423' title='bbox 238 5015 455 5073; x_wconf 78' lang='lat' dir='ltr'><strong>neque</strong></span> <span class='ocrx_word' id='word_1_424' title='bbox 490 4998 571 5053; x_wconf 92' lang='lat' dir='ltr'><strong>tui</strong></span> <span class='ocrx_word' id='word_1_425' title='bbox 611 4998 816 5054; x_wconf 91' lang='lat' dir='ltr'><strong>ordinis</strong></span> <span class='ocrx_word' id='word_1_426' title='bbox 849 4999 1170 5071; x_wconf 88' lang='lat' dir='ltr'><strong>dignitatem</strong></span> <span class='ocrx_word' id='word_1_427' title='bbox 1208 4999 1459 5070; x_wconf 91' lang='lat' dir='ltr'><strong>ignorare</strong></span> <span class='ocrx_word' id='word_1_428' title='bbox 1488 5008 1705 5070; x_wconf 91' lang='lat' dir='ltr'><strong>oportet</strong></span> <span class='ocrx_word' id='word_1_429' title='bbox 1743 5016 1867 5070; x_wconf 71' lang='lat' dir='ltr'><strong>quae</strong></span> 
     </span>
    </p>
   </div>
   <div class='ocr_carea' id='block_1_52' title="bbox 236 5092 1868 5164">
    <p class='ocr_par' dir='ltr' id='par_1_52' title="bbox 236 5092 1868 5164">
     <span class='ocr_line' id='line_1_52' title="bbox 236 5092 1868 5164; baseline 0 -14"><span class='ocrx_word' id='word_1_430' title='bbox 236 5102 476 5156; x_wconf 74' lang='lat' dir='ltr'><strong>statuta</strong></span> <span class='ocrx_word' id='word_1_431' title='bbox 494 5108 717 5164; x_wconf 74' lang='lat' dir='ltr'><strong>quaeque</strong></span> <span class='ocrx_word' id='word_1_432' title='bbox 739 5093 958 5149; x_wconf 90' lang='lat' dir='ltr'><strong>decreta</strong></span> <span class='ocrx_word' id='word_1_433' title='bbox 984 5093 1040 5147; x_wconf 89' lang='lat' dir='ltr'><strong>in</strong></span> <span class='ocrx_word' id='word_1_434' title='bbox 1071 5101 1287 5164; x_wconf 90' lang='lat' dir='ltr'><strong>peracto</strong></span> <span class='ocrx_word' id='word_1_435' title='bbox 1312 5092 1545 5149; x_wconf 92' lang='lat' dir='ltr'><strong>concilio</strong></span> <span class='ocrx_word' id='word_1_436' title='bbox 1575 5094 1868 5164; x_wconf 65' lang='lat' dir='ltr'><strong>praeteritae</strong></span> 
     </span>
    </p>
   </div>
   <div class='ocr_carea' id='block_1_53' title="bbox 2478 2094 3084 2149">
    <p class='ocr_par' dir='ltr' id='par_1_53' title="bbox 2478 2094 3084 2149">
     <span class='ocr_line' id='line_1_53' title="bbox 2478 2094 3084 2149; baseline -0.008 0"><span class='ocrx_word' id='word_1_437' title='bbox 2478 2094 2832 2149; x_wconf 85' lang='lat' dir='ltr'><strong>EPISTOLA</strong></span> <span class='ocrx_word' id='word_1_438' title='bbox 2866 2094 3060 2146; x_wconf 85' lang='lat' dir='ltr'><strong>LXIII</strong></span> <span class='ocrx_word' id='word_1_439' title='bbox 3072 2131 3084 2143; x_wconf 94' lang='lat'><strong>.</strong></span> 
     </span>
    </p>
   </div>
   <div class='ocr_carea' id='block_1_54' title="bbox 2266 2253 3263 2299">
    <p class='ocr_par' dir='ltr' id='par_1_54' title="bbox 2266 2253 3263 2299">
     <span class='ocr_line' id='line_1_54' title="bbox 2266 2253 3263 2299; baseline -0.004 0"><span class='ocrx_word' id='word_1_440' title='bbox 2266 2260 2345 2299; x_wconf 73' lang='lat' dir='ltr'><strong>AD</strong></span> <span class='ocrx_word' id='word_1_441' title='bbox 2384 2258 2625 2299; x_wconf 77' lang='lat' dir='ltr'><strong>GBUSAM</strong></span> <span class='ocrx_word' id='word_1_442' title='bbox 2664 2256 3006 2298; x_wconf 68' lang='lat' dir='ltr'><strong>HUNGABIAE</strong></span> <span class='ocrx_word' id='word_1_443' title='bbox 3046 2253 3263 2296; x_wconf 71' lang='lat' dir='ltr'><strong>DUCEM.</strong></span> 
     </span>
    </p>
   </div>
   <div class='ocr_carea' id='block_1_55' title="bbox 2585 2390 2997 2461">
    <p class='ocr_par' dir='ltr' id='par_1_55' title="bbox 2585 2390 2997 2461">
     <span class='ocr_line' id='line_1_55' title="bbox 2585 2390 2997 2461; baseline -0.007 -15"><span class='ocrx_word' id='word_1_444' title='bbox 2585 2394 2772 2461; x_wconf 81' lang='lat' dir='ltr'><strong>(Anno</strong></span> <span class='ocrx_word' id='word_1_445' title='bbox 2818 2390 2997 2460; x_wconf 83' lang='lat'><strong>1075.)</strong></span> 
     </span>
    </p>
   </div>
   <div class='ocr_carea' id='block_1_56' title="bbox 1980 2534 3570 2607">
    <p class='ocr_par' dir='ltr' id='par_1_56' title="bbox 1980 2534 3570 2607">
     <span class='ocr_line' id='line_1_56' title="bbox 1980 2534 3570 2607; baseline -0.006 -10"><span class='ocrx_word' id='word_1_446' title='bbox 1980 2542 2323 2598; x_wconf 83' lang='lat' dir='ltr'><strong>Commendat</strong></span> <span class='ocrx_word' id='word_1_447' title='bbox 2365 2556 2482 2594; x_wconf 88' lang='lat' dir='ltr'><strong>eum</strong></span> <span class='ocrx_word' id='word_1_448' title='bbox 2524 2540 2589 2594; x_wconf 82' lang='lat' dir='ltr'><strong>ob</strong></span> <span class='ocrx_word' id='word_1_449' title='bbox 2639 2555 2723 2594; x_wconf 80' lang='lat' dir='ltr'><strong>res</strong></span> <span class='ocrx_word' id='word_1_450' title='bbox 2762 2539 3021 2607; x_wconf 81' lang='lat' dir='ltr'><strong>prceclare</strong></span> <span class='ocrx_word' id='word_1_451' title='bbox 3069 2541 3261 2605; x_wconf 79' lang='lat' dir='ltr'><strong>gestas.</strong></span> <span class='ocrx_word' id='word_1_452' title='bbox 3318 2534 3570 2607; x_wconf 73' lang='lat' dir='ltr'><strong>Ostendit</strong></span> 
     </span>
    </p>
   </div>
   <div class='ocr_carea' id='block_1_57' title="bbox 2046 2606 3575 2680">
    <p class='ocr_par' dir='ltr' id='par_1_57' title="bbox 2046 2606 3575 2680">
     <span class='ocr_line' id='line_1_57' title="bbox 2046 2606 3575 2680; baseline -0.005 -14"><span class='ocrx_word' id='word_1_453' title='bbox 2046 2614 2347 2680; x_wconf 76' lang='lat' dir='ltr'><strong>Hungarice</strong></span> <span class='ocrx_word' id='word_1_454' title='bbox 2372 2627 2599 2679; x_wconf 84' lang='lat' dir='ltr'><strong>regnum</strong></span> <span class='ocrx_word' id='word_1_455' title='bbox 2639 2627 2748 2665; x_wconf 84' lang='lat' dir='ltr'><strong>non</strong></span> <span class='ocrx_word' id='word_1_456' title='bbox 2766 2606 2887 2663; x_wconf 74' lang='lat' dir='ltr'><strong>nisi</strong></span> <span class='ocrx_word' id='word_1_457' title='bbox 2911 2612 3163 2664; x_wconf 75' lang='lat' dir='ltr'><strong>Romana:</strong></span> <span class='ocrx_word' id='word_1_458' title='bbox 3194 2608 3438 2680; x_wconf 51' lang='lat' dir='ltr'><strong>Ecclesia</strong></span> <span class='ocrx_word' id='word_1_459' title='bbox 3459 2606 3575 2680; x_wconf 77' lang='lat' dir='ltr'><strong>sub-</strong></span> 
     </span>
    </p>
   </div>
   <div class='ocr_carea' id='block_1_58' title="bbox 2005 2677 3573 2754">
    <p class='ocr_par' dir='ltr' id='par_1_58' title="bbox 2005 2677 3573 2754">
     <span class='ocr_line' id='line_1_58' title="bbox 2005 2677 3573 2754; baseline -0.003 -21"><span class='ocrx_word' id='word_1_460' title='bbox 2005 2749 2009 2754; x_wconf 86' lang='lat'><strong><em>_</em></strong></span> <span class='ocrx_word' id='word_1_461' title='bbox 2041 2677 2191 2750; x_wconf 45' lang='lat' dir='ltr'><strong>jici;</strong></span> <span class='ocrx_word' id='word_1_462' title='bbox 2218 2687 2268 2735; x_wconf 86' lang='lat' dir='ltr'><strong>et</strong></span> <span class='ocrx_word' id='word_1_463' title='bbox 2304 2677 2494 2754; x_wconf 71' lang='lat' dir='ltr'><strong>merito</strong></span> <span class='ocrx_word' id='word_1_464' title='bbox 2536 2682 2649 2749; x_wconf 84' lang='lat' dir='ltr'><strong>ejus</strong></span> <span class='ocrx_word' id='word_1_465' title='bbox 2690 2682 3162 2754; x_wconf 72' lang='lat' dir='ltr'><strong>consanguineum,</strong></span> <span class='ocrx_word' id='word_1_466' title='bbox 3210 2680 3313 2747; x_wconf 83' lang='lat' dir='ltr'><strong>qui</strong></span> <span class='ocrx_word' id='word_1_467' title='bbox 3357 2677 3496 2754; x_wconf 74' lang='lat' dir='ltr'><strong>illud</strong></span> <span class='ocrx_word' id='word_1_468' title='bbox 3540 2693 3573 2729; x_wconf 91' lang='lat' dir='ltr'><strong>a</strong></span> 
     </span>
    </p>
   </div>
   <div class='ocr_carea' id='block_1_59' title="bbox 2055 2750 3567 2820">
    <p class='ocr_par' dir='ltr' id='par_1_59' title="bbox 2055 2750 3567 2820">
     <span class='ocr_line' id='line_1_59' title="bbox 2055 2750 3567 2820; baseline -0.006 -13"><span class='ocrx_word' id='word_1_469' title='bbox 2055 2750 2453 2807; x_wconf 80' lang='lat' dir='ltr'><strong>Teutonicoruni</strong></span> <span class='ocrx_word' id='word_1_470' title='bbox 2483 2768 2602 2818; x_wconf 84' lang='lat' dir='ltr'><strong>rege</strong></span> <span class='ocrx_word' id='word_1_471' title='bbox 2645 2756 2932 2820; x_wconf 80' lang='lat' dir='ltr'><strong>acceperat,</strong></span> <span class='ocrx_word' id='word_1_472' title='bbox 2984 2766 3038 2803; x_wconf 84' lang='lat' dir='ltr'><strong>eo</strong></span> <span class='ocrx_word' id='word_1_473' title='bbox 3068 2751 3239 2815; x_wconf 81' lang='lat' dir='ltr'><strong>fuisse</strong></span> <span class='ocrx_word' id='word_1_474' title='bbox 3278 2750 3567 2817; x_wconf 81' lang='lat' dir='ltr'><strong>privatum.</strong></span> 
     </span>
    </p>
   </div>
   <div class='ocr_carea' id='block_1_60' title="bbox 2048 2819 3572 2878">
    <p class='ocr_par' dir='ltr' id='par_1_60' title="bbox 2048 2819 3572 2878">
     <span class='ocr_line' id='line_1_60' title="bbox 2048 2819 3572 2878; baseline -0.005 0"><span class='ocrx_word' id='word_1_475' title='bbox 2048 2827 2315 2878; x_wconf 74' lang='lat' dir='ltr'><strong>Hortatur</strong></span> <span class='ocrx_word' id='word_1_476' title='bbox 2354 2824 2427 2876; x_wconf 86' lang='lat' dir='ltr'><strong>ad</strong></span> <span class='ocrx_word' id='word_1_477' title='bbox 2467 2819 2799 2876; x_wconf 78' lang='lat' dir='ltr'><strong>ecclesiarum</strong></span> <span class='ocrx_word' id='word_1_478' title='bbox 2828 2838 3011 2874; x_wconf 80' lang='lat' dir='ltr'><strong>curam</strong></span> <span class='ocrx_word' id='word_1_479' title='bbox 3057 2820 3355 2873; x_wconf 75' lang='lat' dir='ltr'><strong>habendam</strong></span> <span class='ocrx_word' id='word_1_480' title='bbox 3404 2820 3454 2872; x_wconf 86' lang='lat' dir='ltr'><strong>et</strong></span> <span class='ocrx_word' id='word_1_481' title='bbox 3500 2819 3572 2871; x_wconf 79' lang='lat' dir='ltr'><strong>ad</strong></span> 
     </span>
    </p>
   </div>
   <div class='ocr_carea' id='block_1_61' title="bbox 2049 2891 3354 2963">
    <p class='ocr_par' dir='ltr' id='par_1_61' title="bbox 2049 2891 3354 2963">
     <span class='ocr_line' id='line_1_61' title="bbox 2049 2891 3354 2963; baseline -0.005 -15"><span class='ocrx_word' id='word_1_482' title='bbox 2049 2895 2409 2949; x_wconf 73' lang='lat' dir='ltr'><strong>obedientiam</strong></span> <span class='ocrx_word' id='word_1_483' title='bbox 2430 2895 2731 2963; x_wconf 67' lang='lat' dir='ltr'><strong>apostolicis</strong></span> <span class='ocrx_word' id='word_1_484' title='bbox 2757 2894 2947 2960; x_wconf 79' lang='lat' dir='ltr'><strong>legatis</strong></span> <span class='ocrx_word' id='word_1_485' title='bbox 2965 2891 3354 2961; x_wconf 63' lang='lat' dir='ltr'><strong>praestandam.</strong></span> 
     </span>
    </p>
   </div>
   <div class='ocr_carea' id='block_1_62' title="bbox 2051 3035 3569 3111">
    <p class='ocr_par' dir='ltr' id='par_1_62' title="bbox 2051 3035 3569 3111">
     <span class='ocr_line' id='line_1_62' title="bbox 2051 3035 3569 3111; baseline -0.004 -16"><span class='ocrx_word' id='word_1_486' title='bbox 2051 3042 2360 3096; x_wconf 80' lang='lat' dir='ltr'><strong>GHEGORIUS</strong></span> <span class='ocrx_word' id='word_1_487' title='bbox 2396 3040 2703 3111; x_wconf 90' lang='lat' dir='ltr'><strong>episcopus,</strong></span> <span class='ocrx_word' id='word_1_488' title='bbox 2735 3053 2926 3092; x_wconf 91' lang='lat' dir='ltr'><strong>servus</strong></span> <span class='ocrx_word' id='word_1_489' title='bbox 2969 3051 3255 3092; x_wconf 90' lang='lat' dir='ltr'><strong>servorum</strong></span> <span class='ocrx_word' id='word_1_490' title='bbox 3281 3035 3569 3102; x_wconf 88' lang='lat' dir='ltr'><strong>Dei(376),</strong></span> 
     </span>
    </p>
   </div>
   <div class='ocr_carea' id='block_1_63' title="bbox 1978 3126 3571 3205">
    <p class='ocr_par' dir='ltr' id='par_1_63' title="bbox 1978 3126 3571 3205">
     <span class='ocr_line' id='line_1_63' title="bbox 1978 3126 3571 3205; baseline -0.006 -14"><span class='ocrx_word' id='word_1_491' title='bbox 1978 3137 2192 3191; x_wconf 60' lang='lat' dir='ltr'><strong>Gnuszn</strong></span> <span class='ocrx_word' id='word_1_492' title='bbox 2227 3132 2511 3205; x_wconf 68' lang='lat' dir='ltr'><strong>Hungariaa</strong></span> <span class='ocrx_word' id='word_1_493' title='bbox 2548 3132 2693 3199; x_wconf 90' lang='lat' dir='ltr'><strong>duci,</strong></span> <span class='ocrx_word' id='word_1_494' title='bbox 2720 3131 2954 3187; x_wconf 88' lang='lat' dir='ltr'><strong>salutem</strong></span> <span class='ocrx_word' id='word_1_495' title='bbox 2987 3138 3042 3186; x_wconf 90' lang='lat' dir='ltr'><strong>et</strong></span> <span class='ocrx_word' id='word_1_496' title='bbox 3085 3127 3438 3201; x_wconf 88' lang='lat' dir='ltr'><strong>apostolicam</strong></span> <span class='ocrx_word' id='word_1_497' title='bbox 3483 3126 3571 3182; x_wconf 84' lang='lat' dir='ltr'><strong>be-</strong></span> 
     </span>
    </p>
   </div>
   <div class='ocr_carea' id='block_1_64' title="bbox 1978 3228 2360 3284">
    <p class='ocr_par' dir='ltr' id='par_1_64' title="bbox 1978 3228 2360 3284">
     <span class='ocr_line' id='line_1_64' title="bbox 1978 3228 2360 3284; baseline 0 -1"><span class='ocrx_word' id='word_1_498' title='bbox 1978 3228 2360 3284; x_wconf 91' lang='lat' dir='ltr'><strong>nedictionem.</strong></span> 
     </span>
    </p>
   </div>
   <div class='ocr_carea' id='block_1_65' title="bbox 2047 3315 3564 3405">
    <p class='ocr_par' dir='ltr' id='par_1_65' title="bbox 2047 3315 3564 3405">
     <span class='ocr_line' id='line_1_65' title="bbox 2047 3315 3564 3405; baseline -0.005 -28"><span class='ocrx_word' id='word_1_499' title='bbox 2047 3323 2204 3377; x_wconf 90' lang='lat' dir='ltr'><strong>Licet</strong></span> <span class='ocrx_word' id='word_1_500' title='bbox 2233 3338 2330 3393; x_wconf 91' lang='lat' dir='ltr'><strong>per</strong></span> <span class='ocrx_word' id='word_1_501' title='bbox 2358 3321 2599 3392; x_wconf 85' lang='lat' dir='ltr'><strong>legatos,</strong></span> <span class='ocrx_word' id='word_1_502' title='bbox 2632 3336 2772 3405; x_wconf 78' lang='lat' dir='ltr'><strong>quos</strong></span> <span class='ocrx_word' id='word_1_503' title='bbox 2810 3319 3019 3391; x_wconf 90' lang='lat' dir='ltr'><strong>pridem</strong></span> <span class='ocrx_word' id='word_1_504' title='bbox 3048 3316 3119 3373; x_wconf 92' lang='lat' dir='ltr'><strong>ad</strong></span> <span class='ocrx_word' id='word_1_505' title='bbox 3153 3332 3257 3371; x_wconf 90' lang='lat' dir='ltr'><strong>nos</strong></span> <span class='ocrx_word' id='word_1_506' title='bbox 3287 3315 3564 3383; x_wconf 82' lang='lat' dir='ltr'><strong>direxisti,</strong></span> 
     </span>
    </p>
   </div>
   <div class='ocr_carea' id='block_1_66' title="bbox 1980 3409 3569 3484">
    <p class='ocr_par' dir='ltr' id='par_1_66' title="bbox 1980 3409 3569 3484">
     <span class='ocr_line' id='line_1_66' title="bbox 1980 3409 3569 3484; baseline -0.005 -14"><span class='ocrx_word' id='word_1_507' title='bbox 1980 3416 2286 3470; x_wconf 90' lang='lat' dir='ltr'><strong>miserimus</strong></span> <span class='ocrx_word' id='word_1_508' title='bbox 2317 3413 2417 3469; x_wconf 89' lang='lat' dir='ltr'><strong>tibi</strong></span> <span class='ocrx_word' id='word_1_509' title='bbox 2442 3414 2666 3481; x_wconf 89' lang='lat' dir='ltr'><strong>litteras,</strong></span> <span class='ocrx_word' id='word_1_510' title='bbox 2696 3428 2832 3484; x_wconf 91' lang='lat' dir='ltr'><strong>quas</strong></span> <span class='ocrx_word' id='word_1_511' title='bbox 2860 3412 3106 3467; x_wconf 91' lang='lat' dir='ltr'><strong>nondum</strong></span> <span class='ocrx_word' id='word_1_512' title='bbox 3128 3420 3182 3465; x_wconf 89' lang='lat' dir='ltr'><strong>te</strong></span> <span class='ocrx_word' id='word_1_513' title='bbox 3212 3409 3405 3464; x_wconf 90' lang='lat' dir='ltr'><strong>asseris</strong></span> <span class='ocrx_word' id='word_1_514' title='bbox 3448 3425 3569 3480; x_wconf 88' lang='lat' dir='ltr'><strong>per-</strong></span> 
     </span>
    </p>
   </div>
   <div class='ocr_carea' id='block_1_67' title="bbox 1977 3502 3569 3580">
    <p class='ocr_par' dir='ltr' id='par_1_67' title="bbox 1977 3502 3569 3580">
     <span class='ocr_line' id='line_1_67' title="bbox 1977 3502 3569 3580; baseline -0.005 -16"><span class='ocrx_word' id='word_1_515' title='bbox 1977 3509 2203 3580; x_wconf 89' lang='lat' dir='ltr'><strong>cepisse,</strong></span> <span class='ocrx_word' id='word_1_516' title='bbox 2250 3509 2451 3563; x_wconf 90' lang='lat' dir='ltr'><strong>iterum</strong></span> <span class='ocrx_word' id='word_1_517' title='bbox 2500 3516 2689 3562; x_wconf 89' lang='lat' dir='ltr'><strong>tamen</strong></span> <span class='ocrx_word' id='word_1_518' title='bbox 2732 3522 2832 3578; x_wconf 92' lang='lat' dir='ltr'><strong>pro</strong></span> <span class='ocrx_word' id='word_1_519' title='bbox 2875 3504 3153 3561; x_wconf 89' lang='lat' dir='ltr'><strong>charitatis</strong></span> <span class='ocrx_word' id='word_1_520' title='bbox 3194 3502 3420 3566; x_wconf 82' lang='lat' dir='ltr'><strong>affectu,</strong></span> <span class='ocrx_word' id='word_1_521' title='bbox 3464 3518 3569 3573; x_wconf 93' lang='lat' dir='ltr'><strong>qua</strong></span> 
     </span>
    </p>
   </div>
   <div class='ocr_carea' id='block_1_68' title="bbox 1979 3595 3572 3673">
    <p class='ocr_par' dir='ltr' id='par_1_68' title="bbox 1979 3595 3572 3673">
     <span class='ocr_line' id='line_1_68' title="bbox 1979 3595 3572 3673; baseline -0.005 -16"><span class='ocrx_word' id='word_1_522' title='bbox 1979 3618 2173 3658; x_wconf 92' lang='lat' dir='ltr'><strong>omnes</strong></span> <span class='ocrx_word' id='word_1_523' title='bbox 2210 3616 2365 3673; x_wconf 91' lang='lat' dir='ltr'><strong>reges</strong></span> <span class='ocrx_word' id='word_1_524' title='bbox 2388 3609 2443 3656; x_wconf 92' lang='lat' dir='ltr'><strong>et</strong></span> <span class='ocrx_word' id='word_1_525' title='bbox 2471 3599 2741 3672; x_wconf 86' lang='lat' dir='ltr'><strong>principes</strong></span> <span class='ocrx_word' id='word_1_526' title='bbox 2768 3608 2832 3654; x_wconf 90' lang='lat' dir='ltr'><strong>ut</strong></span> <span class='ocrx_word' id='word_1_527' title='bbox 2861 3599 3002 3654; x_wconf 87' lang='lat' dir='ltr'><strong>ﬁlios</strong></span> <span class='ocrx_word' id='word_1_528' title='bbox 3018 3597 3416 3662; x_wconf 83' lang='lat' dir='ltr'><strong>&#39;admonemus,</strong></span> <span class='ocrx_word' id='word_1_529' title='bbox 3447 3595 3572 3650; x_wconf 84' lang='lat' dir='ltr'><strong>scri-</strong></span> 
     </span>
    </p>
   </div>
   <div class='ocr_carea' id='block_1_69' title="bbox 1977 3690 3567 3763">
    <p class='ocr_par' dir='ltr' id='par_1_69' title="bbox 1977 3690 3567 3763">
     <span class='ocr_line' id='line_1_69' title="bbox 1977 3690 3567 3763; baseline -0.005 -12"><span class='ocrx_word' id='word_1_530' title='bbox 1977 3696 2160 3751; x_wconf 89' lang='lat' dir='ltr'><strong>bimus</strong></span> <span class='ocrx_word' id='word_1_531' title='bbox 2188 3694 2258 3751; x_wconf 92' lang='lat' dir='ltr'><strong>ad</strong></span> <span class='ocrx_word' id='word_1_532' title='bbox 2281 3703 2334 3749; x_wconf 92' lang='lat' dir='ltr'><strong>te</strong></span> <span class='ocrx_word' id='word_1_533' title='bbox 2375 3694 2747 3749; x_wconf 89' lang='lat' dir='ltr'><strong>desiderantes</strong></span> <span class='ocrx_word' id='word_1_534' title='bbox 2771 3693 2867 3747; x_wconf 91' lang='lat' dir='ltr'><strong>tibi</strong></span> <span class='ocrx_word' id='word_1_535' title='bbox 2910 3708 3037 3748; x_wconf 91' lang='lat' dir='ltr'><strong>cum</strong></span> <span class='ocrx_word' id='word_1_536' title='bbox 3054 3690 3268 3763; x_wconf 91' lang='lat' dir='ltr'><strong>justitia</strong></span> <span class='ocrx_word' id='word_1_537' title='bbox 3308 3704 3567 3762; x_wconf 87' lang='lat' dir='ltr'><strong>quaecun-</strong></span> 
     </span>
    </p>
   </div>
   <div class='ocr_carea' id='block_1_70' title="bbox 1978 3780 3571 3860">
    <p class='ocr_par' dir='ltr' id='par_1_70' title="bbox 1978 3780 3571 3860">
     <span class='ocr_line' id='line_1_70' title="bbox 1978 3780 3571 3860; baseline -0.005 -16"><span class='ocrx_word' id='word_1_538' title='bbox 1978 3806 2084 3860; x_wconf 84' lang='lat' dir='ltr'><strong>que</strong></span> <span class='ocrx_word' id='word_1_539' title='bbox 2116 3795 2242 3843; x_wconf 86' lang='lat' dir='ltr'><strong>sunt</strong></span> <span class='ocrx_word' id='word_1_540' title='bbox 2274 3787 2503 3842; x_wconf 91' lang='lat' dir='ltr'><strong>honoris</strong></span> <span class='ocrx_word' id='word_1_541' title='bbox 2547 3796 2603 3843; x_wconf 90' lang='lat' dir='ltr'><strong>et</strong></span> <span class='ocrx_word' id='word_1_542' title='bbox 2639 3786 2844 3859; x_wconf 69' lang='lat' dir='ltr'><strong>gloriae.</strong></span> <span class='ocrx_word' id='word_1_543' title='bbox 2876 3786 3047 3840; x_wconf 87' lang='lat' dir='ltr'><strong>Multa</strong></span> <span class='ocrx_word' id='word_1_544' title='bbox 3084 3784 3282 3856; x_wconf 90' lang='lat' dir='ltr'><strong>quippe</strong></span> <span class='ocrx_word' id='word_1_545' title='bbox 3314 3782 3457 3837; x_wconf 91' lang='lat' dir='ltr'><strong>bona</strong></span> <span class='ocrx_word' id='word_1_546' title='bbox 3501 3780 3571 3837; x_wconf 91' lang='lat' dir='ltr'><strong>de</strong></span> 
     </span>
    </p>
   </div>
   <div class='ocr_carea' id='block_1_71' title="bbox 1980 3876 3571 3951">
    <p class='ocr_par' dir='ltr' id='par_1_71' title="bbox 1980 3876 3571 3951">
     <span class='ocr_line' id='line_1_71' title="bbox 1980 3876 3571 3951; baseline -0.005 -14"><span class='ocrx_word' id='word_1_547' title='bbox 1980 3892 2032 3937; x_wconf 93' lang='lat' dir='ltr'><strong>te</strong></span> <span class='ocrx_word' id='word_1_548' title='bbox 2078 3881 2211 3937; x_wconf 89' lang='lat' dir='ltr'><strong>mihi</strong></span> <span class='ocrx_word' id='word_1_549' title='bbox 2243 3882 2409 3937; x_wconf 89' lang='lat' dir='ltr'><strong>relata</strong></span> <span class='ocrx_word' id='word_1_550' title='bbox 2445 3889 2593 3947; x_wconf 91' lang='lat' dir='ltr'><strong>sunt,</strong></span> <span class='ocrx_word' id='word_1_551' title='bbox 2623 3888 2789 3951; x_wconf 88' lang='lat' dir='ltr'><strong>atque</strong></span> <span class='ocrx_word' id='word_1_552' title='bbox 2835 3894 2901 3934; x_wconf 82' lang='lat' dir='ltr'><strong>ex</strong></span> <span class='ocrx_word' id='word_1_553' title='bbox 2937 3879 3048 3934; x_wconf 88' lang='lat' dir='ltr'><strong>tuis</strong></span> <span class='ocrx_word' id='word_1_554' title='bbox 3095 3877 3304 3932; x_wconf 92' lang='lat' dir='ltr'><strong>actibus</strong></span> <span class='ocrx_word' id='word_1_555' title='bbox 3342 3876 3571 3931; x_wconf 90' lang='lat' dir='ltr'><strong>honesta</strong></span> 
     </span>
    </p>
   </div>
   <div class='ocr_carea' id='block_1_72' title="bbox 1980 3968 3569 4044">
    <p class='ocr_par' dir='ltr' id='par_1_72' title="bbox 1980 3968 3569 4044">
     <span class='ocr_line' id='line_1_72' title="bbox 1980 3968 3569 4044; baseline -0.006 -13"><span class='ocrx_word' id='word_1_556' title='bbox 1980 3976 2119 4031; x_wconf 89' lang='lat' dir='ltr'><strong>fama</strong></span> <span class='ocrx_word' id='word_1_557' title='bbox 2149 3975 2217 4031; x_wconf 93' lang='lat' dir='ltr'><strong>ad</strong></span> <span class='ocrx_word' id='word_1_558' title='bbox 2249 3990 2406 4031; x_wconf 88' lang='lat' dir='ltr'><strong>aures</strong></span> <span class='ocrx_word' id='word_1_559' title='bbox 2442 3983 2660 4029; x_wconf 90' lang='lat' dir='ltr'><strong>nostras</strong></span> <span class='ocrx_word' id='word_1_560' title='bbox 2696 3988 2868 4044; x_wconf 89' lang='lat' dir='ltr'><strong>usque</strong></span> <span class='ocrx_word' id='word_1_561' title='bbox 2912 3971 3188 4043; x_wconf 82' lang='lat' dir='ltr'><strong>pervenit;</strong></span> <span class='ocrx_word' id='word_1_562' title='bbox 3242 3986 3339 4041; x_wconf 92' lang='lat' dir='ltr'><strong>pro</strong></span> <span class='ocrx_word' id='word_1_563' title='bbox 3370 3968 3569 4040; x_wconf 92' lang='lat' dir='ltr'><strong>quibus</strong></span> 
     </span>
    </p>
   </div>
   <div class='ocr_carea' id='block_1_73' title="bbox 1977 4064 3571 4140">
    <p class='ocr_par' dir='ltr' id='par_1_73' title="bbox 1977 4064 3571 4140">
     <span class='ocr_line' id='line_1_73' title="bbox 1977 4064 3571 4140; baseline -0.006 -16"><span class='ocrx_word' id='word_1_564' title='bbox 1977 4069 2252 4140; x_wconf 85' lang='lat' dir='ltr'><strong>diligimus</strong></span> <span class='ocrx_word' id='word_1_565' title='bbox 2284 4077 2357 4133; x_wconf 88' lang='lat' dir='ltr'><strong>te,</strong></span> <span class='ocrx_word' id='word_1_566' title='bbox 2391 4076 2446 4124; x_wconf 90' lang='lat' dir='ltr'><strong>et</strong></span> <span class='ocrx_word' id='word_1_567' title='bbox 2488 4067 2737 4139; x_wconf 90' lang='lat' dir='ltr'><strong>cupimus</strong></span> <span class='ocrx_word' id='word_1_568' title='bbox 2781 4076 2843 4122; x_wconf 90' lang='lat' dir='ltr'><strong>ut</strong></span> <span class='ocrx_word' id='word_1_569' title='bbox 2882 4065 3026 4121; x_wconf 90' lang='lat' dir='ltr'><strong>fama</strong></span> <span class='ocrx_word' id='word_1_570' title='bbox 3066 4080 3193 4120; x_wconf 92' lang='lat' dir='ltr'><strong>cum</strong></span> <span class='ocrx_word' id='word_1_571' title='bbox 3228 4064 3303 4118; x_wconf 90' lang='lat' dir='ltr'><strong>rei</strong></span> <span class='ocrx_word' id='word_1_572' title='bbox 3346 4065 3571 4118; x_wconf 89' lang='lat' dir='ltr'><strong>veritate</strong></span> 
     </span>
    </p>
   </div>
   <div class='ocr_carea' id='block_1_74' title="bbox 1976 4156 3570 4233">
    <p class='ocr_par' dir='ltr' id='par_1_74' title="bbox 1976 4156 3570 4233">
     <span class='ocr_line' id='line_1_74' title="bbox 1976 4156 3570 4233; baseline -0.006 -15"><span class='ocrx_word' id='word_1_573' title='bbox 1976 4178 2193 4233; x_wconf 91' lang='lat' dir='ltr'><strong>semper</strong></span> <span class='ocrx_word' id='word_1_574' title='bbox 2238 4160 2515 4217; x_wconf 90' lang='lat' dir='ltr'><strong>ascendat.</strong></span> <span class='ocrx_word' id='word_1_575' title='bbox 2557 4163 2763 4217; x_wconf 90' lang='lat' dir='ltr'><strong>Notum</strong></span> <span class='ocrx_word' id='word_1_576' title='bbox 2792 4168 2980 4215; x_wconf 90' lang='lat' dir='ltr'><strong>autem</strong></span> <span class='ocrx_word' id='word_1_577' title='bbox 3018 4158 3120 4215; x_wconf 90' lang='lat' dir='ltr'><strong>tibi</strong></span> <span class='ocrx_word' id='word_1_578' title='bbox 3153 4173 3271 4212; x_wconf 88' lang='lat' dir='ltr'><strong>esse</strong></span> <span class='ocrx_word' id='word_1_579' title='bbox 3299 4156 3570 4211; x_wconf 90' lang='lat' dir='ltr'><strong>credimus</strong></span> 
     </span>
    </p>
   </div>
   <div class='ocr_carea' id='block_1_75' title="bbox 1976 4251 3566 4328">
    <p class='ocr_par' dir='ltr' id='par_1_75' title="bbox 1976 4251 3566 4328">
     <span class='ocr_line' id='line_1_75' title="bbox 1976 4251 3566 4328; baseline -0.006 -17"><span class='ocrx_word' id='word_1_580' title='bbox 1976 4271 2206 4328; x_wconf 88' lang='lat' dir='ltr'><strong>regnum</strong></span> <span class='ocrx_word' id='word_1_581' title='bbox 2243 4256 2561 4326; x_wconf 70' lang='lat' dir='ltr'><strong>Hungarim,</strong></span> <span class='ocrx_word' id='word_1_582' title='bbox 2589 4256 2748 4310; x_wconf 87' lang='lat' dir='ltr'><strong>sicut.</strong></span> <span class='ocrx_word' id='word_1_583' title='bbox 2777 4262 2833 4307; x_wconf 91' lang='lat' dir='ltr'><strong>et</strong></span> <span class='ocrx_word' id='word_1_584' title='bbox 2877 4253 2978 4307; x_wconf 89' lang='lat' dir='ltr'><strong>alia</strong></span> <span class='ocrx_word' id='word_1_585' title='bbox 3020 4251 3358 4307; x_wconf 88' lang='lat' dir='ltr'><strong>nobilissima</strong></span> <span class='ocrx_word' id='word_1_586' title='bbox 3401 4264 3566 4320; x_wconf 91' lang='lat' dir='ltr'><strong>regna</strong></span> 
     </span>
    </p>
   </div>
   <div class='ocr_carea' id='block_1_76' title="bbox 1976 4342 3563 4420">
    <p class='ocr_par' dir='ltr' id='par_1_76' title="bbox 1976 4342 3563 4420">
     <span class='ocr_line' id='line_1_76' title="bbox 1976 4342 3563 4420; baseline -0.005 -16"><span class='ocrx_word' id='word_1_587' title='bbox 1976 4350 2031 4404; x_wconf 94' lang='lat' dir='ltr'><strong>in</strong></span> <span class='ocrx_word' id='word_1_588' title='bbox 2059 4348 2293 4420; x_wconf 64' lang='lat' dir='ltr'><strong>propriae</strong></span> <span class='ocrx_word' id='word_1_589' title='bbox 2322 4349 2588 4404; x_wconf 86' lang='lat' dir='ltr'><strong>libertatis</strong></span> <span class='ocrx_word' id='word_1_590' title='bbox 2618 4356 2764 4403; x_wconf 85' lang='lat' dir='ltr'><strong>statu</strong></span> <span class='ocrx_word' id='word_1_591' title='bbox 2794 4346 2997 4401; x_wconf 90' lang='lat' dir='ltr'><strong>debere</strong></span> <span class='ocrx_word' id='word_1_592' title='bbox 3034 4360 3175 4411; x_wconf 90' lang='lat' dir='ltr'><strong>esse,</strong></span> <span class='ocrx_word' id='word_1_593' title='bbox 3206 4353 3260 4398; x_wconf 86' lang='lat' dir='ltr'><strong>et</strong></span> <span class='ocrx_word' id='word_1_594' title='bbox 3285 4342 3416 4397; x_wconf 92' lang='lat' dir='ltr'><strong>nulli</strong></span> <span class='ocrx_word' id='word_1_595' title='bbox 3449 4342 3563 4413; x_wconf 89' lang='lat' dir='ltr'><strong>regi</strong></span> 
     </span>
    </p>
   </div>
   <div class='ocr_carea' id='block_1_77' title="bbox 1974 4435 3561 4514">
    <p class='ocr_par' dir='ltr' id='par_1_77' title="bbox 1974 4435 3561 4514">
     <span class='ocr_line' id='line_1_77' title="bbox 1974 4435 3561 4514; baseline -0.007 -16"><span class='ocrx_word' id='word_1_596' title='bbox 1974 4443 2198 4498; x_wconf 89' lang='lat' dir='ltr'><strong>alterius</strong></span> <span class='ocrx_word' id='word_1_597' title='bbox 2226 4444 2377 4514; x_wconf 87' lang='lat' dir='ltr'><strong>regni</strong></span> <span class='ocrx_word' id='word_1_598' title='bbox 2413 4440 2630 4513; x_wconf 89' lang='lat' dir='ltr'><strong>subjici,</strong></span> <span class='ocrx_word' id='word_1_599' title='bbox 2666 4440 2770 4495; x_wconf 91' lang='lat' dir='ltr'><strong>nisi</strong></span> <span class='ocrx_word' id='word_1_600' title='bbox 2808 4448 2998 4494; x_wconf 87' lang='lat' dir='ltr'><strong>sancto</strong></span> <span class='ocrx_word' id='word_1_601' title='bbox 3028 4447 3083 4493; x_wconf 91' lang='lat' dir='ltr'><strong>et</strong></span> <span class='ocrx_word' id='word_1_602' title='bbox 3119 4435 3408 4492; x_wconf 88' lang='lat' dir='ltr'><strong>universali</strong></span> <span class='ocrx_word' id='word_1_603' title='bbox 3446 4451 3561 4489; x_wconf 90' lang='lat' dir='ltr'><strong>ma-</strong></span> 
     </span>
    </p>
   </div>
   <div class='ocr_carea' id='block_1_78' title="bbox 1892 4527 3569 4633">
    <p class='ocr_par' dir='ltr' id='par_1_78' title="bbox 1892 4527 3569 4633">
     <span class='ocr_line' id='line_1_78' title="bbox 1892 4527 3569 4633; baseline -0.007 -41"><span class='ocrx_word' id='word_1_604' title='bbox 1892 4571 1945 4633; x_wconf 81' lang='lat' dir='ltr'><strong>D</strong></span> <span class='ocrx_word' id='word_1_605' title='bbox 1975 4537 2044 4591; x_wconf 91' lang='lat' dir='ltr'><strong>tri</strong></span> <span class='ocrx_word' id='word_1_606' title='bbox 2076 4539 2345 4592; x_wconf 68' lang='lat' dir='ltr'><strong>Romanae</strong></span> <span class='ocrx_word' id='word_1_607' title='bbox 2384 4536 2660 4599; x_wconf 64' lang='lat' dir='ltr'><strong>Ecclesiae,</strong></span> <span class='ocrx_word' id='word_1_608' title='bbox 2688 4548 2812 4605; x_wconf 58' lang='lat' dir='ltr'><strong>qum</strong></span> <span class='ocrx_word' id='word_1_609' title='bbox 2847 4532 3125 4603; x_wconf 89' lang='lat' dir='ltr'><strong>subjectos</strong></span> <span class='ocrx_word' id='word_1_610' title='bbox 3163 4545 3278 4584; x_wconf 89' lang='lat' dir='ltr'><strong>non</strong></span> <span class='ocrx_word' id='word_1_611' title='bbox 3314 4527 3477 4582; x_wconf 89' lang='lat' dir='ltr'><strong>habet</strong></span> <span class='ocrx_word' id='word_1_612' title='bbox 3507 4535 3569 4581; x_wconf 91' lang='lat' dir='ltr'><strong>ut</strong></span> 
     </span>
    </p>
   </div>
   <div class='ocr_carea' id='block_1_79' title="bbox 1975 4619 3566 4696">
    <p class='ocr_par' dir='ltr' id='par_1_79' title="bbox 1975 4619 3566 4696">
     <span class='ocr_line' id='line_1_79' title="bbox 1975 4619 3566 4696; baseline -0.006 -11"><span class='ocrx_word' id='word_1_613' title='bbox 1975 4645 2181 4696; x_wconf 89' lang='lat' dir='ltr'><strong>servos,</strong></span> <span class='ocrx_word' id='word_1_614' title='bbox 2225 4629 2320 4685; x_wconf 92' lang='lat' dir='ltr'><strong>sed</strong></span> <span class='ocrx_word' id='word_1_615' title='bbox 2359 4637 2419 4684; x_wconf 89' lang='lat' dir='ltr'><strong>ut</strong></span> <span class='ocrx_word' id='word_1_616' title='bbox 2457 4628 2598 4683; x_wconf 88' lang='lat' dir='ltr'><strong>ﬁlios</strong></span> <span class='ocrx_word' id='word_1_617' title='bbox 2632 4625 2857 4696; x_wconf 88' lang='lat' dir='ltr'><strong>suscipit</strong></span> <span class='ocrx_word' id='word_1_618' title='bbox 2885 4624 3185 4679; x_wconf 86' lang='lat' dir='ltr'><strong>universos.</strong></span> <span class='ocrx_word' id='word_1_619' title='bbox 3233 4619 3393 4689; x_wconf 91' lang='lat' dir='ltr'><strong>Quod</strong></span> <span class='ocrx_word' id='word_1_620' title='bbox 3441 4620 3566 4691; x_wconf 90' lang='lat' dir='ltr'><strong>quia</strong></span> 
     </span>
    </p>
   </div>
   <div class='ocr_carea' id='block_1_80' title="bbox 1974 4716 3567 4794">
    <p class='ocr_par' dir='ltr' id='par_1_80' title="bbox 1974 4716 3567 4794">
     <span class='ocr_line' id='line_1_80' title="bbox 1974 4716 3567 4794; baseline -0.007 -15"><span class='ocrx_word' id='word_1_621' title='bbox 1974 4723 2406 4794; x_wconf 85' lang='lat' dir='ltr'><strong>consanguineus</strong></span> <span class='ocrx_word' id='word_1_622' title='bbox 2425 4731 2552 4776; x_wconf 91' lang='lat' dir='ltr'><strong>tuus</strong></span> <span class='ocrx_word' id='word_1_623' title='bbox 2577 4736 2608 4775; x_wconf 89' lang='lat' dir='ltr'><strong>a</strong></span> <span class='ocrx_word' id='word_1_624' title='bbox 2628 4736 2754 4790; x_wconf 89' lang='lat' dir='ltr'><strong>rege</strong></span> <span class='ocrx_word' id='word_1_625' title='bbox 2777 4716 3097 4783; x_wconf 88' lang='lat' dir='ltr'><strong>Teutonico,</strong></span> <span class='ocrx_word' id='word_1_626' title='bbox 3115 4732 3225 4771; x_wconf 91' lang='lat' dir='ltr'><strong>non</strong></span> <span class='ocrx_word' id='word_1_627' title='bbox 3253 4731 3283 4770; x_wconf 92' lang='lat' dir='ltr'><strong>a</strong></span> <span class='ocrx_word' id='word_1_628' title='bbox 3312 4717 3567 4769; x_wconf 83' lang='lat' dir='ltr'><strong>Romano</strong></span> 
     </span>
    </p>
   </div>
   <div class='ocr_carea' id='block_1_81' title="bbox 1977 4806 3567 4888">
    <p class='ocr_par' dir='ltr' id='par_1_81' title="bbox 1977 4806 3567 4888">
     <span class='ocr_line' id='line_1_81' title="bbox 1977 4806 3567 4888; baseline -0.006 -17"><span class='ocrx_word' id='word_1_629' title='bbox 1977 4815 2232 4888; x_wconf 86' lang='lat' dir='ltr'><strong>pontifice</strong></span> <span class='ocrx_word' id='word_1_630' title='bbox 2284 4814 2595 4885; x_wconf 91' lang='lat' dir='ltr'><strong>usurpative</strong></span> <span class='ocrx_word' id='word_1_631' title='bbox 2652 4811 2910 4877; x_wconf 90' lang='lat' dir='ltr'><strong>obtinuit,</strong></span> <span class='ocrx_word' id='word_1_632' title='bbox 2957 4808 3264 4865; x_wconf 85' lang='lat' dir='ltr'><strong>dominium</strong></span> <span class='ocrx_word' id='word_1_633' title='bbox 3313 4806 3449 4879; x_wconf 88' lang='lat' dir='ltr'><strong>ejus,</strong></span> <span class='ocrx_word' id='word_1_634' title='bbox 3509 4815 3567 4864; x_wconf 93' lang='lat' dir='ltr'><strong>ut</strong></span> 
     </span>
    </p>
   </div>
   <div class='ocr_carea' id='block_1_82' title="bbox 1975 4901 3565 4977">
    <p class='ocr_par' dir='ltr' id='par_1_82' title="bbox 1975 4901 3565 4977">
     <span class='ocr_line' id='line_1_82' title="bbox 1975 4901 3565 4977; baseline -0.006 -12"><span class='ocrx_word' id='word_1_635' title='bbox 1975 4908 2276 4975; x_wconf 90' lang='lat' dir='ltr'><strong>credimus,</strong></span> <span class='ocrx_word' id='word_1_636' title='bbox 2319 4906 2571 4962; x_wconf 88' lang='lat' dir='ltr'><strong>divinum</strong></span> <span class='ocrx_word' id='word_1_637' title='bbox 2596 4904 2867 4977; x_wconf 88' lang='lat' dir='ltr'><strong>judicium</strong></span> <span class='ocrx_word' id='word_1_638' title='bbox 2905 4901 3184 4975; x_wconf 86' lang='lat' dir='ltr'><strong>impedivit</strong></span> <span class='ocrx_word' id='word_1_639' title='bbox 3215 4901 3380 4973; x_wconf 88' lang='lat'><strong>(377).</strong></span> <span class='ocrx_word' id='word_1_640' title='bbox 3429 4902 3565 4957; x_wconf 89' lang='lat' dir='ltr'><strong>Cum</strong></span> 
     </span>
    </p>
   </div>
   <div class='ocr_carea' id='block_1_83' title="bbox 1975 4994 3565 5065">
    <p class='ocr_par' dir='ltr' id='par_1_83' title="bbox 1975 4994 3565 5065">
     <span class='ocr_line' id='line_1_83' title="bbox 1975 4994 3565 5065; baseline -0.006 -7"><span class='ocrx_word' id='word_1_641' title='bbox 1975 5019 2104 5058; x_wconf 91' lang='lat' dir='ltr'><strong>vero</strong></span> <span class='ocrx_word' id='word_1_642' title='bbox 2149 5018 2238 5058; x_wconf 89' lang='lat' dir='ltr'><strong>res</strong></span> <span class='ocrx_word' id='word_1_643' title='bbox 2285 5002 2344 5056; x_wconf 89' lang='lat' dir='ltr'><strong>in</strong></span> <span class='ocrx_word' id='word_1_644' title='bbox 2389 5000 2643 5056; x_wconf 91' lang='lat' dir='ltr'><strong>manibus</strong></span> <span class='ocrx_word' id='word_1_645' title='bbox 2699 4999 2809 5055; x_wconf 92' lang='lat' dir='ltr'><strong>tuis</strong></span> <span class='ocrx_word' id='word_1_646' title='bbox 2857 4999 2947 5065; x_wconf 92' lang='lat' dir='ltr'><strong>sit,</strong></span> <span class='ocrx_word' id='word_1_647' title='bbox 2981 4998 3265 5054; x_wconf 90' lang='lat' dir='ltr'><strong>hortamur</strong></span> <span class='ocrx_word' id='word_1_648' title='bbox 3294 5004 3349 5050; x_wconf 90' lang='lat' dir='ltr'><strong>te</strong></span> <span class='ocrx_word' id='word_1_649' title='bbox 3391 5003 3452 5050; x_wconf 92' lang='lat' dir='ltr'><strong>ut</strong></span> <span class='ocrx_word' id='word_1_650' title='bbox 3489 4994 3565 5048; x_wconf 87' lang='lat' dir='ltr'><strong>in-</strong></span> 
     </span>
    </p>
   </div>
   <div class='ocr_carea' id='block_1_84' title="bbox 1973 5087 3564 5158">
    <p class='ocr_par' dir='ltr' id='par_1_84' title="bbox 1973 5087 3564 5158">
     <span class='ocr_line' id='line_1_84' title="bbox 1973 5087 3564 5158; baseline -0.007 -7"><span class='ocrx_word' id='word_1_651' title='bbox 1973 5096 2137 5152; x_wconf 90' lang='lat' dir='ltr'><strong>terim</strong></span> <span class='ocrx_word' id='word_1_652' title='bbox 2175 5095 2319 5151; x_wconf 90' lang='lat' dir='ltr'><strong>circa</strong></span> <span class='ocrx_word' id='word_1_653' title='bbox 2361 5094 2613 5149; x_wconf 90' lang='lat' dir='ltr'><strong>ecclesias</strong></span> <span class='ocrx_word' id='word_1_654' title='bbox 2672 5108 2867 5149; x_wconf 89' lang='lat' dir='ltr'><strong>curam</strong></span> <span class='ocrx_word' id='word_1_655' title='bbox 2905 5089 3126 5157; x_wconf 88' lang='lat' dir='ltr'><strong>habeas,</strong></span> <span class='ocrx_word' id='word_1_656' title='bbox 3166 5089 3309 5145; x_wconf 82' lang='lat' dir='ltr'><strong>circa</strong></span> <span class='ocrx_word' id='word_1_657' title='bbox 3354 5087 3564 5158; x_wconf 88' lang='lat' dir='ltr'><strong>religio-</strong></span> 
     </span>
    </p>
   </div>
   <div class='ocr_carea' id='block_1_85' title="bbox 239 5184 1869 5266">
    <p class='ocr_par' dir='ltr' id='par_1_85' title="bbox 239 5184 1869 5266">
     <span class='ocr_line' id='line_1_85' title="bbox 239 5184 1869 5266; baseline -0.002 -19"><span class='ocrx_word' id='word_1_658' title='bbox 239 5186 721 5266; x_wconf 72' lang='lat' dir='ltr'><strong>Quadragesimte</strong></span> <span class='ocrx_word' id='word_1_659' title='bbox 767 5187 1001 5243; x_wconf 90' lang='lat' dir='ltr'><strong>concilio</strong></span> <span class='ocrx_word' id='word_1_660' title='bbox 1046 5184 1387 5242; x_wconf 90' lang='lat' dir='ltr'><strong>confratrum</strong></span> <span class='ocrx_word' id='word_1_661' title='bbox 1430 5194 1754 5243; x_wconf 85' lang='lat' dir='ltr'><strong>nostrorum</strong></span> <span class='ocrx_word' id='word_1_662' title='bbox 1805 5204 1869 5243; x_wconf 92' lang='lat' dir='ltr'><strong>ac</strong></span> 
     </span>
    </p>
   </div>
   <div class='ocr_carea' id='block_1_86' title="bbox 238 5282 1869 5350">
    <p class='ocr_par' dir='ltr' id='par_1_86' title="bbox 238 5282 1869 5350">
     <span class='ocr_line' id='line_1_86' title="bbox 238 5282 1869 5350; baseline -0.004 -7"><span class='ocrx_word' id='word_1_663' title='bbox 238 5282 440 5343; x_wconf 86' lang='lat' dir='ltr'><strong>totius</strong></span> <span class='ocrx_word' id='word_1_664' title='bbox 469 5288 767 5336; x_wconf 87' lang='lat' dir='ltr'><strong>conventus</strong></span> <span class='ocrx_word' id='word_1_665' title='bbox 807 5296 1050 5347; x_wconf 89' lang='lat' dir='ltr'><strong>assensu,</strong></span> <span class='ocrx_word' id='word_1_666' title='bbox 1088 5288 1377 5350; x_wconf 90' lang='lat' dir='ltr'><strong>sequentes</strong></span> <span class='ocrx_word' id='word_1_667' title='bbox 1409 5289 1727 5336; x_wconf 89' lang='lat' dir='ltr'><strong>sanctorum</strong></span> <span class='ocrx_word' id='word_1_668' title='bbox 1767 5283 1869 5337; x_wconf 85' lang='lat' dir='ltr'><strong>Pa-</strong></span> 
     </span>
    </p>
   </div>
   <div class='ocr_carea' id='block_1_87' title="bbox 240 5373 1864 5439">
    <p class='ocr_par' dir='ltr' id='par_1_87' title="bbox 240 5373 1864 5439">
     <span class='ocr_line' id='line_1_87' title="bbox 240 5373 1864 5439; baseline -0.002 -9"><span class='ocrx_word' id='word_1_669' title='bbox 240 5390 419 5435; x_wconf 71' lang='lat' dir='ltr'><strong>trum</strong></span> <span class='ocrx_word' id='word_1_670' title='bbox 480 5374 887 5439; x_wconf 87' lang='lat' dir='ltr'><strong>auctoritatem,</strong></span> <span class='ocrx_word' id='word_1_671' title='bbox 942 5373 1253 5430; x_wconf 90' lang='lat' dir='ltr'><strong>statuimus.</strong></span> <span class='ocrx_word' id='word_1_672' title='bbox 1318 5375 1668 5429; x_wconf 91' lang='lat' dir='ltr'><strong>Decrevimus</strong></span> <span class='ocrx_word' id='word_1_673' title='bbox 1722 5374 1864 5429; x_wconf 92' lang='lat' dir='ltr'><strong>enim</strong></span> 
     </span>
    </p>
   </div>
   <div class='ocr_carea' id='block_1_88' title="bbox 241 5467 1866 5545">
    <p class='ocr_par' dir='ltr' id='par_1_88' title="bbox 241 5467 1866 5545">
     <span class='ocr_line' id='line_1_88' title="bbox 241 5467 1866 5545; baseline -0.003 -17"><span class='ocrx_word' id='word_1_674' title='bbox 241 5468 441 5545; x_wconf 86' lang='lat' dir='ltr'><strong>quod,</strong></span> <span class='ocrx_word' id='word_1_675' title='bbox 482 5468 528 5523; x_wconf 89' lang='lat' dir='ltr'><strong>si</strong></span> <span class='ocrx_word' id='word_1_676' title='bbox 570 5469 690 5541; x_wconf 89' lang='lat' dir='ltr'><strong>quis</strong></span> <span class='ocrx_word' id='word_1_677' title='bbox 733 5483 929 5523; x_wconf 86' lang='lat' dir='ltr'><strong>eorum</strong></span> <span class='ocrx_word' id='word_1_678' title='bbox 962 5467 1218 5523; x_wconf 88' lang='lat' dir='ltr'><strong>ordinum</strong></span> <span class='ocrx_word' id='word_1_679' title='bbox 1261 5468 1352 5540; x_wconf 92' lang='lat' dir='ltr'><strong>qui</strong></span> <span class='ocrx_word' id='word_1_680' title='bbox 1395 5468 1564 5524; x_wconf 89' lang='lat' dir='ltr'><strong>sacris</strong></span> <span class='ocrx_word' id='word_1_681' title='bbox 1603 5467 1866 5524; x_wconf 88' lang='lat' dir='ltr'><strong>altaribus</strong></span> 
     </span>
    </p>
   </div>
   <div class='ocr_carea' id='block_1_89' title="bbox 236 5561 1863 5633">
    <p class='ocr_par' dir='ltr' id='par_1_89' title="bbox 236 5561 1863 5633">
     <span class='ocr_line' id='line_1_89' title="bbox 236 5561 1863 5633; baseline -0.002 -12"><span class='ocrx_word' id='word_1_682' title='bbox 236 5562 659 5624; x_wconf 82' lang='lat' dir='ltr'><strong>adminith</strong></span> <span class='ocrx_word' id='word_1_683' title='bbox 679 5562 958 5633; x_wconf 86' lang='lat' dir='ltr'><strong>presbyter</strong></span> <span class='ocrx_word' id='word_1_684' title='bbox 985 5561 1195 5617; x_wconf 88' lang='lat' dir='ltr'><strong>scilicet</strong></span> <span class='ocrx_word' id='word_1_685' title='bbox 1212 5561 1498 5629; x_wconf 90' lang='lat' dir='ltr'><strong>diaconus,</strong></span> <span class='ocrx_word' id='word_1_686' title='bbox 1520 5577 1751 5618; x_wconf 77' lang='lat' dir='ltr'><strong>uxorem</strong></span> <span class='ocrx_word' id='word_1_687' title='bbox 1778 5562 1863 5617; x_wconf 89' lang='lat' dir='ltr'><strong>vel</strong></span> 
     </span>
    </p>
   </div>
   <div class='ocr_carea' id='block_1_90' title="bbox 327 5721 1858 5797">
    <p class='ocr_par' dir='ltr' id='par_1_90' title="bbox 327 5721 1858 5797">
     <span class='ocr_line' id='line_1_90' title="bbox 327 5721 1858 5797; baseline -0.002 -17"><span class='ocrx_word' id='word_1_688' title='bbox 327 5724 491 5797; x_wconf 78' lang='lat'><strong>(376)</strong></span> <span class='ocrx_word' id='word_1_689' title='bbox 518 5723 723 5789; x_wconf 72' lang='lat' dir='ltr'><strong>Geusw,</strong></span> <span class='ocrx_word' id='word_1_690' title='bbox 767 5723 848 5777; x_wconf 90' lang='lat' dir='ltr'><strong>sic</strong></span> <span class='ocrx_word' id='word_1_691' title='bbox 888 5721 982 5778; x_wconf 93' lang='lat' dir='ltr'><strong>lib.</strong></span> <span class='ocrx_word' id='word_1_692' title='bbox 1024 5738 1071 5787; x_wconf 82' lang='grc' dir='ltr'><strong>ι,</strong></span> <span class='ocrx_word' id='word_1_693' title='bbox 1109 5724 1336 5797; x_wconf 90' lang='lat' dir='ltr'><strong>epistola</strong></span> <span class='ocrx_word' id='word_1_694' title='bbox 1380 5728 1468 5797; x_wconf 86' lang='lat'><strong>58_</strong></span> <span class='ocrx_word' id='word_1_695' title='bbox 1498 5732 1553 5779; x_wconf 92' lang='lat' dir='ltr'><strong>et</strong></span> <span class='ocrx_word' id='word_1_696' title='bbox 1581 5723 1725 5778; x_wconf 88' lang='lat' dir='ltr'><strong>infra</strong></span> <span class='ocrx_word' id='word_1_697' title='bbox 1756 5729 1858 5797; x_wconf 79' lang='lat'><strong>70;</strong></span> 
     </span>
    </p>
   </div>
   <div class='ocr_carea' id='block_1_91' title="bbox 238 5795 1865 5866">
    <p class='ocr_par' dir='ltr' id='par_1_91' title="bbox 238 5795 1865 5866">
     <span class='ocr_line' id='line_1_91' title="bbox 238 5795 1865 5866; baseline -0.004 -12"><span class='ocrx_word' id='word_1_698' title='bbox 238 5795 602 5854; x_wconf 83' lang='lat' dir='ltr'><strong>Lambertus</strong></span> <span class='ocrx_word' id='word_1_699' title='bbox 628 5802 815 5866; x_wconf 83' lang='lat' dir='ltr'><strong>autem</strong></span> <span class='ocrx_word' id='word_1_700' title='bbox 839 5809 982 5866; x_wconf 80' lang='lat' dir='ltr'><strong>anno</strong></span> <span class='ocrx_word' id='word_1_701' title='bbox 1014 5795 1156 5852; x_wconf 50' lang='lat'><strong>1073&#39;</strong></span> <span class='ocrx_word' id='word_1_702' title='bbox 1190 5806 1247 5853; x_wconf 89' lang='lat' dir='ltr'><strong>et</strong></span> <span class='ocrx_word' id='word_1_703' title='bbox 1285 5802 1423 5853; x_wconf 79' lang='grc'>1074</span> <span class='ocrx_word' id='word_1_704' title='bbox 1458 5795 1602 5850; x_wconf 91' lang='lat' dir='ltr'><strong>hunc</strong></span> <span class='ocrx_word' id='word_1_705' title='bbox 1633 5795 1865 5866; x_wconf 89' lang='lat' dir='ltr'><strong>appellat</strong></span> 
     </span>
    </p>
   </div>
   <div class='ocr_carea' id='block_1_92' title="bbox 239 5863 1858 5939">
    <p class='ocr_par' dir='ltr' id='par_1_92' title="bbox 239 5863 1858 5939">
     <span class='ocr_line' id='line_1_92' title="bbox 239 5863 1858 5939; baseline -0.002 -14"><span class='ocrx_word' id='word_1_706' title='bbox 239 5866 540 5925; x_wconf 83' lang='lat' dir='ltr'><strong>Joiadem.</strong></span> <span class='ocrx_word' id='word_1_707' title='bbox 577 5863 685 5921; x_wconf 87' lang='lat' dir='ltr'><strong>Sed</strong></span> <span class='ocrx_word' id='word_1_708' title='bbox 722 5864 1005 5921; x_wconf 68' lang='lat' dir='ltr'><strong>Bon’ﬁnius</strong></span> <span class='ocrx_word' id='word_1_709' title='bbox 1042 5869 1245 5927; x_wconf 84' lang='lat' dir='ltr'><strong>Rerum</strong></span> <span class='ocrx_word' id='word_1_710' title='bbox 1287 5863 1731 5939; x_wconf 38' lang='lat' dir='ltr'><strong>Hungaricaru‘m</strong></span> <span class='ocrx_word' id='word_1_711' title='bbox 1760 5865 1858 5922; x_wconf 90' lang='lat' dir='ltr'><strong>de-</strong></span> 
     </span>
    </p>
   </div>
   <div class='ocr_carea' id='block_1_93' title="bbox 1971 5179 3562 5257">
    <p class='ocr_par' dir='ltr' id='par_1_93' title="bbox 1971 5179 3562 5257">
     <span class='ocr_line' id='line_1_93' title="bbox 1971 5179 3562 5257; baseline -0.006 -13"><span class='ocrx_word' id='word_1_712' title='bbox 1971 5206 2100 5246; x_wconf 90' lang='lat' dir='ltr'><strong>nem</strong></span> <span class='ocrx_word' id='word_1_713' title='bbox 2127 5204 2413 5245; x_wconf 90' lang='lat' dir='ltr'><strong>summum</strong></span> <span class='ocrx_word' id='word_1_714' title='bbox 2436 5186 2678 5243; x_wconf 90' lang='lat' dir='ltr'><strong>studium</strong></span> <span class='ocrx_word' id='word_1_715' title='bbox 2704 5201 2877 5257; x_wconf 87' lang='lat' dir='ltr'><strong>geras,</strong></span> <span class='ocrx_word' id='word_1_716' title='bbox 2904 5184 3176 5254; x_wconf 89' lang='lat' dir='ltr'><strong>talemque</strong></span> <span class='ocrx_word' id='word_1_717' title='bbox 3196 5179 3562 5237; x_wconf 88' lang='lat' dir='ltr'><strong>obedientiam</strong></span> 
     </span>
    </p>
   </div>
   <div class='ocr_carea' id='block_1_94' title="bbox 1974 5274 3561 5354">
    <p class='ocr_par' dir='ltr' id='par_1_94' title="bbox 1974 5274 3561 5354">
     <span class='ocr_line' id='line_1_94' title="bbox 1974 5274 3561 5354; baseline -0.008 -16"><span class='ocrx_word' id='word_1_718' title='bbox 1974 5282 2163 5354; x_wconf 89' lang='lat' dir='ltr'><strong>legatis</strong></span> <span class='ocrx_word' id='word_1_719' title='bbox 2200 5290 2405 5338; x_wconf 70' lang='lat' dir='ltr'><strong>sancta:</strong></span> <span class='ocrx_word' id='word_1_720' title='bbox 2445 5282 2715 5335; x_wconf 75' lang='lat' dir='ltr'><strong>Romanae</strong></span> <span class='ocrx_word' id='word_1_721' title='bbox 2752 5278 3031 5340; x_wconf 56' lang='lat' dir='ltr'><strong>Ecclesiae,</strong></span> <span class='ocrx_word' id='word_1_722' title='bbox 3066 5292 3194 5331; x_wconf 93' lang='lat' dir='ltr'><strong>cum</strong></span> <span class='ocrx_word' id='word_1_723' title='bbox 3217 5274 3297 5347; x_wconf 40' lang='lat' dir='ltr'><strong>,ad</strong></span> <span class='ocrx_word' id='word_1_724' title='bbox 3324 5283 3377 5329; x_wconf 93' lang='lat' dir='ltr'><strong>te</strong></span> <span class='ocrx_word' id='word_1_725' title='bbox 3403 5288 3561 5328; x_wconf 92' lang='lat' dir='ltr'><strong>vene-</strong></span> 
     </span>
    </p>
   </div>
   <div class='ocr_carea' id='block_1_95' title="bbox 1972 5365 3562 5444">
    <p class='ocr_par' dir='ltr' id='par_1_95' title="bbox 1972 5365 3562 5444">
     <span class='ocr_line' id='line_1_95' title="bbox 1972 5365 3562 5444; baseline -0.008 -13"><span class='ocrx_word' id='word_1_726' title='bbox 1972 5375 2100 5441; x_wconf 91' lang='lat' dir='ltr'><strong>rint,</strong></span> <span class='ocrx_word' id='word_1_727' title='bbox 2150 5375 2427 5441; x_wconf 83' lang='lat' dir='ltr'><strong>exhibeas,</strong></span> <span class='ocrx_word' id='word_1_728' title='bbox 2475 5382 2750 5444; x_wconf 89' lang='lat' dir='ltr'><strong>quatenus</strong></span> <span class='ocrx_word' id='word_1_729' title='bbox 2797 5372 3185 5426; x_wconf 89' lang='lat' dir='ltr'><strong>intercessione</strong></span> <span class='ocrx_word' id='word_1_730' title='bbox 3231 5366 3375 5423; x_wconf 89' lang='lat' dir='ltr'><strong>beati</strong></span> <span class='ocrx_word' id='word_1_731' title='bbox 3420 5365 3562 5422; x_wconf 89' lang='lat' dir='ltr'><strong>Petri</strong></span> 
     </span>
    </p>
   </div>
   <div class='ocr_carea' id='block_1_96' title="bbox 1972 5460 3309 5541">
    <p class='ocr_par' dir='ltr' id='par_1_96' title="bbox 1972 5460 3309 5541">
     <span class='ocr_line' id='line_1_96' title="bbox 1972 5460 3309 5541; baseline -0.007 -17"><span class='ocrx_word' id='word_1_732' title='bbox 1972 5468 2023 5524; x_wconf 92' lang='lat' dir='ltr'><strong>in</strong></span> <span class='ocrx_word' id='word_1_733' title='bbox 2053 5469 2223 5541; x_wconf 84' lang='lat' dir='ltr'><strong>gloria</strong></span> <span class='ocrx_word' id='word_1_734' title='bbox 2251 5476 2305 5523; x_wconf 89' lang='lat' dir='ltr'><strong>et</strong></span> <span class='ocrx_word' id='word_1_735' title='bbox 2332 5468 2541 5523; x_wconf 89' lang='lat' dir='ltr'><strong>honore</strong></span> <span class='ocrx_word' id='word_1_736' title='bbox 2568 5466 2857 5536; x_wconf 89' lang='lat' dir='ltr'><strong>utriusque</strong></span> <span class='ocrx_word' id='word_1_737' title='bbox 2886 5466 3009 5519; x_wconf 80' lang='lat' dir='ltr'><strong>vitae</strong></span> <span class='ocrx_word' id='word_1_738' title='bbox 3035 5460 3309 5535; x_wconf 89' lang='lat' dir='ltr'><strong>proﬁcias.</strong></span> 
     </span>
    </p>
   </div>
   <div class='ocr_carea' id='block_1_97' title="bbox 2044 5556 3218 5635">
    <p class='ocr_par' dir='ltr' id='par_1_97' title="bbox 2044 5556 3218 5635">
     <span class='ocr_line' id='line_1_97' title="bbox 2044 5556 3218 5635; baseline -0.006 -19"><span class='ocrx_word' id='word_1_739' title='bbox 2044 5565 2185 5631; x_wconf 87' lang='lat' dir='ltr'><strong>Data</strong></span> <span class='ocrx_word' id='word_1_740' title='bbox 2212 5564 2432 5628; x_wconf 64' lang='lat' dir='ltr'><strong>Romae,</strong></span> <span class='ocrx_word' id='word_1_741' title='bbox 2463 5576 2504 5616; x_wconf 69' lang='grc' dir='ltr'>Χ</span> <span class='ocrx_word' id='word_1_742' title='bbox 2528 5559 2656 5614; x_wconf 77' lang='lat' dir='ltr'><strong>Kal.</strong></span> <span class='ocrx_word' id='word_1_743' title='bbox 2685 5558 2915 5628; x_wconf 82' lang='lat' dir='ltr'><strong>Aprilis,</strong></span> <span class='ocrx_word' id='word_1_744' title='bbox 2946 5556 3059 5613; x_wconf 92' lang='lat' dir='ltr'><strong>ind.</strong></span> <span class='ocrx_word' id='word_1_745' title='bbox 3088 5568 3218 5635; x_wconf 73' lang='lat' dir='ltr'><strong>x111.</strong></span> 
     </span>
    </p>
   </div>
   <div class='ocr_carea' id='block_1_98' title="bbox 1968 5720 2973 5777">
    <p class='ocr_par' dir='ltr' id='par_1_98' title="bbox 1968 5720 2973 5777">
     <span class='ocr_line' id='line_1_98' title="bbox 1968 5720 2973 5777; baseline -0.003 0"><span class='ocrx_word' id='word_1_746' title='bbox 1968 5720 2101 5777; x_wconf 90' lang='lat' dir='ltr'><strong>cade</strong></span> <span class='ocrx_word' id='word_1_747' title='bbox 2125 5721 2218 5777; x_wconf 91' lang='lat' dir='ltr'><strong>lib.</strong></span> <span class='ocrx_word' id='word_1_748' title='bbox 2248 5735 2327 5775; x_wconf 83' lang='lat' dir='ltr'><strong>III</strong></span> <span class='ocrx_word' id='word_1_749' title='bbox 2365 5728 2420 5775; x_wconf 91' lang='lat' dir='ltr'><strong>et</strong></span> <span class='ocrx_word' id='word_1_750' title='bbox 2447 5735 2515 5775; x_wconf 85' lang='lat' dir='ltr'><strong>IV</strong></span> <span class='ocrx_word' id='word_1_751' title='bbox 2550 5722 2760 5775; x_wconf 83' lang='lat' dir='ltr'><strong>Geisam</strong></span> <span class='ocrx_word' id='word_1_752' title='bbox 2796 5728 2973 5773; x_wconf 90' lang='lat' dir='ltr'><strong>vocat.</strong></span> 
     </span>
    </p>
   </div>
   <div class='ocr_carea' id='block_1_99' title="bbox 2040 5788 3561 5862">
    <p class='ocr_par' dir='ltr' id='par_1_99' title="bbox 2040 5788 3561 5862">
     <span class='ocr_line' id='line_1_99' title="bbox 2040 5788 3561 5862; baseline -0.011 -16"><span class='ocrx_word' id='word_1_753' title='bbox 2040 5794 2185 5858; x_wconf 74' lang='lat'><strong>(377)</strong></span> <span class='ocrx_word' id='word_1_754' title='bbox 2224 5793 2506 5862; x_wconf 11' lang='lat' dir='ltr'><strong>Loquitur,</strong></span> <span class='ocrx_word' id='word_1_755' title='bbox 2532 5790 2599 5845; x_wconf 89' lang='lat' dir='ltr'><strong>de</strong></span> <span class='ocrx_word' id='word_1_756' title='bbox 2638 5788 2944 5862; x_wconf 78' lang='lat' dir='ltr'><strong>Salomone</strong></span> <span class='ocrx_word' id='word_1_757' title='bbox 2996 5790 3243 5862; x_wconf 36' lang='lat' dir='ltr'><strong>regetut</strong></span> <span class='ocrx_word' id='word_1_758' title='bbox 3270 5797 3434 5852; x_wconf 87' lang='lat' dir='ltr'><strong>supra</strong></span> <span class='ocrx_word' id='word_1_759' title='bbox 3468 5791 3561 5832; x_wconf 85' lang='lat' dir='ltr'><strong>eo—</strong></span> 
     </span>
    </p>
   </div>
   <div class='ocr_carea' id='block_1_100' title="bbox 1970 5856 3232 5933">
    <p class='ocr_par' dir='ltr' id='par_1_100' title="bbox 1970 5856 3232 5933">
     <span class='ocr_line' id='line_1_100' title="bbox 1970 5856 3232 5933; baseline -0.016 -12"><span class='ocrx_word' id='word_1_760' title='bbox 1970 5856 2101 5921; x_wconf 89' lang='lat' dir='ltr'><strong>dem</strong></span> <span class='ocrx_word' id='word_1_761' title='bbox 2126 5864 2287 5929; x_wconf 85' lang='lat' dir='ltr'><strong>libro,</strong></span> <span class='ocrx_word' id='word_1_762' title='bbox 2315 5856 2545 5933; x_wconf 77' lang='lat' dir='ltr'><strong>epistola</strong></span> <span class='ocrx_word' id='word_1_763' title='bbox 2579 5867 2663 5924; x_wconf 87' lang='lat'><strong>13,</strong></span> <span class='ocrx_word' id='word_1_764' title='bbox 2702 5865 2759 5910; x_wconf 89' lang='lat' dir='ltr'><strong>et</strong></span> <span class='ocrx_word' id='word_1_765' title='bbox 2784 5856 2925 5913; x_wconf 86' lang='lat' dir='ltr'><strong>infra</strong></span> <span class='ocrx_word' id='word_1_766' title='bbox 2960 5856 3115 5930; x_wconf 73' lang='lat' dir='ltr'><strong>epist.</strong></span> <span class='ocrx_word' id='word_1_767' title='bbox 3143 5858 3232 5905; x_wconf 92' lang='lat'><strong>70.</strong></span> 
     </span>
    </p>
   </div>
  </div>
