4074 6172
581 287 681 341 415

1078 411 1421 466 EPISTOLA
1468 412 1668 469 LXIV.

648 506 651 511 ’
728 519 808 559 ΔΙ)
848 518 1079 560 ινοΝΕΜ
1122 518 1416 560 ΑΒΒΔΤΕΠ
1457 519 1679 563 SANCTI
1717 523 2011 567 DIONYSII.

1157 598 1347 664 (Anno
1390 603 1573 666 1075.)

586 694 885 768 Ut.coram_
917 691 1030 742 suis
1089 690 1289 768 legatis
1326 690 1530 768 objecta
1568 699 1754 749 contra
1796 712 1913 751 eum
1957 714 2172 768 respon-

645 760 789 838 deat,
836 761 1017 838 eisque
1050 767 1265 838 pareat,
1315 764 1403 838 vel
1425 768 1632 819 statuto
1682 770 1915 837 tempore
1955 760 2173 838 apbsto—

649 831 803 883 licam
834 829 1017 884 sedem
1041 834 1243 885 veniat.
1293 836 1509 889 mtirem
1541 829 1857 894 animarum
1883 829 2008 895 sibi
2033 856 2170 896 com-

644 902 925 955 missarum
944 918 1130 956 curam
1149 904 1219 957 ha
1229 904 1367 958 beat.

644 1001 992 1059 GBEGOBIUS
1005 1003 1312 1076 episcOpus,
1335 1022 1523 1063 servus
1540 1026 1826 1068 servorum
1849 1014 1973 1083 Dei,
1993 1017 2171 1071 Ivom

574 1092 755 1152 abbati
787 1097 1103 1153 monasterii
1130 1099 1310 1154 Sancti
1338 1100 1583 1174 Dionysii
1614 1104 1667 1159 in
1694 1106 1926 1162 Parisio.

643 1187 796 1243 Licet
837 1190 1107 1246 Romanae
1156 1192 1411 1249 Ecclesia:
1461 1197 1869 1254 excusationem
1917 1200 2171 1259 introitus

571 1280 650 1334 tui
678 1281 845 1352 Algisi
874 1282 1126 1338 monachi
1153 1284 1316 1341 vestri
1363 1286 1527 1344 verba
1556 1289 1896 1361 jampridem
1938 1295 2169 1366 replica-

571 1373 768 1440 verint,
801 1373 925 1430 licet
975 1391 1039 1431 ex
1099 1386 1253 1448 parte
1299 1378 1465 1436 ﬁdem
1511 1382 1674 1439 nobis
1715 1383 1991 1457 dederint,
2047 1405 2169 1445 cre-

570 1474 814 1522 scentem
834 1475 1018 1524 tamen
1048 1468 1352 1541 infamiam,
1372 1482 1425 1529 et
1453 1490 1627 1547 usque
1646 1475 1716 1532 ad
1746 1478 1936 1535 sedem
1956 1490 2170 1553 aposto-

570 1558 734 1637 licam
758 1560 873 1633 jam
903 1577 935 1616 a
966 1562 1212 1633 pluribus
1236 1564 1501 1634 delatam,
1540 1569 1900 1628 indiscussam
1932 1577 2165 1633 transire

568 1667 668 1708 nec
707 1669 997 1724 possumus
1033 1672 1136 1711 nec
1176 1656 1463 1717 debemus.
1514 1663 1860 1737 Quapropter
1901 1668 1948 1722 si
1988 1670 2167 1726 conti-

568 1745 710 1818 gerit
751 1745 852 1803 bac
889 1747 944 1803 in
993 1756 1154 1805 aetate
1189 1750 1395 1823 legatos
1446 1764 1666 1813 nostros
1707 1757 1776 1814 ad
1823 1769 2005 1832 partes
2045 1763 2163 1820 illas

572 1838 854 1909 proﬁcisci,
894 1843 1244 1914 praecipimus
1284 1854 1348 1901 ut
1396 1863 1581 1904 coram
1622 1850 1698 1906 eis
1739 1868 1962 1909 causam
2005 1855 2161 1929 obje-

571 1932 770 1989 ctionis
794 1942 904 1992 tuae
931 1935 1213 2008 diligenter
1243 1954 1502 2010 exponas,
1538 1952 1594 1998 et
1626 1943 1940 2003 difﬁnitioni
1971 1965 2163 2006 eorum

571 2025 888 2083 obedienter
912 2044 1119 2099 pareas.
1148 2032 1309 2102 Quod
1350 2033 1396 2088 si
1437 2034 1661 2107 aliquod
1701 2038 2164 2110 impedimentum

570 2117 674 2173 hoc
706 2118 825 2174 ﬁeri
862 2137 974 2176 non
997 2124 1330 2193 permiserit,
1358 2126 1556 2183 abhinc
1582 2145 1753 2201 usque
1793 2131 1865 2188 ad
1896 2133 2164 2197 festivita-

569 2219 681 2266 tem
716 2214 885 2268 sancti
919 2215 1153 2273 Andreae
1198 2217 1271 2273 de
1308 2218 1535 2291 objectis
1572 2238 1933 2294 responsurus
1965 2228 2034 2285 ad
2062 2244 2164 2286 nos

568 2304 766 2361 venias.
813 2308 1041 2364 Interim
1067 2317 1120 2365 te
1159 2311 1415 2368 volumus
1449 2314 1594 2371 circa
1625 2332 1819 2373 curam
1846 2321 2162 2378 animarum

568 2397 915 2457 subditarum
970 2402 1067 2458 tibi
1113 2411 1401 2461 strenuum
1449 2409 1855 2483 sollicitumque
1898 2413 2162 2483 exhiberi,

567 2501 858 2563 quatenus,
890 2510 1019 2550 cum
1046 2495 1114 2552 ad
1138 2512 1241 2553 nos
1271 2500 1479 2556 veneris
1497 2542 1512 2570 ,
1546 2502 1726 2574 ipsum
1756 2504 1914 2562 bonae
1940 2524 2161 2565 conver-

565 2584 786 2643 sationis
824 2586 1071 2644 studium
1100 2599 1218 2646 tam
1254 2600 1328 2662 te,
1346 2609 1527 2665 quam
1558 2595 1678 2652 illos
1702 2598 1899 2670 quibus
1930 2616 2162 2673 praeesse

568 2677 784 2747 videris,
830 2682 1006 2738 valeat
1050 2684 1464 2755 commendare,
1515 2698 1569 2744 et
1614 2690 1782 2763 Algisi
1821 2692 1968 2750 bona
2008 2694 2079 2753 de
2106 2705 2161 2752 te

566 2769 853 2828 referentis
888 2775 1049 2831 verba
1077 2777 1432 2835 conﬁrmare.

637 2868 775 2920 Data
806 2869 1022 2938 Romae,
1053 2878 1246 2927 octavo
1275 2872 1554 2931 Kalendas
1589 2876 1812 2949 Aprilis,
1861 2879 2160 2940 indictione

567 2956 784 3015 decima
810 2960 987 3020 tertia.

1079 3060 1435 3118 EPISTOLA
1472 3065 1647 3121 LXV.
1784 3144 1786 3147 λ

831 3165 909 3204 ΑΙ)
948 3165 1279 3210 MONACHOS
1318 3172 1539 3213 SANCTI
1582 3174 1865 3218 DIONYSII.

1145 3251 1328 3312 (Anno
1370 3255 1553 3317 1075.)

562 3338 927 3414 Hortaturtad
956 3324 1292 3414 concordiam
1322 3348 1372 3396 et
1399 3360 1608 3414 pacem,
1635 3348 1765 3403 dum
1786 3365 1968 3405 eorum
1993 3353 2161 3407 abbas

634 3422 686 3461 se
728 3408 794 3462 de
819 3410 1057 3492 Simonta
1092 3408 1461 3483 purgaturus,
1500 3408 1597 3471 vel
1627 3434 1805 3474 coram
1841 3423 2055 3492 legatis,
2084 3425 2168 3479 vel

636 3493 809 3534 coram
829 3496 884 3535 se
904 3485 1108 3538 veniat.

638 3581 984 3640 GREGOBIUS
1007 3586 1312 3660 episcopus,
1356 3606 1547 3647 servus
1573 3608 1866 3651 servorum
1890 3597 2011 3666 Dei,
2045 3614 2165 3654 mo-

563 3675 751 3731 nachis
789 3679 1106 3735 monasterii
1152 3683 1336 3738 Sancti
1378 3684 1645 3758 Dionysii,
1689 3688 1926 3746 salutem
1954 3697 2009 3746 et
2043 3707 2179 3763 apo»

563 3767 813 3824 stolicam
844 3770 1307 3830 benedictionem.

635 3859 866 3918 Abbatis
900 3865 1064 3920 vestri
1096 3868 1277 3924 lvonis
1314 3854 1540 3928 infamia
1572 3875 1987 3945 quampluribus
2020 3878 2161 3935 refe-

564 3954 807 4011 rentibus
847 3956 918 4013 ad
962 3973 1122 4015 aures
1154 3969 1582 4037 nostras°usque
1627 3968 1890 4036 pervenit,
1917 3969 2166 4028 videlicet

562 4048 709 4117 quod
736 4050 1066 4121 Simoniace,
1107 4052 1213 4110 hoc
1242 4064 1325 4111 est
1352 4073 1448 4127 per
1472 4058 1848 4117 interventum
1899 4066 2159 4134 pecuniae,

561 4142 855 4199 obtinuerit
894 4144 1191 4215 abbatiam,
1236 4148 1392 4220 cujus
1438 4151 1514 4206 rei
1567 4168 1753 4224 causa,
1809 4156 1933 4227 quia
1986 4157 2168 4232 hujus'

563 4234 710 4293 modi
733 4236 1017 4294 infamiam
1051 4240 1417 4299 iudiscussam
1444 4247 1717 4315 praeterire
1753 4264 1866 4305 non
1896 4250 2162 4311 debemus

562 4343 662 4385 nec
690 4346 1003 4402 possumus,
1036 4349 1135 4404 per
1163 4334 1376 4394 litteras
1402 4347 1623 4396 nostras
1657 4342 1761 4398 sibi
1789 4345 2157 4417 praecipiendo

563 4422 972 4494 mandavimus,
1018 4435 1078 4482 ut
1125 4428 1314 4500 legatis
1360 4433 1582 4501 nostris,
1624 4434 1669 4490 si
1710 4435 1814 4493 hac
1859 4447 2047 4514 aestate
2090 4441 2158 4497 ad

1264 289 1318 343 S.
1359 289 1683 345 GREGORII
1720 292 1811 347 VII
1848 295 2044 350 ΡΑΡΑΞ
2084 296 2355 353 OPERUM
2393 296 2564 354 PARS
2604 300 2643 354 l.
2682 327 2751 339 —
2787 298 3189 357 REGISTRUM.

3764 307 3866 360 416

2200 426 2253 488 Λ
2281 422 2507 477 sollicite
2536 422 2818 493 invigilare
2845 438 3133 493 nunquam
3176 426 3518 499 negligimus,
3545 427 3641 483 sed
3680 442 3870 484 secun-

2283 510 2419 567 dum
2448 512 2775 583 Apostolum
2795 510 3026 567 honeste
3056 520 3113 568 et
3147 528 3275 568 cum
3303 513 3495 571 ordine
3519 513 3696 571 facere
3721 517 3871 572 volu-

2282 615 2426 657 mus.
2459 602 2609 658 Sicut
2650 600 2797 657 enim
2829 610 3123 658 nocentem
3146 602 3449 673 justiﬁcare
3475 603 3633 661 nobis
3676 604 3863 663 admo-

2281 687 2417 747 dum
2435 699 2519 746 est
2541 690 2870 758 timendum,
2899 691 2975 746 ita
2999 699 3055 746 et
3074 691 3421 748 innocentem
3441 692 3702 753 damnare
3716 695 3870 753 valde

2278 781 2669 851 periculosum.
2705 784 2791 836 De
2817 789 3015 837 cmtero
3042 779 3335 852 prudenter
3353 798 3449 840 vos
3478 783 3693 854 habete,
3725 785 3870 842 dile-

2278 870 2509 926 ctissimi
2538 868 2659 938 ﬁlii,
2701 884 2977 925 memores
3004 870 3173 926 nostri
3202 873 3262 928 in
3282 872 3624 930 orationibus
3646 874 3858 932 vestris.

2348 962 2488 1017 Data
2516 964 2735 1029 Romae,
2768 970 2961 1018 octavo
3000 961 3277 1020 Kalendas
3302 962 3505 1036 Aprilis
3527 1005 3544 1033 ,
3569 964 3869 1024 indictione

2277 1051 2494 1108 decima
2517 1051 2699 1108 tertia.

2775 1141 3119 1197 EPISTOLA
3161 1142 3383 1211 LXVI.)

2278 1248 2361 1288 AD
2391 1244 2814 1289 BUBCHABDUM
2848 1243 3473 1287 ΗΑιΒΒΒετΑοιΒΝεειί
3494 1246 3865 1290 ΒΡῙδΩΟΡῦΠ.

2871 1321 3053 1386 (Anno
3094 1324 3275 1384 1075.)

2274 1411 2543 1480 Praecipit,
2570 1410 2710 1464 sicut
2727 1411 2853 1462 ante
2869 1422 2971 1477 per
2999 1407 3200 1480 legatos
3219 1409 3441 1475 fecerat,
3474 1414 3536 1464 ut
3556 1410 3867 1477 foenicatio-

2736 1494 2869 1549 ‘nem
2912 1494 2981 1533 ea:
3017 1479 3154 1534 clero
3192 1480 3400 1534 evellet.

2345 1570 2721 1637 GBEGOBIUS,
2751 1567 3041 1638 episcopus
3061 1582 3248 1623 servus
3268 1582 3552 1624 servorum
3573 1567 3691 1637 Dei,
3714 1571 3874 1626 Bos-

2274 1673 2526 1716 cnsnno
2547 1656 3083 1723 Helvestensi[forte,
3110 1656 3599 1726 Halberstadiensi,
3630 1660 3713 1714 vel
3738 1660 3869 1716 Hal-

2272 1746 2618 1814 berstatensi,
2648 1750 2698 1801 et
2726 1748 2800 1801 sic
2829 1747 2886 1799 in
2913 1748 3134 1813 Mutin.]
3164 1745 3597 1818 archiepiscopo,
3635 1747 3870 1805 salutem

2274 1847 2331 1895 et
2354 1834 2719 1908 apostolicam
2755 1833 3216 1890 benedictionem.

2342 1928 2468 1982 Non
2496 1923 2747 1996 ignorare
2780 1931 2858 1990 te,
2895 1920 3068 1979 frater
3107 1923 3450 1989 charissime,
3493 1925 3766 1984 credimus
3795 1926 3867 1984 de

2274 2019 2532 2076 ordinum
2561 2016 3055 2072 ecclesiasticarum
3091 2016 3312 2072 castitae
3337 2026 3539 2074 sanctas
3565 2018 3709 2075 sedis
3735 2035 3869 2092 apo-

2272 2113 2481 2169 stolicte
2522 2117 2726 2166 statuta
2767 2115 3181 2166 ειηῑεοθεοηιω
3224 2120 3543 2167 nostrorum
3584 2120 3640 2168 et
3672 2122 3869 2171 nostro

2272 2205 2536 2275 deinceps
2578 2201 2884 2274 studio'per
2921 2201 3124 2259 litteras
3152 2210 3210 2260 et
3232 2204 3438 2276 legatos
3464 2203 3621 2278 longe
3655 2205 3874 2279 lateque

2273 2297 2644 2372 promulgata.
2686 2297 2829 2351 Nam
2879 2305 2935 2352 et
2974 2312 3120 2352 anno
3169 2293 3509 2369 praecedente
3560 2297 3867 2357 confratres

2272 2390 2448 2447 nostri
2476 2398 2531 2445 et
2560 2388 2802 2461 episcopi
2841 2389 2898 2443 in
2927 2397 3109 2461 partes
3138 2389 3259 2445 illas
3286 2388 3475 2446 directi
3505 2399 3561 2447 te
3589 2407 3870 2450 convene-

2272 2491 2425 2551 runt,
2453 2490 2506 2537 et
2526 2488 2715 2537 nostro
2737 2480 2964 2537 nomine
2986 2480 3150 2553 hujus
3171 2481 3267 2537 tibi
3293 2483 3474 2554 operis
3491 2483 3868 2541 obedientiam

2270 2576 2570 2633 studiosius
2625 2574 2984 2630 inculcaruut.
3038 2574 3146 2631 Sed
3191 2590 3373 2647 neque
3416 2584 3701 2648 propterea
3760 2578 3867 2635 has

2266 2684 2457 2725 rursus
2480 2666 2551 2723 de
2578 2665 2768 2722 eadem
2806 2682 2865 2721 re
2891 2665 2994 2721 tibi
3035 2666 3246 2722 litteras
3277 2668 3579 2739 superﬂuas
3602 2668 3870 2739 judicavi-

2270 2778 2416 2828 mus,
2450 2759 2716 2833 Apostolo
2734 2758 2953 2816 dicente
2982 2778 2994 2813 :
3016 2763 3235 2816 Fratres
3257 2761 3438 2816 eadem
3456 2762 3607 2818 vobis
3628 2765 3870 2821 scribere

2268 2858 2405 2911 mihi
2426 2855 2637 2925 quidem
2681 2869 2785 2908 non
2818 2854 3063 2924 pigrum,
3108 2854 3254 2908 vobis
3296 2859 3476 2909 autem
3514 2859 3870 2913 necessarium

2270 2950 2493 3020 (Philip.
2537 2951 2653 3013 III).
2682 2948 2739 3002 Si
2776 2947 2926 3001 enim
2974 2944 3204 3002 fratrum
3246 2941 3566 3004 nostrorum
3606 2949 3869 3007 exhorta-

2265 3042 2413 3097 tione
2433 3040 2674 3096 monitus
2708 3040 2768 3095 in
2809 3038 2868 3094 id
2904 3055 3042 3111 opus
3078 3054 3280 3096 manus
3323 3041 3585 3098 continuo
3631 3044 3863 3112 misisti,

2192 3171 2237 3234 Ο
2269 3133 2337 3190 ad
2360 3133 2466 3190 hoc
2488 3130 2740 3189 valebunt
2766 3130 2984 3200 litteras,
3015 3140 3094 3200 ut,
3133 3130 3274 3188 sicut
3299 3131 3521 3202 dicitur,
3546 3144 3865 3192 currentem

2269 3242 2486 3283 currere
2529 3224 2852 3281 concitatius
2892 3224 3255 3297 impellamus.
3287 3227 3383 3283 Sin
3429 3236 3621 3283 autem
3662 3228 3869 3286 hucus-

2274 3337 2380 3392 que
2421 3319 2665 3385 cessasti,
2712 3333 2912 3374 somno
2949 3318 3187 3391 torporis
3234 3320 3459 3392 expulso
3501 3321 3570 3377 ad
3610 3322 3870 3395 evigilan-

2273 3415 2404 3470 dum
2446 3411 3082 3483 stimulojncrepationis
3105 3412 3429 3468 excitemus.
3465 3414 3582 3469 Nos
3619 3414 3765 3471 enim
3794 3415 3867 3472 de

2272 3506 2646 3562 taciturnitate
2673 3512 2861 3560 nostra
2882 3504 3136 3560 damnari
3169 3506 3487 3574 metuimus,
3514 3508 3560 3562 si
3583 3510 3871 3566 conservis

2272 3600 2497 3667 nostris,
2544 3598 2633 3654 his
2677 3598 2915 3654 maxime
2950 3596 3044 3669 qui
3083 3597 3219 3653 alios
3261 3597 3459 3655 docere
3500 3599 3677 3656 idonei
3712 3610 3862 3670 sunt,

2276 3692 2496 3749 Domini
2520 3692 2810 3764 pecuniam
2830 3690 3159 3747 distribuere
3181 3692 3530 3763 pigritamur.
3557 3694 3735 3766 Urget
3756 3711 3863 3752 nos

2271 3786 2422 3842 enim
2458 3785 2626 3841 timor
2672 3784 2813 3839 illius
2862 3784 3136 3840 maledicti
3171 3783 3321 3856 quod
3367 3800 3465 3857 per
3510 3787 3863 3845 Salomonem

2270 3878 2614 3951 depromitur
2666 3878 3025 3934 :Maledictus
3071 3879 3222 3932 homo
3265 3881 3362 3948 qui
3412 3880 3689 3935 abscondit
3738 3883 3867 3948 fru-

2269 3978 2448 4027 menta
2476 3975 2531 4026 in
2568 3972 2766 4042 populo
2790 3974 2965 4035 (Prov.
3008 3971 3116 4042 XI).
3148 3973 3218 4027 Et
3262 3971 3411 4043 quod
3443 3973 3575 4028 item
3617 3988 3712 4046 per
3742 3990 3867 4044 pro.

2272 4065 2491 4138 pbetam
2514 4065 2718 4121 dicitur
2768 4083 2780 4119 :
2811 4065 3131 4121 Maledictus
3162 4065 3312 4120 homo
3342 4069 3441 4136 qui
3462 4067 3711 4136 prohibet
3742 4069 3867 4138 gla-

2271 4161 2423 4215 dium
2456 4175 2614 4214 suum
2637 4175 2673 4213 a
2696 4160 2960 4227 sanguine
3003 4160 3129 4225 (Jer.
3162 4165 3408 4226 XLVIII),
3434 4158 3489 4215 id
3516 4167 3603 4216 est
3629 4160 3865 4218 verbum

2273 4252 2673 4325 praedicationis
2700 4252 2766 4307 ab
2791 4250 3164 4322 increpatione
3182 4252 3509 4309 carnalium.
3536 4254 3691 4309 Sicut
3710 4256 3864 4311 enim

2268 4363 2369 4402 nos
2405 4346 2473 4401 ad
2494 4345 2828 4417 loquendum
2850 4345 3132 4416 superiora
3162 4346 3405 4417 exempla
3441 4346 3749 4418 impellunt,
3781 4350 3858 4406 ita

2268 4450 2322 4495 et
2369 4455 2462 4495 vos
2502 4454 2624 4509 quae
2653 4438 2721 4494 de
2760 4437 3068 4494 ohedientia
3110 4439 3307 4509 passim
3355 4440 3555 4510 scripta
3601 4441 3860 4514 leguntur

563 4525 741 4586 partes
767 4517 883 4573 illas
911 4534 977 4574 eo
1009 4521 1195 4578 venire
1236 4525 1543 4597 contigerit,
1572 4527 1642 4582 de
1669 4528 1896 4599 objectis
1933 4548 1992 4588 se
2023 4549 2149 4605 pur—
2176 4559 2228 4621 Β
2264 4533 2623 4592 adhortantur
2660 4546 2783 4603 quas
2828 4530 3062 4587 dicimus
3090 4530 3333 4587 fraterna
3382 4532 3649 4589 charitate
3677 4537 3861 4592 susci-

558 4618 817 4678 gaturum
846 4610 1117 4669 exhibeat.
1158 4615 1320 4683 Quod
1346 4618 1393 4671 si
1428 4618 1700 4690 aliquibus
1728 4621 2148 4681 intervenienti-

561 4700 663 4755 bus
684 4705 863 4758 causis
892 4705 1056 4778 legati
1085 4724 1201 4763 non
1231 4712 1502 4779 venerint,
1533 4712 1737 4770 abhinc
1775 4731 1946 4788 usque
1974 4718 2042 4775 ad
2065 4718 2143 4776 fe-

561 4794 860 4851 stivitatem
907 4801 1082 4859 sancti
1113 4800 1352 4858 Andreae
1385 4803 1452 4859 de
1492 4805 1721 4877 objectis
1749 4825 2145 4881 responsurum

560 4901 617 4941 se
645 4896 853 4945 nostra?
875 4891 1174 4949 audientiae
1194 4906 1567 4965 repraesentet.
1597 4900 1942 4975 Quapropter
1960 4905 2145 4963 admo-

559 4996 755 5038 nemus
772 4984 1099 5056 religionem
1115 4995 1348 5043 vestram
1375 4998 1433 5044 ut
1458 4991 1682 5049 interim
1710 4996 1856 5051 inter
1876 5014 1969 5053 vos
1997 5001 2145 5056 nulla

559 5075 851 5146 discordia,
896 5077 1111 5134 nullum
1156 5080 1391 5139 scbisma
1420 5082 1688 5143 diabolica
1729 5077 1920 5146 fraude
1952 5102 2146 5149 natum

560 5169 905 5240 inveniatur;
954 5172 1059 5242 ipsi
1088 5175 1237 5228 enim
1268 5176 1419 5232 scitis
1445 5180 1574 5249 quia
1616 5180 1677 5234 in
1714 5183 1949 5240 scissura
1993 5202 2145 5242 men-

440 5338 465 5343 ᾞ
559 5261 695 5317 tium
734 5267 885 5320 Deus
924 5281 1033 5321 non
1063 5266 1288 5337 habitat,
1317 5270 1411 5327 sed
1438 5272 1685 5344 religioni
1734 5283 1894 5348 atque
1934 5278 2147 5337 ordinis

560 5356 721 5411 vestri
772 5357 1139 5416 observationi
1193 5361 1380 5420 sedato
1425 5364 1610 5421 animo
1650 5383 1713 5424 ac
1756 5384 1976 5426 summa
2019 5388 2145 5430 cum

559 5450 853 5505 reverentia
895 5466 1119 5523 operam
1160 5452 1368 5523 dantes,
1417 5457 1675 5528 praedicto
1713 5461 1897 5518 abbati
1926 5463 2144 5520 humili-

561 5548 644 5595 ter
677 5540 962 5612 obediatis,
1007 5560 1077 5600 ne
1122 5544 1287 5614 forte,
1315 5549 1463 5620 quod
1495 5551 1659 5609 absit!
1688 5553 1744 5609 in
1778 5564 1959 5612 vestro
1998 5557 2144 5614 schi-

558 5642 736 5690 smate
770 5639 1173 5694 monasterium
1205 5648 1446 5698 vestrum
1483 5643 1539 5698 in
1571 5644 1736 5703 rebus
1774 5649 2051 5721 corporeis
2093 5659 2171 5731 etf

561 5740 660 5782 vos
692 5726 749 5782 in
775 5730 959 5787 anima
982 5730 1254 5790 damnum
1286 5734 1504 5807 aliquod
1532 5737 1831 5809 patiamini.
1860 5744 1967 5797 Pro
1995 5752 2146 5799 certo

557 5834 797 5893 namque
822 5822 1004 5880 sciatis
1030 5826 1293 5898 quoniam
1321 5843 1423 5883 nos
1448 5828 1677 5887 abbatize
1703 5832 1880 5887 Sancti
1907 5832 2145 5906 Dionysii

2260 4645 2406 4702 pere.
2434 4629 2570 4682 Nam
2586 4624 2784 4697 legitur
2794 4624 2939 4696 apud
2954 4624 3265 4681 Samuelem
3282 4643 3295 4679 :
3312 4627 3497 4682 Melior
3517 4632 3595 4683 est
3618 4629 3861 4685 obedien-

2253 4727 2331 4780 tia
2371 4738 2533 4793 quam
2567 4721 2799 4774 victima:
2829 4738 2839 4772 :
2873 4724 2925 4773 et
2949 4718 3254 4774 auscultare
3275 4723 3447 4788 magis
3480 4737 3643 4790 quam
3665 4723 3860 4793 offerre

2255 4818 2471 4887 adipem
2508 4816 2759 4869 arietum.
2803 4814 3062 4879 Quoniam
3091 4815 3254 4882 quasi
3269 4819 3545 4883 peccatum
3572 4816 3859 4873 hariolan-

2255 4911 2317 4965 di
2343 4914 2441 4977 est,
2480 4922 2786 4979 repugnare
2816 4925 2833 4957 :
2865 4910 2917 4961 et
2944 4907 3107 4975 quasi
3131 4907 3296 4961 scelus
3337 4907 3674 4979 idololatriae,
3720 4913 3864 4970 nolle

2255 5004 2585 5073 acquiescere
2631 5001 2681 5071 (Ι
2728 5002 2855 5069 Reg.
2917 5003 3043 5065 xv).
3100 4998 3261 5070 Quod
3309 4998 3500 5056 beatus
3552 5002 3863 5075 Gregorius

2256 5097 2311 5152 in
2345 5094 2641 5151 Moralibus
2665 5093 2779 5160 (lib.
2804 5107 2995 5158 xxxv,
3026 5108 3075 5148 c.
3111 5100 3196 5158 10)
3213 5108 3492 5165 exponens
3519 5093 3650 5151 dicit
3678 5118 3690 5153 :
3717 5099 3862 5156 Ohe-

2256 5189 2460 5246 dieutia
2499 5202 2630 5258 ergo
2673 5194 2756 5240 est
2793 5185 2911 5240 sine
2946 5201 3077 5257 qua,
3112 5187 3365 5258 quamvis
3405 5185 3580 5243 ﬁdelis
3627 5190 3863 5263 quisque

2259 5282 2523 5346 videatur,
2558 5278 2791 5334 inﬁdelis
2833 5293 2953 5334 esse
2986 5279 3352 5335 convincitur.
3396 5281 3651 5353 Denique
3704 5286 3867 5341 novit

2255 5372 2571 5431 fraternitas
2606 5379 2700 5426 tua
2739 5387 2873 5444 quas
2913 5373 3274 5444 proponimus
3307 5375 3522 5446 regulas
3569 5390 3600 5431 a
3650 5379 3867 5435 sanctis

2256 5466 2506 5523 Patribus
2532 5480 2649 5521 esse
2676 5465 2949 5539 praeﬁxas,
2984 5475 3248 5538 tantoque
3271 5467 3637 5524 venerabilius
3673 5469 3867 5528 obser-

2256 5559 2459 5616 vandas
2478 5567 2685 5632 quanto
2722 5568 2939 5616 constat
2974 5576 3090 5616 non
3127 5575 3227 5616 suo
3272 5560 3452 5630 libitu,
3492 5560 3589 5618 sed
3614 5563 3865 5635 Spiritus

2256 5651 2434 5708 sancti
2462 5653 2841 5725 promulgasse
2858 5650 3068 5708 afﬂatu.
3097 5652 3500 5722 Quamobrem,
3529 5653 3863 5713 charissima

2258 5743 2445 5813 frater,
2481 5735 2748 5802 instanter
2784 5745 3074 5802 hortamur
3107 5754 3163 5802 et
3189 5747 3486 5819 apostolica
3526 5750 3865 5807 auctoritate

2259 5839 2606 5911 pmcipimus
2639 5848 2908 5911 quatenus
2950 5847 3007 5896 et
3048 5854 3080 5895 a
3115 5839 3307 5913 legatis
3342 5841 3549 5897 nostris
3591 5850 3723 5899 ante
3756 5859 3864 5901 eo-
