4074 6172
205 233 299 286 M7

1249 236 1442 291 LIBER
1484 237 1853 293 SECUNDUS.
1890 267 1960 280 —
1994 230 2203 295 EPIST.
2244 239 2460 295 LXVIII.

3389 244 3492 299 418

199 356 446 447 gnita,_et
472 356 671 447 harum
696 356 1011 417 testimonio
1035 359 1341 417 litterarum
1372 362 1582 433 plenius
1609 363 1788 418 incul-
1820 367 1871 430 Α
1902 363 2181 422 dilectioni
2216 373 2327 421 tua;
2356 363 2690 437 injungimus
2727 364 3165 439 compendiosius
3192 365 3495 447 efﬁcacius:

193 452 333 511 cata,
364 440 602 502 ﬁdeliter
628 448 959 519 exsequaris,
998 448 1065 503 de
1101 464 1231 522 agro
1265 450 1553 506 Dominico
1588 450 1793 508 zizania

192 533 456 601 eradices,
486 535 830 592 frumentum
856 522 1166 606 conserves,
1209 546 1393 595 castos
1431 547 1488 595 et
1512 538 1794 609 religiosos

192 622 443 690 clericos,
476 633 539 680 ut
561 625 645 681 tui
677 624 842 681 ofﬁcii
878 636 1285 699 cooperatores,
1319 628 1550 701 benigne
1580 628 1792 698 foveas,

188 712 432 768 lubricos
469 722 527 768 et
560 714 963 771 incontinentes
1002 724 1100 771 aut
1142 725 1368 788 paterno
1396 719 1657 789 corrigas,
1699 727 1795 775 aut

192 800 595 873 incorrigibiles
639 816 671 857 a
716 803 883 858 sacris
926 803 1192 860 altaribus
1221 821 1434 873 arceas;
1461 815 1516 862 et
1543 805 1645 862 nisi
1687 807 1793 863 tuis

194 890 678 946 exhortationibus
724 891 1126 963 acquiescentes
1169 894 1502 966 resipiscant,
1543 912 1643 951 nec
1673 896 1793 953 laici

188 981 351 1040 etiam
372 981 628 1040 ofﬁcium
657 1000 850 1040 eorum
873 985 1145 1042 ullatenus
1172 987 1411 1054 audiant,
1435 996 1496 1043 ut
1529 1005 1669 1060 quos
1690 1006 1793 1046 nec

190 1076 359 1132 timor
406 1092 513 1132 nec
561 1093 717 1134 amor
743 1078 956 1135 divinus
996 1080 1339 1153 compungit,
1392 1080 1569 1153 pudor
1596 1082 1790 1138 saltem

192 1168 473 1226 humanus
514 1171 761 1227 retrahat
786 1171 856 1228 ad
877 1172 1274 1242 :sobrietatem.
1307 1174 1407 1229 His
1435 1175 1481 1230 si
1512 1174 1794 1247 vigilanter

192 1263 478 1331 institeris,
519 1272 577 1320 et
622 1265 1012 1322 inobedientiee
1051 1267 1273 1338 culpam
1303 1267 1507 1339 poteris
1536 1267 1788 1336 evadere,

192 1365 242 1414 et
265 1372 298 1412 a
325 1357 577 1437 Domino
605 1359 895 1430 praemium
926 1359 1025 1415 tibi
1058 1359 1345 1432 multiplex
1375 1369 1430 1416 et
1467 1359 1790 1417 indeﬁciens

195 1466 530 1523 comparare.

258 1547 405 1601 Data
442 1547 663 1614 Romae,
694 1554 890 1618 quarto
920 1546 1196 1603 Kalendas
1235 1546 1458 1620 Aprilis,
1496 1546 1790 1604 indictione

199 1637 409 1694 decima
460 1639 641 1696 tertia.

676 1735 976 1790 EPISTOL
988 1739 1028 1792 A
1078 1736 1301 1791 LXVII.

250 1841 329 1881 AD
364 1842 677 1884 ΑΝΝΟΝΒΠ
720 1843 1144 1885 COLONIBNSEM
1184 1843 1751 1886 ABCHIEPISCOPUM.

794 1925 977 1991 (Anno
1024 1925 1205 1986 1075.)

212 2016 271 2069 Ut
307 2015 494 2070 habito
522 2032 743 2070 suorum
770 2018 1134 2086 episcoporum
1161 2017 1379 2071 concilio
1409 2016 1623 2071 decreta
1655 2032 1791 2086 apo—

269 2087 468 2141 stolicae
503 2088 655 2142 sedis
679 2088 744 2142 de
775 2091 1021 2142 castitate
1055 2088 1365 2142 clericorum
1389 2088 1709 2157 promulgat,
1741 2092 1792 2142 et

266 2159 536 2212 munda
562 2164 734 2213 curet.
770 2161 1009 2228 Exponit
1034 2175 1240 2228 quoque
1264 2174 1319 2213 se
1356 2160 1415 2213 in
1446 2160 1649 2227 synodo
1675 2174 1794 2213 con-

269 2232 355 2282 tra
377 2231 707 2285 Simoniacos
750 2234 960 2285 statuta
980 2234 1333 2300 conﬁrmasse.

268 2321 634 2380 Gnneontus
663 2322 969 2394 episcopus,
995 2338 1182 2379 servus
1210 2338 1495 2378 servorum
1514 2323 1637 2390 Dei,
1670 2327 1791 2379 AN-

214 2428 358 2471 som
382 2415 699 2471 Coloniensi
726 2413 1153 2488 archiepiscopo,
1180 2415 1415 2471 salutem
1448 2424 1505 2471 et
1534 2415 1792 2486 apostoli-

208 2524 318 2566 cam
333 2508 779 2565 benedictionem
790 2551 803 2564 .

264 2603 495 2660 Constat
521 2602 823 2659 Ecclesiam
851 2600 1236 2659 Coloniensem
1277 2602 1419 2658 inter
1455 2611 1682 2659 caeteras
1710 2619 1793 2658 re-

202 2696 286 2768 gni
328 2695 616 2753 Teutonici
660 2696 932 2751 Ecclesias
973 2704 1177 2752 sanctae
1228 2703 1284 2751 et
1312 2697 1625 2768 apostolicae
1653 2695 1789 2763 sedi,

202 2789 283 2845 cui
333 2792 454 2847 Deo
492 2797 718 2846 auctore
745 2787 1105 2856 descrvimus,
1136 2789 1210 2845 ita
1252 2788 1358 2845 ﬁde
1398 2795 1452 2844 et
1496 2788 1791 2845 dilectione

199 2890 357 2955 atque
401 2883 682 2955 obsequiis
709 2882 777 2938 ab
823 2881 979 2937 annis
1020 2881 1299 2954 priuribus
1329 2898 1446 2939 esse
1477 2882 1788 2939 devinctam

202 2985 259 3032 ut
300 2976 564 3049 singulari
606 2974 972 3031 familiaritate
1021 2982 1078 3032 et
1118 2976 1289 3048 gratia
1326 2974 1606 3032 charitatis
1646 2974 1794 3048 apud

1901 470 2006 525 que
2036 453 2405 527 prosequaris,
2453 468 2576 508 cum
2625 451 2881 508 fratribus
2908 462 2963 509 et
3007 457 3341 528 coepiscopis
3381 456 3495 512 tuis

1899 544 2186 599 concilium
2210 551 2264 599 te
2292 558 2486 615 cogere
2511 540 2827 608 suademus,
2858 542 2914 596 in
2956 558 3085 614 quo,
3120 559 3283 615 quam
3325 544 3496 600 maxi-

1900 647 1992 686 mo
2039 632 2242 704 poteris
2280 631 2605 687 clericorum
2634 639 2781 687 coetu
2830 640 3182 704 congregato,
3232 633 3375 706 leges
3412 650 3497 689 ca-

1900 718 2124 775 nonicas
2165 729 2221 775 et
2256 719 2400 774 sedis
2441 719 2750 790 apostolicae
2797 721 3200 787 auctoritatem,
3230 729 3494 793 tuamque

1899 817 1953 863 et
1967 807 2306 865 confratrum
2327 808 2600 875 omnium,
2620 816 2863 879 patenter
2891 810 3495 882 promulgabis,quanta

1899 897 2159 953 castitatis
2194 898 2264 953 sit
2300 897 2490 964 virtus,
2523 912 2795 969 quamque
2824 898 3196 954 ecclesiasticis
3233 898 3496 971 gradibus

1898 987 2204 1042 necessaria
2251 1002 2346 1041 seu
2410 1002 2576 1056 quam
2634 986 2831 1057 Sponsi
2884 986 3108 1059 virginis
3161 995 3217 1044 et
3257 987 3495 1060 Virginis

1897 1091 2115 1147 sponsae
2133 1075 2482 1132 cubiculariis
2496 1075 2570 1129 sit
2588 1083 2967 1147 compentens,
2988 1084 3068 1143 ut,
3096 1079 3209 1132 Deo
3229 1076 3492 1148 donante,

1895 1163 2059 1229 nosti,
2092 1164 2247 1220 latius
2277 1179 2572 1234 exponens.
2617 1163 2861 1218 Subinde
2901 1163 3133 1219 ﬁrmiter
3174 1167 3492 1236 pronuntia-

1897 1250 1981 1306 bis
2019 1267 2131 1307 non
2172 1252 2401 1307 ulterius
2438 1251 2538 1307 sibi
2577 1251 2735 1307 licere
2773 1251 2919 1322 quod
2958 1250 3018 1306 in
3069 1252 3365 1322 perniciem
3411 1256 3493 1311 sui

1899 1339 2161 1397 hactenus
2201 1349 2564 1412 usurparunt;
2609 1356 2738 1396 cum
2776 1339 3110 1397 tolerabilius
3149 1341 3376 1397 omnino
3425 1342 3497 1399 sit

1897 1444 2108 1485 cessare
2137 1430 2206 1485 ab
2245 1429 2428 1485 ofﬁcio
2472 1445 2637 1502 quem
2668 1429 2951 1497 incestam,
2983 1429 3065 1484 vel
3094 1429 3258 1485 etiam
3295 1430 3494 1486 moles-

1895 1524 2009 1574 tam
2046 1534 2146 1574 suo
2175 1518 2436 1574 Salvatori
2471 1518 2716 1591 ingerere
2756 1518 3097 1585 servitutem,
3146 1527 3202 1574 et
3230 1517 3360 1574 inde
3396 1519 3495 1576 sibi

1898 1607 2036 1663 iram
2072 1624 2396 1664 coacervare
2437 1617 2601 1679 atque
2635 1607 2984 1680 supplicium,
3025 1607 3168 1663 unde
3209 1608 3496 1679 praemium

1817 1727 1864 1789 Β
1900 1695 2085 1753 debuit
2115 1699 2368 1753 emereri.
2413 1696 2571 1766 Quod
2603 1698 2648 1752 si
2680 1707 2732 1753 te
2766 1698 3006 1754 ﬁdeliter
3035 1697 3155 1753 haec
3182 1706 3238 1753 et
3268 1697 3498 1754 ﬁrmiter

1901 1795 2288 1856 exsequentem
2332 1786 2609 1841 tribulatio
2656 1802 2720 1841 ac
2760 1786 3059 1858 persecutio
3090 1786 3371 1853 invenerit,
3406 1802 3494 1842 re-

1902 1876 2052 1946 spice
2082 1875 2152 1931 ad
2185 1891 2312 1931 eum
2343 1875 2437 1946 qui
2462 1874 2596 1931 dixit
2631 1894 2643 1929 :
2679 1876 2957 1945 Conﬁdite,
2989 1892 3078 1943 ego
3105 1877 3211 1931 vici
3234 1876 3496 1931 mundum

1900 1968 2067 2029 (Joan.
2104 1965 2251 2035 XVI).
2285 1965 2399 2019 Nos
2427 1979 2645 2035 quoque
2674 1964 2862 2036 clypeo
2895 1963 3043 2019 beati
3074 1964 3219 2019 Petri
3250 1965 3496 2020 munitos

1902 2052 2286 2109 indubitanter
2322 2053 2564 2121 noveris,
2598 2069 2692 2109 seu
2723 2054 2792 2109 ad
2821 2052 3163 2124 repellendos
3195 2053 3402 2118 hostes,
3449 2054 3493 2108 si

1898 2158 2214 2214 possumus,
2246 2159 2342 2198 seu
2371 2141 2441 2198 ad
2473 2141 2874 2214 protegendum
2901 2150 2958 2197 te
2987 2142 3143 2197 omni
3174 2141 3309 2197 hora
3336 2157 3493 2213 para-

1898 2230 2145 2286 tissimos
2171 2230 2429 2286 inveniri;
2468 2229 2606 2285 Illud
2635 2246 2854 2301 quoque
2896 2228 3229 2285 fraternitati
3257 2238 3369 2286 tum
3397 2245 3498 2285 no-

1896 2332 2020 2380 tum
2064 2340 2185 2380 esse
2222 2324 2494 2390 volumus,
2540 2333 2728 2379 contra
2758 2324 3127 2381 Simoniacam
3156 2322 3409 2379 haeresim
3439 2324 3496 2378 in
3594 2348 3603 2357 -

1898 2417 2111 2490 synodo
2150 2417 2506 2474 conﬁrmasse
2558 2417 2709 2488 (nam
2753 2417 3013 2473 asanctis
3056 2416 3313 2472 Patribus
3340 2416 3496 2489 longe

1898 2520 2029 2567 ante
2053 2519 2259 2567 statum
2279 2516 2406 2578 est),
2437 2526 2502 2565 ac
2541 2510 2895 2566 vehementer
2920 2510 3291 2582 prohibuisse,
3315 2519 3379 2565 ut
3404 2526 3496 2566 ne-

1898 2619 2004 2675 que
2039 2603 2283 2659 ecclesiae
2320 2604 2600 2659 ullatenus
2649 2603 2981 2671 vendantur,
3023 2611 3119 2659 aut
3148 2618 3248 2674 pro
3292 2618 3496 2659 manus

1898 2697 2253 2768 impositione
2304 2696 2543 2767 pretium
2580 2697 2901 2767 accipiatur.
2926 2695 3090 2766 Quod
3115 2696 3161 2751 si
3199 2696 3303 2752 hoc
3327 2697 3495 2753 modo

1900 2790 2189 2846 ordinatus
2232 2789 2429 2861 aliquis
2457 2788 2644 2857 fuerit,
2682 2805 2809 2844 eum
2837 2806 2868 2844 a
2898 2790 3085 2845 missae
3132 2788 3496 2846 celebratione

1899 2890 1953 2939 et
1979 2883 2256 2954 Evangelii
2287 2882 2520 2938 lectione
2549 2881 2892 2937 omnimodis
2932 2896 3302 2952 removemus,
3336 2891 3394 2938 et
3436 2891 3497 2938 ut

1898 2977 2015 3033 haec
2043 2977 2331 3049 diligenter
2360 2975 2665 3031 observetis
2694 2974 2910 3031 enixius
2929 2973 3313 3031 admonemus.

202 3084 316 3125 eam
341 3076 607 3143 tanquam
636 3068 780 3141 apud
820 3073 1053 3123 matrem
1084 3067 1399 3124 dulcissima
1432 3068 1541 3124 ﬁlia
1572 3069 1791 3141 praepol-
1824 3098 1869 3162 ο
1970 3075 2114 3127 Data
2150 3073 2362 3138 Romae,
2394 3077 2593 3140 quarto
2622 3067 2910 3124 Kalendas
2938 3066 3163 3139 Aprilis,
3195 3065 3496 3124 indictione

203 3162 319 3219 leat.
351 3164 531 3234 Quem
574 3160 968 3218 benevolentia:
1004 3160 1303 3218 laudabilis
1335 3177 1497 3218 usum
1537 3162 1606 3217 ab
1637 3170 1790 3218 ante-
1840 3160 1850 3162 V
1899 3163 2113 3220 decima
2142 3164 2325 3219 tertia.

204 3256 508 3313 cessoribus
534 3255 740 3312 nostris
774 3254 845 3311 ad
878 3269 984 3310 nos
1014 3270 1187 3328 usque
1228 3254 1523 3312 deductum
1560 3271 1671 3311 non
1703 3271 1788 3311 so-

205 3348 313 3406 lum
338 3350 673 3416 observare,
705 3347 800 3404 sed
839 3347 1007 3404 etiam
1054 3348 1318 3420 ampliare
1346 3357 1405 3407 et
1442 3357 1795 3423 augmentare

202 3459 294 3515 pro
325 3459 515 3501 rerum
552 3440 957 3514 Opportunitate
977 3449 1034 3496 et
1054 3448 1371 3514 temporum
1396 3442 1580 3499 modis
1608 3442 1787 3498 omni-

203 3536 295 3595 bus
320 3554 450 3596 sum
484 3544 732 3609 paratus.
767 3534 915 3591 Hinc
943 3535 1127 3602 etiam,
1168 3535 1485 3593 charissime
1512 3534 1702 3604 frater,
1724 3537 1793 3593 de

199 3629 503 3689 obedientia
527 3631 606 3686 tui
626 3628 864 3686 securior
882 3626 1182 3686 ﬁducialius
1203 3629 1466 3687 adhortor
1484 3638 1541 3685 et
1564 3645 1783 3698 moneo,

198 3732 351 3797 atque
373 3724 690 3781 communis
713 3720 925 3778 domini
954 3721 1097 3779 beati
1127 3723 1279 3779 Petri
1308 3724 1633 3780 auctoritate
1653 3737 1792 3793 pra:-

199 3817 356 3890 cipio,
382 3828 450 3875 ut
478 3817 551 3874 ad
575 3816 884 3872 castitatem
920 3814 1241 3872 clericorum
1272 3816 1672 3890 prmdicandam
1705 3823 1790 3887 at-

197 3926 297 3983 que
313 3910 721 3976 inculcandam,
738 3909 899 3981 juxta
925 3910 1149 3987 Patrum
1166 3909 1404 3978 decreta,
1425 3919 1480 3967 et
1501 3909 1798 3966 auctorita-

196 4010 303 4061 tem
318 4019 622 4073 canonum,
642 4017 775 4059 cum
793 4000 1159 4073 suffraganeis
1180 4003 1285 4059 tuis
1304 4003 1565 4060 omnibus
1584 4002 1795 4059 studio-

197 4097 304 4153 sius
316 4098 644 4171 accingaris,
654 4103 715 4152 ut
724 4109 938 4167 sponsae
952 4096 1173 4165 Christi,
1187 4111 1309 4168 quae
1325 4097 1594 4152 maculam
1618 4096 1795 4152 nescit

200 4199 289 4246 aut
312 4207 509 4263 rugam
536 4191 757 4262 (Ephes.
787 4190 870 4263 v),
898 4188 1202 4246 candidataa
1229 4198 1286 4246 et
1313 4190 1677 4245 immaculatae
1717 4188 1795 4245 fa-

110 4348 111 4357 γ
199 4283 359 4341 milia
375 4284 682 4357 gratiosum
700 4286 1021 4344 exhibeatur
1045 4284 1305 4342 ofﬁcium.
1332 4282 1497 4341 Novit
1514 4282 1659 4339 enim
1688 4280 1791 4337 fra-

201 4377 413 4435 ternitas
439 4386 537 4433 tua
579 4378 706 4450 quia
732 4389 1001 4452 praecepta
1029 4379 1149 4435 haec
1173 4394 1284 4434 non
1314 4375 1385 4433 de
1412 4384 1604 4433 nostro
1626 4391 1793 4431 sensu

2369 3257 2725 3313 EPISTOLA
2764 3256 3011 3312 LXVIII.

1956 3367 2035 3407 AD
2074 3366 2392 3405 WEZELINIIIM
2444 3365 2895 3405 ARCHIEPISCOPUM
2933 3363 3455 3406 MAGDEBURGENSEM.

2492 3446 2677 3512 (Anno
2725 3447 2907 3506 1075.)

2322 3536 2577 3608 Ejusdem
2602 3539 2718 3605 fere
2739 3539 3064 3607 argumenti.

1971 3632 2339 3688 Ganeomns
2365 3630 2675 3702 episcopus,
2698 3646 2887 3686 servus
2911 3645 3196 3686 servorum
3217 3627 3341 3696 Dei,
3362 3629 3496 3684 Ws-

1900 3739 2118 3782 anINo
2148 3726 2542 3793 [VBNCBLINO]
2572 3723 3033 3795 Magdeburgensi
3063 3716 3495 3793 archiepiscopo,

1900 3819 2137 3873 salutem
2172 3826 2227 3873 et
2247 3819 2611 3889 apostolicam
2636 3816 3098 3873 benedictionem.

1973 3911 2236 3983 Legimus
2266 3914 2456 3980 Josue,
2482 3926 2611 3966 cum
2642 3910 2699 3965 in
2726 3910 2930 3982 populo
2956 3910 3058 3966 Dei
3084 3909 3353 3982 magistro
3373 3926 3496 3966 suc-

1900 4004 2105 4061 cedens
2132 4004 2397 4060 ducatum
2423 4003 2772 4075 suscepisset,
2813 4004 2890 4059 ita
2920 4003 3153 4060 sollicita
3179 4009 3233 4059 et
3250 4003 3499 4076 vigilanti

1902 4096 2211 4154 obedientia
2232 4098 2546 4154 exercuisse
2576 4096 2817 4154 ofﬁcium
2845 4104 2924 4161 ut,
2956 4096 3103 4167 quod
3137 4096 3206 4152 de
3233 4096 3347 4152 aliis
3372 4112 3497 4152 raro

1902 4191 2173 4262 scriptum
2215 4199 2318 4257 est,
2365 4190 2575 4248 ccelesti
2605 4189 2782 4247 fretus
2822 4190 3042 4257 virtute,
3075 4188 3360 4245 elementis
3396 4205 3497 4260 po-

1895 4284 2197 4339 tentialiter
2225 4285 2544 4356 imperaret.
2576 4285 2720 4339 Nam
2742 4291 2797 4339 et
2826 4283 3053 4338 fluvium
3082 4283 3389 4339 Jordanem
3427 4281 3498 4339 ad

1896 4376 2196 4432 transitum
2230 4377 2500 4433 exercitus
2526 4391 2750 4433 cursum
2784 4375 3100 4431 naturalem
3132 4376 3324 4430 sistere
3346 4374 3495 4440 fecit,

200 4471 587 4544 exsculpimus,
645 4471 741 4529 sed
787 4473 1144 4546 antiquorum
1211 4472 1435 4527 Patrum
1488 4468 1794 4526 sanctiones
1819 4479 1872 4541 1)
1900 4478 1955 4525 et
1981 4470 2153 4526 solem
2174 4470 2400 4526 volubili
2420 4468 2731 4526 mobilitate
2757 4468 2815 4523 in
2843 4483 3101 4525 occasum
3122 4466 3496 4531 anhelantem,

202 4562 396 4634 Spiritu
432 4572 630 4620 sancto
654 4565 987 4636 pradicante
1014 4566 1252 4638 prolatas
1287 4563 1455 4620 ofﬁcii
1484 4562 1658 4619 nostri
1688 4578 1790 4618 ne-

207 4656 451 4714 cessitate
481 4657 538 4713 in
565 4657 809 4715 medium
842 4659 1213 4732 propalamus,
1244 4673 1312 4713 ne
1333 4656 1467 4729 pigri
1496 4655 1639 4712 servi
1660 4654 1785 4711 sub-

203 4760 383 4806 amns
426 4750 756 4823 periculum,
802 4753 847 4808 si
895 4751 1248 4809 Dominicam
1308 4748 1616 4821 pecuniam,
1663 4765 1786 4821 quae

206 4854 324 4897 cum
356 4841 551 4900 fenore
591 4844 917 4917 reposcitur,
960 4844 1066 4902 sub
1102 4842 1316 4909 silentio
1354 4841 1780 4909 abscondamus;

209 4946 527 5008 quamquam
578 4935 708 4993 huic
746 4946 952 4994 sancta:
979 4940 1247 4994 Romanae
1274 4935 1534 4993 Ecclesiae
1568 4950 1788 5006 semper

211 5022 345 5083 licuit
371 5044 698 5104 semperque
728 5030 913 5087 licebit
945 5039 1136 5087 contra
1174 5029 1383 5086 noviter
1423 5031 1788 5084 increscentes

212 5131 446 5178 excessus
463 5137 605 5178 nova
629 5138 849 5196 quoque
868 5123 1090 5180 decreta
1119 5130 1279 5194 atque
1313 5119 1557 5177 remedia
1586 5136 1783 5192 procu-

210 5224 318 5268 rare
340 5230 482 5286 qum,
510 5214 738 5272 rationis
765 5224 819 5272 et
845 5216 1182 5273 auctoritatis
1219 5215 1365 5272 edita
1388 5212 1613 5286 judicio,
1646 5212 1782 5270 nulli

213 5299 480 5365 hominum
536 5309 609 5365 sit
655 5306 763 5379 fas,
817 5317 880 5365 ut
932 5310 1105 5376 irrita,
1150 5307 1404 5367 refutare.
1455 5310 1633 5380 Urget
1682 5321 1783 5363 nos

214 5396 363 5456 etiam
397 5402 568 5459 timor
610 5402 751 5460 illius
786 5403 1059 5460 maledicti
1102 5402 1254 5475 quod
1294 5418 1390 5472 per
1430 5400 1780 5457 Salomonem

212 5485 554 5563 depromitur,
580 5512 751 5567 usque
777 5497 853 5552 ad
890 5497 951 5552 id
977 5497 1121 5567 quod
1155 5499 1214 5551 in
1251 5497 1529 5566 superiore
1557 5494 1782 5564 epistola

209 5584 281 5636 πίε
324 5587 404 5653 (8.
468 5591 701 5658 ϐιιθη
762 5589 901 5646 libro
952 5605 1108 5646 xxxv
1163 5589 1380 5655 Moral.,
1438 5603 1556 5658 cap.
1611 5591 1709 5651 10)
1769 5604 1781 5640 :

211 5674 516 5739 Obedientia
554 5698 686 5757 ergo
730 5692 816 5739 est
856 5683 974 5740 sine
1016 5698 1148 5754 qua,
1178 5681 1304 5738 licet
1349 5680 1526 5736 ﬁdelis
1552 5680 1784 5752 quisque

205 5766 455 5844 videatur,
479 5774 721 5833 inﬁdelis
765 5791 882 5834 esse
928 5774 1287 5834 convincitur.
1318 5773 1426 5831 Sed
1474 5780 1537 5829 ut
1564 5787 1628 5828 ea
1656 5786 1784 5844 quas

1893 4563 2070 4620 donec
2097 4563 2445 4626 adversarios
2477 4562 2852 4629 ulcisceretur,
2902 4561 3059 4632 quasi
3106 4559 3242 4615 alter
3271 4560 3500 4616 Creator

1892 4665 2037 4713 stare
2055 4658 2327 4729 praecepit.
2361 4660 2415 4712 Is
2443 4657 2608 4712 etiam
2641 4670 2830 4711 muros
2857 4652 3079 4709 Jericho
3123 4661 3348 4724 septeno
3376 4667 3499 4724 per-

1893 4750 2135 4807 lustrans
2176 4750 2406 4806 circuitu
2454 4747 2875 4804 sacerdotalium
2922 4747 3179 4819 clangore
3237 4746 3500 4803 tubarum

1892 4843 2107 4899 subruit
2152 4851 2205 4898 et
2246 4841 2461 4898 evertit.
2517 4840 2702 4909 Vides,
2751 4839 3077 4897 charissima
3114 4837 3307 4906 frater,
3358 4837 3496 4909 quid

1895 4934 2114 4992 fervens
2142 4936 2201 4991 in
2226 4934 2429 4992 divinis
2458 4935 2637 4992 causis
2664 4934 2904 5001 animus,
2937 4932 3069 5006 quid
3098 4940 3350 5004 prompta
3374 4932 3500 4988 obe-

1894 5029 2096 5085 dientia
2126 5029 2409 5086 meruerit.
2444 5028 2527 5087 Ad
2558 5028 2721 5100 hujus
2762 5027 3178 5085 similitudinem
3204 5024 3336 5083 facti
3367 5040 3495 5093 nos,

1893 5123 1989 5195 qui
2022 5124 2290 5195 populum
2323 5122 2708 5178 Christianum
2746 5120 3077 5177 instituendi
3111 5118 3496 5192 magisterium

1892 5217 2254 5287 suscepimus,
2296 5224 2544 5272 mentem
2571 5216 2864 5287 vigilanter
2898 5213 3177 5270 intendere
3204 5212 3493 5279 debemus,

1891 5324 1959 5364 ne
1976 5308 2301 5366 adversariae
2330 5307 2619 5379 potestatis
2650 5324 2862 5376 muros,
2895 5316 3086 5363 contra
3108 5322 3305 5362 verum
3325 5307 3497 5361 Iosue

1890 5401 2218 5459 rebellantes
2250 5410 2308 5457 et
2330 5410 2558 5469 erectos,
2591 5401 2811 5457 silentio
2851 5409 3038 5456 nostro
3068 5409 3210 5455 stare
3257 5406 3356 5454 aut
3401 5413 3495 5454 ro-

1890 5493 2074 5550 borari
2108 5496 2403 5565 patiamur.
2438 5494 2814 5565 Quamobrem
2847 5492 3187 5549 fraternitati
3215 5500 3328 5547 tua:
3362 5506 3495 5562 apo-

1885 5586 2087 5659 ,stolica
2134 5589 2462 5645 auctoritate
2496 5588 2830 5660 injungimus
2871 5595 3032 5657 atque
3056 5585 3404 5658 praecipimus
3436 5591 3499 5639 ut

1895 5679 1965 5735 ad
1987 5680 2296 5737 castitatem
2326 5682 2655 5738 clericorum
2682 5677 3095 5752 praedicandam
3117 5686 3173 5733 et
3194 5675 3497 5732 studiosius

1893 5772 2284 5831 inculcandam
2338 5772 2577 5830 buccina
2599 5826 2611 5844 ε
2631 5770 2959 5829 sacerdotali
3023 5766 3397 5826 vehementius
3440 5772 3497 5821 et
