4074 6172
540 210 644 265 419

1220 207 1275 257 s.
1318 180 1638 257 esseom]
1679 156 1762 253 vn
1811 194 2005 253 mea:
2043 194 2322 273 cernua
2363 195 2534 251 PARS
2575 200 2613 251 ι.
2652 227 2721 236 -
2756 196 3158 252 REGISTRUM.

3078 96 3111 111 κν

3728 196 3825 249 420

544 333 845 390 instantius
872 329 1288 399 iustrepaons.
1316 330 1413 392 vi),
1463 325 1640 379 donec
1667 322 1886 378 Jericho
1918 336 2128 389 muros,
2158 325 2210 386 Α
2251 320 2363 374 lum
2409 322 2665 376 exteriori
2702 320 3051 389 fortitudine,
3096 319 3191 375 sed
3231 318 3517 390 episcopali
3563 318 3723 373 etiam
3752 319 3833 375 di-

547 428 602 484 id
626 436 710 483 est.
727 423 1055 483 defectionis
1088 434 1251 489 opera
1282 426 1336 472 et
1354 416 1592 473 sordidae
1613 416 1855 471 libidinis
1878 415 2133 486 pollutio-

541 538 638 577 nes
665 520 895 589 dissipes
926 524 981 570 et
1020 513 1304 567 subvertas
1334 510 1475 565 sicut
1510 509 1580 565 ad
1606 510 1928 581 prophetam
1969 509 2129 575 [sicut

544 615 623 669 ait
658 610 919 683 propheta
950 608 1114 675 [deest
1136 608 1298 672 forte,
1336 602 1558 671 dicitur,
1590 605 1817 673 HARD.]
1846 623 1858 657 :
1895 604 2058 658 Posuz'
2084 607 2132 655 te

544 706 697 760 hodie
724 718 883 772 super
910 704 1088 768 gentes
1117 703 1169 752 et
1194 715 1359 766 regna
1384 703 1446 751 ut
1470 698 1684 759 evellas,
1708 702 1758 750 et
1785 698 2054 762 destruas,
2083 700 2130 747 et

541 796 842 865 dz'sperdas,
876 798 926 846 et
951 792 1199 861 dissipes,
1234 797 1283 845 et
1313 791 1556 859 azdiﬁces,
1594 796 1643 844 et
1666 792 1879 860 plantas
1907 791 2032 854 (Jer.
2064 789 2127 854 Ι).

540 892 667 945 Non
693 895 884 943 nostra
912 886 1129 941 decreta
1158 890 1489 955 (quanquam
1520 884 1743 938 licenter
1766 884 1807 937 si
1831 898 1968 953 opus
1987 889 2132 937 esset

538 986 844 1053 possemus)
870 979 1025 1034 vobis
1050 978 1434 1049 proponimus,
1458 976 1553 1031 sed
1587 994 1617 1031 a
1646 978 1853 1031 sanctis
1880 975 2132 1030 Patribus

538 1082 740 1130 statuta
770 1088 1121 1139 renovamus,
1145 1086 1215 1126 ne
1240 1080 1431 1125 nostro
1462 1069 1677 1125 silentio
1704 1071 1842 1124 servi
1873 1068 2130 1123 Domini-

539 1160 663 1224 cam
684 1167 972 1239 pecuniam
994 1163 1383 1220 abscondentis
1402 1165 1740 1219 sententiam
1758 1163 2126 1217 incurramus.

538 1261 775 1318 Elabora
804 1260 995 1331 igitur,
1028 1258 1171 1313 insta
1200 1265 1526 1329 opportune,
1570 1257 1909 1327 importune,
1940 1264 2002 1311 ut
2037 1254 2132 1311 do-

538 1370 667 1411 mus
692 1354 793 1409 Dei
816 1353 915 1408 tibi
939 1352 1241 1407 commissa
1265 1350 1582 1421 puriﬁcetur
1606 1359 1875 1420 quatenus
1897 1358 1953 1403 et
1979 1364 2009 1403 a
2032 1364 2132 1403 no-

539 1449 623 1504 bis
644 1448 711 1504 de
734 1445 1047 1503 obedientia
1075 1453 1169 1499 tua
1197 1444 1401 1516 gratias
1428 1444 1718 1511 merearis,
1740 1450 1795 1497 et
1820 1443 1903 1497 tui
1932 1442 2136 1497 laboris

536 1541 829 1613 praemium
866 1547 1189 1609 recepturus
1228 1539 1286 1593 in
1310 1537 1541 1593 Domini
1568 1537 1649 1591 tui
1680 1535 1943 1608 gaudium
1978 1536 2135 1591 laetus

540 1632 924 1689 introducaris.

608 1730 753 1783 Data
793 1729 1007 1793 Romae,
1038 1741 1105 1781 1v
1142 1724 1431 1781 Kalendas
1473 1724 1698 1795 Aprilis,
1740 1723 1936 1780 indict.
1990 1737 2132 1779 xm.

1029 1843 1386 1898 EPISTOLA
1439 1842 1645 1897 LXIX.

637 1975 720 2015 AD
756 1973 1159 2015 CUNIBBRTUM
1199 1972 1541 2014 BPISCOPUM
1578 1970 2043 2012 TAURINBNSBM.

1141 2078 1329 2140 (Anno
1372 2074 1549 2141 1075.)

542 2193 745 2261 Arguit
786 2190 929 2261 quod
971 2190 1224 2245 molestiis
1253 2191 1464 2258 afﬁciet
1492 2190 1769 2242 monachos
1812 2188 2007 2261 Sancti
2030 2188 2139 2240 Μί-

610 2259 824 2318 chaelis.
854 2266 1029 2318 Monet
1057 2267 1119 2316 ut
1163 2277 1347 2331 pacem
1373 2277 1496 2315 cum
1519 2261 1706 2313 abbate
1731 2262 1907 2331 ineat,
1924 2259 2007 2312 vel
2033 2261 2143 2311 sta-

613 2339 733 2388 tuta
752 2336 838 2388 die
855 2334 928 2387 ad
947 2334 1122 2387 sedem
1142 2333 1497 2401 apostolicam
1511 2333 1620 2385 litis
1639 2330 1956 2384 dirimendce
1981 2344 2140 2382 causa

612 2405 846 2472 accedat,
876 2407 1100 2458 interim
1126 2420 1159 2457 a
1188 2406 1445 2457 molestiis
1474 2402 1776 2469 inferendis
1807 2402 2049 2465 desistat,
2075 2416 2139 2453 ne

616 2480 726 2545 ipse
750 2481 973 2544 cogatur
1000 2476 1137 2528 illud
1160 2476 1547 2529 monasterium
1583 2474 1648 2527 de
1675 2473 1789 2541 ejus
1818 2472 2142 2545 subjectione

611 2543 863 2613 eirimere,
890 2552 940 2601 et
962 2562 1091 2615 quos
1122 2550 1313 2601 temere
1341 2547 1845 2604 ewcommunicarat,
1876 2543 2138 2597 absolvat.

611 2662 969 2719 Gnaeonms
983 2663 1289 2733 episcopus,
1309 2677 1496 2717 servus
1512 2676 1799 2716 servorum
1814 2659 1938 2725 Dei,
1961 2660 2138 2715 Cum-

539 2770 740 2812 BEBTO
766 2755 1090 2811 Taurinensi
1110 2755 1387 2826 episcOpo,
1419 2754 1655 2810 salutem
1684 2762 1747 2823 et
1777 2752 2132 2826 apostolicam

540 2848 1006 2904 benedictionem.

607 2945 879 2998 Decuerat
927 2950 1008 3009 te,
1074 2940 1242 2996 frater
1286 2940 1622 3006 charissime,
1678 2956 1778 3012 pro
1831 2939 2128 2996 reverentia

538 3051 705 3109 quam
731 3035 893 3091 beato
933 3039 1117 3100 Petro,
1148 3035 1527 3105 apostolorum
1567 3033 1799 3105 principi
1839 3042 1896 3088 et
1934 3032 2130 3103 magis-

538 3137 624 3185 tro
649 3129 972 3184 universalis
1005 3127 1286 3193 Ecclesia,
1317 3126 1501 3193 debes,
1527 3126 1813 3183 nobiscum
1837 3126 2006 3180 etiam
2025 3140 2135 3179 ser-

536 3238 667 3278 vare
699 3222 975 3277 unitatem
1010 3229 1066 3276 et
1109 3219 1460 3276 concordiam
1506 3221 1563 3275 in
1603 3220 1821 3275 vinculo
1851 3218 2135 3274 charitatis

544 3324 600 3371 et
643 3316 815 3388 pacis,
855 3324 909 3371 et
950 3314 1160 3370 labores
1190 3323 1432 3383 nostros,
1468 3322 1530 3369 ut
1566 3314 1623 3369 in
1661 3313 1878 3370 Christo
1909 3312 2135 3385 proﬁce-

538 3417 664 3465 rent
690 3418 747 3464 et
768 3408 1017 3466 fructum
1040 3408 1309 3476 facerent,
1339 3409 1539 3464 saltem
1561 3408 1620 3463 in
1645 3407 2014 3464 attinentibus
2033 3406 2137 3461 tibi

537 3509 594 3558 et
616 3510 804 3558 tecum
838 3502 974 3558 actis
988 3502 1183 3574 juvare
1208 3503 1465 3573 negotiis.
1492 3502 1696 3557 Verum
1719 3509 1961 3567 econtra,
1988 3498 2136 3555 unde

537 3612 638 3650 nos
665 3612 765 3650 nec
784 3596 973 3651 mirari
1004 3612 1107 3650 nec
1132 3595 1317 3650 dolere
1346 3596 1476 3650 satis
1503 3611 1816 3665 possumus,
1847 3604 1901 3650 te
1930 3595 2132 3649 imme-

535 3702 751 3742 morem
779 3697 982 3743 nostraa
1010 3687 1318 3743 dilectionis
1351 3703 1382 3742 a
1432 3686 1593 3742 nobis
1635 3688 1936 3759 discrepare
1980 3696 2034 3743 et
2075 3702 2135 3742 ea

536 3794 660 3851 quae
702 3779 958 3850 colligere
1001 3779 1321 3835 laboramus
1358 3780 1513 3835 omni
1556 3790 1759 3836 conatu
1807 3782 1874 3835 ad
1923 3780 2133 3852 disper-

535 3871 780 3945 gendum
806 3872 1078 3941 insistere,
1098 3873 1313 3928 clamor
1344 3873 1585 3929 fratrum
1606 3874 1929 3929 monasterii
1951 3876 2135 3931 Sancti

538 3964 839 4030 Michaelis,
870 3966 986 4020 imo
1010 3965 1297 4036 multiplex
1326 3966 1601 4038 angustia,
1632 3982 1795 4037 quam
1828 3967 2134 4023 multorum

536 4058 916 4125 relationibus,
961 4067 1017 4114 te
1048 4057 1303 4125 faciente,
1336 4075 1432 4114 eos
1464 4059 1577 4130 pati
1625 4060 1965 4130 audivimus,
2007 4077 2131 4117 ma-

536 4150 735 4207 nifesta
755 4152 917 4207 nobis
943 4150 1141 4207 indicia
1174 4160 1415 4223 praestet.
1442 4153 1762 4209 Meminisse
1788 4155 1939 4209 enim
1966 4153 2133 4211 debes

534 4254 671 4317 quot
690 4254 746 4301 et
772 4254 972 4317 quanta
1000 4245 1262 4302 dominus
1285 4254 1341 4302 et
1368 4255 1684 4303 antecessor
1709 4256 1925 4317 noster,
1956 4248 2131 4305 beata:

536 4339 821 4396 memoriae.
833 4338 1143 4396 Alexander
1157 4356 1313 4412 papa,
1335 4350 1392 4397 et
1411 4357 1515 4396 nos
1534 4341 1661 4413 ipsi,
1680 4357 1809 4398 cum
1830 4343 2130 4399 novissime

537 4434 892 4506 apostolicam
923 4434 1110 4490 sedem
1147 4442 1204 4490 et
1252 4435 1596 4504 praesentiam
1626 4443 1876 4491 nostram
1909 4437 2128 4492 visitas-

536 4542 642 4593 ses,
686 4527 755 4583 de
802 4543 931 4599 pace
971 4536 1026 4582 et
1070 4527 1471 4597 tranquillitate
1520 4527 1763 4600 ejusdem
1810 4532 2129 4587 monasterii

536 4634 663 4674 cum
687 4627 783 4674 tua
819 4618 1161 4674 fraternitate
1197 4619 1435 4689 egimus,
1464 4635 1535 4675 ne
1563 4620 1810 4677 diabolus
1840 4638 2127 4679 servorum

498 4768 501 4771 .
536 4711 642 4766 Dei
670 4713 833 4768 saluti
869 4727 1085 4784 semper
1117 4711 1374 4768 invidens
1408 4722 1462 4768 et
1486 4714 1675 4785 quieti,
1706 4731 1985 4772 venenum
2017 4732 2129 4774 suae

536 4802 799 4875 nequitia;
840 4803 1015 4877 aliqua
1048 4805 1337 4862 occasione
1380 4806 1457 4862 ibi
1488 4816 1672 4878 posset
1714 4808 2029 4877 infundere,
2076 4819 2131 4866 et

532 4896 756 4953 devotas
783 4898 995 4954 animas
1038 4898 1108 4954 ab
1136 4899 1357 4956 assidua
1403 4902 1723 4957 orationum
1765 4911 1819 4956 et
1846 4902 2015 4958 divini
2049 4901 2129 4959 fa-

539 4990 780 5047 mulatus
802 4991 1165 5049 meditatione
1197 4993 1474 5050 divellere.
1497 4995 1619 5063 Qua
1641 4994 1708 5050 de
1734 5011 1793 5050 re
1820 4996 1947 5051 licet
1967 4995 2129 5052 nobis

536 5084 738 5155 optime
766 5084 1105 5155 promiseris,
1142 5086 1395 5142 videlicet
1418 5095 1473 5142 te
1503 5096 1598 5142 aut
1630 5097 2035 5159 competentem
2061 5089 2129 5145 de

537 5177 795 5234 omnibus
837 5194 968 5234 cum
1009 5178 1205 5235 abbate
1252 5196 1449 5250 pacem
1478 5178 1781 5251 facturum,
1824 5191 1945 5251 aut,
1985 5183 2033 5237 si
2071 5182 2129 5238 id

538 5269 659 5325 fieri
704 5286 819 5326 non
860 5280 1064 5342 posset,
1096 5272 1215 5328 sine
1252 5273 1406 5329 omni
1452 5273 1676 5330 laesione
1710 5275 2031 5330 monasterii
2059 5275 2127 5330 ad

529 5359 799 5435 judicium
830 5365 1144 5435 apostolicae
1179 5364 1539 5422 discussionis
1568 5383 1683 5421 rem
1723 5367 1904 5423 denuo
1931 5368 2129 5425 delatu-

538 5472 686 5526 rum,
728 5464 913 5512 tamen
962 5468 1250 5529 postquam
1306 5476 1336 5514 a
1383 5459 1547 5514 nobis
1586 5460 1905 5527 discessisti,
1953 5463 2128 5518 multo

538 5551 783 5621 asperior
819 5560 981 5624 atque
1022 5552 1297 5609 crudelior
1330 5561 1523 5609 contra
1552 5555 1924 5610 venerabilem
1953 5556 2137 5612 locum

541 5643 697 5700 illum
726 5660 894 5716 quam
922 5654 1086 5703 antea
1114 5644 1324 5714 fueras,
1357 5656 1521 5718 prout
1559 5648 1723 5704 nobis
1765 5649 2001 5705 relatum
2031 5658 2135 5716 est,

541 5738 826 5808 exstitisti;
866 5747 922 5796 et
953 5739 1099 5810 quod
1128 5739 1523 5798 detrimentum
1554 5741 1671 5813 ejus
1706 5739 1872 5809 foret,
1901 5759 2015 5799 non
2052 5756 2137 5799 so-

2168 1691 2215 1752 B

2157 4486 2209 4551 D

2243 415 2531 470 strictione
2572 414 2754 470 dicere
2779 423 2832 470 et
2858 413 3032 470 facere
3060 428 3169 469 non
3198 412 3503 485 pepercisti.
3528 410 3696 469 Unde
3722 428 3832 466 non

2243 524 2434 579 parum
2466 508 2755 565 adversum
2783 517 2838 564 te
2869 508 3283 563 commoti'esse
3306 521 3601 579 possumus
3637 505 3729 577 qui
3764 504 3835 561 ad

2239 610 2622 673 contemptum
2651 602 2963 673 apostolicae
2997 601 3340 657 auctoritatis
3368 608 3680 671 nostraeque
3705 597 3838 654 fati-

2238 697 2477 766 gationis
2512 694 2868 766 dispendium
2897 696 3102 750 nostris
3126 694 3389 762 consiliis,
3430 692 3837 749 admonitioni-

2240 788 2358 858 bus,
2388 789 2683 861 rogatibus,
2716 798 2772 849 et
2799 789 2967 861 justis
3003 788 3173 844 ofﬁcii
3204 788 3381 843 nostri
3410 786 3841 858 dispensationi-

2242 881 2341 937 bus
2366 891 2419 937 te
2444 883 2717 939 obsistere
2738 883 3115 955 intelligimus,
3145 890 3207 937 ut
3233 897 3440 953 pacem,
3470 897 3643 953 quam
3665 880 3841 935 servis

2239 976 2337 1031 Dei
2378 992 2504 1031 cum
2542 984 2743 1046 quanta
2770 992 2864 1048 per
2907 980 3082 1031 Deum
3112 976 3497 1047 cognoscimus
3524 972 3842 1030 considera-

2239 1070 2392 1124 tione
2417 1069 2650 1141 justitiaa
2678 1069 2965 1141 providere
2990 1070 3259 1141 cupimus,
3288 1076 3350 1123 tu
3388 1084 3489 1123 nec
3516 1067 3633 1139 pati
3662 1066 3843 1138 possis

2239 1172 2336 1217 aut
2377 1163 2900 1234 velis.-Nunquidne
2939 1163 3217 1218 existimas
3262 1162 3545 1234 episcopos
3589 1160 3733 1216 hanc
3778 1160 3842 1215 in

2238 1256 2497 1327 pastorali
2525 1256 2786 1328 regimine
2810 1264 3130 1328 potestatem
3161 1264 3321 1327 atque
3346 1255 3622 1310 licentlam
3651 1268 3847 1310 susce-

2242 1351 2385 1420 pisse
2413 1358 2477 1405 ut
2518 1350 2878 1417 monasteria,
2920 1365 3044 1421 qua:
3088 1349 3145 1404 in
3197 1349 3309 1404 suis
3340 1347 3616 1420 parochiis
3660 1346 3849 1403 consi-

2244 1451 2414 1512 stunt,
2440 1452 2707 1515 quantum
2732 1443 2895 1498 velint
2915 1443 3246 1514 opprimant,
3264 1451 3319 1495 et
3343 1441 3589 1497 studium
3612 1440 3846 1512 religio-

2241 1537 2327 1591 nis
2374 1552 2485 1591 suae
2520 1537 2857 1608 praelationis
2884 1536 3195 1602 occasione,
3228 1535 3347 1592 haec
3377 1544 3433 1590 et
3465 1534 3555 1590 illa
3587 1542 3850 1606 potenter

2242 1630 2509 1702 exigendo
2554 1640 2608 1685 et
2652 1638 2984 1701 potestatem
3027 1645 3183 1684 suam
3229 1627 3555 1695 exercendo,
3607 1626 3848 1683 commi-

2240 1729 2447 1780 nuant?
2479 1729 2565 1780 An
2582 1724 2800 1796 ignoras
2827 1723 2977 1795 quod
3006 1723 3177 1778 sancti
3210 1726 3401 1778 Patres
3426 1722 3753 1793 plerumque
3785 1728 3850 1775 et

2242 1818 2491 1890 religiosa
2518 1817 2855 1873 monasteria
2889 1816 2958 1872 de
3005 1816 3345 1888 subjectione
3374 1814 3756 1887 episcoporum
3788 1822 3851 1870 et

2246 1912 2589 1982 episcopatus
2616 1911 2684 1966 de
2714 1910 2967 1982 parochia
2996 1910 3430 1981 metropolitanae
3453 1907 3598 1963 sedis
3621 1914 3854 1979 propter

2248 2005 2665 2060 infestationem
2696 2004 3109 2075 praesidentium
3138 2002 3459 2070 diviserunt,
3495 2010 3550 2057 et
3586 2010 3855 2074 perpetua

2246 2099 2498 2154 libertate
2535 2099 2801 2154 donantes
2828 2098 3145 2168 apostolica:
3174 2096 3315 2163 sedi,
3338 2097 3488 2152 velut
3514 2094 3851 2167 principalia

2249 2192 2415 2263 capiti
2451 2209 2551 2248 suo
2587 2193 2856 2258 membra,
2898 2190 3178 2247 adhaerere
3221 2192 3553 2246 sanxerunt?
3585 2193 3856 2246 Percurre

2251 2295 2564 2341 sanctorum
2592 2288 2819 2341 Patrum
2844 2285 3148 2357 privilegia,
3170 2292 3225 2340 et
3253 2284 3497 2339 invenies
3524 2282 3655 2354 ipsis
3671 2282 3853 2338 etiam

2251 2380 2671 2451 archiepiscOpis
2695 2376 2963 2447 ofﬁcium,
2994 2378 3100 2433 nisi
3127 2376 3268 2434 forte
3297 2377 3365 2433 ab
3392 2376 3588 2432 abbate
3617 2376 3853 2442 vocatis,

2251 2475 2307 2529 in
2347 2474 2616 2545 plerisque
2653 2473 2921 2529 cmnobiis
2981 2472 3158 2528 facere
3200 2471 3540 2543 prohibitum
3592 2486 3733 2536 esse,
3780 2486 3857 2525 ne

2250 2566 2394 2623 forte
2418 2568 2729 2623 monastica
2758 2567 2912 2638 quies
2959 2566 3301 2622 saecularium
3349 2579 3706 2637 personarum
3734 2562 3856 2620 fre-

2252 2661 2473 2732 quentia
2498 2670 2555 2716 et
2591 2660 3007 2717 conversatione
3040 2659 3379 2715 turbaretur.

2312 2757 2436 2811 Hoc
2473 2756 2655 2825 itaque
2677 2771 2749 2811 ne
2777 2763 2833 2809 et
2860 2770 2965 2810 nos
2989 2754 3212 2809 illorum
3251 2753 3578 2808 auctoritate
3597 2759 3651 2808 et
3670 2767 3857 2809 exem-

2242 2850 2331 2920 plo
2360 2849 2427 2904 de
2466 2847 2695 2920 prmfato
2747 2848 2925 2904 Sancti
2978 2846 3262 2902 Michaelis
3290 2844 3625 2902 monasterio
3668 2844 3855 2902 facere

2240 2958 2521 3014 cogamur,
2550 2957 2685 2998 neve
2719 2949 2799 3006 tu,
2826 2940 2958 2996 dum
2984 2939 3348 2996 immoderata
3373 2939 3595 3011 quaeris,
3626 2955 3687 2994 ea
3718 2955 3853 3011 qua:

2215 3069 2219 3073 ι
2245 3051 2310 3090 ex
2330 3051 2487 3106 aequo
2516 3034 2617 3089 tibi
2646 3036 2879 3090 attinere
2912 3033 3236 3089 videbantur
3257 3033 3407 3105 juste
3434 3033 3677 3099 amittas,
3708 3049 3851 3103 apo-

2246 3130 2436 3184 stolica
2478 3136 2532 3183 te
2559 3128 2886 3183 auctoritate
2934 3142 3226 3183 monemus
3272 3135 3434 3197 atque
3474 3125 3851 3197 praecipimus,

2246 3231 2307 3278 ut
2333 3230 2428 3277 aut
2457 3237 2648 3293 pacem
2665 3237 2795 3277 cum
2822 3221 3017 3277 abbate
3038 3236 3279 3293 congrua
3309 3221 3678 3275 conventione
3708 3220 3850 3275 etin

2243 3330 2540 3372 commune
2568 3316 2783 3387 proviso
2812 3316 2984 3370 totius
3002 3330 3184 3371 causae
3225 3313 3605 3370 moderamine
3641 3310 3843 3381 faciat,

2244 3418 2358 3477 aut,
2393 3410 2435 3465 si
2482 3411 2717 3481 peccatis
2746 3407 3175 3480 impedientibus
3220 3407 3325 3463 hoc
3359 3406 3474 3463 ﬁeri
3503 3408 3848 3479 nequiverit,

2244 3503 2302 3559 in
2341 3512 2565 3560 ventura
2593 3504 2770 3560 sancti
2807 3502 3033 3558 Martini
3062 3500 3347 3557 festivitate
3376 3500 3445 3557 ad
3474 3500 3850 3572 apostolicam

2245 3597 2434 3653 sedem
2472 3605 2527 3651 te
2561 3605 2924 3653 convocatum
2955 3595 3213 3667 praesenti
3266 3596 3588 3651 auctoritate
3631 3610 3849 3665 cogno-

2244 3706 2382 3756 scas,
2395 3699 2682 3761 quatenus,
2697 3689 2985 3761 adjuvante
2996 3693 3134 3752 Deo,
3154 3689 3303 3744 litem
3321 3697 3555 3745 vestram
3571 3686 3843 3744 dirimere

2244 3791 2299 3838 et
2318 3783 2472 3855 justo
2502 3783 2613 3838 ﬁne
2640 3782 2967 3839 concludere
2995 3783 3288 3839 valeamus.
3325 3782 3557 3838 Interim
3595 3796 3728 3837 vero
3756 3797 3845 3837 ea-

2242 3873 2371 3930 dem
2401 3875 2725 3931 auctoritate
2766 3876 3115 3948 praacipimus
3156 3883 3220 3931 ut
3262 3891 3438 3947 neque
3491 3873 3738 3930 vocando
3778 3874 3846 3930 ad

2243 3968 2534 4042 synodum,
2561 3986 2661 4025 nec
2691 3970 2872 4041 aliquo
2921 3969 3237 4038 interdicto,
3276 3968 3509 4041 denique
3547 3967 3701 4023 nullo
3742 3984 3845 4023 nn-

2242 4080 2406 4135 quam
2430 4064 2732 4120 exactionis
2762 4064 2931 4119 modo
2958 4062 3235 4132 abbatem,
3266 4062 3346 4117 vel
3373 4076 3518 4133 saepe
3538 4060 3716 4116 fatum
3732 4076 3852 4116 mo-

2238 4159 2566 4226 nasterium,
2618 4166 2712 4213 aut
2759 4159 3047 4213 servitores
3084 4156 3224 4229 ejus,
3269 4171 3363 4211 seu
3401 4155 3544 4223 loca,
3574 4154 3657 4210 vel
3692 4153 3848 4210 bona

2240 4251 2368 4306 illuc
2391 4250 2699 4318 attinentia,
2733 4266 2827 4322 per
2854 4259 2930 4319 te,
2971 4251 3084 4306 sive
3109 4265 3204 4322 per
3233 4258 3458 4305 tuorum
3483 4248 3722 4319 aliquem
3749 4248 3845 4304 Iaz-

2238 4343 2365 4399 dere
2398 4351 2494 4399 aut
2520 4343 2822 4416 inquietare
2850 4358 3180 4415 prmsumas;
3213 4351 3270 4398 et
3303 4356 3444 4415 quos
3474 4340 3846 4397 anathematis

2237 4436 2452 4492 vinculo
2497 4452 2563 4492 ex
2588 4436 2671 4491 his
2708 4438 2802 4507 qui
2849 4446 3064 4508 partem
3092 4437 3246 4492 illam
3296 4436 3537 4491 attinent
3573 4432 3837 4505 alligasti,

2240 4546 2557 4603 quanquam
2594 4529 2698 4585 hoc
2725 4539 2931 4586 temere
2971 4529 3186 4597 feceris,
3224 4528 3481 4585 charitati
3509 4536 3695 4584 tamen
3732 4525 3846 4583 fra-

2238 4632 2410 4680 terna:
2438 4624 2812 4696 providentes,
2853 4633 2915 4680 ut
2935 4632 2996 4680 tu
3036 4640 3130 4680 eos
3154 4623 3402 4679 absolvas
3425 4622 3607 4678 locum
3661 4619 3765 4676 tibi
3790 4628 3848 4676 et

2241 4717 2447 4773 monita
2474 4717 2693 4774 damus.
2726 4718 2845 4787 Qua
2881 4718 2935 4772 in
2977 4732 3037 4772 re
3068 4717 3113 4771 si
3142 4724 3207 4771 tu
3236 4730 3452 4772 moram
3494 4712 3707 4780 feceris,
3744 4721 3846 4769 aut

2239 4811 2423 4882 aliqua
2449 4812 2738 4867 occasione
2766 4810 2924 4867 nobis
2957 4809 3180 4865 obedire
3204 4808 3473 4877 renueris,
3496 4816 3683 4864 nostra
3707 4822 3844 4878 apo-

2240 4904 2429 4959 stolica
2460 4904 2784 4961 auctoritate
2812 4919 2909 4959 eos
2946 4902 3226 4958 absolutos
3250 4911 3307 4958 et
3343 4902 3411 4957 ab
3451 4900 3715 4958 omnibus
3752 4899 3846 4955 in-

2240 4997 2459 5052 terdicti
2490 4998 2581 5052 vel
2613 4995 3201 5052 excommunicationis
3227 5004 3338 5052 tute
3382 4994 3611 5051 nexibus
3638 4992 3847 5049 liberos

2242 5106 2359 5145 esse
2386 5091 2619 5146 noveris.
2650 5093 2757 5146 Fac
2786 5089 2973 5161 igitur,
3017 5087 3218 5144 dilecte
3258 5087 3445 5157 frater,
3494 5096 3557 5144 ut
3579 5087 3658 5142 vel
3690 5101 3845 5142 nunc

2240 5199 2351 5238 non
2379 5183 2656 5239 incassum
2676 5183 2775 5237 tibi
2804 5181 3087 5254 scripsisse
3109 5181 3414 5239 videamur.
3442 5179 3617 5237 Crede
3640 5180 3845 5235 nostris

2240 5277 2499 5345 consiliis,
2528 5276 2810 5348 acquiesco
2840 5276 3091 5342 monitis,
3123 5292 3223 5331 nec
3257 5275 3422 5330 libeat
3448 5274 3551 5329 tibi
3593 5288 3695 5329 nos
3724 5273 3845 5344 plu-

2240 5370 2398 5426 rimis
2425 5377 2722 5441 occupatos
2753 5369 2962 5426 diutius
2989 5385 3168 5426 causa:
3207 5369 3369 5440 hujus
3391 5366 3662 5440 implicari
3686 5365 3842 5421 labo-

2241 5462 2414 5531 ribus,
2458 5478 2559 5518 nec
2597 5462 2831 5534 deneges
2878 5464 3039 5519 nobis
3080 5461 3381 5517 fraternum
3422 5468 3477 5517 et
3520 5460 3842 5517 unanimem

2246 5571 2575 5612 consensum
2605 5555 2664 5611 in
2700 5557 3076 5628 componenda
3114 5570 3242 5627 pace
3271 5568 3413 5627 saepe
3455 5552 3553 5609 fati
3581 5550 3839 5617 cmnobii,

2245 5666 2333 5719 ne,
2372 5650 2509 5707 dum
2535 5649 2718 5719 nobis,
2747 5652 2863 5706 imo
2908 5650 3071 5707 beato
3101 5652 3289 5718 Petro,
3327 5648 3545 5706 obstare
3583 5661 3697 5703 non
3737 5644 3838 5701 de.

2246 5744 2422 5813 sieris,
2478 5744 2535 5800 in
2564 5734 2874 5816 graviorem
2911 5743 3128 5815 culpam
3172 5752 3227 5798 et
3269 5740 3625 5800 irrevocabile
3661 5734 3837 5796 detri-
