4074 6172
221 254 313 307 421
1281 256 1477 312 LIBER
1517 257 1877 313 SECUNDUS.
1920 288 1988 297 —
2030 258 2233 314 EPIST.
2282 260 2470 314 LXXII.

3418 267 3521 323 422

219 384 471 431 mentum
502 384 717 433 tuomet
747 378 914 448 (quod
946 394 1059 433 non
1089 386 1362 451 optamus)
1394 382 1596 453 impetu
1638 381 1824 454 prmci-
1848 386 1903 448 Α
2005 387 2143 438 Data
2174 387 2392 450 Romae,
2421 382 2636 467 decimo
2664 393 2859 440 octavo
2897 389 3021 453 [xv]
3051 387 3329 443 Kalendas
3367 390 3522 459 Maii,

216 470 430 540 piteris.
468 473 612 529 Nam
650 472 698 527 si
738 471 997 543 deinceps
1041 474 1178 528 ultra
1216 482 1466 531 tenorem
1498 476 1809 531 litterarum

214 564 453 620 istarum
499 581 662 638 supra
710 575 1068 621 memoratam
1114 583 1333 624 causam
1374 569 1427 623 in
1466 585 1710 625 errorem
1762 578 1817 625 et

215 658 451 730 litigium
486 658 723 722 trahere,
748 668 844 715 aut
862 662 1194 717 monasterio
1214 660 1584 719 infestationes
1602 663 1815 735 aliquas

214 752 415 807 inferre
444 753 859 824 pertentaveris,
889 770 1012 820 nos,
1056 754 1237 810 divina
1266 764 1320 811 et
1360 757 1652 827 apostolica
1689 756 1813 813 fulti

210 847 565 909 auctoritate,
595 854 657 902 ut
683 848 1079 903 monasterium
1107 849 1237 905 illud
1264 833 1679 907 cum'omuibus
1700 851 1815 907 suis

210 940 557 1011 pertinentiis
593 941 649 996 in
684 948 946 1012 perpetua
978 942 1232 998 libertate
1273 944 1562 1011 consistat,
1595 954 1657 1000 ut
1696 946 1815 1000 nul-

210 1035 315 1089 lius
357 1035 685 1106 magisterio
722 1036 803 1090 vel
832 1034 1033 1105 judicio
1064 1045 1189 1108 post
1221 1039 1422 1104 Deum,
1474 1038 1579 1093 nisi
1609 1047 1813 1095 sanctas

210 1130 483 1184 Romanae
531 1129 807 1194 Ecclesiae,
848 1128 1130 1185 subditum
1183 1129 1239 1184 in
1283 1133 1568 1203 proposito
1610 1141 1813 1188 sanctae

210 1222 492 1294 religionis
539 1222 657 1277 sine
694 1222 1020 1279 laceratione
1052 1226 1169 1278 Deo
1206 1224 1411 1280 servire
1452 1226 1657 1294 valeat,
1692 1230 1811 1283 Deo

209 1314 522 1387 adjuvante,
554 1316 993 1387 procurabimus.

276 1412 418 1464 Data
435 1413 660 1479 Romae,
675 1410 866 1481 quinto
890 1410 1018 1465 Idus
1036 1410 1260 1482 Aprilis,
1276 1411 1581 1469 indictione
1599 1412 1809 1469 decima

212 1503 387 1558 tertia.

746 1609 1102 1664 EPISTOLA
1128 1609 1307 1665 LXX.

424 1739 510 1780 AD
532 1739 780 1781 GBUSAM
812 1740 1164 1781 BUNGABI/F.
1196 1741 1423 1781 DUCBM.

816 1838 998 1897 (Anno
1031 1837 1213 1900 1075.)

219 1948 367 2018 Optat
392 1953 457 2003 ut
476 1966 597 2018 pax
628 1950 767 2003 inter
793 1966 910 2004 eum
938 1955 988 2004 et
1013 1966 1185 2017 regem
1208 1951 1543 2006 Salomonem
1570 1953 1805 2006 ineatur.

277 2021 556 2088 Signiﬁcat
585 2024 771 2075 merito
789 2022 885 2089 jus
908 2024 1066 2088 regni
1084 2038 1117 2075 a
1145 2023 1422 2077 Salomone
1448 2039 1571 2091 rege
1591 2025 1664 2078 ad
1688 2040 1807 2078 eum

280 2093 444 2156 fuisse
468 2094 815 2145 translatum.
845 2094 976 2162 Ejus
1000 2109 1123 2161 erga
1146 2108 1200 2147 se
1224 2093 1611 2148 observantiam
1634 2098 1812 2164 requi-

282 2166 369 2223 να.
402 2168 455 2217 et
478 2179 810 2232 quaecunque
830 2180 865 2217 a
894 2168 1135 2219 Romana
1155 2166 1387 2220 Ecclesia
1408 2165 1680 2220 desiderat
1702 2167 1809 2220 sibi

281 2235 473 2289 litteris
494 2236 611 2288 uult
627 2237 850 2305 aperiri.

280 2352 627 2407 GBEGOBIUS
638 2351 945 2422 episcopus,
959 2366 1148 2407 servus
1160 2367 1441 2408 servorum
1453 2350 1578 2418 Dei,
1595 2353 1809 2409 Gsnsrs

218 2442 501 2515 Hungariaa
525 2442 677 2511 duci,
700 2444 934 2500 salutem
972 2453 1027 2500 et
1059 2445 1418 2517 apostolicam
1464 2445 1805 2501 benedictio-

218 2552 352 2592 nem.

274 2630 324 2685 Si
352 2630 523 2686 ofﬁcii
552 2631 727 2687 nostri
759 2638 843 2687 est
890 2631 1148 2688 omnibus
1192 2648 1289 2688 sua
1311 2631 1435 2705 jura
1478 2630 1800 2697 defendere,

214 2739 266 2778 ac
298 2724 441 2779 inter
481 2740 576 2779 eos
605 2740 934 2795 componere
963 2742 1174 2797 pacem,
1221 2742 1286 2781 ac
1314 2725 1559 2780 stabilire
1582 2740 1808 2780 concor-

211 2815 366 2884 diam,
392 2817 576 2873 multo
613 2819 788 2888 magis
816 2818 955 2873 ratio
980 2819 1168 2890 exigit,
1198 2827 1362 2889 atque
1392 2834 1523 2873 usus
1559 2818 1805 2873 utilitatis

209 2911 440 2981 exposcit
496 2919 559 2966 ut
604 2912 937 2968 seminemus
978 2912 1305 2967 charitatem
1348 2912 1485 2967 inter
1534 2910 1801 2983 majores,

210 3021 435 3075 quorum
465 3020 570 3076 pax
600 3013 695 3059 aut
723 3004 914 3061 odium
943 3005 1217 3062 redundat
1242 3006 1300 3060 in
1327 3006 1608 3077 plurimos.
1640 3005 1803 3060 Unde

210 3098 359 3155 nobis
378 3114 513 3154 cura
548 3108 631 3154 est
659 3107 716 3154 et
738 3099 891 3155 cordi
916 3099 1005 3169 pia
1034 3098 1353 3155 sollicitudo
1379 3097 1630 3165 inhaeret,
1660 3113 1798 3170 qua-

210 3200 358 3248 tenus
391 3192 537 3247 inter
562 3201 617 3247 te
647 3202 702 3249 et
741 3192 1209 3265 consanguineum
1253 3201 1416 3248 tuum
1448 3192 1798 3249 Salomonem
1833 3203 1878 3266 ρ

210 3300 379 3357 regem
398 3284 672 3342 faciamus
695 3301 907 3357 pacem,
925 3286 971 3341 si
992 3302 1308 3358 possumus,
1330 3286 1604 3357 utjustitia
1625 3285 1801 3341 utrin-

211 3393 303 3448 que
333 3387 551 3434 servata
589 3378 825 3435 sufﬁciat
852 3380 1145 3451 unicuique
1173 3378 1322 3450 quod
1349 3394 1511 3434 suum
1546 3387 1651 3443 est,
1688 3387 1797 3433 ter-

208 3472 406 3527 minum
428 3471 655 3544 justitia:
678 3488 789 3527 non
818 3477 1094 3540 transeat,
1120 3480 1327 3528 metam
1371 3470 1533 3527 bonae
1562 3487 1798 3526 consue-

207 3565 397 3621 tudinis
441 3581 557 3621 non
598 3565 857 3633 excedat,
900 3567 1089 3638 sicque
1128 3565 1224 3621 ﬁat
1265 3566 1321 3620 in
1367 3580 1498 3636 pace
1524 3564 1796 3619 nobilissi-

207 3673 351 3713 mum
387 3674 622 3730 regnum
650 3660 945 3731 Hungariaa
970 3658 1120 3731 quod
1144 3659 1416 3714 hactenus
1441 3672 1536 3729 per
1557 3674 1615 3713 se
1644 3656 1796 3728 prin-

208 3752 445 3822 cipaliter
483 3751 674 3823 viguit,
704 3761 764 3807 ut
793 3768 889 3808 rex
931 3752 1005 3807 ibi
1038 3768 1152 3807 non
1194 3752 1415 3825 regulus
1446 3750 1562 3807 ﬁat.
1595 3753 1797 3807 Verum

210 3846 313 3913 ubi,
342 3854 666 3916 contempto
696 3845 871 3902 nobili
903 3845 1152 3902 dominio
1180 3845 1321 3901 beati
1351 3844 1499 3901 Petri
1528 3844 1801 3917 apostolo-

207 3953 318 3993 rum
350 3938 642 4010 principis,
670 3939 828 4010 cujus
854 3955 1086 4009 regnum
1124 3954 1241 3994 esse
1272 3937 1614 4009 prudentiam
1648 3946 1799 3993 tuam

205 4030 363 4086 latere
388 4048 505 4087 non
532 4030 831 4099 credimus,
863 4047 959 4087 rex
987 4030 1234 4087 subdidit
1266 4046 1324 4086 se
1350 4030 1653 4087 Teutonico
1684 4029 1797 4101 regi

207 4131 252 4177 et
287 4124 461 4198 reguli
486 4139 691 4180 nomen
721 4124 983 4190 obtinuit,
1015 4125 1291 4180 Dominus
1327 4132 1514 4179 autem
1541 4121 1798 4194 injuriam

203 4231 293 4272 suo
322 4218 538 4273 illatam
560 4217 791 4289 principi
816 4217 1143 4289 praevidens,
1167 4224 1497 4288 potestatem
1516 4215 1669 4287 regni
1696 4231 1798 4271 suo

206 4308 268 4364 ad
306 4318 358 4365 te
378 4310 592 4382 judicio
632 4311 930 4366 transtulit.
962 4314 1033 4367 Et
1074 4310 1148 4366 ita
1175 4310 1220 4365 si
1248 4309 1378 4382 quid
1413 4308 1470 4364 in
1497 4308 1799 4365 obtinendo

207 4417 370 4474 regno
406 4403 553 4475 juris
594 4403 1012 4475 prius,habuit,
1057 4419 1122 4459 eo
1169 4418 1229 4459 se
1279 4402 1534 4475 sacrilega
1575 4418 1800 4474 usurpa-

205 4494 346 4551 tione
385 4496 638 4566 privavit.
677 4499 872 4553 Petrus
913 4497 1065 4553 euim
1106 4512 1135 4551 a
1168 4496 1325 4552 ﬁrma
1373 4504 1525 4568 petra
1575 4496 1796 4562 dicitur,

208 4602 321 4657 quae
360 4599 553 4660 portas
582 4589 739 4645 inferi
780 4588 1097 4662 confringit,
1128 4597 1294 4661 atque
1340 4588 1692 4645 adamantino
1725 4590 1795 4645 ri-

210 4696 326 4751 gore
376 4682 639 4745 destruit,
684 4691 739 4738 et
786 4683 1011 4753 dissipat
1050 4683 1318 4756 quidquid
1363 4682 1598 4739 obsistit.
1646 4685 1793 4752 Qua-

214 4784 417 4846 propter
454 4776 660 4848 siquid
689 4778 789 4843 vis,
834 4777 879 4832 si
928 4776 1059 4849 quid
1089 4776 1290 4832 habere
1334 4793 1365 4832 a
1407 4779 1660 4832 Romana
1688 4778 1791 4831 Ec-

218 4867 360 4923 clesia
387 4868 549 4941 digne
596 4885 803 4939 speras,
850 4871 1010 4926 nobis
1054 4869 1392 4926 conﬁdenter
1432 4868 1685 4925 volumus
1729 4876 1791 4925 ut

221 4963 404 5029 aperias
456 4971 509 5017 et
553 4978 678 5033 qua:
721 4971 816 5019 tua
863 4964 932 5018 sit
974 4962 1191 5020 devotio
1248 4979 1376 5035 erga
1430 4962 1793 5019 universalem

224 5061 450 5121 matrem,
475 5055 775 5127 qualiterve
794 5055 873 5111 illi
903 5056 1159 5112 statueris
1188 5056 1409 5112 obedire
1441 5064 1797 5127 sanctamque

228 5148 557 5204 reverentiam
579 5148 837 5205 exhibere
861 5149 1144 5220 operibus,
1167 5149 1310 5205 sicut
1335 5157 1391 5205 te
1420 5148 1594 5216 decet,
1623 5157 1801 5203 osten-

231 5234 324 5292 das.
350 5244 476 5311 Quae
504 5250 690 5298 autem
734 5242 828 5299 hic
859 5242 1044 5297 minus
1070 5242 1408 5315 scripsimus,
1438 5242 1638 5299 horum
1680 5257 1801 5313 ροισι

230 5327 450 5389 titoribus
477 5335 579 5390 tibi
613 5335 842 5392 dicenda
872 5336 1254 5407 relinquimus,
1298 5335 1425 5408 quia
1469 5335 1537 5391 de
1575 5335 1799 5389 illorum

232 5417 455 5483 ﬁdelitate
506 5430 641 5484 satis
683 5428 1034 5485 conﬁdimus.
1080 5429 1445 5501 Omnipotens
1494 5432 1672 5496 Deus,
1707 5427 1800 5499 qui

232 5510 365 5573 beato
390 5523 547 5577 Petro
577 5529 909 5592 potestatem
938 5522 1140 5595 ligandi
1170 5530 1338 5594 atque
1375 5520 1620 5579 solvendi
1650 5522 1799 5593 prin-

231 5606 445 5679 cipaliter
472 5615 688 5683 tribuit,
714 5615 834 5688 ejus
863 5618 1116 5689 precibus
1149 5625 1204 5673 te
1229 5624 1464 5688 tuosque
1495 5616 1551 5671 in
1579 5616 1799 5672 Christo

229 5698 387 5761 ﬁdeles
411 5723 440 5762 a
461 5709 671 5765 cunctis
696 5710 932 5781 peccatis
961 5711 1231 5779 absolvat,
1262 5718 1318 5765 et
1364 5708 1437 5765 ad
1463 5709 1630 5765 vitam
1672 5724 1797 5780 per.

225 5790 367 5853 ducat
386 5807 686 5857 uernam.

1925 477 2224 534 indictione
2246 476 2460 532 decima
2486 477 2649 533 tertia
2663 520 2675 532 .

2431 582 2777 637 EPISTOLA
2807 584 3016 638 LXXI.

2101 696 2180 736 AD
2224 696 2629 737 “’RATISLAUM
2659 697 3057 741 BOHBMOBUM
3084 699 3314 741 DUCEM.

2536 781 2714 845 (Anno
2741 778 2918 847 1075.)

1922 878 2268 933 Commendat
2303 878 2642 933 Frede-ricum
2671 880 2782 949 ejus
2810 886 3072 949 nepotem,
3114 887 3175 936 ut
3214 884 3520 952 beneﬁcium

1994 966 2027 1001 ιι
2073 965 2167 1003 suo
2209 955 2369 1018 patre
2399 952 2645 1006 relictum
2673 953 2760 1003 illi
2787 954 3074 1014 concedat,
3110 955 3191 1007 uel
3230 954 3388 1009 aliud
3426 957 3522 1007 tri-

1995 1021 2141 1073 buat.
2184 1024 2358 1076 Monet
2383 1026 2444 1073 ut
2476 1022 2720 1076 disstdu's
2748 1024 2977 1077 sublatis
3001 1039 3183 1092 pacem
3210 1027 3266 1078 in
3306 1042 3408 1080 sua
3435 1027 3519 1079 dt-

1993 1093 2133 1145 tione
2176 1107 2326 1146 serua
2334 1093 2497 1146 udam
2526 1098 2696 1146 curet.

1991 1196 2357 1253 Gnsaonms
2373 1197 2684 1268 episcopus,
2701 1212 2889 1253 servus
2905 1212 3191 1253 servorum
3206 1199 3327 1265 Dei,
3342 1203 3521 1256 WBA-

1922 1274 2137 1345 τιεί.Αο
2169 1289 2544 1345 Bohemorum
2590 1289 2749 1357 duci,
2793 1289 3030 1346 salutem
3074 1298 3127 1345 et
3166 1291 3521 1361 apostolicam

1922 1381 2383 1438 benedictionem.

1992 1475 2337 1543 Fredericus,
2367 1491 2547 1546 nepos
2579 1484 2774 1544 vester,
2806 1485 2859 1532 et
2887 1480 3159 1533 Romanae
3185 1477 3441 1533 Ecclesia:
3462 1478 3523 1532 ﬁ-

1919 1568 2087 1635 delis,
2133 1584 2238 1624 nos
2286 1569 2585 1624 humilibus
2636 1570 2894 1639 precibus
2938 1570 3205 1640 ﬂagitavit
3253 1580 3522 1642 quatenus

1918 1669 2027 1718 tua:
2054 1661 2363 1717 nobilitatis
2410 1662 2765 1733 prudentiam
2821 1678 3159 1733 rogaremus,
3211 1671 3270 1717 ut
3308 1663 3516 1719 beneﬁ-

1834 1792 1879 1853 Β
1916 1754 2081 1822 cium,
2113 1756 2262 1827 quod
2296 1756 2398 1811 sibi
2441 1764 2596 1826 pater
2630 1772 2762 1811 suus
2790 1757 3031 1827 reliquit,
3079 1771 3208 1811 eum
3234 1757 3518 1826 permitte-

1917 1848 2048 1903 retis
2076 1848 2273 1903 habere
2310 1857 2366 1903 et
2411 1849 2463 1904 in
2492 1849 2639 1905 omni
2678 1848 2824 1919 pacis
2866 1849 3183 1920 quietudine
3209 1850 3513 1920 possidere;

1915 1942 2070 2013 cujus
2116 1941 2451 2012 supplicibus
2491 1942 2829 1997 orationibus
2879 1942 3024 2009 ﬂexi,
3073 1942 3371 1998 nobilitatis
3422 1958 3516 1998 ve-

1915 2044 2045 2090 stra:
2075 2036 2426 2091 serenitatem
2457 2035 2656 2091 obnixe
2685 2052 2945 2107 rogamus
2984 2043 3065 2103 ut,
3102 2035 3144 2090 si
3188 2036 3339 2091 scitis
3388 2051 3516 2091 eum

1917 2127 2116 2184 habere
2158 2129 2448 2200 justitiam,
2478 2138 2595 2184 tum
2635 2129 2761 2199 quia
2803 2145 2866 2184 os
2912 2136 3070 2184 tuum
3123 2138 3179 2183 et
3232 2145 3363 2185 caro
3412 2138 3513 2197 est,

1915 2221 2111 2277 ductus
2147 2222 2474 2293 proprietate
2512 2223 2810 2294 sanguinis,
2841 2230 2959 2277 tum
2987 2222 3111 2293 quia
3142 2222 3211 2277 ad
3237 2222 3516 2295 refugium

1915 2316 2233 2386 apostolica:
2302 2315 2665 2370 miserationis
2708 2314 2988 2386 confugit,
3041 2325 3136 2371 aut
3184 2316 3514 2371 beneﬁcium

1864 2438 1867 2439 ν
1916 2408 2048 2465 illud
2077 2409 2180 2465 sibi
2208 2408 2466 2477 reddatis,
2489 2418 2583 2463 aut
2610 2408 3073 2464 contracambium
3094 2408 3347 2464 tribuatis
3367 2410 3512 2483 quod

1914 2502 2018 2557 sibi
2036 2502 2104 2557 sit
2118 2503 2474 2573 acceptabile,
2495 2510 2551 2557 et
2570 2503 2649 2556 tui
2668 2502 2931 2557 condecet
2951 2503 3161 2573 generis
3175 2501 3509 2574 dignitatem.

1912 2594 2076 2667 Quod
2096 2596 2141 2651 si
2150 2596 2431 2667 justitiam
2447 2612 2557 2650 non
2575 2596 2784 2651 videtur
2810 2595 3034 2661 habere,
3053 2611 3310 2667 rogamus
3329 2605 3514 2651 tamen

1914 2697 1974 2742 ut
1995 2705 2093 2759 pro
2124 2688 2391 2743 charitate
2438 2697 2493 2743 et
2522 2688 2825 2743 reverentia
2874 2688 3016 2743 beati
3046 2689 3192 2743 Petri
3239 2690 3513 2760 apostolo-

1913 2798 2035 2836 rum
2067 2782 2337 2853 principis,
2369 2782 2524 2853 cujus
2566 2781 2815 2851 praesidia
2870 2780 3150 2836 humiliter
3196 2784 3510 2851 postulavit,

1909 2876 2130 2947 aliquod
2158 2876 2258 2931 sibi
2301 2874 2652 2941 beneficium,
2683 2890 2792 2945 quo
2831 2874 3004 2945 possit
3041 2875 3269 2930 honeste
3312 2876 3508 2942 vivere,

1908 2968 2173 3024 tribuatis.
2206 2971 2331 3025 Non
2358 2968 2534 3040 pigeat
2556 2968 2741 3038 itaque
2771 2967 3112 3022 nobilitatem
3142 2975 3293 3021 tuam
3319 2968 3375 3023 in
3405 2968 3511 3023 hoc

1908 3072 2123 3118 nostras
2161 3078 2345 3133 preces
2383 3061 2604 3129 audire,
2658 3060 2987 3131 beatumque
3032 3063 3257 3115 Petrum
3300 3060 3355 3115 in
3405 3061 3511 3116 hoc

1906 3155 2005 3210 tibi
2046 3154 2350 3212 debitorem
2395 3154 2606 3220 facere,
2651 3154 2908 3225 quoniam
2956 3156 3057 3209 nas
3099 3154 3275 3224 parati
3318 3170 3510 3209 sumus

1909 3248 2091 3304 favere
2137 3248 2237 3303 tibi
2280 3250 2337 3303 in
2376 3247 2575 3320 quibus
2615 3248 2889 3318 possimus
2933 3246 3146 3319 justitia
3175 3246 3331 3302 duce.
3364 3250 3512 3303 Prae-

1906 3350 2055 3397 terea
2118 3356 2409 3396 monemus
2468 3348 2529 3395 ut
2576 3340 2842 3396 studeatis
2883 3348 3086 3395 terram
3148 3349 3415 3407 vestram,
3456 3348 3512 3395 et

1906 3434 2068 3493 veStri
2136 3434 2359 3490 honoris
2408 3434 2653 3505 regimen
2710 3433 3037 3488 ﬁrmissimas
3089 3433 3237 3505 pacis
3307 3433 3510 3511 fmdere

1907 3528 2147 3599 undique
2172 3527 2521 3598 praemunire,
2555 3525 2767 3581 scilicet
2803 3534 2865 3581 ut
2905 3526 3111 3581 nullius
3141 3527 3250 3581 litis
3279 3512 3525 3583 scande?

1907 3620 2022 3676 lum
2069 3621 2127 3675 in
2178 3630 2274 3675 tuo
2314 3620 2577 3691 regimine
2629 3619 2830 3674 versari
2880 3620 3181 3689 permittas,
3238 3620 3508 3691 pmcipue

1904 3714 2045 3769 inter
2095 3722 2150 3768 te
2197 3722 2251 3768 et
2278 3711 2475 3768 fratres
2502 3720 2648 3780 tuos,
2691 3721 2746 3767 et
2772 3714 3101 3783 Pragensem
3142 3721 3193 3767 et
3243 3714 3508 3769 Holomu-

1907 3823 2129 3863 censem
2151 3807 2493 3880 episcopum,
2526 3806 2810 3877 quoniam,
2841 3805 2980 3861 sicut
3013 3806 3108 3877 qui
3140 3805 3427 3863 discordiae
3456 3815 3510 3862 et

1908 3900 2090 3956 litibus
2122 3908 2320 3956 vacant
2348 3900 2535 3971 procul
2567 3898 2737 3954 dubio
2774 3898 2972 3954 diaboli
3002 3908 3131 3953 sunt
3158 3899 3274 3967 ﬁlii,
3303 3900 3378 3955 sic
3414 3900 3507 3971 qui

1906 3994 2027 4065 paci
2078 3993 2211 4049 dant
2235 4008 2459 4065 operam
2486 3992 2582 4047 ﬁlii
2618 3993 2719 4048 Dei
2764 3999 3050 4058 vocantur,
3100 3990 3214 4063 ipsa
3261 3992 3504 4048 Veritate

1905 4096 2194 4144 attestante
2226 4103 2349 4159 quae
2378 4086 2452 4143 ait
2486 4104 2499 4140 :
2539 4089 2693 4141 Beati
2710 4088 2958 4157 paciﬁci,
2999 4089 3252 4155 quoniam
3286 4088 3388 4155 fil-ti
3411 4089 3508 4141 Dei

1906 4183 2233 4237 vocabuntur
2281 4181 2502 4248 (Matth.
2548 4184 2619 4247 v).
2664 4180 3027 4251 Omnipotens
3072 4184 3217 4235 Deus
3264 4188 3506 4235 mentem

1907 4282 2060 4331 tuam
2092 4274 2383 4341 illuminet,
2412 4274 2600 4345 sicque
2637 4280 2696 4328 te
2746 4272 2911 4327 faciat
2959 4288 3054 4343 per
3082 4272 3223 4327 bona
3279 4273 3506 4328 transire

1907 4368 2235 4438 temporalia
2262 4376 2326 4423 ut
2346 4368 2605 4422 merearis
2631 4364 2859 4436 adipisci
2890 4374 3112 4420 aeterna.

1976 4465 2118 4517 Data
2150 4464 2370 4529 Romae,
2400 4459 2619 4516 decimo
2658 4466 2850 4514 octavo
2882 4461 3010 4526 [xv]
3036 4455 3314 4512 Kalendas
3360 4456 3500 4523 Maii,

1824 4546 1876 4613 D
1904 4553 2197 4610 indictione
2228 4554 2437 4611 decima
2465 4552 2640 4608 tertia.

2362 4658 2617 4713 ΕΡιὸΤο
2626 4657 2714 4710 LA
2758 4654 2975 4711 LXXII
2987 4692 3000 4708 .

2430 4776 2516 4816 AD
2547 4772 2859 4817 BOHEMOS.

2407 4853 2592 4925 (Anno
2624 4858 2800 4919 1075).

2135 4952 2405 5007 Hortatur
2432 4952 2507 5005 ad
2541 4952 2663 5005 bene
2692 4956 2933 5021 casteque
2960 4950 3267 5005 vivendum.

1975 5055 2343 5112 Gsseonws
2373 5054 2680 5126 episcopus,
2707 5069 2895 5110 servus
2922 5070 3205 5127 servprum
3226 5054 3352 5121 Dei,
3376 5054 3501 5109 uni-

1907 5148 2073 5202 versis
2101 5147 2158 5202 in
2195 5147 2459 5203 Bohemia
2512 5146 2823 5203 constitutis
2876 5147 3175 5219 majoribus
3202 5156 3366 5219 atque
3394 5146 3501 5202 mi-

1874 5266 1879 5271 -
1909 5241 2152 5309 noribus,
2175 5242 2408 5297 salutem
2426 5248 2480 5296 et
2502 5241 2863 5313 apostolicam
2893 5238 3357 5297 benedictionem.

1977 5330 2058 5390 Ex
2090 5334 2524 5390 consideratione
2554 5334 2702 5390 sedis
2745 5334 2900 5405 cujus
2953 5334 3079 5390 licet
3124 5332 3354 5405 indigni,
3402 5332 3503 5389 ad-

1908 5427 2369 5484 ministrationem
2413 5428 2681 5500 gerimus,
2710 5427 3008 5497 debitores,
3047 5428 3185 5484 sicut
3208 5426 3375 5494 scitis,
3415 5444 3507 5483 sue

1909 5536 2035 5576 mus
2061 5520 2308 5576 fidelibus
2332 5527 2386 5575 et
2418 5520 2734 5577 infidelibus
2759 5544 2772 5588 ς
2805 5521 3079 5601 fidelibus,
3109 5529 3171 5575 ut
3189 5520 3337 5593 quod
3363 5519 3504 5581 bene

1908 5621 2223 5686 proponunt
2251 5623 2663 5685 perseveranter
2691 5623 2951 5683 teneant;
2980 5613 3311 5677 inﬁdelibus,
3344 5622 3406 5669 ut
3433 5612 3504 5667 ad

1906 5710 2222 5765 Creatorem
2260 5722 2422 5763 suum
2479 5706 2786 5776 credendo,
2840 5716 2896 5762 et
2943 5706 3211 5777 prteterita
3252 5704 3502 5760 facinora

1910 5798 2215 5873 puniendo,
2267 5807 2672 5856 convertantur.
2719 5799 2885 5856 Unde
2910 5798 3035 5870 quia
3071 5797 3335 5853 relatione
3378 5793 3501 5865 epi-
