4144 6184
641 271 741 325 423

1325 265 1381 319 S.
1424 263 1741 319 GREGORII
1784 262 1870 316 νη
1909 262 2101 315 PAF/Ii
2140 260 2224 315 ΟΡ

2332 261 2411 315 UM
2452 260 2622 315 PARS
2663 262 2699 313 Ι.
2741 291 2809 299 -
2851 261 3252 316 REGISTRUM.

3823 263 3931 317 424

640 410 936 467 scopornm
982 392 1170 465 patriae
1228 398 1423 446 vestrm
1458 389 1645 444 limina
1698 387 2072 459 apostolorum
2108 385 2228 440 visi-
2259 391 2311 451 Α
2339 385 2499 442 Unde
2537 394 2591 439 et
2629 401 2757 450 nos,
2781 386 2873 456 qui
2921 385 3063 441 illius
3092 386 3231 440 servi
3272 384 3507 441 dicimur
3533 394 3589 439 et
3638 400 3757 441 esse
3778 387 3932 456 cupi-

645 489 884 545 tantium
902 487 1211 557 accepimus
1238 483 1501 556 quosdam
1531 490 1772 537 vestrum
1790 495 1886 553 per
1913 481 2053 535 viam
2080 495 2229 534 man-

606 582 892 639 datorum
943 580 1055 635 Dei‘
1106 578 1386 655 incedere,
1457 575 1725 648 quosdam
1770 590 1899 630 vero
1957 573 2233 628 nonnullis

642 676 888 749 periculis
934 674 1075 729 male
1139 672 1367 728 vivendo
1400 671 1703 741 subjacere,
1756 668 2063 723 studuimus
2135 681 2231 720 vos

641 777 859 839 paterna
888 767 1151 822 cbaritate
1182 780 1561 824 commonere.
1580 770 1852 833 quatenus
1873 766 1926 816 et
1954 760 2080 815 boni
2112 774 2228 813 me-

639 862 801 917 liores
834 861 994 928 ﬁant,
1027 869 1084 915 et
1111 860 1201 931 qui
1236 856 1727 930 reprehensibiliter
1776 856 1965 911 vivunt
1997 854 2227 923 irrepre-

638 955 931 1011 hensibiles
983 970 1041 1009 se
1108 952 1416 1008 exhibeant.
1476 950 1719 1005 Primum
1774 948 1977 1003 scilicet
2027 963 2122 1001 vos
2163 961 2228 999 ex

639 1058 755 1104 toto
786 1048 968 1114 corde,
1006 1056 1060 1102 et
1088 1062 1153 1101 ex
1185 1054 1297 1101 tota
1327 1046 1529 1110 anima,
1562 1052 1616 1098 et
1642 1059 1704 1097 ex
1732 1042 1883 1097 omni
1906 1042 2103 1095 virtute
2132 1055 2224 1094 ve-

638 1151 746 1198 stra
775 1146 952 1197 Deum
983 1149 1037 1197 et
1065 1140 1379 1211 proximum
1404 1139 1545 1193 sicut
1578 1136 1934 1207 vosmetipsos
1984 1134 2225 1205 diligere,

640 1252 850 1307 pacem,
881 1236 995 1290 sine
1018 1250 1122 1305 qua
1147 1248 1309 1287 nemo
1339 1234 1519 1286 Deum
1548 1229 1773 1297 videbit,
1804 1230 1949 1284 inter
1978 1244 2074 1283 vos
2103 1243 2229 1282 con-

638 1329 883 1395 stituere,
915 1342 1027 1381 non
1056 1326 1233 1381 solum
1258 1325 1506 1389 clericos,
1533 1322 1626 1378 sed
1658 1332 1713 1377 et
1735 1323 1901 1377 laicos
1919 1323 2225 1377 castitatem

638 1436 874 1486 servare,
904 1420 1144 1475 decimas
1173 1423 1289 1474 Deo
1310 1460 1323 1485 ,
1354 1435 1382 1473 a
1416 1434 1525 1489 quo
1556 1426 1671 1472 tam
1696 1417 1863 1471 vitam
1892 1432 2061 1487 quam
2104 1416 2227 1471 vitae

638 1514 1095 1569 sustentationem
1145 1512 1456 1581 suscipitis,
1504 1510 1734 1565 ﬁdeliter
1790 1510 1940 1576 dare,
1996 1510 2227 1564 ecclesiis

638 1608 829 1662 vestris
864 1607 1108 1661 debitum
1164 1606 1434 1660 honorem
1491 1604 1829 1675 impendere,
1869 1605 2226 1676 elecmosynis

635 1711 797 1771 atque
825 1699 1176 1771 hospitalitati
1214 1698 1408 1753 devote
1431 1697 1701 1753 insistere.
1732 1700 1863 1753 Haec
1892 1706 1945 1753 et
1975 1697 2055 1752 his
2079 1697 2227 1752 simi-

637 1794 727 1862 lia,
760 1810 884 1865 quze
908 1793 974 1848 ad
1001 1793 1235 1848 salutem
1262 1792 1571 1846 animarum
1603 1799 1906 1846 vestrarum
1932 1792 2225 1862 pertinent,

634 1888 759 1943 licet
787 1887 1072 1959 pontiﬁces
1097 1894 1304 1941 vestros
1333 1884 1665 1940 sufﬁcienter
1694 1885 1833 1940 scire
1854 1901 1915 1939 ac
1958 1884 2109 1939 vobis
2151 1884 2230 1938 in-

635 1982 851 2037 sinuare
876 1998 988 2035 non
1017 1981 1360 2051 ignoremus,
1389 1973 1730 2049 tamen'quia
1762 1978 1922 2033 verba
1946 1986 2132 2033 nostra
2164 1995 2229 2031 ex

636 2074 937 2129 reverentia
972 2074 1117 2127 beati
1150 2072 1291 2126 Petri
1325 2080 1537 2126 constat
1561 2088 1657 2125 vos
1677 2072 1893 2126 charius
1925 2080 2091 2142 atque
2117 2071 2229 2126 avi-

636 2166 756 2221 dius
798 2166 1063 2236 recipere,
1096 2165 1206 2235 ipsa
1250 2171 1423 2218 vestra
1463 2164 1718 2219 audiendi
1750 2165 1979 2220 aviditas
2009 2181 2131 2236 qua:
2160 2165 2227 2220 ab

636 2260 754 2314 aliis
783 2259 899 2313 dari
933 2267 1163 2330 possunt
1194 2273 1295 2311 nos
1323 2256 1654 2312 documenta
1683 2256 1813 2311 dare
1842 2258 2140 2329 compellit,
2170 2267 2231 2313 ut

638 2360 793 2407 tanto
826 2350 1111 2407 sollicitius
1162 2349 1314 2403 vobis
1343 2348 1592 2404 debitum
1650 2349 1951 2405 reddamus
1980 2351 2231 2407 exhorta-

638 2446 803 2501 tionis
855 2454 1065 2516 quanto
1092 2444 1309 2497 beatum
1356 2446 1574 2497 Petrum
1612 2443 1666 2497 in
1694 2442 1886 2498 eadem
1920 2454 2105 2499 nostra
2133 2460 2226 2500 ex-

638 2538 952 2594 hortatione
987 2537 1244 2593 devotius
1296 2536 1595 2591 attenditis.
1645 2539 1758 2592 Vos
1782 2537 1962 2609 igitur,
1995 2537 2229 2593 dilectis-

638 2632 778 2698 simi,
829 2631 1059 2686 carnalia
1093 2628 1356 2685 desideria
1414 2628 1602 2699 fugite,
1632 2628 1697 2685 ad
1727 2630 1965 2686 omlestia
1995 2639 2047 2686 et
2082 2648 2226 2687 sem-

638 2742 735 2797 per
758 2724 1015 2781 duratura
1049 2723 1236 2793 patrize
1265 2722 1505 2777 emlestis
1539 2722 1732 2793 gaudia
1778 2733 1997 2779 mentes
2020 2725 2226 2797 erigite,

638 2818 857 2873 beatum
896 2821 1141 2884 Petrum,
1171 2816 1255 2871 cui
1292 2832 1320 2869 a
1356 2820 1469 2871 Deo
1504 2825 1741 2886 potestas
1771 2818 2143 2889 principaliter
2171 2828 2225 2873 et

636 2912 691 2965 in
715 2920 860 2966 terra
894 2911 1089 2982 ligandi
1138 2918 1303 2980 atque
1329 2909 1569 2965 solvendi
1594 2910 1719 2965 data
1756 2919 1857 2977 est,
1889 2911 2228 2969 devotissimi

637 3004 836 3059 servitii
906 3002 1167 3059 ﬁdelitate
1204 3003 1507 3059 debitorem
1562 3002 1747 3070 facite,
1798 3013 2067 3075 quatenus
2108 3014 2228 3075 post

2341 495 2484 544 mus,
2510 488 2701 534 vestrae
2731 479 2984 534 charitati
3010 479 3066 533 in
3105 478 3317 535 Christo
3360 479 3591 533 connexi
3628 493 3841 544 sumus,
3880 486 3937 533 et

2340 588 2526 627 curam
2558 572 2866 636 ministerii,
2896 572 2965 628 ad
2994 572 3145 644 quod
3174 572 3276 628 sub
3307 571 3615 627 obedientia
3644 572 3933 642 apostolici

2342 666 2674 737 principatus
2715 666 2931 721 occulta
2972 667 3069 721 Dei
3105 665 3440 736 dispensatio
3469 681 3592 731 nos,
3630 665 3753 721 licet
3792 665 3933 720 indi-

2338 775 2495 830 gnos,
2542 759 2814 815 ordinavit
2844 768 3010 830 atque
3053 759 3359 828 constituit,
3402 760 3457 813 in
3501 774 3561 814 ea
3608 767 3779 830 parte,
3823 775 3932 830 qua

2341 853 2493 907 vobis
2517 854 2891 909 necessarium
2916 862 2969 908 et
3007 853 3299 909 honestum
3328 852 3447 907 fore
3479 852 3926 923 cognoverimus,

2339 954 2492 1001 tanto
2548 946 2832 1003 sollicitius
2879 946 3033 1001 vobis
3096 946 3359 1016 impartiri
3428 945 3675 1018 cupimus
3718 954 3929 1017 quanto

2340 1038 2504 1095 ﬁdem
2534 1040 2935 1096 et‘charitatem
2966 1049 3199 1095 vestram
3229 1048 3285 1095 et
3313 1039 3367 1094 in
3405 1038 3715 1094 obediendo
3744 1055 3931 1110 prom-

2336 1133 2667 1204 ptiorem,et
2694 1136 2749 1190 in
2785 1132 3150 1206 promerendo
3186 1134 3520 1189 devotiorem
3552 1133 3925 1205 intelligimus.

2337 1230 2541 1284 Verum
2572 1230 2692 1299 quia
2739 1230 3063 1285 Christianae
3117 1227 3395 1299 religionis
3426 1227 3561 1284 ordo
3605 1236 3660 1282 et
3699 1226 3929 1299 provida

2336 1322 2671 1395 dispensatio
2713 1324 2783 1379 ab
2827 1324 2911 1379 his
2949 1324 3285 1394 permaxime
3334 1332 3456 1394 post
3509 1326 3691 1378 Deum
3726 1322 3936 1393 pendet

2335 1418 2426 1488 qui
2480 1417 2755 1473 Dominici
2800 1418 2976 1488 gregis
3024 1426 3271 1489 pastores
3326 1426 3383 1473 et
3422 1422 3661 1474 rectores
3710 1433 3829 1473 esse
3858 1418 3933 1472 vi-

2336 1512 2560 1581 dentur,
2607 1512 2740 1568 illud
2789 1512 2949 1568 nobis
2990 1512 3162 1583 primo
3215 1511 3613 1567 attendendum
3656 1520 3739 1567 est
3766 1511 3928 1583 quod

2336 1605 2595 1677 episcopi,
2628 1613 2787 1661 terrae
2817 1614 3013 1661 vestrae
3044 1621 3154 1660 non
3178 1604 3443 1661 habentes
3472 1614 3680 1660 certum
3721 1613 3934 1661 metro-

2338 1701 2592 1770 politanae
2622 1698 2768 1755 sedis
2812 1700 3013 1766 locum,
3059 1716 3159 1755 nec
3178 1700 3277 1755 sub
3310 1700 3488 1772 aliquo
3534 1699 3691 1771 positi
3744 1699 3925 1772 magi-

2336 1794 2520 1862 sterio,
2552 1794 2660 1849 huc
2699 1802 2754 1849 et
2780 1795 2905 1851 illuc
2935 1811 3034 1867 pro
3064 1811 3160 1851 sua
3192 1795 3422 1866 quisque
3461 1792 3810 1849 ordinatione
3843 1808 3933 1847 va-

2338 1894 2545 1957 gantes,
2578 1888 2719 1942 ultra
2754 1889 2968 1957 regulas
2994 1896 3047 1942 et
3075 1887 3291 1942 decreta
3317 1895 3635 1942 sanctorum
3690 1889 3930 1941 Patrum

2340 1982 2489 2036 liberi
2525 1990 2654 2037 sunt
2692 1990 2745 2036 et
2774 1982 3029 2038 absoluti.
3070 1982 3281 2037 Deinde
3307 1996 3433 2036 vero
3462 1980 3606 2052 quod
3638 1981 3784 2035 inter
3810 1988 3934 2034 tan-

2338 2085 2449 2131 tam
2498 2076 2790 2131 hominum
2828 2076 3241 2132 multitudinem
3270 2076 3407 2131 adeo
3451 2075 3607 2147 pauci
3642 2082 3767 2130 sunt
3819 2074 3933 2146 epi-

2337 2170 2486 2240 scopi
2515 2178 2570 2225 et
2596 2170 2793 2240 amplae
2837 2171 3178 2242 singulorum
3222 2170 3491 2241 parochias
3523 2178 3583 2224 ut
3632 2169 3687 2224 in
3730 2169 3925 2241 subje-

2338 2266 2437 2319 ctis
2483 2264 2732 2337 plebibus
2784 2281 2973 2322 curam
3027 2265 3346 2337 episcopalis
3393 2263 3933 2320 ofﬁcii’nullatenus

2338 2359 2555 2430 exsequi
2592 2367 2689 2416 aut
2722 2360 2828 2415 rite
2868 2359 3247 2415 administrare
3296 2358 3528 2414 valeant.
3574 2361 3681 2414 Pro
3711 2357 3794 2413 his
3822 2358 3930 2431 igi-

2340 2461 2427 2507 tur
2454 2462 2509 2508 et
2548 2453 2668 2510 aliis
2685 2454 2887 2519 causis,
2936 2470 3072 2524 quas
3101 2454 3191 2509 hic
3218 2453 3461 2509 scribere
3485 2451 3792 2517 omisimus,
3826 2451 3931 2506 hos

2340 2548 2548 2619 legatos
2577 2547 2646 2602 ad
2686 2564 2781 2603 vos
2810 2548 3133 2613 direximus,
3180 2555 3451 2618 quatenus
3480 2545 3760 2601 vobiscum
3807 2560 3933 2616 per-

2338 2643 2579 2698 tractatis
2620 2643 2851 2715 negotiis
2895 2658 3017 2714 qua:
3064 2642 3135 2697 ad
3182 2641 3601 2698 ecclesiasticam
3647 2655 3839 2695 curam
3878 2648 3935 2695 et

2338 2736 2760 2794 aediﬁcationem
2790 2736 3038 2807 corporis
3085 2736 3290 2791 Christi
3332 2734 3504 2807 (quod
3548 2742 3629 2790 est
3684 2732 3930 2789 ﬁdelium

2340 2830 2714 2904 congregatio)
2756 2831 3027 2902 pertinere
3094 2830 3364 2896 videntur,
3412 2843 3535 2900 quae
3584 2826 3932 2883 emendanda

2338 2934 2491 2993 sunt,
2518 2935 2611 2981 aut
2656 2926 2755 2995 ipsi
2773 2925 2930 2997 juxta
2959 2932 3279 2979 sanctorum
3305 2928 3530 2979 Patrum
3554 2930 3756 2977 statuta
3784 2920 3929 2977 difﬁ-

2338 3019 2511 3085 niant,
2546 3025 2640 3073 aut
2692 3018 2853 3074 nobis
2896 3018 3216 3074 difﬁnienda
3259 3017 3520 3074 referant.
3572 3019 3683 3071 Eos
3719 3015 3933 3086 itaque,

635 3097 1045 3154 dissolutionem
1075 3106 1303 3151 terrenae
1333 3096 1683 3151 habitationis
1708 3104 1929 3163 nostrae,
1968 3098 2055 3152 cui
2086 3114 2227 3169 qno-
2262 3122 2307 3185 Ο
2338 3113 2480 3167 sicut
2511 3128 2631 3180 nos,
2671 3112 2870 3180 audite,
2904 3128 3182 3169 memores
3209 3111 3361 3185 quod
3387 3112 3443 3167 in
3484 3110 3746 3167 missione
3771 3111 3932 3167 disci.

636 3191 761 3247 tidie
806 3192 1048 3246 volentes
1076 3191 1437 3260 nolentesque
1478 3189 1873 3260 pr0pinquatis,
1901 3206 2003 3245 nec
2051 3192 2224 3246 multo

637 3292 758 3356 post
784 3285 838 3339 in
869 3298 1084 3338 vermes
1110 3291 1165 3337 et
1192 3283 1435 3337 cinerem
1462 3281 1769 3353 redigendi,
1801 3282 1917 3353 ejus
1958 3292 2225 3354 praestan-

634 3377 911 3432 tissimum
936 3385 1060 3432 ante
1075 3375 1391 3431 districtum
1416 3374 1669 3431 Judicem
1696 3376 2067 3447 patrocinium
2100 3394 2223 3433 sen-

635 3470 803 3526 tiatis.

706 3568 843 3619 Data
856 3566 1071 3633 Romae,
1091 3562 1310 3620 decimo
1327 3562 1561 3633 septimo
1584 3564 1708 3619 Kal.
1744 3563 1897 3632 Maii,
1926 3563 2223 3621 indictione

634 3656 844 3712 decima
862 3657 1043 3712 tertia.

1112 3752 1461 3806 EPISTOLA
1499 3752 1758 3806 LXXIII.

847 3856 928 3895 AD
971 3855 1331 3898 BOLESLAUH
1361 3858 1739 3901 POLONOBUM
1772 3857 2004 3901 DUCBM.

1228 3938 1413 4006 (Anno
1473 3939 1654 4005 1075.)

641 4029 982 4085 Commendat
1008 4029 1119 4098 ejus
1136 4045 1267 4097 erga
1294 4045 1353 4083 se
1377 4031 1791 4084 observantiam.
1823 4030 1998 4083 Mittit
2020 4027 2220 4096 legatos

700 4117 804 4171 pro
842 4104 1210 4171 episcopomm
1240 4102 1434 4166 causis,
1467 4104 1629 4169 quiet
1652 4105 1814 4170 pauci
1841 4106 2011 4165 erant,
2038 4106 2087 4153 et
2114 4116 2218 4153 me-

706 4173 1093 4239 tropolitanum
1124 4189 1227 4226 non
1264 4172 1548 4225 habebant.
1581 4175 1845 4226 Hortatur
1884 4178 1943 4225 ut
1973 4171 2098 4224 illos
2124 4172 2220 4225 ad-

696 4244 868 4310 juvet,
895 4244 1018 4296 bene
1045 4246 1209 4303 vitat,
1242 4248 1379 4297 recte
1406 4259 1459 4297 se
1486 4249 1636 4310 gerat
1655 4246 1713 4296 in
1742 4246 2001 4310 regimine
2024 4259 2136 4309 suo,
2170 4247 2220 4295 et

696 4316 954 4383 pecunias
983 4317 1099 4382 regi
1121 4318 1409 4370 Bassorum
1435 4316 1646 4369 ablatas
1664 4316 2021 4369 restituendus
2049 4319 2215 4366 curet.

705 4408 1056 4464 GBEGORIUS
1094 4408 1399 4481 episcopus,
1417 4424 1606 4463 servus
1640 4424 1919 4463 servorum
1956 4409 2081 4472 Dei,
2106 4409 2219 4462 B0—

2337 3208 2587 3277 pulorum
2633 3224 2728 3279 per
2770 3208 3133 3280 Evangelium
3188 3208 3403 3264 Veritas
3438 3206 3585 3263 dicat
3622 3223 3635 3259 :
3682 3207 3785 3273 Qui
3838 3222 3931 3260 vos

2334 3301 2512 3363 audit,
2531 3316 2612 3354 me
2623 3301 2788 3355 audit
2811 3320 2828 3369 ς
2852 3306 2903 3356 et
2916 3304 3013 3371 qui
3023 3318 3111 3357 vos
3122 3304 3344 3371 spernit,
3363 3316 3445 3355 me
3460 3300 3667 3370 spernit
3686 3298 3826 3367 (Luc.
3842 3304 3931 3365 ι).

2334 3394 2403 3445 Et
2430 3399 2493 3446 ut
2521 3390 2832 3447 fructuosus
2846 3393 2990 3463 apud
3023 3408 3120 3448 vos
3145 3408 3337 3449 cursus
3365 3390 3706 3462 fatigationis
3732 3405 3935 3445 eorum

2332 3484 2447 3551 ﬁat,
2496 3493 2715 3556 propter
2742 3487 3107 3543 reverentiam
3135 3486 3447 3557 apostolicae
3486 3484 3769 3555 legationis
3817 3501 3929 3556 qua

2330 3574 2653 3648 funguntur,
2706 3579 2943 3634 consiliis
2984 3588 3039 3635 et
3082 3580 3321 3651 benigno
3372 3577 3554 3633 favore
3596 3576 3805 3647 juvate.
3843 3578 3935 3632 De

2331 3680 2533 3728 caatero
2559 3673 2923 3729 admonemus
2960 3690 3057 3729 vos
3086 3681 3140 3730 et
3182 3673 3543 3729 exhortamur
3572 3671 3629 3726 in
3663 3672 3931 3744 Domino,

2331 3772 2392 3820 ut
2438 3764 2585 3821 diem
2640 3767 2898 3823 ultimum
2956 3767 3078 3824 vitae
3136 3776 3365 3836 vestrae,
3427 3784 3594 3839 quem
3661 3767 3935 3839 ignoratis

2329 3858 2547 3928 quando
2576 3858 2778 3928 veniat,
2820 3868 2875 3915 et
2898 3868 3163 3918 terrorem
3192 3861 3359 3917 futuri
3378 3861 3567 3933 judicii
3602 3876 3821 3932 semper
3839 3876 3935 3916 co-

2329 3964 2448 4005 ram
2488 3950 2663 4006 oculis
2693 3951 2977 4017 habentes,
3022 3954 3375 4010 commissam
3411 3954 3562 4011 vobis
3590 3962 3931 4026 potestatem

2327 4044 2559 4100 sollicita
2588 4053 2643 4100 et
2684 4049 2801 4102 Deo
2832 4047 3027 4117 placita
3056 4047 3531 4103 administratione
3574 4062 3765 4119 gerere
3802 4056 3931 4102 stu-

2326 4134 2515 4200 deatis,
2556 4146 2921 4209 praeparantes
2952 4139 3105 4195 vobis
3131 4139 3347 4195 divitias
3375 4140 3429 4195 in
3476 4139 3732 4211 operibus
3762 4138 3933 4195 bonis

2328 4237 2383 4282 et
2417 4228 2852 4287 thezaurizantes
2894 4232 3120 4289 ﬁrmum
3178 4242 3232 4289 et
3261 4233 3549 4289 immobile
3588 4233 3931 4290 fundamen-

2329 4328 2470 4388 tum,
2500 4331 2560 4377 ut
2589 4323 2753 4378 vitam
2801 4333 3061 4381 zeternam
3090 4326 3429 4397 possideatis.
3469 4327 3616 4382 Scire
3653 4328 3803 4381 enim
3840 4327 3937 4383 de-

2328 4414 2466 4469 betis
2495 4418 2758 4487 quoniam
2794 4434 3060 4490 supernus
3098 4420 3317 4475 Arbiter
3345 4436 3471 4492 qua:
3500 4420 3654 4475 vobis
3683 4420 3928 4475 commi-

633 4515 863 4557 LEsuo
887 4501 1008 4557 duci
1042 4502 1375 4556 Polonorum
1398 4504 1562 4567 (378).
1596 4500 1825 4555 salutem
1856 4509 1911 4555 et
1958 4500 2215 4571 apostoli-
2247 4506 2295 4566 D
2323 4506 2391 4561 sit
2420 4508 2727 4581 irrequisita
2772 4527 2887 4567 non
2935 4514 3241 4585 relinquet;
3283 4514 3372 4570 cui
3421 4522 3576 4569 tanto
3610 4513 3933 4569 districtius

631 4611 753 4649 cam
794 4594 1250 4650 benedictionem.

702 4688 978 4759 Quoniam
1010 4688 1203 4755 honor,
1233 4687 1324 4759 qui
1365 4687 1630 4744 ministris
1660 4694 1714 4743 et
1743 4686 2221 4759 dispensatoribus

633 4779 943 4847 exhibetur,
974 4780 1044 4835 ad
1073 4782 1430 4836 reverentiam
1454 4780 1806 4837 dominorum
1842 4781 2120 4853 propriam
2140 4787 2219 4834 at-

632 4872 804 4927 tinere
846 4872 1204 4944 dignoscitur,
1254 4874 1438 4944 procul
1470 4874 1635 4930 dubio
1682 4884 1961 4945 gratanter
2001 4882 2055 4931 et
2089 4888 2215 4930 cum

629 4966 800 5020 multa
827 4964 1114 5020 dilectione
1139 4966 1573 5022 ministrantium
1600 4968 1755 5024 labor
1781 4968 2070 5041 ofﬁciaque
2092 4983 2217 5025 sus-

630 5054 921 5126 cipiuntur,
971 5054 1041 5110 ab
1068 5054 1153 5109 his
1180 5054 1303 5111 dico
1346 5056 1437 5127 qui
1474 5058 1828 5128 praelatorum
1870 5073 2125 5130 personas
2162 5067 2249 5123 et,

627 5142 1005 5199 auctoritatem
1024 5159 1087 5199 ex
1104 5144 1268 5199 corde
1292 5144 1517 5215 diligere
1543 5149 1987 5219 comprobantur.
2022 5150 2083 5203 In
2112 5147 2214 5203 hoc

627 5240 808 5287 autem
838 5233 1219 5304 cognoscimus
1257 5232 1402 5305 quod
1428 5236 1740 5291 excellentia
1788 5246 1965 5293 vestra
1993 5237 2211 5293 beatum

516 5308 532 5326 “
628 5323 844 5376 Petrum
888 5322 1263 5393 apostolorum
1316 5324 1618 5397 principem
1664 5328 1892 5383 sinceris
1921 5320 2212 5383 affectibus

626 5408 817 5481 diligit,
844 5418 897 5465 et
921 5410 988 5466 ad
1014 5412 1368 5467 reverentiam
1416 5413 1530 5484 ejus
1560 5414 1769 5470 ardenti
1798 5416 1988 5485 spiritu
2016 5416 2208 5471 dilata-

622 5506 730 5560 tur,
764 5499 1027 5567 quoniam
1058 5500 1294 5571 gratuita
1326 5501 1613 5557 devotione
1645 5504 1836 5559 vestris
1888 5521 2014 5560 eum
2057 5507 2209 5561 obla-

621 5586 865 5642 tionibus
910 5586 1263 5658 honorantes,
1314 5590 1619 5646 debitorem
1649 5592 1810 5647 vobis
1858 5592 1975 5648 ﬁeri
2004 5593 2211 5650 deside-

621 5674 800 5741 rastis,
823 5684 878 5731 et
902 5676 1041 5731 sicut
1072 5677 1127 5731 in
1153 5677 1394 5733 Domino
1419 5679 1771 5747 conﬁdimus,
1805 5682 2205 5751 promeruistis.

2328 4607 2641 4675 responsuri
2683 4606 2814 4663 estis
2840 4596 3042 4679 quanto
3082 4610 3349 4680 ampliora
3389 4618 3519 4665 sunt
3534 4609 3659 4681 jura
3689 4616 3744 4664 et
3766 4608 3929 4681 judi-

2326 4696 2540 4752 ciorum
2566 4698 2938 4755 moderamina
2970 4717 3093 4773 quae
3116 4703 3336 4757 tenetis.
3364 4705 3515 4758 Deus
3544 4710 3729 4758 autem
3748 4702 3935 4759 omni-

2324 4797 2538 4860 potens,
2580 4792 2734 4859 cujus
2758 4793 3011 4865 majestas
3049 4804 3131 4851 est
3171 4812 3333 4868 super
3360 4812 3551 4853 omnes
3579 4796 3933 4869 principatus

2327 4892 2380 4938 et
2395 4901 2584 4958 regna,
2610 4886 2808 4960 dirigat
2842 4905 2938 4945 cor
2960 4898 3017 4946 et
3042 4898 3194 4948 actus
3230 4901 3442 4949 vestros
3468 4892 3539 4948 ad
3585 4907 3750 4949 omne
3777 4907 3931 4963 opus

2322 4973 2532 5030 bonum
2560 4976 2619 5031 in
2639 4978 2787 5032 omni
2811 4978 3094 5048 prudentia
3120 4988 3173 5035 et
3201 4982 3593 5037 exercitatione
3628 4980 3928 5049 virtutum,

2320 5072 2611 5135 quatenus,
2663 5068 2875 5137 expleto
2905 5084 3069 5123 cursu
3104 5069 3265 5140 hujus
3294 5070 3514 5126 lubrica!
3541 5079 3595 5125 et
3624 5069 3733 5125 cito
3775 5071 3927 5140 peri-

2318 5159 2457 5209 tura:
2504 5153 2658 5221 lucis,
2713 5155 2998 5211 beatorum
3048 5159 3190 5213 Petri
3245 5168 3301 5214 et
3336 5160 3488 5216 Pauli
3534 5158 3926 5230 apostolorum

2318 5242 2621 5313 principum
2661 5244 2870 5299 meritis
2903 5254 2957 5299 et
3000 5244 3477 5303 intercessionibus
3521 5248 3591 5302 ad
3632 5262 3823 5301 veram
3867 5256 3930 5303 et

2318 5331 2702 5400 sempiternam
2740 5332 2972 5401 gloriam
3000 5336 3282 5404 pervenire
3315 5335 3671 5401 mereamini;
3706 5335 3924 5407 detque

2317 5418 2489 5484 vobis,
2520 5419 2737 5475 devicta
2780 5437 2875 5492 per
2898 5426 3091 5479 Jesum
3140 5425 3422 5480 Christum
3462 5425 3769 5480 Dominum
3810 5440 3918 5480 no-

2312 5506 2861 5564 struminimicorum
2881 5519 3191 5567 vestrorum
3206 5513 3482 5584 superbia,
3514 5514 3661 5585 pacis
3692 5521 3747 5569 et
3766 5521 3925 5569 tran-

2315 5594 2596 5664 quillitatis
2626 5597 2847 5667 gaudia,
2886 5608 2946 5654 ut
2985 5616 3049 5654 ex
3083 5600 3241 5655 donis
3274 5617 3491 5673 quoque
3547 5602 3928 5673 praesentibus

2319 5686 2663 5755 cognoscatis
2697 5687 2878 5743 futura
2910 5698 3120 5759 quanto
3145 5690 3257 5745 sint
3298 5691 3563 5748 desiderio
3583 5692 3925 5763 appetenda.

689 5805 833 5865 (378)
867 5803 950 5857 De
977 5800 1314 5857 Polonorum
1351 5803 1488 5860 duce
1508 5803 1791 5859 Lambert.
1815 5815 1870 5860 et
1897 5807 2195 5869 Bertbold.,
2240 5824 2327 5863 an.
2372 5814 2532 5863 1077.
