4074 6172
258 284 345 338 iis
1146 242 1149 245 λ
1293 286 1492 343 LIBER
1528 287 1894 345 SECUNDUS.
1936 320 2004 329 —
2042 290 2248 346 EPIST.
2293 289 2478 346 Lxxv.
2790 350 2793 351 ί
3430 300 3533 356 tes

254 407 370 476 Quin
388 406 654 463 nimirum
677 406 722 463 si
749 422 848 463 vos
871 407 1163 476 delectant,
1189 409 1331 466 inter
1358 412 1547 468 omnia
1566 412 1831 470 servanda
1856 419 1912 482 Α
1937 414 2296 487 permittatis,
2323 415 2420 472 sed
2448 416 2629 487 potius
2654 432 2749 473 eos
2775 418 2986 475 sincera
3010 419 3271 478 charitate
3298 420 3534 480 favendo

254 499 391 555 vobis
435 507 521 555 est
563 500 820 569 cbaritas,
864 516 1028 573 quam
1071 503 1237 573 (quod
1284 503 1435 559 inviti
1477 504 1730 572 dicimus)
1772 506 1832 561 in
1936 507 2155 579 juvetis.
2183 509 2551 580 Omnipotens
2570 514 2718 566 Deus
2745 519 2963 568 mentes
2991 523 3200 570 vestras
3228 515 3534 588 illuminet,

252 592 491 661 pecunia,
537 609 706 664 quam
750 594 864 666 regi
904 597 1213 652 Russorum
1251 597 1563 667 abstulistis,
1612 598 1837 654 violasse
1943 609 2104 670 atque
2152 617 2247 672 per
2294 603 2613 674 temporalia
2656 604 3005 662 bonafaciat
3048 623 3145 663 vos
3190 609 3426 664 transire
3469 608 3536 665 ad

250 684 517 740 videmini.
576 689 918 759 Quapropter
966 688 1317 745 condolentes
1374 690 1551 757 vobis,
1600 691 1839 747 multum
1942 691 2173 764 gloriam
2194 696 2602 765 sempiternam.

252 793 337 834 vos
367 794 628 851 rogamus
654 787 710 836 et
752 779 1134 850 admonemus,
1180 791 1238 838 ut
1268 798 1370 854 pro
1414 800 1602 839 amore
1634 784 1739 839 Dei
1785 791 1840 840 et
2015 787 2155 841 Data
2174 789 2392 857 Romae,
2414 804 2497 844 xv
2524 790 2803 848 Kalendas
2827 793 2979 865 Maii,
3012 791 3307 850 indictione
3327 791 3540 850 decima

248 870 407 927 sancti
430 872 577 927 Petri
600 870 869 944 quidquid
890 872 996 929 sibi
1042 890 1072 929 a
1099 875 1250 931 vobis
1275 876 1355 931 vel
1382 877 1571 933 vestris
1594 876 1840 933 ablatum
1945 878 2129 936 tertia.

250 971 324 1020 est
362 965 573 1021 restitui
610 964 842 1033 faciatis,
894 982 1008 1022 non
1060 968 1380 1040 ignorantes
1433 971 1696 1041 quoniam
1748 969 1843 1041 qui
2445 986 2787 1043 EPISTOLA
2812 989 3045 1045 LXXV.

247 1057 470 1113 aliorum
500 1058 645 1114 bona
688 1059 885 1131 injuste
912 1059 1191 1131 auferunt,
1222 1062 1321 1117 nisi
1357 1062 1768 1118 emendaverint
1794 1062 1840 1119 si
2230 1098 2313 1140 ΑΒ
2355 1100 2633 1142 smmum
2672 1101 2886 1143 “mm
2934 1102 3256 1145 Iunonum.

249 1150 537 1255 emendare
581 1152 841 1261 poterint,
889 1153 1197 1210 nullatenus
1241 1154 1297 1209 in
1341 1170 1510 1227 regno
1552 1154 1752 1211 Christi
1789 1164 1846 1212 et
2543 1193 2730 1255 (Anno
2773 1190 2951 1261 1075).

249 1247 346 1347 D.“
370 1252 582 1316 partem
609 1244 811 1350 hab?”
833 1245 1089 1351 credendi,
1119 1255 1267 1351 {mnt'
1313 1250 1433 1302 Hoc
1462 1255 1648 1304 autem
1683 1264 1847 1353 a_v°'
1956 1289 2209 1354 Queritur
2252 1292 2317 1345 de
2358 1294 2667 1361 principum
2704 1294 3063 1347 inobedientia
3095 1308 3223 1361 erga
3251 1298 3543 1350 Romanam

246 1336 324 1393 bis
357 1336 556 1393 eadem
584 1338 868 1393 charitate.
902 1355 1009 1393 nua
1036 1340 1293 1393 dicimus.
1326 1356 1423 1393 oro
1451 1342 1625 1393 salute
1650 1356 1846 1393 anima:
2035 1362 2305 1393 υηηιηοο-ηη
2376 1365 2718 1393 ρηηηηηηηληι
2749 1381 2861 1393 ω...
2905 1366 2967 1393 λη
3008 1366 3185 1393 an“...
3225 1381 3346 1393 mw.
3377 1365 3543 1393 “4......

281 1337 324 1392 is
357 1336 556 1393 eadem
584 1338 868 1406 charitate,
902 1355 1009 1411 qua
1036 1339 1293 1409 dicimus,
1324 1356 1423 1413 pro
1451 1342 1625 1397 salute
1650 1342 1846 1397 anima:

1958 1336 1992 1354 κ
2026 1362 2329 1415 Ecclesium.
2358 1336 2718 1419 rComm‘endat
2747 1381 2864 1419 eum
2902 1366 2967 1419 de
3005 1336 3189 1419 debita
3223 1381 3348 1431 erga
3375 1365 3545 1420 sedem

249 1438 441 1487 vestra:
461 1431 627 1502 recipi
647 1432 1100 1503 concupiscimus.
2009 1433 2355 1500 apostolicam
2382 1435 2736 1490 observantia.
2762 1438 2826 1491 Se
2850 1440 3109 1505 paratum
3138 1434 3370 1489 ostendit
3400 1435 3472 1487 ad
3506 1436 3556 1487 ei

311 1527 453 1579 Data
495 1527 714 1592 Romae,
746 1526 977 1597 septimo
1018 1529 1150 1595 [xu]
1187 1526 1473 1585 Kalendas
1510 1529 1664 1597 Maii,
1714 1527 1851 1585 indi-

311 1632 422 1648 ηιμ,
452 1616 659 1648 Λωῖηνι
694 1618 850 1648 θηκιὲιι

2030 1505 2465 1571 gratiﬁcandum;
2490 1508 2732 1576 petitque
2761 1512 2819 1560 ut
2854 1524 2952 1576 per
2980 1509 3173 1575 legatos
3192 1508 3298 1560 sibi
3341 1507 3556 1573 signiﬁ-

2030 1580 2108 1648 cet
2150 1592 2221 1629 an
2249 1592 2387 1648 nunc
2416 1578 2597 1630 eadem
2640 1580 2768 1632 velit
2807 1595 2925 1648 qua:
2968 1596 3003 1632 a
3040 1579 3419 1648 praedecessore
3456 1590 3552 1629 suo

251 1617 423 1673 ctione
450 1616 661 1673 decima
694 1596 873 1673 tertia.
1654 1596 1657 1597 ν

1654 1596 1657 1597 ν
2030 1596 2107 1627 cet
2150 1596 2221 1629 an
2249 1596 2387 1629 nunc
2416 1596 2597 1630 eaaem
2640 1596 2768 1632 vent
2807 1596 2838 1648 q

2031 1647 2348 1701 Alemandro
2388 1649 2771 1716 postulaverat.

716 1734 1061 1791 EPISTULA
1100 1737 1364 1793 LXXIV.
1867 1791 1919 1854 Β
2011 1748 2363 1805 Gneaonws
2385 1750 2696 1821 episcopus,
2727 1766 2914 1806 servus
2942 1766 3229 1806 servorum
3256 1749 3363 1804 Dei
3397 1751 3540 1804 SUB-

478 1859 566 1902 AD
605 1861 984 1903 υιςιιιτιιιωί
1022 1862 1229 1904 necem
1272 1862 1618 1905 nassonem.
1868 1842 1917 1854 "
1944 1844 2401 1911 NIO[SU8NONI],
2427 1844 2538 1916 regi
2558 1845 3108 1911 Danorum,salutem
3126 1842 3550 1914 etapostolicam

849 1958 1034 2021 (Anno
1068 1961 1250 2023 1075,)
1967 1936 2429 1992 benedictionem.

261 2062 449 2121 Son-bu
501 2066 708 2119 Hum-CB
763 2080 986 2133 regnum
1040 2080 1228 2118 eorum
1282 2080 1536 2120 consensu
1581 2066 1859 2120 accedente
2038 2039 2199 2110 Apud
2227 2049 2597 2095 antecessores
2635 2048 2853 2096 nostros
2889 2040 3030 2113 juris
3059 2048 3114 2095 et
3143 2038 3561 2096 consuetudinis

320 2150 498 2189 eorum
528 2136 640 2203 ﬁlio
681 2152 736 2189 se
772 2132 1070 2190 tradidisse
1083 2155 1099 2202 ,-
1133 2137 1473 2206 ipsorumque
1508 2138 1858 2205 petitionibus
1968 2141 2089 2187 erat
2116 2133 2455 2188 charitativis
2481 2133 2845 2206 legationibus
2888 2133 3083 2189 docere
3134 2134 3278 2193 viam
3330 2132 3561 2187 Domini

319 2222 370 2261 se
388 2211 652 2303 paran
680 2207 937 2263 ostendit.
972 2208 1135 2275 Rogat
1156 2211 1218 2261 ut
1249 2221 1374 2263 suos
1404 2209 1603 2277 legatos
1638 2208 1858 2277 benigne

2021 2227 2251 2281 niversas
2298 2227 2571 2293 nationes,
2604 2227 2877 2297 corripere
2918 2227 2974 2281 in
3004 2226 3088 2281 his
3131 2243 3256 2297 quae
3287 2226 3563 2297 arguenda
3628 2298 3630 2302 .

321 2284 618 2392 ξπδΡιαπλ
768 2386 778 2392 _
1452 2300 1453 2303 “
1517 2389 1553 2392 _
1605 2388 1614 2392 _
1667 2391 1686 2392 η
1969 2328 2129 2375 erant
2156 2336 2353 2375 omnes
2376 2336 2533 2392 reges
2556 2327 2609 2375 et
2634 2320 2927 2391 principes,
2953 2327 3009 2374 et
3036 2318 3104 2374 ad
3132 2328 3401 2374 aeternam
3434 2320 3564 2375 bea-

323 2386 1005 2485 δλεθοξηυδθρίξθθνυδν
1023 2388 1642 2485 δθτνυθδθτνΨυωΒθῘ»
1658 2391 1866 2485 Ψίξίν
1967 2413 2265 2468 titudinem
2286 2421 2514 2469 cunctos
2542 2413 2773 2468 invitare
2797 2413 3059 2485 legalibus
3079 2410 3405 2483 disciplinis.
3434 2413 3562 2468 Plus

261 2494 391 2537 raro
445 2480 563 2551 regi
594 2484 739 2545 {379)
787 2482 1103 2536 Russorum
1149 2489 1203 2536 et
1248 2482 1455 2553 reginae
1502 2483 1671 2537 uxori
1720 2483 1863 2554 ejus,

1969 2507 2118 2560 enim
2148 2515 2422 2562 terrarum
2477 2508 2560 2562 lex
2601 2509 2990 2578 Romanorum
3041 2506 3364 2576 pontiﬁcum
3394 2521 3557 2576 quam

261 2574 484 2629 salutem
523 2581 580 2628 et
620 2573 979 2645 apostolicam
1008 2573 1473 2630 benedictionem.

1968 2600 2364 2670 imperatorum
2382 2599 2648 2654 obtinuit.
2682 2603 2742 2655 In
2763 2616 2965 2654 omnem
2990 2604 3193 2653 terram
3213 2602 3381 2653 exivit
3404 2615 3560 2655 sonus

320 2679 497 2734 Filius
524 2685 723 2746 vester,
756 2676 949 2732 limina
979 2677 1359 2749 apostolorum
1380 2678 1631 2744 visitans,
1662 2674 1733 2732 ad
1756 2690 1865 2733 nos
1972 2708 2149 2747 eorum
2174 2694 2341 2759 (Ρεαι,
2396 2707 2581 2760 χνιιι,
2629 2694 2704 2764 5);
2744 2702 2798 2747 ει
2821 2692 3025 2764 quibus
3050 2692 3341 2763 imperavit
3369 2697 3557 2763 Aug“-

258 2772 423 2840 Venit,
458 2779 516 2827 εἴ
553 2769 702 2842 (ἰυοά
746 2786 979 2843 regnum
1016 2770 1153 2826 ίιιυά
1196 2770 1343 2827 dono
1382 2772 1563 2826 sane“
1592 2770 1737 2825 Ρθῖΐί
1770 2786 1868 2841 Per
1973 2791 2109 2851 stus,
2151 2785 2433 2855 imperavit
2463 2786 2727 2840 Christus.
2762 2788 2921 2839 Nunc
2952 2801 3077 2839 vero
3108 2800 3265 2854 reges
3293 2792 3349 2838 et
3374 2782 3561 2855 praesi-

257 2881 454 2921 manus
494 2873 717 2919 nostras
757 2864 919 2919 vellet
941 2864 1215 2932 obtinere,
1264 2861 1446 2919 eidem
1496 2864 1654 2919 beato
1707 2864 1866 2921 Petro

1972 2877 2070 2933 des
2093 2886 2253 2932 terra;
2294 2885 2699 2947 contemptores
2726 2878 2853 2931 facti
2880 2878 3254 2933 ecclesiasticae
3282 2878 3433 2948 legis,
3466 2876 3559 2945 qui

256 2959 636 3031 apostolorum
679 2958 919 3029 principi
947 2956 1132 3013 debita
1161 2957 1422 3013 ﬁdelitate
1454 2956 1722 3024 exhibita,
1768 2956 1865 3011 den

1975 2969 2206 3038 amplius
2250 2970 2517 3040 justitiam
2546 2985 2760 3023 servare
2786 2978 2841 3043 et
2861 2986 2981 3024 eam
3031 2970 3329 3025 defendere
3360 2968 3562 3024 debue—

256 3054 393 3109 votis
447 3052 705 3124 precibus
753 3051 1071 3123 postulavit,
1122 3051 1501 3106 indubitanter
1552 3063 1865 3104 asseverans

1977 3071 2101 3117 rant
2136 3063 2204 3118 ad
2233 3071 2315 3118 tot
2356 3063 2673 3137 irrogandas
2708 3063 2959 3117 Ecclesiae
2989 3063 3353 3117 contumelias
3378 3077 3568 3117 conve-

258 3148 401 3202 illam
438 3162 597 3202 suam
628 3146 956 3217 petitionem
990 3153 1171 3202 vestro
1208 3161 1481 3201 consensu
1522 3152 1699 3199 ratam
1743 3141 1873 3198 fore
1936 3218 1939 3221 _
1978 3166 2175 3211 net-um
2200 3164 2362 3227 atque
2391 3157 2461 3212 ad
2486 3155 3164 3221 wntaminobediemiam’
3192 3172 3335 3226 quae,
3367 3170 3567 3209 secun-

258 3260 314 3298 ac
334 3242 619 3307 stabilem,
648 3243 694 3296 si
723 3242 1038 3313 apostolicae
1064 3243 1412 3298 auctoritatis
1441 3241 1609 3313 gratia
1643 3254 1706 3295 ac
1737 3254 1830 3293 mu
1885 3239 1939 3311 α
1967 3248 2099 3304 dum
2157 3250 2486 3315 samuelem,
2538 3250 2730 3304 simius
2797 3259 2881 3303 est
2941 3248 3258 3304 ίάοιοιδινῑω
3314 3246 3571 3304 devoluti

259 3336 472 3391 nimine
508 3334 829 3391 donaretur.
862 3335 1032 3406 Cujus
1060 3337 1203 3390 votis
1231 3344 1285 3390 et
1314 3334 1694 3407 petitionibus,
1724 3331 1850 3403 quia

1968 3351 2108 3410 sunt,
2130 3352 2191 3398 ut
2212 3342 2327 3398 fere
2354 3344 2473 3413 jam
2502 3343 2913 3414 quiescentibus
2938 3343 3304 3415 legationibus
3337 3342 3577 3426 nostris,

252 3430 391 3499 ἱυδῖδ
435 3426 765 3483 Videbantur
791 3437 912 3483 tum
959 3441 1026 3483 9X
1069 3444 1343 3484 00115811311
1384 3438 1587 3495 Vestro.
1633 3436 1755 3482 tum
1785 3442 1852 3481 ex
1958 3436 2218 3508 quoniam
2259 3451 2395 3508 pene
2449 3436 2570 3490 sine
2617 3434 2799 3490 fructu
2840 3436 3110 3502 videntur,
3158 3435 3318 3490 verba
3372 3443 3564 3489 nostra

261 3520 556 3578 devotione
582 3522 883 3593 poscentis,
923 3521 1150 3577 tandem
1181 3537 1465 3578 assensum
1500 3522 1854 3594 praebuimus,
1960 3528 2344 3585 tantummodo
2370 3529 2578 3585 orando
2606 3538 2989 3584 convertemus
3023 3528 3093 3584 ad
3122 3528 3424 3583 Dominum
3468 3541 3556 3582 re-

261 3625 311 3673 et
338 3617 497 3688 regni
528 3617 692 3671 vestri
722 3616 1087 3688 gubernacula
1122 3617 1227 3671 sibi
1253 3631 1318 3671 ex
1357 3624 1508 3688 parte
1533 3615 1672 3671 beati
1712 3615 1855 3671 Petri
1959 3640 2086 3697 gum
2120 3633 2175 3679 et
2202 3604 2386 3677 Deum
2414 3622 2708 3677 ῃιιίοηωη,
2738 3622 2841 3677 Sed
2859 3623 2988 3693 quia
3019 3621 3221 3677 scimus
3249 3630 3324 3686 te,
3354 3629 3410 3675 et
3433 3618 3549 3675 for-

260 3710 620 3777 tradidimus,
654 3724 715 3765 ea
744 3709 998 3765 videlicet
1034 3710 1345 3765 intentione
1386 3717 1552 3782 atque
1588 3709 1857 3766 desiderio
1961 3718 2236 3771 tissimam
2252 3724 2476 3787 gentem
2489 3722 2660 3779 tuam,
2683 3730 2805 3786 qua!
2833 3713 2985 3770 freno
3002 3713 3286 3786 sapientia:
3308 3722 3415 3769 tuae
3437 3729 3563 3768 mo-

263 3802 550 3858 charitatis
578 3810 642 3858 ut
676 3802 870 3858 beatus
908 3806 1107 3859 Petrus
1136 3819 1231 3858 vos
1258 3811 1315 3858 et
1354 3817 1587 3872 regnum
1615 3811 1860 3858 vestrum
1962 3810 2203 3877 deratur,
2224 3809 2367 3863 circa
2390 3817 2624 3863 matrem
2645 3808 2895 3863 omnium
2917 3808 3287 3863 Ecclesiarum
3313 3806 3555 3880 debitam

265 3896 565 3967 omniaque
609 3896 960 3966 vestra_bona
983 3913 1080 3952 sua
1107 3896 1251 3968 apud
1271 3899 1446 3952 Deum
1473 3897 1863 3954 intercessione
1967 3903 2327 3960 reverentiam
2350 3902 2602 3958 exhibere
2622 3918 2743 3973 quae
2769 3909 2926 3956 tanto
2963 3908 3046 3955 est
3070 3901 3233 3957 beato
3270 3904 3436 3956 Petro
3463 3900 3561 3953 hu-

265 3990 565 4055 custodiat,
597 3997 652 4044 et
678 4004 803 4045 cum
832 3989 985 4045 omni
1009 4005 1161 4061 pace,
1201 3989 1655 4062 honorequoque
1677 3999 1731 4045 et
1756 3992 1867 4062 glo-
1930 3978 1935 3984 ’
1970 3997 2157 4052 milior
2175 4002 2385 4067 quanto
2417 3996 2473 4049 in
2496 3993 2825 4050 fortitudine
2852 4012 2949 4049 sua
2972 3994 3282 4049 sublimior.
3312 3994 3443 4050 Ideo
3465 3992 3568 4048 tibi

263 4085 342 4138 ria
370 4083 525 4139 idem
550 4099 785 4154 regnum
818 4100 992 4157 usque
1019 4084 1079 4139 in
1109 4085 1279 4139 ﬁnem
1306 4085 1433 4140 vitae
1461 4093 1657 4140 vestrae
1683 4093 1869 4141 tenere
1972 4089 2331 4146 dilectissimo
2368 4089 2479 4145 ﬁlio
2508 4097 2700 4144 nostro
2730 4088 2941 4144 litteras
2970 4089 3248 4143 mittimus
3278 4095 3443 4160 atque
3473 4103 3576 4158 pa-

265 4193 362 4232 vos
400 4175 595 4243 faciat,
642 4184 697 4233 et
737 4176 904 4249 hujus
944 4179 1160 4234 militia:
1208 4178 1370 4233 ﬁnito
1411 4195 1574 4234 cursu
1612 4180 1872 4250 impetret
1976 4192 2133 4239 terna
2180 4183 2470 4239 affectione
2518 4182 2871 4249 mandamus,
2923 4190 2984 4236 ut
3013 4182 3057 4235 si
3105 4182 3239 4253 quid
3278 4189 3380 4249 est,
3416 4180 3565 4236 unde

266 4271 426 4326 vobis
457 4270 607 4341 apud
638 4286 934 4341 supernum
963 4275 1173 4345 Regem
1201 4273 1430 4345 gloriam
1461 4274 1870 4345 sempiternam.
1982 4277 2217 4347 indiges,
2248 4276 2395 4347 quod
2440 4277 2740 4331 auctoritas
2782 4279 3059 4331 Romanae
3104 4274 3360 4330 Ecclesia
3401 4275 3577 4345 possit

268 4365 418 4433 Quin
445 4364 620 4419 etiam
644 4378 747 4417 nos
773 4365 1149 4434 paratissimos
1168 4381 1286 4421 esse
1311 4366 1526 4422 noverit
1551 4374 1746 4422 vestrae
1772 4383 1877 4422 no-
1982 4369 2083 4424 tibi
2108 4370 2257 4441 juste
2287 4368 2496 4439 largiri,
2528 4385 2625 4439 per
2652 4370 2881 4423 nuntios
2908 4376 3055 4434 tuos,
3100 4376 3154 4422 et
3192 4384 3287 4438 per
3313 4366 3414 4421 hos
3441 4382 3579 4437 quos

268 4457 504 4513 bilitatis
550 4458 835 4523 serenitas,
885 4466 945 4513 ut
979 4458 1047 4515 ad
1088 4475 1429 4533 quaecunque
1468 4463 1616 4533 justa
1657 4463 1878 4535 negotia
1986 4478 2137 4518 nunc
2175 4462 2472 4530 mittimus,
2512 4462 2672 4517 nobis
2716 4469 2914 4515 notum
2952 4459 3140 4525 facias,
3185 4466 3481 4529 quatenus,
3520 4459 3582 4513 in

268 4549 434 4623 hujus
464 4551 623 4607 sedis
646 4552 1030 4609 auctoritatem
1050 4570 1149 4624 pro
1170 4569 1265 4610 sua
1290 4554 1613 4611 necessitate
1633 4556 1873 4628 petierit,
1912 4621 1950 4630 _
1989 4564 2262 4630 quantum
2288 4554 2371 4612 fas
2398 4565 2500 4623 est,
2533 4564 2587 4611 te
2616 4555 2973 4620 honoremus,
3003 4561 3058 4608 et
3083 4551 3406 4623 przedictam
3434 4567 3582 4607 reve-

273 4647 467 4717 procul
514 4645 683 4703 dubio
712 4649 1005 4716 ,continuo
1051 4648 1383 4720 petitionum
1421 4666 1649 4707 suarum
1689 4667 1879 4708 conse-
1907 4621 1962 4688 D
1983 4651 2228 4707 rentiam
2246 4648 2579 4705 nobilissimi
2608 4647 2764 4720 regni
2794 4647 2876 4701 tui
2906 4646 3107 4702 merita
3127 4644 3399 4717 dignitate
3419 4644 3587 4701 done-

278 4749 485 4812 quetur
514 4736 797 4796 effectum.
825 4743 1091 4798 Praeterea
1111 4751 1172 4797 ut
1201 4741 1319 4799 haec
1348 4751 1404 4798 et
1430 4743 1537 4801 alia
1568 4744 1736 4802 multa
1755 4761 1878 4818 quae
1984 4762 2127 4801 mus.
2176 4745 2392 4799 Bonam
2432 4740 2584 4797 enim
2625 4744 2837 4797 tamam
2876 4740 2943 4796 de
2982 4749 3037 4795 te
3069 4741 3406 4811 accepimus,
3461 4756 3585 4811 quae

281 4835 482 4890 litteris
533 4851 649 4890 non
702 4836 1055 4891 continentur
1104 4835 1362 4893 cordibus
1434 4838 1624 4895 vestris
1676 4840 1878 4896 arctius
1986 4836 2239 4909 precibus
2267 4836 2413 4892 beati
2450 4835 2597 4890 Petri
2632 4844 2686 4889 et
2713 4834 2867 4890 Pauli
2914 4849 3201 4906 nunquam
3248 4843 3304 4889 te
3344 4832 3585 4902 deserat,

283 4926 607 4999 inﬁgantur,
648 4929 904 4984 misimus
950 4928 1050 4984 hos
1098 4931 1328 4987 nuntios
1374 4940 1616 4999 nostros,
1647 4949 1884 5005 quorum
1990 4932 2106 4987 imo
2143 4931 2212 4986 ad
2258 4930 2492 5001 gloriam
2536 4929 2822 4999 utriusque
2876 4928 3000 4983 vitm
3046 4926 3466 4999 capessendam,
3523 4936 3587 4983 ut

289 5036 431 5077 unus
450 5029 631 5076 vester
656 5030 824 5078 notus
860 5031 941 5078 est
966 5030 1021 5077 et
1046 5022 1189 5079 ﬁdus
1218 5025 1445 5093 amicus,
1474 5025 1568 5097 qui
1597 5034 1652 5081 et
1672 5042 1732 5081 ea
1763 5042 1886 5097 qua:
1993 5024 2391 5090 desideramus,
2438 5023 2750 5078 cumuletur
2800 5037 3017 5093 semper
3066 5030 3121 5077 et
3165 5030 3390 5077 crescat.
3446 5022 3589 5090 Quia

294 5113 349 5167 in
372 5113 564 5171 litteris
587 5122 714 5170 sunt
738 5114 1022 5187 diligenter
1046 5116 1199 5173 vobis
1222 5125 1520 5188 exponent,
1544 5126 1601 5174 et
1628 5134 1752 5190 quae
1781 5120 1890 5174 mi-
1994 5135 2120 5175 vero
2162 5118 2306 5189 apud
2346 5125 2755 5172 antecessorem
2794 5123 3049 5171 nostrum
3087 5116 3261 5173 beatae
3302 5114 3591 5170 memoriae

300 5221 400 5261 nus
425 5216 552 5263 sunt
571 5209 690 5263 viva
719 5224 851 5264 voce
878 5210 1196 5281 explebunt.
1226 5210 1440 5278 Quibus
1464 5227 1561 5282 pro
1590 5212 1890 5269 reverentia
1995 5211 2368 5268 Alexandrum
2397 5211 2649 5281 quaedam
2690 5210 2971 5281 expetisti,
3004 5209 3201 5279 quibus
3238 5208 3457 5264 beatum
3488 5210 3593 5261 Pe-

304 5296 442 5356 beati
472 5301 639 5368 Petri,
673 5301 832 5375 cujus
858 5302 1022 5374 legati
1052 5312 1202 5369 sunt,
1237 5319 1340 5359 vos
1370 5303 1534 5359 mites
1559 5314 1613 5360 et
1642 5304 1891 5361 affabiles
1998 5314 2150 5361 trum
2176 5305 2481 5360 debitorem
2510 5301 2736 5368 faceres,
2756 5304 2870 5358 imo
2888 5303 2989 5356 tibi
3011 5311 3064 5357 et
3087 5318 3255 5374 regno
3280 5308 3378 5355 tuo
3407 5299 3596 5355 nobile

308 5394 579 5461 [trabeatis
601 5403 659 5452 et
681 5394 944 5467 quidquid
971 5395 1124 5452 vobis
1145 5396 1405 5467 dixerint,
1438 5412 1503 5453 ex
1529 5406 1682 5470 parte
1703 5407 1890 5454 nostra
2000 5397 2371 5470 patrocinium
2418 5397 2536 5469 ejus
2592 5398 2924 5468 acquireres,
2975 5412 3071 5468 per
3119 5394 3342 5451 eosdem
3390 5393 3599 5466 legatos

314 5487 567 5555 patienter
585 5488 993 5562 audiatisatque
1016 5490 1391 5547 indubitanter
1417 5491 1672 5562 credatis;
1694 5502 1751 5549 et
1774 5508 1895 5565 quae
2002 5490 2234 5547 mandes
2273 5499 2465 5545 utrum
2495 5488 2689 5546 eadem
2720 5489 2973 5545 voluntas
3012 5490 3085 5544 sit
3126 5506 3197 5544 an
3237 5486 3400 5543 luerit
3440 5500 3599 5558 passa

315 5576 383 5633 ibi
411 5597 470 5638 ex
514 5582 839 5639 auctoritate
877 5583 1187 5655 apostolica:
1231 5583 1374 5641 sedis
1406 5587 1626 5658 negotia
1664 5594 1895 5641 tractare
2002 5582 2299 5651 defectum,
2357 5592 2472 5650 aut,
2529 5582 2678 5654 quod
2730 5582 2905 5654 magis
2956 5590 3231 5651 optamus,
3289 5576 3601 5649 susceperit

317 5672 914 5745 voluerintetstatuere,
934 5678 1215 5734 nullorum
1232 5678 1379 5735 malo
1402 5679 1623 5752 ingenio
1645 5679 1891 5736 turbare.
2003 5686 2382 5752 augmentum.
2412 5678 2529 5749 Ego
2549 5677 2701 5732 enim
2725 5692 2854 5733 cum
2884 5675 2941 5729 in
2968 5674 3451 5731 archidiaconatus
3477 5668 3602 5726 ofﬁ-

378 5832 520 5896 (319)
552 5826 825 5887 Demetrii
856 5828 997 5902 regis
1027 5830 1282 5890 meminit
1304 5830 1657 5902 Lambertus,
1686 5845 1782 5888 an.
1821 5835 1983 5886 1075.

595 5919 825 5974 PA'mOL.
864 5919 1126 5974 CXLVIII.
3187 5913 3255 5968 ιι
