4074 6172
587 258 691 318 427

587 388 672 445 cio
688 402 890 454 essem,
917 386 1157 443 multum
1182 383 1480 456 diligebam
1509 390 1581 445 te,
1604 390 1678 446 et,
1706 382 1845 438 mihi
1868 382 2172 452 videbatur,
2203 388 2259 449 Α

586 481 854 553 diligehar
882 497 910 535 a
940 489 1021 545 te;
1070 478 1163 533 sed
1202 476 1297 530 ubi
1322 474 1595 546 pastorale
1625 474 1900 542 ofﬁcium,
1933 476 2080 547 quod
2114 476 2175 531 in

583 572 877 630 dilectione
916 571 1019 626 Dei
1043 578 1097 624 et
1124 568 1360 641 proximi
1387 570 1545 639 quasi
1571 569 1629 624 in
1652 568 2016 625 fundamento
2042 586 2176 624 con-

585 666 747 733 sistit,
773 666 899 718 licet
920 662 1175 734 indignus
1195 662 1397 733 accepi,
1423 661 1663 718 charitas
1687 677 1851 733 quam
1872 661 2173 718 habueram

583 758 726 814 circa
748 765 802 812 te
817 756 994 826 major
1015 754 1161 811 facta
1182 763 1265 810 est
1284 770 1432 826 qua,
1450 763 1504 809 te
1526 755 1845 826 proliciente
1868 756 1925 811 in
1949 756 2170 826 melius,

581 865 796 920 semper
825 849 882 903 in
910 848 1175 919 majorem
1203 848 1433 921 gradum
1461 851 1578 903 Deo
1607 848 1843 920 propitio
1884 856 2171 922 augeatur.

649 943 789 995 Data
820 944 1037 1009 Roma,
1066 940 1283 997 decimo
1309 941 1497 1014 quinto
1522 940 1807 997 Kalendas
1834 942 1990 1008 Maii,
2022 940 2167 997 indi-

592 1034 776 1091 ctione
798 1033 1013 1092 decima
1040 1035 1206 1090 tertia

1052 1145 1403 1201 EPISTOLA
1429 1146 1690 1203 LXXVI.

1000 1262 1090 1304 AD
1130 1259 1736 1305 BAMBEBGENSES.

1183 1352 1367 1413 (Anno
1392 1351 1566 1411 1075.)

574 1447 855 1521 Signiﬁcat
882 1449 1313 1516 Bambergensem
1341 1450 1638 1519 episcopum
1664 1448 2028 1504 Simoniacum
2056 1466 2089 1503 a
2118 1465 2171 1504 se

652 1523 968 1591 depositum.
999 1522 1273 1576 Interdicit
1310 1536 1373 1573 ne
1404 1521 1689 1589 quisquam
1738 1521 1883 1574 illius
1924 1520 2168 1576 Ecclesia

654 1593 787 1647 bona
814 1593 1049 1662 diripere
1067 1593 1150 1646 vel
1175 1593 1414 1645 alienare
1432 1595 1740 1659 praesumat.

647 1694 996 1750 Gneoonms
1016 1694 1321 1764 episcopus,
1350 1707 1538 1747 servus
1562 1707 1846 1747 servorum
1874 1693 1995 1761 Dei,
2024 1694 2172 1751 clero

1274 262 1328 317 s.
1369 256 1687 315 esseom]
1729 258 1814 321 νιι
1852 259 2047 313 ΡΑΡΑΞ
2080 246 2352 313 OPE'RUM
2388 256 2557 311 PARS
2597 257 2636 310 ι.
2681 284 2749 295 -
2788 244 3187 310 REGISTRUM.

3764 247 3857 311 428

2736 380 3087 436 EPISTOLA
3118 378 3411 433 LXXVII.

2385 490 2453 528 AD
2472 489 2785 529 GEBOARDUM
2806 487 3271 527 SALTZBURGENSEM
3293 486 3755 527 ARCHIEPISCOPUM.

2878 574 3060 633 (Anno
3098 570 3274 629 l075.)

2279 664 2526 732 Increpat
2564 661 2708 731 quod
2744 675 2868 715 cum
2898 675 2933 713 a
2958 656 3405 732 sedeapostolica
3428 658 3761 728 impetrasset
3800 663 3859 714 ut

2348 730 2587 787 diacesis’
2612 747 2723 785 sua
2750 734 2928 801 portio
2951 730 3303 791 decideretur,
3334 734 3385 783 et
3412 732 3471 783 in
3502 745 3565 783 ea
3596 732 3860 799 episcopus

2348 806 2770 864 constitueretur,
2794 805 3093 872 episcopum
3121 801 3336 869 quidem
3362 803 3418 854 in
3438 806 3647 870 partem
3674 802 3864 855 sollici-

2351 876 2561 929 tudinis
2576 874 2879 939 admiserit,
2895 873 3123 926 decimas
3137 876 3313 925 autem
3328 886 3503 925 omnes
3518 872 3627 924 sibi
3636 876 3862 925 retinue-

2346 948 2440 1011 rit;
2471 946 2589 999 ideo
2624 949 2799 999 monet
2828 950 2890 998 ut
2917 944 3139 999 ecclesia
3165 958 3291 998 suas
3318 943 3547 997 decimas
3571 943 3858 1012 relinquat.

2347 1040 2708 1095 Gnsoonws
2733 1036 3039 1108 episcOpus,
3066 1050 3254 1091 servus
3282 1050 3571 1090 servorum
3595 1035 3715 1100 Dei,
3746 1036 3863 1092 Gs-

2275 1146 2522 1188 sosnno
2536 1132 2600 1199 [G
2611 1145 2804 1186 esus
2814 1133 2911 1198 no]
2925 1127 3770 1201 Saltzburgensiarchiepiscopo,
3782 1144 3864 1185 sa-

2275 1225 2445 1280 lutem
2476 1233 2530 1280 et
2557 1223 2911 1294 apostolicam
2941 1221 3398 1278 benedictionem.

2346 1316 2701 1372 Meminimus
2743 1316 3091 1371 dilectionem
3129 1322 3282 1371 tuam
3311 1314 3465 1370 annis
3495 1314 3863 1386 superioribus

2274 1410 2631 1482 apostolicam
2685 1408 2871 1465 sedem
2921 1408 3115 1464 adiisse
3169 1417 3334 1479 atque
3384 1424 3415 1464 a
3469 1410 3865 1478 pradecessore

2278 1512 2468 1561 nostro
2496 1506 2655 1560 bona
2680 1502 2961 1559 memoria
2995 1503 3320 1569 Alexandro,
3355 1515 3442 1556 me
3461 1503 3627 1557 etiam
3652 1501 3870 1557 favente

2279 1606 2440 1669 atque
2482 1614 2767 1653 assensum
2817 1597 3113 1665 prabente,
3158 1592 3457 1667 imperasse
3505 1602 3565 1649 ut
3593 1594 3865 1666 parochia

2278 1700 2387 1748 tua
2413 1694 2719 1763 portionem
2752 1708 2863 1762 pra
2887 1688 3243 1761 amplitudine
3265 1689 3349 1744 sui
3375 1688 3670 1755 decideres,
3700 1696 3863 1760 atque

574 1795 629 1843 et
672 1788 870 1857 populo
902 1784 1328 1858 Bambergensis
1369 1785 1640 1853 Ecclesia,
1672 1785 1901 1841 salutem
1933 1795 1989 1842 et
2032 1803 2168 1859 apo-
2280 1784 2335 1840 in
2364 1800 2428 1841 ea
2457 1785 2827 1858 episcopatum
2872 1792 2927 1838 et
2968 1783 3284 1854 episcopum
3312 1781 3379 1838 ad
3410 1780 3863 1853 superabundan-

572 1878 817 1935 stolicam
864 1879 1319 1934 benedictionem.

644 1975 851 2027 Notum
903 1981 985 2027 est
1016 1972 1213 2043 [vobis]
1250 1988 1388 2042 pene
1441 1956 1707 2028 omnibus
1752 1973 1809 2027 in
1854 1974 2169 2031 Teutonicis

571 2065 811 2137 partibus
850 2064 1226 2120 habitantibus
1266 2065 1414 2136 quod
1465 2065 1887 2138 Bambergensis
1930 2067 2168 2122 Ecclesia

567 2158 815 2229 specialis
845 2157 1254 2227 quodammodo
1289 2158 1392 2212 lilia
1421 2158 1670 2214 adltaret
1700 2159 1859 2214 matri
1891 2175 2005 2216 sua
2047 2161 2167 2215 Ro-

568 2265 749 2307 mana
782 2249 1054 2317 Ecclesia,
1085 2251 1170 2305 cui
1217 2254 1333 2305 Deo
1373 2260 1597 2306 auctore
1635 2250 1990 2319 deservimus,
2038 2252 2167 2309 licet

565 2344 813 2415 indigni,
862 2361 924 2398 ac
957 2342 1191 2415 proinde
1235 2352 1391 2399 tanto
1420 2344 1705 2400 sollicitius
1743 2346 2033 2417 vigilantia
2065 2361 2163 2401 no-

565 2446 695 2494 stra
724 2453 826 2492 nos
859 2446 1075 2509 oportet
1104 2436 1208 2491 sibi
1243 2453 1432 2492 curam
1470 2437 1810 2508 impendere,
1841 2449 2043 2509 quanto
2077 2437 2161 2495 fa-

564 2530 825 2585 miliarius
853 2529 1165 2601 apostolica
1206 2529 1347 2584 sedis
1372 2539 1455 2584 est
1493 2530 1799 2585 munimine
1829 2532 2161 2589 contuenda.

562 2622 730 2678 Unde
761 2623 887 2694 quia
931 2622 1155 2694 quidam
1185 2621 1348 2677 idiota
1389 2616 1703 2692 pradictam
1744 2624 2043 2681 Ecclesiam
2074 2626 2160 2681 Si-

562 2716 832 2793 moniaca
876 2715 1112 2787 perﬁdia
1154 2715 1407 2771 haretica
1450 2717 1714 2784 pravitate
1741 2717 2040 2773 subversus
2074 2719 2159 2773 in-

560 2818 790 2875 vaserat,
816 2825 939 2864 eam
970 2825 1001 2864 a
1025 2809 1160 2880 jugo
1190 2808 1464 2880 sacrilega
1495 2809 1825 2879 pervasionis
1852 2809 1996 2865 illius
2026 2827 2160 2882 pro-

560 2903 683 2958 vida
726 2902 1160 2957 consideratione
1190 2901 1417 2957 liberare
1453 2902 1787 2959 studuimus.
1836 2905 2157 2961 Exemimus

560 2995 781 3068 quidem
809 2995 1047 3067 gladium
1089 2994 1463 3065 apostolorum
1506 2995 1770 3066 principis
1814 2997 1977 3062 Petri,
2011 3006 2066 3052 et
2096 2998 2149 3051 in

558 3105 684 3144 eum
741 3088 1037 3159 apostolica
1088 3088 1411 3142 auctoritate
1460 3088 1787 3143 sententiam
1843 3090 2153 3161 promulga-

2278 1887 2389 1933 tem
2416 1878 2698 1949 regiminis
2724 1892 2911 1932 curam
2949 1875 3309 1947 supplendam
3357 1884 3647 1930 statueres.
3681 1875 3861 1944 Quam

2280 1980 2389 2028 tua
2436 1970 2633 2026 mentis
2675 1970 3037 2025 intentionem
3067 1976 3221 2023 tanto
3265 1967 3494 2023 alacrius
3546 1967 3861 2023 audivimus

2277 2072 2440 2136 atque
2459 2072 2515 2118 ut
2531 2063 2922 2133 adimpleretur
2942 2060 3250 2117 studuimus
3270 2067 3476 2131 quanto
3487 2070 3540 2116 te
3563 2059 3861 2131 religiosius

2275 2157 2329 2213 id
2372 2165 2574 2228 petere,
2605 2164 2769 2228 atque
2800 2161 3099 2211 multorum
3128 2154 3288 2210 saluti
3318 2152 3575 2233 prodesse
3605 2153 3739 2209 velle
3783 2155 3858 2209 in-

2274 2250 2600 2306 telleximus.
2634 2250 2766 2318 Quis
2786 2249 2933 2303 enim
2955 2250 3041 2304 cui
3064 2247 3362 2319 spiritualia
3386 2248 3531 2303 lucra
3556 2247 3703 2303 cordi
3724 2247 3858 2313 sint,

2276 2342 2364 2398 his
2401 2344 2703 2412 prasertim
2743 2341 3104 2412 temporibus,
3142 2357 3268 2397 cum
3306 2341 3461 2412 juxta
3506 2341 3855 2412 Apostolum,

2274 2438 2464 2493 Omnes
2490 2442 2741 2507 quarunt
2774 2451 2894 2506 qua
2916 2451 3015 2490 sua
3043 2440 3187 2498 sunt,
3227 2450 3333 2489 non
3360 2450 3478 2504 qua
3507 2437 3629 2489 Jesu
3653 2434 3862 2491 Christi

2274 2531 2491 2601 (Philip.
2531 2532 2617 2598 lt),
2662 2546 2775 2584 non
2818 2528 3177 2584 libentissime
3217 2528 3579 2599 amplectatur
3610 2528 3862 2584 volunta-

2268 2631 2382 2678 tem
2401 2623 2609 2678 divitias
2629 2630 2872 2677 terrenas
2894 2621 3197 2676 animarum
3220 2622 3378 2675 saluti
3403 2622 3856 2692 postponentem?

2269 2714 2377 2771 Sed
2410 2716 2490 2771 his
2529 2716 2720 2772 diebus
2745 2714 2811 2771 ad
2841 2730 2942 2770 nos
2972 2715 3246 2786 perlatum
3272 2722 3357 2768 est
3384 2713 3454 2768 de
3483 2715 3681 2770 eodem
3713 2715 3855 2770 bono

2268 2810 2544 2880 pr0posito
2586 2818 2703 2880 tuo,
2734 2809 2882 2881 quod
2913 2824 3016 2863 nos
3058 2807 3406 2863 vehementer
3432 2808 3781 2863 coutristavit
3806 2814 3857 2863 et

2268 2902 2467 2959 latitia
2487 2903 2653 2975 priori
2674 2902 2823 2973 quasi
2845 2900 3105 2972 quasdam
3124 2900 3376 2955 maroris
3393 2901 3619 2956 nebulas
3633 2899 3852 2957 etTudit.

2262 2997 2322 3049 In
2344 3011 2456 3065 quo
2474 2996 2818 3066 prudentiam
2833 3003 2981 3049 tuam
3000 3002 3057 3047 et
3074 2994 3397 3065 religionem
3420 2993 3658 3067 multum
3677 2992 3854 3049 admi-

2260 3088 2360 3143 rati
2381 3103 2572 3142 sumus
2592 3087 2643 3141 id
2663 3088 2759 3141 tibi
2783 3087 3052 3141 ullatenus
3072 3086 3385 3157 persuaderi
3406 3087 3678 3158 potuisse,
3708 3096 3769 3142 ut
3790 3085 3853 3142 ad

555 3181 751 3237 vimus.
786 3184 985 3236 Verum
1011 3180 1155 3250 quia,
1176 3180 1228 3234 in
1261 3180 1573 3235 exclusione
1604 3181 1792 3235 talium
1821 3183 2001 3235 solent
2037 3185 2139 3237 Ec-
2179 3172 2225 3237 C
2258 3180 2357 3235 hoc
2404 3189 2457 3235 te
2510 3180 2712 3235 factum
2769 3180 3046 3235 debuisses
3098 3180 3402 3236 inﬂectere.
3459 3180 3850 3252 Comperimus

558 3275 735 3330 clesia
763 3274 935 3329 multa
961 3274 1163 3328 damna
1193 3273 1321 3344 pati,
1354 3282 1407 3327 et
1438 3275 1579 3328 bona
1620 3289 1804 3328 earum
1844 3273 2073 3329 distrahi
2104 3285 2159 3331 et

556 3367 812 3439 disperdi,
842 3368 1067 3440 dignum
1097 3366 1355 3421 duximus
1380 3366 1689 3422 imminenti
1725 3367 1933 3423 damno
1967 3369 2152 3425 Eccle-

557 3461 650 3517 sia
680 3476 1001 3532 pracavere,
1030 3476 1092 3515 ac
1122 3460 1351 3531 proinde
1375 3461 1653 3533 sacrilegis
1683 3469 1740 3515 et
1765 3461 2010 3533 tyrannis
2032 3479 2156 3534 apo-

556 3555 743 3610 stolica
786 3555 1114 3610 auctoritate
1136 3554 1407 3622 resistere,
1452 3554 1855 3624 interdicendo,
1889 3571 1959 3610 ne
1998 3572 2158 3612 occa-

558 3648 713 3703 sione
749 3648 1072 3702 exclusionis
1100 3647 1241 3701 illius
1270 3629 1372 3701 res.
1393 3647 1635 3703 ecclesia
1664 3645 1879 3703 auferre
1914 3650 1994 3704 vel
2023 3666 2155 3720 quo-

558 3740 691 3795 libet
717 3738 884 3793 modo
909 3739 1148 3801 alienare
1174 3750 1524 3810 prasumant.
1554 3741 1898 3811 Quapmpter
1913 3758 1977 3796 ex
2001 3752 2153 3812 parte

555 3831 658 3886 Dei
687 3841 741 3885 et
767 3832 1144 3901 apostolorum
1184 3831 1328 3885 Petri
1370 3840 1423 3885 et
1465 3833 1612 3886 Pauli
1638 3832 2035 3900 interdicimus,
2092 3845 2152 3891 ut

554 3924 706 3980 nulla
733 3923 965 3993 alicujus
991 3922 1290 3994 dignitatis,
1322 3939 1420 3978 seu
1444 3925 1752 3995 potestatis,
1783 3927 1897 3980 sive
1927 3928 2148 3997 cujusli-

556 4017 651 4073 bet
689 4015 1044 4081 conditionis,
1091 4030 1319 4086 persona
1359 4032 1443 4071 res
1470 4017 1585 4088 jam
1630 4032 1771 4088 sape
1815 4017 1939 4074 fata
1974 4019 2148 4075 Eccle-

556 4110 675 4179 sia,
736 4108 971 4163 maxime
1026 4107 1347 4163 thesaurum
1405 4118 1461 4164 et
1521 4109 1722 4180 pradia
1765 4110 2005 4178 auferre,
2065 4113 2144 4168 vel

557 4203 738 4273 aliquo
782 4201 946 4256 modo
988 4201 1221 4255 alienare
1254 4200 1453 4272 injuste
1482 4202 1789 4273 diripieudo
1820 4215 2140 4275 prasumat,

556 4295 731 4351 donec
760 4296 1109 4366 omnipotens
1140 4296 1287 4349 Deus
1335 4311 1428 4365 per
1458 4295 1824 4352 interventum
1855 4299 1995 4353 beati
2037 4302 2145 4354 Pe-

554 4389 623 4445 tri
647 4387 900 4445 Ecclesia
929 4388 1007 4443 illi
1036 4388 1292 4443 idoneum
1318 4397 1590 4459 pastorem
1623 4390 1924 4460 provideat.
1956 4392 2008 4447 Si
2027 4392 2146 4465 quis

554 4498 681 4539 vero
709 4492 903 4539 contra
929 4482 1088 4555 hujus
1116 4481 1508 4536 interdictionis
1535 4483 1788 4554 paginam
1815 4485 1994 4541 venire
2023 4496 2146 4541 ten-

555 4577 1041 4644 taverit,notaverit
1070 4590 1129 4630 se
1152 4575 1387 4647 gratiam
1416 4577 1589 4631 sancti
1624 4560 1763 4632 Petri
1796 4578 2064 4646 amittere,
2094 4589 2149 4636 et

538 4669 867 4747 apostolica
911 4668 1404 4725 animadversionis
1432 4670 1638 4725 ultione
1666 4670 2037 4742 plectendum.

626 4763 767 4817 Data
791 4762 1007 4829 Roma,
1033 4776 1127 4816 x11
1152 4760 1433 4818 Kalendas
1463 4762 1620 4832 Maii,
1649 4762 1947 4821 indictione
1971 4779 2109 4821 xm.

2264 3276 2432 3341 enim,
2469 3274 2746 3346 episcopo,
2776 3283 2835 3329 ut
2864 3272 3076 3344 prafali
3106 3290 3319 3341 sumus,
3359 3275 3416 3329 in
3454 3282 3610 3346 parte
3654 3290 3848 3345 procu-

2262 3368 2492 3423 rationis
2522 3377 2628 3423 tua
2651 3368 2980 3438 composito,
3010 3368 3161 3422 illum
3193 3368 3415 3437 quidem
3442 3368 3497 3423 in
3532 3367 3852 3423 societatem

2261 3455 2461 3512 laboris
2504 3457 2738 3524 misisse,
2782 3456 2877 3511 sed
2924 3456 3021 3511 tibi
3073 3454 3315 3512 fructum
3364 3456 3589 3520 laboris,
3645 3456 3850 3512 scilicet

2259 3551 2503 3608 decimas
2548 3552 2861 3607 retinuisse.
2919 3550 3081 3620 Quod
3130 3551 3175 3606 si
3226 3567 3414 3607 verum
3461 3558 3563 3619 est,
3611 3551 3851 3622 graviter

2258 3646 2508 3702 dolemus
2535 3646 2592 3700 in
2634 3654 2747 3699 tam
2776 3646 3036 3716 praclaro
3079 3652 3188 3700 tua
3218 3643 3527 3700 dilectionis
3554 3659 3726 3715 opere
3754 3659 3847 3698 cu-

2259 3739 2564 3811 piditatem,
2596 3754 2719 3809 qua
2757 3737 2911 3791 radix
2942 3737 3193 3792 omnium
3222 3738 3498 3792 malorum
3527 3745 3632 3802 est,
3669 3736 3849 3793 locum

2256 3833 2359 3888 sibi
2386 3832 2624 3899 potuisse
2645 3830 2952 3901 subripere,
2975 3838 3033 3884 ut
3061 3829 3377 3902 operarium
3408 3830 3461 3885 in
3492 3828 3714 3885 vineam
3745 3833 3848 3885 Do-

2256 3924 2392 3980 mini
2430 3925 2687 3991 mitteres,
2734 3932 2789 3978 et
2838 3939 2967 3979 eum
3006 3924 3185 3995 operis
3241 3922 3486 3979 mercede
3542 3921 3846 3979 fraudares.

2256 4019 2626 4091 Quamobrem
2661 4015 2986 4073 charitatem
3026 4026 3178 4072 tuam
3208 4016 3545 4072 admonitam
3590 4032 3716 4074 esse
3753 4030 3847 4071 vo-

2253 4114 2453 4181 lumus,
2482 4120 2541 4167 ut
2564 4109 2709 4182 quod
2747 4110 2936 4165 devote
2982 4114 3095 4186 Deo
3117 4108 3357 4165 obtulisti
3387 4125 3639 4165 serenum
3667 4121 3724 4166 et
3742 4092 3849 4164 sino

2250 4222 2436 4263 cerum
2472 4203 2587 4260 sine
2640 4203 2747 4258 fuci
2790 4203 3115 4263 admistione
3159 4205 3448 4274 persolvas,
3503 4203 3846 4274 plausibilem

2252 4299 2474 4355 humani
2506 4298 2703 4352 favoris
2735 4294 2948 4351 Iaudem
2984 4311 3198 4362 caveas,
3242 4304 3296 4350 et
3319 4295 3466 4367 quod
3506 4312 3601 4368 spe
3625 4308 3848 4351 aterna

2253 4391 2624 4448 retributionis
2662 4389 2871 4460 capisti
2902 4389 2954 4442 in
2995 4387 3281 4443 securitate
3310 4387 3555 4459 ejusdem
3589 4403 3846 4444 remune-

2254 4484 2487 4540 rationis
2526 4484 2759 4553 expleas,
2812 4489 2866 4537 et
2910 4482 3198 4536 ecclesiam
3240 4496 3462 4536 suarum
3505 4481 3847 4539 decimarum

2260 4576 2556 4634 redditibns
2576 4575 2850 4631 investias.
2926 4628 2929 4629 ν
3161 4595 3165 4599 “
3208 4582 3212 4587 ’

2324 4674 2467 4727 Data
2501 4672 2721 4735 Roma,
2749 4668 2959 4725 decimo
2990 4666 3182 4740 quinto
3212 4666 3489 4724 Kalendas
3514 4667 3670 4736 Julii,
3701 4666 3842 4725 indi-

2253 4765 2431 4821 ctione
2456 4764 2666 4821 decima
2683 4763 2864 4819 tertia.

761 4930 781 4967 '
1104 4894 1123 4902 ’
1396 4948 1754 5039 LIBER
1819 4950 2335 5042 TERTIUS
2404 4949 3005 5042 REGISTRI.

636 5085 804 5146 Anno
841 5082 1168 5145 Dominica
1200 5081 1647 5149 [incarnationis
1674 5083 1984 5145 millesimo
2008 5092 2455 5166 septuagesimo
2483 5091 2711 5169 quinto,
2748 5087 3072 5147 indictione
3096 5083 3321 5148 decima
3347 5085 3526 5146 tertia
3567 5084 3759 5164 (380).

1034 5186 1383 5246 EPISTOLA
1420 5188 1648 5246 PRIMA
1660 5228 1672 5243 .

960 5316 1052 5358 AD
1087 5316 1285 5358 ΒΔΠΒ
1311 5315 1708 5358 ιιιιθιιιτειιε.

1158 5413 1337 5484 (Anno
1364 5412 1543 5484 1075.)

554 5526 843 5599 Conﬁrmat
883 5530 1205 5599 sententiam
1232 5530 1292 5582 in
1317 5530 1711 5584 Herimannum
1754 5530 2053 5599 episcopum
2083 5545 2139 5585 eo

2320 5194 2627 5264 pidauerat.
2654 5196 2794 5249 Eum
2813 5192 3633 5264 anathematizatetsaeerdotali
3652 5191 3837 5260 ofﬁcio

2318 5262 2521 5334 privat;
2542 5270 2592 5320 et
2619 5266 2748 5318 item
2774 5279 2858 5319 eos
2884 5268 2983 5333 qui
3009 5263 3078 5317 ab
3111 5278 3169 5317 eo
3194 5262 3382 5332 aliqua
3425 5264 3655 5319 ecclesia
3681 5277 3835 5332 prce-

2324 5337 2419 5389 dia
2443 5340 2752 5404 acceperunt
2774 5340 2834 5389 ut
2863 5336 2913 5390 ei
2932 5335 3195 5402 faverent,
3227 5348 3503 5403 quousque
3530 5334 3837 5405 apostolica

2323 5407 2440 5461 sedi
2459 5423 2514 5461 se
2534 5411 2835 5475 praesentet.

2324 5493 2674 5550 Gneeonms
2694 5493 3000 5566 episcopus,
3028 5506 3216 5550 servus
3228 5505 3517 5550 servorum
3534 5491 3663 5559 Dei,
3689 5492 3838 5546 clero

801 5598 1011 5667 judicio
1059 5597 1201 5653 sedis
1226 5582 1525 5668 apostolica
1570 5582 1635 5655 se
1669 5582 2047 5663 subtraé‘rdﬂ
2082 5582 2136 5655 et

2266 5588 2302 5636 at
2326 5583 2955 5656 p0puloBambergensis
2975 5582 3253 5651 Ecclesia,
3287 5582 3525 5639 salutem
3557 5584 3841 5651 etaposto-

662 5671 924 5724 imoniace
944 5670 1234 5725 Ecclesium
1262 5672 1531 5725 invaserat
1574 5671 1793 5741 ejusque
1828 5672 1965 5726 bona
1985 5671 2128 5726 dila-

2242 5670 2401 5726 licam
2442 5670 2902 5728 benedictionem.

629 5784 779 5858 (880)
808 5787 932 5843 lmo
961 5784 1174 5843 decima
1204 5794 1422 5861 quarta,
1457 5785 1522 5843 ad
1552 5802 1715 5860 quam
1749 5787 2021 5859 pertinent
2043 5795 2356 5858 sequentes,
2387 5787 2623 5861 exceptis
2652 5788 2827 5847 tribus
2847 5788 3116 5861 prioribus
3145 5789 3407 5863 epistolis.
