4144 6184
228 338 334 396 429

1370 330 1565 391 LIBER
1600 334 1901 393 TERTIUS.-
1940 367 2010 378 -—
2050 339 2258 394 EPIST.
2300 333 2388 394 ΙΙΙ.

3425 344 3527 402 430

302 464 540 519 Litteras
568 477 704 534 quas
728 464 916 533 Poppo
964 458 1291 531 prapositus
1339 460 1603 516 Ecclesia
1634 469 1825 518 vestra
1854 469 1907 531 Α
1933 465 2307 531 [Hermannus
2330 460 2817 535 Bambergensium
2857 469 3028 533 nunc]
3067 482 3179 521 non
3208 467 3531 538 episcopus,

226 573 359 613 cum
384 556 473 612 his
520 555 615 627 Qui
644 570 833 611 secum
886 561 1043 609 erant
1076 553 1313 624 decepti,
1359 552 1614 609 simulata
1646 554 1827 626 pani-

225 651 404 707 tentia
436 648 683 721 falsaque
708 647 965 720 religione
981 647 1315 702 Herimanni
1337 647 1472 702 olim
1506 647 1634 702 dicti
1665 646 1830 703 vestri

228 743 493 816 episcopi,
518 743 737 799 incaute
770 758 801 796 a
839 741 1000 796 nobis
1028 740 1201 796 nimia
1240 741 1341 796 sub
1370 740 1723 797 festinatione
1749 756 1831 796 re-

228 838 509 903 cedentes,
534 834 606 891 ad
655 852 751 891 vos
787 832 998 891 deferre
1036 834 1392 906 neglexenmt
1432 844 1625 890 nostro
1656 835 1831 907 sigillo

229 930 542 1003 insignitas,
567 928 773 985 idcirco
797 927 951 984 vobis
972 927 1040 984 ad
1062 942 1302 998 prasens
1330 926 1568 999 dirigere
1600 928 1830 999 dignum

228 1023 493 1101 duximus
520 1031 583 1077 ut
611 1023 669 1077 in
696 1022 776 1077 eis
822 1020 1112 1077 manifeste
1136 1022 1479 1093 cognoscatis
1501 1036 1624 1091 qua
1667 1019 1834 1075 fuerit

232 1116 301 1174 de
356 1118 481 1189 jam
543 1116 691 1172 dicto
760 1114 1224 1186 pseudoepiscopo
1301 1124 1487 1169 nostra
1557 1116 1833 1180 voluntas,

232 1226 517 1284 quamque
572 1209 905 1265 sententiam
958 1207 1335 1281 damnationis
1367 1208 1569 1280 judicio
1630 1215 1836 1262 sancta

234 1304 552 1375 apostolica
609 1302 752 1359 sedis
807 1302 862 1357 in
908 1317 1038 1358 eum
1104 1300 1577 1373 promulgavimus
1611 1298 1835 1355 indubi-

233 1396 730 1453 tantercredentes
782 1395 1049 1466 quoniam
1095 1395 1304 1451 nullius
1349 1394 1692 1465 supplicatio,
1741 1399 1839 1447 aut

234 1489 589 1547 fraudulenta
618 1488 895 1561 suggestio
922 1487 991 1543 ab
1018 1487 1210 1544 eadem
1235 1488 1542 1553 voluntate,
1570 1488 1683 1541 sive
1716 1501 1836 1541 sen-

234 1584 435 1649 tentia,
485 1600 552 1639 ex
578 1598 644 1638 eo
686 1598 795 1653 quo
815 1597 873 1637 se
894 1580 1104 1653 judicio
1136 1590 1341 1638 sancta
1362 1580 1672 1653 apostolica
1698 1578 1841 1635 sedis

232 1678 535 1745 subtraxit,
550 1678 803 1732 animum
827 1683 1079 1730 nostrum
1101 1677 1279 1746 potuit
1296 1690 1575 1741 revocare,
1598 1674 1680 1730 vel
1701 1688 1838 1727 nun-

232 1787 411 1843 quam
444 1774 560 1825 Deo
591 1778 815 1825 auctore
848 1776 1065 1824 mutare
1095 1768 1313 1823 valebit.
1347 1770 1553 1823 Verum
1582 1766 1709 1838 quia
1739 1763 1840 1821 sub

1937 556 2043 612 hoc
2056 572 2200 611 anno
2217 559 2463 611 Romam
2473 557 2752 627 panitens
2772 559 2924 626 [Iege,
2948 566 3154 628 petens.
3170 563 3243 615 Et
3254 562 3334 616 sic
3343 564 3400 616 in
3415 565 3535 616 Mu-

1939 652 2063 717 τίνι]
2089 664 2147 703 se
2179 648 2448 715 habuerit,
2478 650 2561 705 vel
2606 650 2841 721 qualiter
2876 666 2934 706 se
2972 651 3181 722 judicio
3222 654 3535 723 apostolica

1940 742 2084 798 sedis
2132 742 2493 811 subtraxerit,
2532 757 2704 813 quave
2752 742 2947 799 fraude
2994 745 3217 801 clericos
3261 745 3535 817 pradicta

1939 835 2195 893 Ecclesia
2224 836 2325 890 sub
2355 834 2581 891 obtentu
2610 835 2941 906 poenitentia
2972 836 3273 908 deceperit,
3304 848 3359 894 et
3391 855 3536 911 quo-

1942 928 2111 983 modo
2131 943 2218 984 res
2237 922 2489 999 ejusdem
2516 928 2619 984 sibi
2644 936 2834 985 contra
2868 933 3046 985 Deum
3069 932 3379 989 commissa
3425 932 3536 989 Ec-

1944 1021 2124 1077 clesia
2150 1016 2305 1093 pejus
2344 1037 2509 1093 quam
2539 1020 2688 1092 prius
2724 1022 3089 1090 destruxerit,
3130 1033 3185 1079 et
3212 1025 3266 1079 in
3305 1025 3536 1082 clericos

1944 1114 2226 1186 quondam
2266 1114 2365 1171 sibi
2393 1115 2718 1170 commissos
2746 1115 2887 1171 sicut
2914 1126 3175 1188 tyrannus
3214 1120 3532 1187 surrexerit,

1948 1217 2150 1274 vestra,
2197 1216 2259 1263 ut
2285 1224 2426 1275 reor,
2458 1209 2741 1279 cognoscit
2772 1208 3090 1265 fraternitas
3116 1220 3171 1265 et
3214 1221 3360 1266 certa
3390 1212 3538 1269 dolet

1947 1302 2189 1356 tristitia.
2225 1301 2499 1372 Quocirca
2539 1318 2641 1357 nos
2670 1301 2898 1357 ulterius
2928 1310 3114 1358 tantas
3147 1319 3256 1358 non
3296 1306 3538 1361 valentes

1949 1395 2175 1465 impune
2205 1394 2344 1451 ferre
2364 1395 2659 1466 nequitias,
2684 1404 2739 1451 et
2754 1395 2968 1451 noviter
3001 1396 3250 1451 inventas
3279 1398 3535 1467 savitias,

1947 1489 2191 1545 maxime
2246 1489 2390 1544 circa
2439 1504 2585 1555 eam,
2634 1504 2758 1559 qua
2814 1489 2976 1544 beato
3030 1493 3189 1545 Petro
3238 1491 3542 1561 specialiter

1948 1582 2247 1637 commissa
2290 1590 2372 1637 est
2412 1580 2684 1647 Ecclesia,
2709 1580 2917 1652 judicio
2943 1583 3119 1637 sancti
3167 1584 3405 1653 Spiritus
3445 1599 3542 1655 per

1950 1675 2199 1747 ejusdem
2233 1675 2615 1730 auctoritatem
2644 1674 2787 1729 beati
2814 1675 2960 1729 Petri
2991 1676 3369 1745 apostolorum
3391 1678 3542 1747 prin-

1952 1769 2088 1839 cipis
2133 1768 2461 1840 pradictum
2506 1768 2907 1823 Herimannum
2932 1769 3002 1823 ab
3032 1767 3211 1824 ofﬁcio
3252 1770 3544 1841 episcopali

235 1864 472 1919 obtentu
508 1862 790 1935 religionis
831 1878 894 1917 ac
942 1861 1189 1916 mentita
1222 1861 1557 1931 poenitentia
1588 1834 1839 1915 sanctam
1878 1834 1923 1894 B
1955 1834 2440 1934 atque-sacerdotii
2465 1861 2837 1932 deposuimus,
2871 1870 2927 1917 et
2954 1862 3009 1916 in
3035 1834 3301 1933 perpetuo
3335 1834 3547 1934 dep-osi.

233 1958 709 2027 Bambergensem
739 1954 1061 2017 Ecclesiam,
1105 1953 1403 2024 specialem
1428 1949 1843 2024 quodammodo

225 2059 448 2108 sancta
497 2052 769 2105 Romana
794 2047 1049 2103 Ecclesia
1078 2046 1273 2112 ﬁliam,
1306 2045 1588 2118 tyrannide
1615 2051 1845 2101 conatus

219 2154 317 2201 est
344 2142 706 2210 confundere,
737 2142 989 2213 bonaque
1025 2140 1169 2196 illius
1210 2139 1509 2210 dilapidare
1538 2146 1700 2209 atque
1730 2136 1844 2192 dis-

221 2237 491 2311 perdere,
539 2236 782 2307 priorem
824 2232 1159 2290 sententiam
1197 2232 1607 2298 conﬁrmantes,
1646 2228 1717 2285 ad
1747 2245 1843 2284 cu-

218 2330 465 2388 mulum
490 2328 859 2385 damnationis
878 2326 995 2399 ejus
1019 2327 1127 2382 hoc
1166 2325 1444 2393 addimus,
1474 2333 1537 2379 ut
1573 2324 1846 2392 irrecupe-

1952 1962 2075 2011 tum
2101 1970 2413 2011 censemus.
2432 1956 2503 2008 Et
2527 1955 2653 2025 quia
2675 1954 2869 2010 haresi
2890 1955 3078 2027 junxit
3106 1954 3470 2027 sacrilegium,
3490 1965 3547 2013 et

1953 2048 2240 2120 sacrilegio
2270 2056 2513 2119 apertam
2552 2047 2926 2119 tyrannidem,
2957 2050 3553 2107 excommunicationis

1954 2141 2170 2197 vinculo
2215 2157 2343 2197 eum
2391 2141 2753 2213 alligavimus,
2796 2156 3086 2212 quousque
3129 2157 3187 2197 se
3234 2143 3549 2213 apostolica

1954 2235 2069 2293 sedi
2098 2243 2473 2305 repraesentet,
2506 2250 2669 2305 quam
2695 2243 2924 2290 conatus
2946 2244 3028 2289 est
3051 2249 3165 2291 non
3191 2237 3372 2292 solum
3400 2236 3545 2293 deci-

1957 2343 2107 2399 pere,
2131 2327 2225 2383 sed
2251 2328 2416 2383 etiam
2436 2327 2565 2383 dolo
2588 2328 2732 2383 malo
2755 2327 3004 2384 irridere.
3030 2327 3082 2383 Si
3113 2336 3299 2385 autem
3326 2328 3397 2385 ad
3418 2330 3547 2385 ulti-

216 2424 492 2481 rabiliter
524 2424 592 2479 ab
615 2421 917 2495 episcopali
946 2420 1432 2484 ofﬁciosemotus,
1463 2434 1493 2474 a
1522 2415 1848 2474 sacerdotali

216 2533 465 2593 quoque
501 2517 571 2571 sit
594 2516 825 2572 omnino
854 2514 1099 2570 seclusus
1128 2528 1411 2584 quousque
1435 2511 1749 2583 apostolica
1793 2523 1850 2564 se

217 2610 543 2669 audientia
591 2616 980 2681 reprasentet,
1014 2614 1240 2679 paratus
1269 2622 1393 2663 eam
1424 2605 1741 2661 cautionem
1770 2602 1851 2659 fa-

217 2723 373 2765 cere
407 2720 565 2777 quam
595 2712 790 2759 vestra
822 2702 1072 2757 Ecclesia
1111 2699 1535 2772 cognoverimus
1572 2696 1847 2768 expedire.

219 2800 328 2858 Ab
382 2796 670 2869 episcOpali
704 2811 831 2850 vero
902 2794 1086 2850 ofﬁcio
1127 2809 1257 2848 eum
1313 2792 1436 2848 ideo
1473 2805 1851 2862 segregamus,

219 2893 379 2967 quia
411 2890 720 2947 Simoniace
764 2888 965 2944 invasit
992 2887 1314 2943 Ecclesiam.
1352 2883 1683 2941 Sacerdotali
1721 2898 1855 2954 quo-

217 3002 353 3061 que
404 3000 528 3040 eum
576 2983 791 3039 idicirco
848 2982 1159 3053 privamus,
1205 2978 1463 3051 quoniam
1518 2977 1620 3032 sub
1669 2975 1854 3046 specie

217 3077 557 3138 sanctitatis
583 3077 732 3133 visus
760 3084 842 3131 est
866 3092 987 3132 eam
996 3074 1267 3157 dilaniata
1295 3082 1458 3144 atque
1492 3070 1850 3127 confundere.

218 3177 307 3230 Et
341 3170 481 3243 quia
511 3178 657 3225 tanta
687 3169 830 3225 mala
858 3177 1050 3224 contra
1082 3166 1382 3222 Ecclesiam
1425 3179 1649 3236 quoquo
1688 3162 1854 3218 modo

220 3268 397 3324 olim
418 3263 518 3319 sibi
540 3262 897 3319 commissam
921 3276 1174 3318 exercere
1220 3275 1331 3315 non
1356 3258 1576 3327 timuit,
1623 3257 1851 3313 anathe-

222 3358 433 3418 matis
482 3372 604 3412 eum
648 3356 866 3412 vinculo
914 3353 1279 3419 innodamus,
1329 3367 1618 3425 quousque
1665 3367 1856 3422 supra-

223 3455 412 3511 dicto
456 3450 618 3506 modo
670 3466 729 3506 se
773 3448 1088 3519 apostolica
1129 3446 1426 3502 audientia
1464 3452 1853 3515 reprasentet,

219 3546 354 3605 nisi
406 3542 546 3599 forte
584 3544 643 3598 in
670 3542 929 3597 extremis
964 3540 1162 3596 ductus
1190 3539 1417 3611 dignam
1462 3537 1856 3609 poenitientiam

223 3636 517 3708 accipiat;
545 3652 608 3693 eo
646 3645 834 3693 tamen
862 3643 1085 3701 tenore,
1127 3642 1189 3689 ut
1227 3633 1271 3688 si
1302 3631 1658 3698 convaluerit,
1689 3630 1859 3685 simili

225 3730 452 3797 modo,
484 3738 550 3785 ut
575 3730 784 3785 dictum
809 3737 922 3797 est,
955 3743 1014 3783 se
1041 3726 1355 3799 apostolica
1402 3724 1518 3781 sedi
1559 3739 1861 3795 reprasen-

227 3838 376 3885 tare
431 3821 661 3879 festinet.
712 3822 922 3879 Eodem
963 3836 1183 3893 quoque
1222 3818 1571 3875 anathemate
1618 3817 1857 3889 percuti-

230 3933 393 3978 mus
431 3932 522 3973 eos
554 3916 642 3986 qui
679 3916 746 3971 ab
778 3916 936 3971 initio
977 3913 1344 3986 promotionis
1386 3911 1634 3984 ejusdem
1676 3911 1856 3982 aliqua

230 4010 466 4089 praedia
493 3998 747 4067 Ecclesia
777 4011 846 4065 ab
890 4026 956 4065 eo
996 4016 1342 4080 acceperunt,
1377 4015 1439 4062 ut
1466 4006 1569 4061 sibi
1608 4004 1859 4060 faverent

231 4109 319 4167 ad
350 4107 478 4178 ejus
498 4106 763 4162 malitiam
776 4103 1170 4168 contuendam,
1202 4101 1552 4173 pramaxime
1598 4099 1720 4155 illos
1744 4100 1860 4171 qui,

236 4210 563 4277 postquam
589 4216 647 4255 se
672 4198 988 4271 apostolica
1035 4196 1180 4253 sedis
1202 4194 1415 4267 judicio
1448 4193 1741 4259 subtraxit,
1792 4192 1860 4247 ab

1958 2436 2113 2477 mum
2129 2420 2233 2476 sibi
2248 2420 2399 2477 diem
2413 2421 2735 2492 pervenerit,
2754 2437 2864 2476 non
2882 2422 2927 2476 ei
2943 2422 3325 2492 paenitentiam
3335 2431 3389 2478 et
3397 2439 3548 2480 com-

1958 2514 2280 2569 munionem
2299 2514 2657 2586 denegamus,
2679 2514 2774 2569 sed
2793 2530 2945 2581 mox,
2964 2522 3024 2569 ut
3046 2516 3261 2585 poterit,
3285 2516 3548 2587 apostoli-

1960 2623 2083 2662 cam
2129 2607 2279 2663 adire
2309 2606 2518 2673 sedem,
2553 2607 2788 2664 omnino
2819 2608 2897 2662 illi
2927 2608 3297 2679 pracipimus.
3326 2612 3459 2666 Hac
3488 2619 3551 2666 ut

1964 2699 2178 2769 publice
2207 2698 2451 2754 maxime
2479 2697 2745 2753 fratribus
2774 2700 2875 2754 tibi
2926 2700 3189 2771 subjectis
3214 2703 3554 2774 coepiscopis

1964 2792 2211 2847 notiﬁces
2256 2792 2535 2857 volumus,
2564 2799 2619 2846 et
2645 2808 2710 2846 ex
2738 2801 2889 2863 parte
2920 2792 3066 2847 beati
3113 2794 3256 2848 Petri
3292 2796 3554 2867 praecipi—

1966 2901 2111 2951 mus,
2131 2894 2191 2940 ut
2214 2883 2517 2939 secundum
2534 2893 2858 2941 sanctorum
2883 2884 3138 2941 instituta
3157 2890 3384 2943 Patrum
3406 2904 3557 2945 sum-

1968 2994 2194 3049 mopere
2240 2993 2501 3048 procures
2531 2979 2588 3032 in
2626 2977 2887 3049 pradicta
2936 2979 3330 3051 Bambergensi
3374 2981 3558 3037 Eccle-

1967 3072 2047 3127 sia
2092 3080 2373 3143 pastorem
2401 3071 2688 3140 ordinare;
2734 3080 3008 3143 quatenus
3028 3071 3177 3144 quod
3202 3072 3261 3127 in
3290 3074 3557 3144 pradicto

1965 3166 2277 3223 Simoniaco
2319 3166 2658 3239 negligenter
2709 3165 2899 3237 egisti,
2942 3167 3322 3238 comproberis
3375 3184 3559 3224 emen-
3634 3232 3643 3233 ί

1962 3258 2115 3315 dare.
3100 3298 3101 3301 η

2036 3358 2180 3409 Data
2209 3353 2497 3422 Laurenti,
2520 3353 2737 3410 decimo
2776 3352 2939 3411 tertio
2983 3356 3268 3414 Kalendas
3298 3355 3554 3429 Augusti,

1964 3446 2267 3503 indictione
2293 3446 2505 3503 decima
2534 3448 2714 3503 tertia.

2511 3542 2860 3617 EPISTULA
2893 3562 2996 3616 III.

2179 3686 2261 3726 AD
2302 3685 2617 3727 HENBICUM
2670 3687 2878 3727 BEGEM
2932 3686 3343 3732 ROMANOBUH.

2558 3778 2747 3841 (Anno
2792 3779 2975 3842 1075.)

1968 3888 2049 3938 De
2085 3886 2419 3959 AIIerz'manno
2465 3883 2851 3957 Bambergensi
2884 3885 3065 3940 eadem
3109 3903 3228 3956 qua
3293 3889 3354 3942 in
3408 3905 3561 3959 supe‘

2039 3956 2194 4009 'rz'ori.
2227 3958 2419 4024 Regem
2464 3960 2723 4025 praeterea
2745 3961 2937 4024 monet,
2984 3963 3045 4011 ut
3085 3960 3378 4014 Ecclesium
3407 3956 3557 4017 Bdm-

2042 4028 2339 4095 bergensem
2368 4032 2510 4081 recte
2555 4028 2803 4081 ordinari
2821 4033 2988 4082 curet.

2040 4136 2394 4191 GREGOBIUS
2431 4134 2740 4206 episcopus,
2783 4151 3070 4192 servorum
3108 4136 3236 4206 Dei,
3277 4138 3558 4197 HENBICO

234 4314 316 4354 eo
373 4291 589 4364 aliquid
610 4292 662 4347 in
688 4291 910 4363 pradiis
939 4291 1018 4345 vel
1047 4290 1106 4344 in
1130 4287 1399 4343 thesauris
1418 4286 1676 4343 Ecclesia
1714 4300 1862 4342 acce~

238 4393 467 4463 perunt
494 4385 561 4440 ad
606 4384 1011 4441 confovendum
1046 4398 1195 4449 eum,
1226 4390 1287 4436 ut
1328 4380 1387 4435 in
1433 4397 1531 4436 sua
1561 4379 1859 4450 pertinacia

235 4487 605 4557 perseveret,
655 4477 759 4535 nisi
808 4476 1159 4549 resipueriut,
1202 4474 1456 4531 videlicet
1489 4482 1549 4529 ut
1585 4473 1860 4544 condigna

233 4570 637 4634 satisfactione
669 4570 820 4644 quod
862 4568 1129 4642 pradicto
1183 4568 1466 4640 sacrilegio
1494 4572 1857 4638 peccaverunt

233 4665 581 4735 emendem,
630 4665 896 4736 nobisque
934 4678 1096 4720 suam
1142 4662 1528 4735 paenitentiam
1582 4662 1857 4733 resignare

240 4762 550 4820 festinent.

324 4857 478 4911 Data
527 4852 811 4920 Laurenti,
857 4850 1077 4907 decimo
1103 4850 1274 4908 tertio
1298 4848 1573 4906 Kalendas
1605 4844 1858 4920 Augusti,

242 4947 569 5008 indictione
594 4944 810 5002 decima
839 4945 1019 5001 tertia.

837 5048 1185 5104 EPISTOLA
1224 5016 1293 5102 Π.

255 5172 351 5213 ΑΒ
421 5165 810 5211 BIGBYBIDUII
849 5158 1865 5219 MOGUNTINUMABCBIEPISCOPUM.

868 5248 1055 5315 (Anno
1104 5248 1284 5309 1075.)

700 5348 955 5421 Ejusdem
983 5350 1097 5417 fere
1114 5346 1440 5417 argumenti.

338 5454 705 5513 GBEGORlUS
722 5453 1030 5524 episcopus,
1048 5464 1232 5505 servus
1253 5461 1536 5503 servorum
1554 5445 1682 5513 Dei,
1700 5446 1869 5501 5168-

265 5564 461 5610 ramo
477 5553 627 5615 (381)
646 5532 971 5617 Moguntino
987 5530 1413 5629 archiepiScopo,
1430 5540 1659 5597 salutem
1679 5547 1734 5596 et
1749 5555 1874 5611 apo-

263 5643 527 5701 stolicam
564 5637 1018 5695 benedictionem.

341 5735 597 5806 Qualiter
658 5730 1072 5804 Bambergensis
1124 5731 1527 5798 Herimannus,
1563 5727 1678 5800 jam
1724 5741 1873 5783 nunc

350 5893 499 5957 (381)
527 5883 785 5961 Sigifrido
809 5890 860 5943 et
882 5887 959 5941 sic
976 5885 1188 5959 ubique.

1970 4228 2109 4298 regi,
2162 4228 2393 4285 salutem
2440 4237 2496 4285 et
2548 4228 2907 4300 apostolicam
2953 4228 3414 4288 benedictionem.

2041 4324 2188 4376 Inter
2232 4330 2432 4378 catera
2478 4322 2753 4378 bonarum
2794 4322 3061 4378 virtutum
3100 4339 3282 4394 Opera,
3327 4325 3403 4380 ﬁli
3432 4325 3562 4382 cha-

1970 4414 2208 4485 rissime,
2252 4415 2321 4470 ad
2360 4430 2484 4486 qua
2526 4423 2582 4469 te
2612 4415 3018 4470 meliorationis
3054 4415 3238 4472 studio
3274 4432 3561 4490 assurgere

1966 4507 2115 4563 fama
2147 4506 2417 4563 referente
2446 4506 2779 4574 audivimus,
2805 4507 3021 4563 duobus
3056 4516 3111 4562 te
3138 4507 3322 4564 modis
3354 4518 3560 4567 sancta

1889 4620 1939 4688 ι)
1970 4602 2135 4657 matri
2183 4609 2313 4670 tua,
2363 4604 2634 4657 Romana
2664 4602 2919 4657 Ecclesia
2963 4600 3186 4669 scilicet,
3221 4601 3561 4660 eminentius

1966 4695 2386 4752 commendasti.
2437 4696 2503 4749 In
2551 4695 2723 4750 altero
2761 4693 3007 4765 quidem,
3065 4694 3191 4765 quia
3229 4694 3557 4753 Simoniacis

1967 4790 2195 4845 viriliter
2242 4788 2479 4853 resistis;
2544 4786 2603 4841 in
2654 4788 2826 4842 altero
2873 4803 3000 4843 vero
3053 4787 3184 4859 quia
3234 4788 3561 4847 clericorum

1969 4882 2296 4951 castitatem,
2324 4888 2513 4951 utpote
2542 4895 2827 4935 servorum
2864 4880 3110 4946 Domini,
3141 4888 3196 4937 et
3213 4881 3445 4938 libenter
3471 4900 3564 4956 ap-

1973 4976 2171 5047 probas
2195 4984 2248 5029 et
2277 4972 2573 5029 efﬁcaciter
2603 4973 2890 5029 desideras
2913 4973 3227 5045 adimplere.
3255 4975 3466 5045 Quibus
3495 4978 3564 5033 de

1972 5070 2151 5126 causis
2204 5068 2417 5141 signum
2474 5069 2635 5123 nobis
2681 5068 3032 5140 pr0posuisti,
3080 5068 3381 5139 epitulante
3420 5074 3557 5140 Deo,

1973 5164 2167 5221 altiora
2198 5163 2263 5218 de
2290 5170 2343 5218 te
2374 5170 2428 5217 et
2447 5162 2831 5233 prastantiora
2862 5177 3089 5233 quaque
3116 5163 3385 5234 sperandi.
3418 5165 3563 5233 Qua-

1974 5266 2197 5329 propter
2226 5264 2279 5311 et
2304 5256 2419 5311 hac
2442 5263 2497 5310 te
2526 5255 2763 5310 ﬁrmiter
2784 5256 3021 5310 retinere
3038 5255 3191 5310 valde
3214 5264 3490 5326 Optamus,
3507 5265 3564 5313 et

1974 5351 2280 5406 Dominum
2293 5352 2471 5404 Deum
2490 5356 2741 5404 nostrum
2759 5357 2820 5403 ut
2835 5364 2899 5403 ea
2916 5347 3016 5402 tibi
3030 5350 3356 5405 cumulatius
3365 5366 3564 5423 augere

1976 5443 2233 5516 dignetur
2260 5442 2579 5514 suppliciter
2609 5442 2983 5497 obsecramus.
3008 5443 3284 5499 Caterum
3310 5443 3378 5499 de
3405 5446 3567 5501 Bam-

1976 5536 2232 5609 bergensi
2263 5536 2524 5598 Ecclesia,
2572 5551 2695 5607 qua
2748 5533 2830 5589 sui
2862 5534 3176 5591 fundatoris
3227 5536 3566 5594 institutione

1978 5639 2180 5688 sancta
2218 5637 2273 5683 et
2298 5628 2609 5699 apostolica
2650 5627 2785 5693 sedi,
2826 5635 3094 5699 tanquam
3136 5629 3353 5686 humeri
3383 5628 3564 5703 capiti,

1979 5721 2295 5782 membrum
2334 5721 2541 5778 scilicet
2577 5720 2943 5791 propinquius
2984 5723 3287 5793 specialiori
3334 5725 3576 5798 quadam.
