4074 6172
590 286 683 339 431
1264 283 1320 336 S.
1359 279 1679 337 GREGORII
1717 281 1806 336 VII
1842 280 2036 336 PAPE
2074 272 2349 338 OPERUM
2388 281 2560 337 PARS
2599 280 2637 338 l.
2680 307 2750 324 -ι
2789 282 3187 340 REGISTRUM.

3768 285 3866 343 432

586 424 717 465 cura
742 406 1127 465 sollicitudinis
1147 403 1398 471 inheret,
1423 403 1776 461 vehementer
1802 403 2052 462 dolemus
2068 447 2083 473 ,
2121 413 2177 463 et
2208 411 2264 474 Α
2289 406 2527 464 formido
2563 408 2732 476 necis,
2754 423 2919 481 quam
2945 407 3147 465 nostris
3174 406 3356 463 dicitis
3386 405 3648 464 fratribus
3688 406 3871 465 immi-

588 502 704 574 ejus
727 498 1050 558 desolationi
1089 513 1186 569 pro
1229 496 1435 552 viribus
1483 512 1793 567 occurrere,
1833 499 2092 571 opitulari
2122 508 2179 556 et

590 596 895 662 consulere,
925 590 1085 647 ofﬁcii
1110 589 1288 646 nostri
1338 589 1662 649 necessitate
1700 591 2053 665 impellimur.
2090 592 2182 649 Si-

591 687 877 744 moniacus
900 684 1045 740 enim
1068 684 1158 739 ille
1181 683 1554 741 Herimannus
1565 684 1745 743 dictus
1764 686 2048 759 episcopus
2075 686 2181 743 hoc

592 796 738 837 anno
751 777 821 834 ad
836 776 1107 849 synodum
1122 778 1363 834 Romam
1381 786 1605 835 vocatus
1623 779 1805 837 venire
1813 780 2149 852 contempsit
2164 798 2179 847 ;

589 872 685 929 sed
712 886 839 927 cum
867 870 1090 943 propius
1113 873 1354 927 Romam
1384 872 1720 941 accessisset,
1748 872 1803 928 in
1824 872 2024 929 itinere
2051 871 2180 929 sub-

587 964 747 1034 stitit,
770 973 829 1021 et
847 964 1189 1037 premittens
1216 966 1442 1023 nuntios
1479 982 1612 1024 suos
1640 983 1769 1023 cum
1796 967 2034 1039 copiosis
2062 983 2183 1023 mu-

588 1058 830 1127 neribus,
858 1066 993 1115 noto
1031 1057 1132 1115 sibi
1153 1058 1385 1115 artiﬁcio
1428 1060 1801 1117 innocentiam
1846 1069 2102 1118 nostram
2126 1069 2183 1117 et

590 1151 931 1209 confratrum
978 1160 1293 1208 nostrorum
1342 1152 1707 1225 integritatem
1734 1153 1982 1226 pactione
2021 1170 2183 1227 pecu-

590 1246 697 1303 nie
722 1254 1011 1315 attentare,
1033 1254 1217 1318 atque,
1249 1246 1293 1301 si
1318 1245 1434 1301 ﬁeri
1455 1255 1654 1318 posset,
1675 1263 2027 1321 corrumpere
2058 1264 2181 1305 mo-

590 1345 718 1401 litus
736 1352 839 1400 est.
871 1343 1032 1417 Quod
1058 1342 1150 1399 ubi
1176 1351 1373 1415 preter
1392 1360 1547 1417 spem
1567 1344 1765 1415 evenit,
1779 1344 1903 1417 jam
1932 1344 2001 1401 de
2026 1344 2183 1403 dam-

590 1440 810 1495 natione
871 1454 968 1494 sua
1024 1438 1292 1505 securior,
1356 1437 1673 1495 festinanter
1718 1440 2064 1509 retrocessit,
2130 1447 2186 1495 et

590 1532 803 1589 blandis
829 1530 1219 1603 fallacibusque
1268 1531 1555 1603 promissis
1600 1533 1929 1589 clericorum
1974 1532 2066 1607 qui
2091 1548 2181 1590 se-

590 1642 718 1684 cum
744 1634 898 1683 erant
923 1625 1136 1681 animas
1173 1626 1404 1695 lactans,
1426 1625 1606 1682 aiebat
1629 1642 1708 1695 se,
1750 1627 1797 1683 si
1822 1626 2063 1700 patriam
2098 1642 2181 1683 re-

590 1720 789 1794 pedare
840 1728 1043 1792 posset,
1085 1720 1155 1775 ab
1183 1719 1501 1793 episcOpatu
1527 1729 1868 1777 cessaturum
1888 1730 1945 1778 et
1988 1736 2179 1778 mona-

586 1817 735 1873 stice
755 1814 880 1871 vite
908 1812 1306 1887 professionem
1341 1813 1675 1870 subiturum.
1708 1817 1892 1886 Quam
1934 1813 2179 1887 sponsio-

590 1924 720 1966 nem
770 1908 1002 1981 qualiter
1041 1907 1380 1979 impleverit,
1436 1908 1819 1965 celsitudinem
1867 1916 2049 1977 tuam,
2100 1907 2179 1964 ﬁli

586 1998 930 2069 charissime,
953 2016 1066 2057 non
1088 2001 1239 2057 latet.
1270 2001 1416 2070 Quin
1442 2002 1613 2058 etiam
1632 2003 1924 2059 temeraria
1950 2002 2182 2059 ulterius

590 2111 908 2169 progressus
949 2093 1194 2161 audacia,
1227 2095 1457 2151 clericos
1499 2095 1755 2152 Ecclesiae
1778 2112 1913 2163 sue,
1944 2095 2181 2151 salutem

588 2198 646 2246 et
672 2189 936 2246 honorem
978 2197 1311 2260 querentes,
1351 2188 1512 2245 bonis
1540 2189 1655 2245 suis
1695 2188 2056 2261 despoliavit,
2101 2198 2178 2258 et,

590 2284 696 2338 nisi
726 2298 853 2339 eum
880 2290 996 2351 tua,
1027 2290 1087 2337 ut
1123 2281 1452 2351 audivimus,
1500 2282 1696 2356 regalis
1726 2283 1964 2354 potentia
2009 2283 2177 2340 refre-

590 2376 777 2448 gisset,
800 2375 1011 2447 penitus
1033 2374 1393 2431 confudisset.
1426 2376 1530 2431 His
1557 2375 1864 2431 excessibus
1896 2376 2180 2448 diligenter

588 2467 968 2537 consideratis,
1011 2467 1083 2523 ab
1129 2467 1424 2540 episcopali
1469 2484 1597 2525 eum
1636 2477 1805 2541 atque
1851 2469 2174 2527 sacerdotali

590 2562 769 2620 ofﬁcio
828 2562 1143 2634 dejecimus.
1204 2564 1433 2633 Insuper
1478 2562 1742 2634 quoniam
1795 2563 2176 2635 Bambergen-

581 2672 700 2713 sem
755 2655 1080 2727 Ecclesiam,
1159 2655 1458 2727 apostolica
1516 2654 1662 2712 beati
1734 2656 1880 2712 Petri
1943 2656 2178 2713 tuitione

579 2749 878 2819 munitam,
924 2748 1197 2805 crudelius
1263 2756 1427 2821 atque
1476 2749 1761 2806 molestius
1829 2765 2002 2822 quam
2048 2755 2175 2806 ante

578 2843 840 2901 infestare
904 2842 1272 2915 presumpsit,
1328 2842 1691 2899 anathematis
1766 2859 1893 2900 eum
1960 2844 2175 2900 vinculo

574 2936 957 2994 innodavimus
985 2936 1160 2993 donec
1184 2936 1607 2994 ecclesiasticam
1631 2936 1958 3010 dignitatem
1984 2937 2173 2994 illicite

578 3030 1164 3103 usurpatamdeponat,
1182 3038 1236 3086 et
1245 3045 1303 3087 se
1314 3029 1677 3087 nihilominus
1698 3030 1844 3087 sedis
1859 3030 2171 3102 apostolice

571 3124 776 3198 judicio
812 3132 1184 3197 representet.
1213 3126 1370 3181 Nunc
1398 3139 1550 3197 ergo,
1581 3123 2035 3180 excellentissime
2069 3123 2173 3194 ﬁli,

578 3216 971 3275 sublimitatem
991 3225 1139 3273 tuam
1180 3216 1485 3287 hortamur,
1523 3225 1579 3273 et
1605 3233 1702 3288 pro
1727 3224 1932 3273 nostre
1968 3216 2176 3273 sollici-

577 3310 790 3369 tudinis
851 3310 1036 3367 debito
1098 3309 1426 3379 suademus,
1493 3318 1555 3366 ut
1609 3300 1993 3383 religiosorum
2049 3326 2179 3367 con-

581 3405 705 3463 silio
734 3405 979 3462 virorum
1024 3403 1215 3461 eadem
1269 3403 1495 3461 ecclesia
1536 3405 1617 3462 ita
1646 3403 1956 3462 secundum
2000 3407 2183 3461 Deum

580 3499 889 3567 ordinetur,
919 3506 1188 3570 quatenus
1217 3497 1366 3555 beati
1394 3498 1569 3570 Petri,
1594 3497 1751 3571 cujus
1770 3498 1983 3555 nomini
2007 3506 2063 3555 et
2086 3496 2182 3555 de-

578 3592 807 3650 fensioni
838 3592 1111 3649 attitulata
1139 3600 1245 3659 est,
1275 3591 1683 3661 intercessione,
1737 3591 1939 3649 divine
1973 3608 2182 3649 merea-

582 3686 659 3741 ris
708 3685 962 3742 obtinere
1015 3684 1270 3756 suffragia
1296 3684 1669 3755 protectionis.
1716 3684 1859 3754 Quid
1916 3700 2043 3743 vero
2079 3685 2181 3741 hac

580 3778 694 3850 ipsa
722 3777 790 3833 de
813 3791 977 3833 causa
1006 3775 1279 3849 Sigefrido
1324 3776 1587 3833 confratri
1627 3786 1819 3835 nostro
1848 3778 2181 3851 Moguntina

578 3870 853 3944 episcopo,
882 3878 939 3926 et
960 3867 1137 3924 eidem
1157 3869 1545 3942 Bambergensi
1568 3869 1712 3925 clero
1734 3878 1792 3926 et
1821 3872 2023 3943 populo
2050 3871 2182 3927 scri-

581 3962 805 4038 pserim,
839 3979 905 4019 ex
933 3961 1130 4017 litteris
1156 3960 1223 4018 ad
1267 3978 1362 4019 eos
1388 3962 1535 4019 datis
1570 3962 1640 4019 ad
1681 3962 1949 4035 liquidum
1978 3965 2181 4035 poteris

581 4072 935 4132 cognoscere.

657 4152 791 4208 Data
813 4153 1034 4219 Rome,
1064 4146 1274 4208 decimo
1289 4149 1454 4207 tertio
1474 4149 1754 4207 Kalendas
1782 4152 2037 4226 Augusti.

1133 4254 1491 4312 EPISTOLA
1544 4256 1639 4311 ιν.

1138 4363 1563 4407 ΠΟθυΝΤΙΝυΠ
1623 4364 2181 4409 ΛΒοΗιΕΡιεεοΡοΜ.

1176 4447 1359 4510 (Anno
1415 4448 1598 4510 1075.)

584 4366 666 4409 AD
708 4364 1085 4408 SIGBFBIDUM

584 4540 850 4621 Hortatur
1008 4538 1297 4621 pastorale.
1342 4537 1811 4621 munusmﬁde‘liter
1858 4539 2178 4621 obeundum.
2210 4556 2262 4621 Ι)

656 4612 906 4680 Praecipit
958 4616 1021 4665 ut
1055 4611 1298 4680 inquirat
1336 4624 1465 4663 num
1517 4609 1951 4679 Strasburgensis
1991 4612 2181 4680 episco-

650 4697 756 4752 pus
784 4684 1099 4737 Sz'mom'ace
1127 4683 1262 4735 labis
1301 4681 1372 4752 sit
1405 4694 1547 4735 reus.
1568 4681 1785 4752 ,Arguz't
1814 4698 1897 4737 eos
1932 4685 2030 4752 qui
2055 4697 2174 4736 con-

653 4751 985 4835 ciliumuse
1306 4751 1666 4837 ἀίᾔενθηᾴιιῃι
1710 4769 1818 4837 esse
1851 4751 2171 4837 censebant;

655 4825 816 4947 fiqu
829 4824 1071 4947 injigngi:
1098 4829 1157 4878 ut
1182 4825 1474 4880 Simoniam
1516 4826 1567 4877 et
1590 4824 2012 4890 fornicationem
2040 4825 2176 4879 evel-

680 4910 743 4948 en
820 4909 873 4947 m
949 4908 1043 4948 ure
1073 4935 1086 4948 .

660 4997 1014 5053 Gnseonms
1024 4993 1331 5067 episcopus,
1355 5010 1539 5052 servus
1559 5011 1846 5055 servorum
1867 4999 1991 5069 Dei,
2011 5000 2178 5058 Smn-

590 5105 779 5148 rnmo
807 5088 1139 5161 Moguntina
1159 5087 1599 5161 archiepiscopo,
1629 5092 1861 5150 salutem
1877 5101 1932 5149 et
1959 5102 2181 5165 aposto-

587 5184 747 5242 licam
772 5182 1227 5241 benedictionem.

658 5277 929 5335 Plurimas
966 5276 1022 5332 in
1066 5275 1173 5332 tuis
1218 5273 1434 5346 litteris,
1484 5272 1674 5346 frater,
1723 5277 2089 5347 excusabiles,
2122 5289 2180 5336 et

587 5378 853 5444 quantum
929 5368 999 5426 ad
1055 5367 1361 5425 humanum
1417 5377 1624 5441 spectat
1662 5369 1929 5443 judicium
1976 5363 2204 5430 validas'

589 5463 859 5537 protulisti
888 5463 1143 5519 rationes.
1174 5464 1290 5518 Nec
1312 5462 1474 5518 nobis
1514 5477 1731 5534 quoque
1758 5463 2069 5522 viderentur
2089 5466 2180 5524 in-

588 5555 783 5627 ﬁrme,
815 5557 863 5614 si
892 5554 1210 5629 hujusmodi
1236 5563 1461 5627 possent
1497 5555 1554 5610 in
1580 5554 1763 5613 divino
1792 5572 1893 5615 nos
1933 5560 2182 5617 examine

590 5666 871 5710 excusare.
942 5652 1090 5705 Rata
1139 5648 1419 5721 siquidem
1464 5648 1679 5706 videtur
1717 5651 1991 5709 excusatio
2032 5654 2184 5727 regni

587 5752 774 5803 motus
799 5758 862 5800 ac
889 5741 1243 5816 perturbatio,
1274 5737 1416 5798 bella
1451 5748 1507 5798 et
1539 5741 1856 5816 seditiones,
1877 5744 2183 5804 invasiones

587 5837 836 5898 hostium
875 5853 941 5895 ac
977 5834 1207 5909 perditio
1254 5852 1439 5893 rerum
1480 5844 1816 5910 vestrarum,
1870 5838 2096 5913 insuper
2128 5848 2185 5896 et

2213 3179 2260 3244 C

2285 517 2415 558 nere
2437 502 2699 575 principis
2717 502 2872 571 odio;
2889 502 2970 558 vel
2991 518 3061 558 ne
3086 501 3144 557 hi
3173 500 3265 574 qui
3288 499 3361 558 de
3375 499 3611 558 diversis
3626 501 3872 574 partibus

2286 594 2519 652 invicem
2546 594 2924 665 inimicantur,
2955 596 2999 651 si
3021 596 3079 651 in
3113 610 3286 651 unum
3324 594 3673 664 conveniant,
3701 610 3873 667 usque

2288 688 2355 746 ad
2374 688 2763 747 internecionis
2789 689 2930 747 bella
2955 696 3307 762 consurgant.
3351 690 3488 759 Que
3515 704 3646 745 sane
3691 688 3874 745 omnia

2286 783 2416 839 satis
2443 782 2691 840 videntur
2734 783 2803 840 ad
2846 783 3156 857 cujuspiam
3188 782 3601 839 excusationem
3656 781 3871 839 idonea.

2288 877 2498 932 Verum
2518 876 2983 935 si'consideremus
2999 885 3268 950 quantum
3303 876 3375 933 ab
3398 876 3651 933 humanis
3669 876 3875 948 judicia

2288 967 2497 1026 distant
2511 969 2716 1040 divina,
2735 971 2877 1027 nihil
2901 986 3036 1044 pene
3060 970 3361 1043 reperimus
3383 970 3531 1043 quod
3555 970 3614 1026 in
3640 985 3875 1042 superno

2289 1063 2533 1120 examine
2579 1065 2891 1122 excusabile
2942 1064 3307 1137 proferamus,
3352 1072 3415 1119 ut
3441 1064 3508 1120 ab
3561 1063 3876 1120 animarum

2290 1157 2454 1214 lucris
2481 1157 2685 1213 retrahi
2712 1158 2834 1215 sine
2860 1158 3099 1231 periculo
3145 1158 3462 1226 valeamus;
3516 1173 3628 1214 non
3674 1156 3879 1213 damna

2287 1250 2559 1324 siquidem
2580 1267 2784 1320 rerum,
2827 1268 2939 1309 non
2968 1253 3241 1309 malorum
3285 1250 3607 1319 simultates,
3656 1256 3755 1307 aut
3799 1250 3879 1307 ira

2290 1354 2596 1417 potentum,
2618 1362 2729 1403 non
2753 1346 2924 1419 ipsius
2939 1346 3129 1403 salutis
3158 1361 3377 1419 quoque
3409 1353 3613 1401 nostre
3640 1344 3880 1417 viteque

2289 1438 2661 1511 dispendium.
2702 1442 2766 1495 ln
2792 1439 2899 1496 hoc
2929 1440 3130 1512 quippe
3161 1438 3484 1496 mercenarii
3512 1455 3542 1494 a
3568 1438 3880 1510 pastoribus

2290 1531 2496 1589 distant
2518 1533 2666 1606 quod
2685 1533 2762 1601 hi,
2790 1533 2917 1605 lupo
2947 1533 3217 1599 veniente,
3247 1532 3381 1589 dum
3405 1532 3511 1589 sibi
3538 1546 3655 1589 non
3682 1531 3880 1587 ovibus

2288 1634 2561 1697 metuunt,
2603 1627 2779 1700 gregis
2804 1627 3167 1700 direptionem
3206 1626 3707 1698 dispersionemque
3748 1641 3883 1682 conc

2286 1728 2616 1790 temnentes,
2642 1721 2721 1777 eis
2759 1719 2985 1789 relictis,
3012 1719 3311 1793 effugiunt;
3358 1728 3606 1792 pastores
3628 1734 3758 1776 vero
3786 1718 3880 1791 qui

2290 1830 2417 1871 suas
2443 1814 2675 1887 diligunt
2701 1830 2827 1871 oves
2848 1856 2862 1883 ,
2901 1830 2993 1871 eas
3020 1828 3374 1887 nequaquam
3407 1812 3665 1870 deserunt
3689 1811 3884 1868 immi-

2287 1917 2452 1965 nente
2497 1908 2755 1980 periculo,
2800 1924 2898 1981 pro
2953 1908 3151 1981 quibus
3182 1923 3403 1980 quoque
3471 1922 3588 1964 non
3626 1905 3884 1963 dubitant

2288 2002 2528 2075 proprie
2555 2003 2679 2061 vite
2701 2002 2887 2059 subire
2915 2002 3164 2059 exitium.
3198 2002 3545 2075 Quapropter
3580 2007 3799 2074 oportet
3826 2007 3884 2057 et

2286 2112 2390 2153 nos
2439 2096 2635 2153 studiis
2689 2096 2978 2168 pastoralis
3036 2095 3205 2152 ofﬁcii
3252 2096 3507 2152 insistere
3570 2094 3879 2168 vigilanter,

2288 2198 2451 2261 atque
2499 2188 2568 2246 ad
2611 2190 2836 2247 Domini
2875 2190 3108 2263 gloriam
3154 2190 3347 2246 ovium
3395 2204 3612 2261 semper
3653 2203 3883 2244 suarum

2286 2283 2523 2340 salutem
2551 2298 2818 2355 querere,
2850 2282 2919 2339 ad
2941 2283 3121 2356 gregis
3160 2282 3470 2339 custodiam
3500 2282 3679 2339 socios
3721 2281 3886 2337 insti-

2284 2393 2441 2451 gare,
2488 2385 2545 2433 et
2596 2384 2661 2433 ut
2695 2385 2847 2433 recto
2884 2391 3071 2449 gressu
3112 2376 3425 2433 commissis
3460 2375 3651 2433 ovibus
3674 2389 3882 2447 prece-

2285 2471 2418 2527 dant
2476 2469 2767 2527 salubriter
2823 2484 3204 2527 commonere.
3266 2471 3520 2542 Namque
3573 2470 3621 2525 si
3683 2468 3884 2525 fratres

2284 2572 2505 2621 nostros
2550 2563 2960 2620 consideremus
3004 2562 3359 2636 delinquere,
3410 2571 3465 2618 et
3512 2570 3785 2631 tacemus,
3838 2563 3883 2617 si

2282 2656 2526 2729 denique
2556 2672 2761 2727 errare,
2789 2666 2845 2713 et
2873 2672 2990 2714 non
3018 2672 3111 2713 eos
3138 2656 3207 2713 ad
3231 2655 3587 2712 rectitudinis
3618 2656 3884 2711 semitam

2285 2750 2560 2807 monendo
2588 2766 2843 2807 revocare
2863 2766 3147 2817 conemur,
3176 2765 3364 2806 nonne
3385 2757 3439 2806 et
3468 2750 3571 2821 ipsi
3599 2748 3881 2821 delinqui-

2282 2860 2427 2913 mus,
2476 2853 2531 2900 et
2559 2861 2742 2901 errare
2771 2846 2974 2902 merito
3012 2842 3369 2917 judicamur?
3402 2844 3614 2899 etenim
3660 2843 3759 2912 qui
3791 2856 3883 2898 ne-

2282 2938 2439 3011 gligit
2486 2938 2671 3010 culpas
2722 2937 3051 3006 emendare,
3114 2936 3432 2993 committit.
3486 2938 3556 2991 Et
3601 2950 3702 2991 cur
3761 2934 3884 2991 Heli

2281 3031 2534 3088 sacerdos
2573 3032 2631 3087 in
2670 3031 2781 3089 Silo
2812 3032 3011 3103 periit?
3054 3040 3110 3087 et
3139 3030 3270 3104 quid
3296 3038 3379 3086 est
3411 3028 3558 3103 quod
3607 3029 3886 3085 Dominus

2288 3124 2537 3196 loquitur
2576 3140 2676 3197 per
2730 3125 3085 3198 prophetam?
3132 3124 3474 3192 Maledictus,
3516 3121 3710 3195 inquit,
3792 3123 3887 3193 qui

2282 3220 2529 3289 prohibet
2551 3217 2793 3288 gladium
2820 3235 3024 3274 suuma
3062 3221 3337 3289 sanguine.
3368 3221 3497 3285 (Jer.
3537 3216 3785 3287 vam),
3830 3214 3883 3271 id

2286 3320 2371 3368 est
2420 3311 2649 3368 verbum
2708 3311 3107 3384 predicationis
3147 3327 3177 3368 a
3207 3310 3507 3368 carnalium
3552 3310 3675 3365 vite
3719 3308 3883 3365 inter-

2288 3403 2542 3463 fectione.
2574 3407 2654 3463 Ut
2698 3414 2881 3462 autem
2911 3404 2983 3462 ad
3006 3405 3063 3462 id
3092 3404 3245 3478 quod
3282 3403 3352 3462 ad
3397 3419 3633 3477 presens
3683 3402 3884 3475 premit

2286 3500 2531 3555 animum
2559 3507 2614 3555 et
2650 3499 2799 3572 quod
2856 3498 3007 3571 quasi
3061 3514 3225 3557 causa
3253 3506 3335 3555 est
3382 3498 3559 3555 nostri
3604 3497 3885 3554 sermonis

2289 3594 2589 3662 veniamus,
2626 3592 2906 3666 quomodo
2936 3608 3000 3649 ea
3032 3593 3304 3664 patienter
3356 3590 3601 3665 perferre
3637 3591 3883 3648 valemus

2288 3703 2410 3760 que
2436 3687 2505 3743 de
2524 3686 2703 3743 fratris
2725 3686 2931 3744 nostris
2970 3684 3411 3759 Strasburgensis
3438 3683 3677 3757 episcopi
3706 3684 3880 3741 mori-

2289 3781 2391 3837 bus
2426 3780 2747 3847 audivimus,
2791 3788 2848 3837 et
2880 3790 3025 3838 certa
3056 3796 3174 3838 esse
3213 3779 3479 3836 nonnulla
3519 3777 3694 3836 veraci
3748 3778 3881 3835 rela-

2289 3875 2439 3931 tione
2462 3875 2860 3947 cognovimus?
2876 3873 3037 3931 Unde
3062 3874 3316 3931 volumus
3338 3882 3503 3946 atque
3531 3872 3882 3946 precipimus

2289 3976 2558 4041 quatenus
2606 3984 2800 4037 unum,
2843 3966 2995 4041 quod
3021 3966 3173 4041 apud
3224 3982 3325 4025 nos
3373 3965 3557 4024 adhuc
3602 3974 3794 4023 manet
3825 3966 3881 4022 in

2289 4062 2540 4133 dubium,
2582 4062 2914 4119 Simoniace
2941 4060 3193 4119 videlicet
3221 4060 3494 4118 hereseos
3543 4059 3878 4132 contagium,

2290 4155 2579 4229 diligenter
2616 4154 2898 4223 discutias,
2956 4164 3012 4211 et
3040 4154 3305 4228 quidquid
3348 4169 3509 4226 super
3548 4168 3614 4210 eo
3662 4162 3881 4210 certum

2291 4250 2560 4323 repereris
2595 4250 2754 4305 nobis
2777 4249 3035 4305 intimare
3075 4264 3193 4305 non
3219 4246 3470 4317 differas,
3514 4255 3808 4320 quatenus,
3836 4245 3881 4301 si

2290 4358 2482 4400 verum
2504 4342 2691 4410 fuerit,
2718 4342 2919 4400 Christi
2946 4341 3184 4399 Ecclesia
3209 4342 3379 4398 tantis
3398 4339 3652 4399 sordibus
3687 4354 3883 4396 emun-

2290 4436 2473 4506 detur,
2513 4444 2568 4492 et
2602 4436 2750 4493 illius
2788 4437 3011 4504 anime,
3044 4451 3112 4491 ne
3140 4444 3362 4509 pereat,
3402 4434 3797 4500 subveniatur;
3835 4432 3883 4489 si

2292 4546 2421 4587 vero
2456 4528 2624 4602 (quod
2666 4529 2844 4603 magis
2878 4534 3147 4602 optamus)
3191 4527 3416 4597 falsum,
3454 4535 3605 4584 tanta
3650 4525 3881 4582 infamia

2293 4623 2481 4698 procul
2509 4624 2579 4680 ab
2612 4638 2699 4694 eo,
2730 4622 3023 4695 adjuvante
3046 4638 3150 4680 nos
3174 4621 3357 4679 divina
3394 4620 3586 4695 gratia,
3614 4619 3881 4693 prapella-

2292 4728 2397 4777 tur.
2440 4717 2523 4775 Illi
2564 4734 2693 4776 vero
2741 4720 2837 4791 qui
2866 4718 3051 4775 dicunt
3078 4716 3369 4775 concilium
3418 4713 3573 4788 quod
3602 4713 3761 4770 vobis
3804 4715 3883 4769 in-

2285 4814 2526 4870 diximus
2566 4828 2684 4871 esse
2728 4811 3119 4882 differendum,
3169 4825 3432 4884 rogamus
3463 4806 3834 4881 respondeant
3866 4825 3878 4861 :

2284 4909 2445 4980 Regii
2464 4908 2669 4965 milites
2692 4906 2924 4972 dudum,
2956 4914 3019 4960 ut
3039 4921 3098 4962 se
3123 4903 3194 4962 ad
3217 4904 3359 4961 bella
3391 4908 3651 4976 pararent
3680 4900 3881 4958 admo-

2285 5001 2411 5071 niti,
2454 4999 2589 5075 quid
2616 5009 2747 5058 tunc
2782 5007 2964 5058 essent
2994 4999 3192 5068 acturi,
3234 5013 3364 5055 cum
3398 4997 3586 5054 hostes
3628 4996 3688 5051 in
3731 4994 3881 5068 regia

2284 5095 2406 5152 aula
2435 5095 2600 5152 armis
2616 5094 2736 5166 jam
2764 5102 2818 5151 et
2841 5094 2961 5167 igne
2984 5093 3284 5150 saevirent?
3314 5092 3517 5148 Dicant
3538 5103 3670 5161 ergo
3690 5096 3882 5145 utrum

2285 5204 2439 5247 arma
2464 5188 2732 5245 deberent
2746 5188 2817 5244 ad
2840 5189 2988 5260 ipsos
3023 5187 3211 5244 hostes
3229 5181 3627 5258 perturbandos
3646 5189 3702 5239 et
3743 5196 3878 5239 con-

2286 5281 2541 5338 terendos
2564 5281 2834 5339 violenter
2851 5281 3148 5353 corripere,
3174 5296 3245 5337 an
3272 5278 3407 5352 quid
3422 5278 3611 5335 hostes
3650 5282 3881 5349 agerent

2284 5381 2505 5431 tantum
2530 5374 2736 5432 inertes
2776 5373 3145 5431 considerare.
3188 5371 3332 5443 Quid
3360 5372 3512 5429 enim
3539 5368 3692 5428 aliud
3719 5367 3879 5425 mali-

2286 5468 2378 5541 gni
2402 5467 2628 5539 spiritus
2663 5476 2854 5541 agunt,
2879 5468 2989 5524 nisi
3013 5465 3161 5540 quod
3187 5464 3386 5522 Christi
3412 5463 3710 5522 Ecclesiam
3753 5462 3878 5534 igne

2286 5560 2545 5617 vitiorum
2562 5561 2900 5618 incessanter
2920 5559 3204 5617 devastare
3228 5556 3603 5616 contendunt?
3629 5558 3699 5612 Et
3738 5553 3877 5626 quid

2286 5654 2462 5728 regios
2488 5654 2714 5723 milites,
2742 5663 2963 5712 sanctos
3004 5653 3257 5711 videlicet
3282 5649 3626 5719 sacerdotes,
3655 5654 3877 5719 oportet

2286 5746 2484 5819 facere,
2509 5748 2617 5806 nisi
2644 5746 2907 5805 adversus
2932 5762 3125 5805 eorum
3159 5744 3429 5804 sevitiam
3474 5745 3665 5818 clypeo
3694 5738 3877 5795 chari-

2290 5841 2420 5899 tatis
2455 5841 2702 5900 munitos
2741 5840 2919 5914 gladio
2960 5840 3134 5899 divini
3157 5838 3303 5898 verbi
3340 5838 3616 5898 accinctos
3640 5833 3882 5892 auctori-
