4144 6184
232 238 354 293 433

1390 233 1585 291 LIBER
1623 232 1925 290 TERTIUS.
1963 264 2031 276 -—
2071 236 2274 291 EPIST.
2312 236 2399 290 Vl.

3370 292 3373 293 ,
3437 222 3541 301 T434

247 360 386 419 tatis
408 359 595 432 vigore
620 360 986 431 consurgere?
1003 356 1164 429 Quod
1193 365 1379 415 autem
1404 356 1545 414 dicis
1569 357 1843 431 quosdam
1872 361 1927 426 Α
1954 374 2060 432 que
2104 375 2308 427 meam,
2353 367 2518 431 atque
2541 360 2771 417 amitam
2812 363 3117 420 Beatricem
3140 370 3195 420 et
3218 363 3391 420 ﬁliam
3422 362 3541 438 ejus

249 453 458 511 fratres
486 468 603 510 non
642 468 804 525 posse
828 451 901 509 ad
929 450 1227 509 concilium
1263 452 1558 508 convenire
1586 452 1657 508 ob
1687 452 1842 524 prin-

248 548 389 621 cipis
416 546 797 615 inimicitiam,
817 545 1050 603 dicimus
1067 545 1117 602 ei
1140 548 1160 613 [
1170 547 1332 615 forte,
1347 546 1443 613 eis,
1467 547 1681 612 Hum,
1701 550 1751 602 et
1767 547 1844 601 sic

250 644 311 697 in
332 644 562 710 Mutin.]
593 639 865 707 sufﬁcere,
885 640 933 695 si
960 637 1030 695 de
1074 639 1188 694 suis
1215 638 1427 695 clericis
1453 638 1721 713 dirigant,
1749 639 1845 710 qui

249 750 354 807 pro
380 735 461 791 eis
489 734 710 791 valeant
737 731 1087 805 respondere.
1114 733 1220 789 Sed
1249 732 1521 804 quoniam
1547 748 1662 790 non
1687 732 1843 805 igno-

250 843 449 884 ramus
485 825 637 899 quod
672 843 705 882 a
752 826 997 898 pluribus
1039 825 1351 883 carnalibus
1385 841 1448 882 ac
1492 825 1847 882 saecularibus

252 919 593 989 deborteris,
616 935 687 975 ne
705 920 765 975 in
779 920 937 975 vinea
958 919 1185 976 Domini
1208 935 1308 990 pro
1334 919 1652 975 animarum
1680 918 1848 975 lucris

251 1014 476 1073 fortiter
488 1029 554 1069 ac
582 1012 818 1069 ﬁdeliter
839 1013 1103 1085 opereris,
1126 1028 1197 1069 ne
1220 1021 1445 1069 tuarum
1468 1012 1611 1069 forte
1637 1028 1845 1080 rerum,

253 1116 353 1166 aut
391 1107 656 1164 odiorum
697 1114 987 1178 potentum
1016 1105 1318 1163 discrimen
1361 1106 1632 1171 incurras,
1683 1115 1737 1162 te
1782 1121 1847 1162 ex

253 1210 414 1274 parte
454 1201 556 1256 Dei
595 1199 997 1271 omnipotentis
1039 1207 1095 1256 et
1139 1200 1471 1255 auctoritate
1514 1200 1661 1256 beati
1701 1200 1847 1256 Petri

180 1368 196 1377 _
254 1309 526 1367 rogamus
567 1302 623 1349 et
661 1308 975 1358 monemus,
1022 1300 1292 1365 quatenus
1332 1292 1538 1349 nullius
1581 1293 1707 1349 odio
1752 1300 1850 1349 aut

253 1388 459 1461 gratia,
497 1403 598 1444 seu
624 1386 806 1459 aliqua
837 1394 1187 1445 terrenarum
1214 1401 1402 1443 rerum
1421 1386 1661 1458 jactura,
1693 1402 1724 1442 a
1763 1401 1849 1443 re-

254 1480 549 1538 ctitudinis
576 1480 799 1537 tramite
821 1479 1100 1537 declinare
1117 1494 1453 1551 praesumas;
1476 1480 1612 1552 quin
1637 1480 1848 1548 omnia,

254 1583 427 1649 prout
454 1574 692 1645 Spiritus
720 1582 945 1630 sanctus
984 1573 1297 1640 donaverit,
1324 1572 1615 1645 diligenter
1641 1572 1850 1629 exami-

253 1685 382 1739 nes,
406 1676 466 1725 et
482 1667 646 1724 nobis
667 1666 939 1739 quidquid
958 1674 1170 1723 certum
1192 1667 1503 1723 constiterit
1521 1667 1854 1738 quantocius

1953 453 2294 510 Matbildem.
2327 455 2417 509 Me
2468 468 2620 523 vero,
2674 454 2964 526 adiuvante
2991 458 3255 527 Domino,
3286 458 3354 514 de
3381 475 3543 533 expe-

1954 544 2166 602 ditione
2205 545 2471 602 Saxonica
2516 547 2797 614 redeunte,
2848 548 2984 605 alios
3027 550 3237 623 legatos
3281 550 3535 623 dirigam,

1955 654 2123 711 quam
2167 638 2547 696 familiariores
2578 656 2643 697 ac
2678 640 2945 697 ﬁdeliores
2977 641 3214 711 habebo,
3266 660 3363 715 per
3400 660 3539 717 quos

1956 748 2182 789 omnem
2227 732 2382 789 vobis
2420 748 2602 789 meam
2649 733 2989 791 voluntatem
3033 744 3089 792 et
3136 738 3538 807 reverentiam,

1956 842 2124 900 quam
2153 825 2317 883 beato
2335 829 2499 882 Petro
2520 834 2576 883 et
2590 826 2753 884 vobis
2766 826 2959 898 debeo,
2984 828 3321 902 signiﬁcabo.
3344 833 3540 888 Postea

1956 935 2087 977 vero
2149 918 2396 991 prmfatis
2443 919 2633 993 legatis
2678 919 2913 977 dicendo
2954 923 3236 979 mandavit
3271 933 3543 995 quatenus

1956 1029 2071 1069 non
2092 1012 2448 1082 mirarentur,
2478 1028 2583 1070 nec
2610 1013 2847 1085 graviter
2876 1015 3081 1071 ferrent
3116 1016 3263 1087 quod
3306 1018 3541 1087 promis-

1956 1122 2049 1164 sos
2088 1106 2315 1162 minime
2370 1106 2549 1163 adhuc
2601 1106 2861 1163 direxerit
2922 1108 3165 1174 nuntios,
3212 1110 3398 1181 eisque
3429 1127 3544 1166 non

1957 1200 2115 1257 ﬁeret
2130 1215 2428 1256 onerosum
2450 1215 2566 1267 eos,
2590 1199 2767 1257 donec
2785 1200 2899 1271 ipse
2923 1201 3186 1267 mitteret,
3215 1204 3539 1273 praestolari,

1958 1293 2220 1367 quoniam
2251 1293 2438 1364 procul
2459 1292 2629 1349 dubio
2658 1293 2797 1350 illios
2823 1293 3090 1350 missurus
3109 1304 3248 1361 erat,
3280 1304 3334 1350 et
3367 1297 3425 1351 in
3463 1311 3546 1352 ea-

1959 1387 2085 1445 dem
2106 1387 2377 1445 sententia
2404 1386 2758 1443 immobiliter
2782 1386 3161 1457 permanebat.
3185 1390 3343 1444 Nunc
3360 1397 3544 1445 autem

1958 1481 2191 1552 qualiter
2229 1479 2336 1536 hoc
2365 1480 2647 1536 consilium
2691 1495 2908 1535 versum
2958 1480 3045 1546 sit,
3090 1488 3146 1536 et
3174 1480 3324 1553 quod
3360 1480 3545 1539 facere

1962 1573 2194 1631 latenter
2220 1573 2563 1645 disposuerat
2587 1572 2773 1645 palam
2801 1572 2919 1629 ﬁeri
2944 1573 3094 1639 velit,
3124 1574 3342 1644 penitus
3375 1576 3545 1632 mira-

1963 1682 2110 1736 mur,
2142 1667 2250 1724 nisi
2280 1665 2429 1740 quod
2449 1666 2613 1723 datur
2632 1665 2882 1745 intelligi,
2911 1666 3040 1738 quia
3065 1666 3182 1737 ipse
3196 1682 3547 1741 nequaquam

253 1762 547 1820 insinuare
588 1774 867 1832 procures.
916 1760 1159 1815 Multum
1204 1774 1450 1832 namque
1478 1758 1646 1815 debet
1686 1759 1851 1817 nobis
1876 1785 1926 1848 Β
1962 1760 2104 1816 hanc
2130 1761 2316 1832 cupiat
2342 1775 2535 1831 pacem
2554 1759 2829 1830 componi,
2846 1774 3014 1831 quam
3040 1760 3207 1815 modo
3230 1760 3344 1815 vult
3363 1762 3548 1830 palam

254 1856 437 1913 videri
474 1852 818 1927 pudendum,
863 1853 1014 1925 quod
1058 1853 1285 1924 quilibet
1314 1852 1604 1910 saeculares
1645 1852 1853 1909 milites

246 1948 508 2023 quotidie
532 1962 634 2019 pro
656 1954 879 2003 terreno
897 1945 1144 2018 principe
1163 1960 1265 2003 suo
1290 1945 1349 2000 in
1378 1945 1494 2002 acie
1517 1946 1853 2013 consistunt,

245 2052 310 2101 et
339 2041 492 2097 necis
508 2039 748 2113 perferre
773 2039 1093 2096 discrimina
1119 2040 1208 2095 vix
1236 2047 1637 2111 expavescunt:
1662 2046 1718 2095 et
1730 2054 1853 2106 nos,

246 2136 365 2212 qui
389 2134 702 2192 sacerdotes
724 2133 955 2189 Domini
978 2132 1237 2200 dicimur,
1264 2147 1379 2189 non
1402 2147 1501 2204 pro
1538 2132 1636 2189 illo
1663 2140 1857 2188 nostro

246 2245 395 2303 rege
421 2242 753 2302 pugnemus,
783 2227 879 2300 qui
918 2226 1106 2282 omnia
1145 2224 1274 2282 fecit
1311 2240 1379 2283 ex
1419 2224 1617 2293 nihilo,
1655 2225 1858 2297 quique

243 2340 387 2383 non
417 2322 703 2379 abhorruit
729 2320 925 2393 mortis
950 2335 1048 2391 pro
1077 2319 1239 2375 nobis
1269 2318 1453 2375 subire
1486 2317 1857 2391 dispendium,

245 2417 539 2489 uobisque
580 2414 858 2488 promittit
897 2412 1161 2471 meritum
1198 2412 1317 2468 sine
1358 2411 1467 2468 ﬁne
1507 2426 1856 2469 mansurum.

245 2514 400 2570 Hoc
440 2519 624 2567 autem
651 2507 830 2566 adhuc
853 2516 965 2563 tuae
994 2505 1330 2563 fraternitati
1356 2504 1694 2578 injungimus
1722 2521 1859 2578 qua-

244 2615 437 2665 tenus
462 2604 531 2661 de
563 2602 884 2659 Simoniaca
915 2599 1109 2659 haeresi
1139 2615 1205 2655 ac
1242 2596 1610 2655 fornicatione
1646 2598 1863 2654 clerico-

244 2715 426 2765 rum,
472 2697 614 2753 sicut
654 2696 724 2752 ab
777 2694 1078 2767 apostolica
1121 2693 1253 2749 sede
1295 2692 1573 2764 accepisti,
1621 2690 1865 2748 studiose

248 2792 577 2868 perquiras,
616 2798 670 2847 et
700 2787 968 2863 quidquid
1015 2793 1352 2845 retroactum
1382 2784 1671 2854 inveneris,
1716 2784 1864 2856 lega-

246 2890 407 2947 liter
448 2886 662 2958 punias,
708 2892 766 2940 et
806 2881 1052 2939 funditus
1095 2895 1329 2947 reseces,
1374 2893 1439 2935 ac
1492 2893 1560 2934 ne
1602 2876 1866 2949 quidquid

244 2981 504 3043 ulterius
520 2982 706 3049 [forte,
729 2994 800 3035 ne
826 2976 957 3050 quid
975 2975 1227 3043 ulterius,
1253 2975 1484 3045 Hum,
1507 2977 1558 3028 et
1573 2974 1648 3029 sic
1672 2974 1731 3028 in
1750 2974 1868 3029 Mu-

256 3073 425 3148 tin.]
449 3074 541 3129 ﬁat
562 3073 783 3146 penitus
812 3070 1121 3128 interdicas.

338 3172 493 3227 Data
518 3170 736 3230 Romae,
774 3164 940 3223 tertio
969 3165 1158 3223 Nonas
1184 3160 1542 3235 Septembris,
1570 3159 1869 3217 indictione
1898 3149 1944 3214 C

248 3263 568 3335 incipiente
590 3260 809 3321 decima
837 3266 1051 3332 quarta.

846 3363 1202 3420 EPISTOLA
1229 3364 1297 3418 V.

390 3485 469 3527 ΔΙ)
492 3482 851 3526 BBA‘IBICBM
871 3481 946 3523 ΕΤ
964 3479 1340 3522 ΗΔΤΠΙιυΕΠ
1361 3477 1502 3520 ιιυε
1524 3476 1759 3520 ῈῙῙιῙΔΗ.

872 3563 1063 3628 (Anno
1095 3563 1275 3625 1075.)

260 3662 545 3733 Queritur
598 3658 665 3713 de
709 3656 1094 3733 imminentia
1129 3654 1269 3733 regis
1324 3653 1557 3733 Henricz',
1609 3651 1709 3720 qui
1746 3663 1868 3705 cum

346 3732 650 3801 scripsisset
696 3744 749 3784 se
776 3728 1057 3801 occultam
1076 3725 1712 3801 legationemmissurum
1735 3736 1870 3801 pro-

338 3792 756 3875 ptefprincipes
784 3802 875 3855 sui
898 3799 1075 3875 regni,
1096 3792 1455 3875 quosmagis,
1500 3794 1565 3848 de
1600 3792 1871 3875 discordia

348 3866 519 3945 ξηιατῇ
546 3873 611 3927 de
647 3866 775 3945 pace
819 3867 1437 3945 gaudere‘intelliqebat,
1480 3880 1624 3945 nunc
1664 3866 1871 3945 mutato

350 3934 569 4000 ᾶοηείιέο
608 3934 789 3997 οῐηηία
820 3934 1019 4012 'palam
1046 3940 1168 4007 ﬁeri
1210 3937 1437 3991 volebat.
1479 3936 1641 4012 unde
1668 3934 1873 4012 cotligt't

350 4017 512 4071 illum
544 4030 732 4086 pacem
759 4004 851 4067 ea.“
874 4004 1057 4086 animo
1083 4023 1203 4086 non
1224 4022 1430 4086 cupere.
1472 4011 1567 4086 De.
1582 4004 1875 4086 .Go‘tefreato

348 4074 812 4214 quitpriomissam
871 4082 1033 4153 ﬁdem
1097 4074 1394 4136 violaverat
1442 4077 1678 4147 eaplicat
1744 4074 1876 4145 quid

356 4175 457 4217 seu
484 4175 539 4212 ια
568 4200 581 4212 .

352 4257 720 4313 Ganeonrus
736 4253 1047 4325 episcopus,
1070 4263 1260 4305 servus
1281 4261 1565 4302 servorum
1581 4243 1704 4312 Dei,
1728 4244 1876 4300 ΒΕΑ-

262 4366 445 4411 rmcr
460 4349 605 4417 duci,
624 4358 679 4405 et
699 4350 1030 4405 MATHILDI
1049 4342 1173 4400 ﬁliae
1188 4341 1327 4415 ejus,
1342 4340 1577 4397 salutem
1589 4345 1644 4395 et
1658 4344 1881 4410 aposto-

267 4449 454 4506 licam
476 4442 956 4499 benedictionem.

351 4541 483 4597 Non
500 4554 697 4609 parum
724 4535 794 4593 de
811 4534 966 4593 vobis
986 4532 1258 4588 miramur
1283 4528 1430 4601 quod
1447 4527 1516 4584 de
1529 4526 1618 4583 his
1641 4541 1763 4598 quae
1783 4540 1879 4597 per

263 4641 502 4693 vestras
544 4632 756 4690 litteras
801 4626 1111 4686 mandastis
1154 4624 1313 4681 nobis
1366 4621 1652 4679 consulere
1689 4620 1881 4677 decre-

270 4726 466 4792 vistis,
487 4742 614 4782 cum
641 4731 859 4781 constet
882 4719 1030 4794 apud
1049 4734 1148 4774 vos
1174 4716 1325 4791 quod
1352 4715 1503 4773 idem
1531 4730 1630 4770 rex
1657 4712 1798 4769 duos
1818 4728 1883 4768 ac

272 4820 503 4881 nobiles
530 4818 598 4876 ad
624 4817 905 4891 religiosos
940 4815 1086 4870 viros
1116 4811 1188 4868 ad
1216 4827 1318 4867 nos
1346 4817 1474 4865 ante
1501 4822 1747 4863 mensem
1776 4808 1890 4862 Au-

273 4922 517 4991 gustum
534 4912 742 4986 legatos
765 4909 1001 4977 miserit,
1014 4906 1109 4979 qui
1130 4904 1387 4961 videlicet
1399 4900 1581 4957 adhuc
1601 4899 1887 4956 nobiscum

277 5015 539 5074 manent,
588 5022 684 5078 per
713 5020 853 5079 quos
883 5002 1012 5059 talia
1041 4997 1331 5056 mandavit
1371 5013 1386 5050 :
1435 4993 1665 5052 Noverit
1703 5000 1885 5048 vestra

280 5102 579 5169 sanctitas,
629 5102 816 5167 Pater,
863 5094 1135 5169 quoniam
1167 5091 1306 5148 dum
1351 5104 1456 5162 ego
1505 5102 1645 5159 pene
1697 5100 1891 5141 omnes

284 5195 563 5271 principes
588 5193 698 5250 mei
726 5190 878 5265 regni
902 5188 975 5246 de
1003 5195 1197 5244 nostra
1221 5184 1400 5256 magis
1418 5179 1690 5239 discordia
1721 5193 1891 5251 quam

285 5292 360 5349 de
384 5297 575 5345 mutua
605 5302 738 5359 pace
766 5283 1006 5359 gaudere
1054 5279 1312 5353 percipio,
1353 5276 1425 5333 ad
1454 5291 1552 5332 vos
1594 5274 1728 5330 istos
1752 5288 1893 5327 nun-

287 5385 407 5440 tios
431 5382 667 5439 latenter
696 5378 901 5452 dirigo,
928 5391 1071 5450 quos
1099 5373 1236 5430 satis
1270 5370 1492 5429 nobiles
1520 5384 1585 5425 ac
1613 5364 1893 5439 religiosos

288 5493 411 5536 esse
440 5489 736 5547 cognosco,
762 5480 818 5527 et
842 5470 992 5544 pacis
1020 5468 1231 5525 bonum
1260 5465 1403 5522 inter
1422 5477 1528 5519 nos
1555 5469 1749 5533 optare
1773 5474 1895 5515 con-

282 5570 447 5646 jungi
468 5582 821 5642 nequaquam
846 5562 1061 5622 dubito.
1088 5564 1213 5618 Hoc
1255 5567 1445 5615 autem
1474 5554 1624 5628 quod
1663 5551 1897 5620 mando,

293 5664 575 5722 neminem
603 5661 741 5719 scire
771 5660 893 5716 volo
935 5665 1133 5731 praeter
1163 5671 1284 5727 vos,
1316 5651 1605 5711 dominam
1629 5654 1895 5705 matrem-

370 5802 520 5874 (382)
545 5800 665 5856 Hoc
682 5803 870 5877 totum
890 5792 1045 5851 deest
1072 5792 1127 5848 in
1152 5790 1355 5849 Mutin.

1909 4569 1959 4632 Β
1986 4532 2108 4588 cilia
2127 4532 2361 4585 Romano
2381 4536 2476 4579 ur.

1963 1854 2043 1911 eis
2065 1854 2206 1923 ﬁeri,
2241 1852 2443 1926 quibus
2467 1869 2592 1909 eam
2630 1860 2793 1909 antea
2835 1851 3055 1909 volebat
3082 1852 3369 1921 abscondi,
3400 1861 3456 1909 et
3481 1853 3550 1910 de

1964 1947 2164 2018 quibus
2186 1947 2332 2004 idem
2362 1946 2672 2003 testabatur
2700 1946 2880 2017 magis
2903 1961 2999 2001 eos
3028 1945 3095 2002 de
3121 1955 3313 2001 nostra
3336 1946 3548 2002 discor-

1964 2041 2057 2098 dia
2098 2056 2268 2114 quam
2312 2039 2381 2097 de
2412 2047 2610 2095 mutua
2637 2038 2933 2095 concordia
2962 2039 3156 2095 laetari.
3206 2041 3553 2113 Quapropter

1965 2150 2064 2191 vos
2114 2134 2254 2191 scire
2298 2133 2555 2189 volumus
2603 2148 2708 2188 nos
2752 2131 2883 2188 huic
2930 2132 3184 2204 petitioni
3238 2133 3554 2188 nullatenus

1966 2243 2357 2295 consensuros,
2393 2226 2660 2298 quoniam
2719 2225 2868 2297 quod
2925 2225 3092 2281 modo
3140 2225 3428 2282 inventum
3473 2234 3557 2282 est

1968 2338 2084 2379 non
2125 2321 2342 2378 videtur
2377 2320 2542 2377 beato
2581 2321 2745 2375 Petro
2779 2335 2844 2374 ac
2870 2318 3033 2374 nobis
3060 2317 3387 2375 honorabile
3418 2319 3556 2375 velle

1969 2416 2086 2487 ejus
2107 2414 2336 2470 utilitati
2366 2412 2675 2485 provenire.
2705 2411 2868 2483 Quod
2897 2411 2943 2466 si
2975 2410 3043 2468 ad
3072 2412 3223 2482 prius
3250 2421 3560 2469 revertatur

1970 2507 2288 2574 consilium,
2306 2506 2364 2562 id
2377 2504 2892 2574 videturfsalubrius
2910 2504 3179 2576 nobisque
3194 2505 3558 2578 sequendum.

1972 2605 2056 2659 De
2079 2599 2310 2658 consilio
2343 2615 2475 2655 vero
2503 2597 2653 2671 quod
2679 2597 2961 2669 expetistis
2995 2613 3027 2652 a
3054 2596 3217 2653 nobis
3244 2598 3379 2670 quid
3406 2598 3561 2655 vobis

1973 2696 2046 2751 sit
2082 2691 2535 2765 respondendum
2586 2689 2887 2748 Gotefredo
2940 2690 3244 2760 nescimus,
3297 2708 3427 2747 cum
3471 2691 3563 2747 ille

1974 2796 2163 2860 aperte
2203 2785 2491 2858 infregerit
2541 2782 2690 2856 quod
2738 2783 2896 2838 vobis
2918 2782 3240 2854 juramento
3282 2784 3559 2854 promisit,

1974 2897 2076 2939 nec
2124 2888 2340 2938 certum
2393 2877 2697 2951 quidquam
2738 2875 2807 2933 de
2870 2874 3041 2945 ipsius
3102 2876 3565 2945 promissionibus

1976 2976 2197 3033 credere
2223 2973 2527 3030 valeamus.
2571 2972 2780 3027 Verum
2822 2969 2869 3023 si
2907 2966 3128 3039 aliquod
3173 2967 3374 3036 medus,
3415 2971 3564 3043 quod

1980 3088 2012 3128 a
2041 3077 2367 3128 sanctorum
2395 3069 2627 3124 Patrum
2648 3062 2934 3119 sanctione
2954 3077 3070 3117 non
3096 3060 3395 3132 discrepet,
3422 3063 3567 3120 inire

1979 3182 2109 3222 cum
2155 3179 2221 3219 eo
2260 3159 2537 3234 poteritis,
2586 3157 2749 3214 nobis
2800 3153 3141 3211 laudandum
3177 3154 3425 3224 videtur;
3475 3157 3567 3212 sin

1978 3267 2187 3325 autem,
2217 3255 2569 3318 charitatem,
2605 3267 2713 3323 qua
2756 3264 2860 3305 nos
2886 3251 3036 3304 Deus
3078 3247 3383 3319 conjunxit,
3411 3249 3567 3306 nullo

1978 3351 2147 3410 modo
2175 3364 2336 3423 posse
2363 3345 2586 3404 dissolvi
2614 3350 2711 3399 aut
2738 3342 3085 3414 aliquatenus
3116 3340 3406 3410 minorari,
3436 3358 3560 3399 cer-

1981 3447 2196 3502 tissime
2235 3440 2383 3514 apud
2430 3455 2529 3495 vos
2556 3444 2812 3494 constare
2864 3443 3141 3505 optamus.
3177 3434 3343 3491 Unde
3382 3436 3429 3492 si
3468 3452 3563 3493 vos

1979 3537 2258 3606 dilexerit,
2282 3550 2411 3591 eum
2452 3532 2765 3604 diligemus,
2793 3528 2841 3584 si
2872 3543 3001 3584 vero
3029 3542 3095 3584 ex
3123 3542 3221 3583 sua
3252 3527 3411 3599 culpa
3435 3529 3563 3586 odio

1984 3632 2186 3690 habere
2209 3626 2459 3699 coeperit,
2500 3625 2644 3680 sicut
2669 3620 3020 3679 charissimas
3060 3619 3196 3676 ﬁlias
3233 3621 3416 3676 modis
3443 3624 3566 3694 qui-

1982 3725 2085 3781 bus
2108 3719 2415 3796 poterimus
2430 3731 2528 3772 vos
2542 3710 2848 3788 diligendo,
2875 3710 2926 3767 ei
2948 3712 3068 3767 Deo
3085 3709 3326 3778 favente,
3341 3712 3565 3768 resiste-

1982 3828 2199 3958 mlgata
2244 3901 2463 3964 Romae,
2510 3891 2677 3949 tertio
2710 3888 2839 3946 Idus
2866 3886 3225 3959 Septembris,
3267 3888 3571 3945 indictione

1984 3991 2199 4049 decima
2227 3994 2448 4060 quarta.
2531 4036 2535 4041 λ

2056 4080 2324 4151 Deposita)
2364 4075 2509 4144 regis
2552 4070 2767 4128 Henn‘et'
2806 4071 2913 4141 ﬁlii
2946 4070 3290 4139 imperatoris
3334 4069 3570 4135 Ηθηνίοί,

1984 4175 2037 4227 et
2068 4169 2329 4225 absolutio
2361 4163 2596 4222 omnium
2623 4161 2721 4230 qui
2745 4159 2853 4216 sibi
2895 4161 3267 4229 praestiterant
3283 4157 3573 4226 juramen-

1985 4265 2100 4315 tum
2131 4255 2303 4329 (382).

2056 4352 2225 4405 Beate
2250 4346 2439 4407 Petre,
2464 4338 2845 4412 apostolorum
2873 4335 3144 4406 princeps,
3180 4334 3400 4402 inclina,
3426 4349 3579 4405 quae-

1989 4454 2203 4506 sumus,
2233 4436 2353 4508 pias
2383 4446 2541 4488 aures
2564 4438 2689 4486 tuas
2716 4424 2897 4495 nobis,
2927 4432 3058 4490 etc.,
3087 4426 3151 4478 ut
3176 4423 3333 4491 infra
3361 4424 3421 4478 in
3448 4438 3577 4478 con-

2544 4609 2900 4668 EPISTOLA
2917 4608 3015 4662 Vl.

2323 4726 2403 4768 AD
2438 4718 2777 4764 UNIVBBSOS
2814 4712 3233 4757 CHRISTIANOS.

2594 4800 2783 4866 (Anno
2802 4794 2982 4863 1075.)

1995 4904 2265 4975 Injuriam
2307 4895 2607 4968 apostolica:
2643 4891 2791 4946 sedis
2826 4900 3179 4966 exaggerans,
3220 4883 3468 4967 hortatur
3510 4884 3585 4938 ad

2067 4976 2308 5030 divinam
2331 4983 2481 5030 opem
2500 4962 2918 5030 implorandum,
2946 4961 3009 5011 ut
3028 4960 3127 5010 aut
3152 4970 3344 5030 emptos
3368 4955 3448 5030 ad_
3464 4970 3585 5023 pa:-

2067 4979 2308 5030 divinam
2331 4983 2481 5039 opem
2500 4979 2918 5033 implorandum,
2946 4979 3007 5011 αι
3028 4979 3125 5010 aut
3152 4979 3343 5025 tmptus
3368 4979 3441 5008 au
3464 4979 3583 5023 pw-

2066 5044 2354 5101 nitentiam
2392 5039 2682 5096 convertat,
2726 5035 2823 5110 aut
2848 5044 3026 5110 eorum
3045 5028 3276 5110 consilia
3296 5027 3583 5110 reprimat,

2069 5100 2247 5187 eisque
2287 5110 2588 5181 exemplum
2628 5100 3198 5160 anathematizationis
3225 5100 3370 5166 regis
3394 5100 3584 5150 mittit.

2070 5211 2424 5268 Gnsaomus
2440 5201 2748 5273 episcopus,
2768 5207 2954 5251 servus
2967 5206 3250 5247 servorum
3261 5189 3385 5257 Dei,
3406 5187 3588 5244 omni-

1998 5303 2103 5359 bus
2146 5299 2241 5371 qui
2288 5286 2522 5366 cupiunt
2573 5305 2631 5347 se
2688 5280 3044 5344 annumerari
3094 5281 3237 5337 inter
3271 5293 3400 5335 oves
3450 5292 3588 5349 quas

1999 5369 2248 5449 Christus
2270 5386 2436 5441 beato
2477 5383 2640 5437 Petro
2677 5372 2977 5441 commisit,
3007 5369 3246 5428 salutem
3273 5375 3331 5424 et
3367 5372 3586 5440 aposto—

2001 5480 2167 5537 licam
2191 5472 2658 5533 benedictionem.

2078 5566 2225 5638 (383)
2236 5560 2506 5628 Audistis,
2522 5556 2955 5623 fratres,novam
2966 5559 3021 5607 et
3032 5546 3331 5608 inauditam
3342 5550 3596 5620 praesum-

2080 5703 2223 5765 (383)
2244 5695 2530 5753 Omittitur
2556 5696 2675 5745 tota
2695 5687 2753 5739 in
2775 5682 3009 5751 Mutin;
3034 5684 3168 5743 hinc
3191 5679 3426 5749 septima
3450 5671 3607 5735 sexta
3636 5748 3643 5756 _

2009 5773 2278 5844 signatur.
