4144 6184
550 292 652 352 435

1241 287 1298 343 S.
1341 285 1661 344 GREGOBII
1697 288 1787 344 VII
1823 289 2020 346 ΡΑΡᾸΞ
2059 288 2332 347 OPERUM
2369 291 2542 348 PARS
2582 293 2620 346 l'.
2663 320 2730 332 —
2769 290 3171 347 REGIS’I‘RUM.

3740 287 3844 344 436

551 416 821 490 ptionem,
892 412 1123 470 audistis
1172 413 1499 472 sceleratam
1551 413 2028 470 schismaticorum
2093 422 2151 471 et
2175 417 2231 482 Α
2259 417 2386 488 quia
2423 415 2562 472 hanc
2587 407 2864 484 uestram,
2910 415 3023 471 imo
3069 413 3240 470 totius
3289 412 3549 469 Eaclesite
3593 427 3848 480 causam,

553 524 762 566 nomen
788 507 1011 564 Domini
1041 507 1099 564 in
1114 506 1274 563 beato
1292 509 1456 563 Petro
1476 505 1984 578 blasphemantium
2015 523 2142 579 gar-

555 603 842 659 rulitatem
881 609 937 657 et
981 600 1284 666 audaciam,
1319 601 1550 657 audistis
1593 600 1910 672 superbiam
1951 601 2022 657 ad
2065 602 2149 656 in-

549 695 757 769 juriam
798 703 853 751 et
885 695 1278 752 contumeliam
1320 703 1522 752 sanctae
1559 702 1616 750 et
1641 695 1954 765 apostolica
2004 695 2150 754 sedis

555 789 774 858 elatam,
812 788 1034 860 qualem
1062 788 1230 844 vestri
1270 795 1461 858 patres
1492 803 1592 843 nec
1634 788 1892 844 viderunt
1919 804 2026 844 nec
2055 805 2151 844 au-

557 882 773 940 dierunt
797 897 1066 954 unquam,
1091 897 1194 951 nec
1225 882 1638 952 Scripturarum
1667 882 1832 937 series
1853 882 2150 955 aliquando

559 993 590 1033 a
618 977 845 1048 paganis
874 975 954 1030 vel
1001 974 1276 1031 haereticis
1304 975 1465 1030 docet
1494 989 1799 1041 emersam;
1831 975 1989 1047 cujus
2018 977 2150 1032 mali

558 1077 614 1125 et
640 1070 687 1124 si
713 1068 938 1140 aliquod
967 1083 1210 1138 unquam
1243 1076 1366 1139 post
1393 1066 1686 1124 fundatam
1707 1076 1762 1124 et
1788 1078 2150 1141 propagatam

558 1161 724 1220 ﬁdem
781 1161 984 1217 Christi
1044 1161 1416 1231 praecessisset
1485 1163 1822 1232 exemplum,
1889 1163 2152 1218 omnibus

559 1264 750 1312 tamen
779 1254 1030 1310 ﬁdelibus
1063 1270 1161 1325 pro
1194 1261 1352 1309 tanto
1399 1263 1720 1325 contemptu
1763 1263 1818 1311 et
1863 1241 2151 1312 conculca-

559 1347 710 1402 tione
738 1345 1072 1417 apostolicae,
1097 1347 1214 1402 imo
1234 1346 1432 1404 divinat
1459 1348 1822 1415 auctoritatis,
1849 1347 2151 1405 dolendum

561 1437 709 1494 foret
723 1446 779 1494 et
796 1439 1150 1512 gemendum.
1175 1443 1523 1512 Quapropter
1533 1441 1577 1496 si
1601 1441 1764 1498 beato
1792 1443 1955 1498 Petro
1977 1443 2153 1498 claves

561 1531 717 1603 regni
755 1533 1020 1589 caelorum
1052 1549 1083 1588 a
1113 1534 1355 1590 Domino
1399 1538 1518 1590 Deo
1547 1543 1734 1592 nostro
1770 1537 1902 1592 Jesu
1933 1535 2152 1592 Christo

562 1623 793 1680 traditas
822 1640 940 1680 esse
969 1625 1207 1692 creditis,
1253 1635 1309 1683 et
1342 1627 1496 1683 vobis
1522 1643 1622 1699 per
1650 1643 1846 1684 manus
1885 1629 2054 1700 ipsius
2083 1629 2153 1686 ad

561 1725 781 1776 azternae
809 1719 938 1776 vitae
977 1718 1174 1791 gaudia
1203 1720 1492 1776 introitum
1521 1729 1705 1791 patere
1737 1722 1957 1794 cupitis,
2000 1723 2148 1796 cogi-

2255 510 2520 581 religiosis
2545 510 2859 565 hominibus
2873 509 3082 581 coepisti
3101 506 3584 585 committere,lqui
3606 522 3706 561 nos
3731 523 3851 581 non

2254 604 2442 660 nostra
2471 602 2680 675 injuste
2705 602 2962 674 diligunt,
2992 591 3046 658 et
3082 611 3144 657 ut
3169 586 3480 656 Christiana
3511 600 3852 656 instauretur

2257 697 2446 769 religio
2473 711 2630 752 suam
2661 697 2852 763 [forte,
2885 696 3081 762 solam,
3111 696 3335 762 Hum]
3369 693 3737 770 intentionem
3765 709 3852 749 re-

2259 790 2502 862 quirunt.
2528 793 2648 861 Ego
2685 797 2868 844 autem
2908 795 2989 854 (ut
3025 788 3212 860 paucis
3242 788 3457 858 loquar)
3486 785 3685 841 horum
3713 802 3853 842 con-

2258 884 2377 939 silio
2409 891 2628 954 paratus
2656 899 2800 949 sum,
2851 882 3069 938 Christo
3115 879 3362 946 favente,
3428 879 3699 952 gremium
3747 880 3851 935 tibi

2259 985 2464 1032 sancta:
2486 979 2749 1032 Romanae
2772 975 3020 1030 Ecclesia:
3042 975 3274 1046 aperire,
3295 981 3452 1045 teque
3475 981 3535 1028 ut
3553 972 3850 1028 dominum

2260 1068 2485 1125 fratrem
2519 1077 2575 1124 et
2595 1067 2769 1123 ﬁlium
2794 1068 3085 1139 suscipere,
3111 1067 3480 1137 auxiliumque
3505 1074 3670 1137 prout
3693 1081 3854 1136 opor-

2259 1163 2422 1218 tuerit
2446 1163 2711 1238 praebere,
2733 1162 2865 1216 nihil
2895 1159 3044 1217 aliud
3075 1178 3105 1216 a
3151 1169 3207 1216 te
3247 1175 3517 1236 quaerens,
3548 1159 3653 1214 nisi
3686 1167 3753 1214 ut
3783 1157 3854 1214 ad

2260 1256 2470 1312 monita
2500 1264 2609 1312 tua:
2645 1255 2834 1312 salutis
2856 1269 2968 1310 non
2988 1263 3312 1310 contemnas
3339 1268 3526 1309 aurem
3558 1252 3851 1316 inclinare,

2261 1358 2316 1405 et
2338 1349 2583 1405 Creatori
2603 1357 2720 1417 tuo,
2741 1348 2878 1403 sicut
2891 1357 2945 1403 et
2955 1346 3129 1410 decet,
3155 1363 3268 1402 non
3289 1344 3634 1402 contradicas
3649 1343 3858 1401 offerre

2261 1443 2490 1515 gloriam
2523 1450 2582 1497 et
2600 1441 2891 1497 honorem.
2914 1439 3087 1496 Valde
3129 1440 3332 1511 quippe
3370 1438 3655 1510 indignum
3683 1447 3772 1494 est
3795 1447 3858 1493 ut

2261 1536 2551 1601 honorem,
2594 1550 2756 1606 quem
2818 1551 2848 1589 a
2907 1532 3180 1589 conservis
3233 1540 3291 1588 et
3343 1529 3604 1588 fratribus
3647 1533 3858 1587 nostris

2259 1629 2542 1701 exigimus,
2604 1627 2848 1684 Creatori
2888 1625 3336 1698 et‘Redemptori
3384 1632 3575 1681 nostro
3618 1623 3857 1680 reddere

2259 1730 2694 1777 contemnamus.
2722 1723 2940 1776 Moveat
2961 1721 3149 1790 itaque
3181 1733 3283 1774 nos
3309 1713 3493 1773 divina
3538 1717 3854 1788 promissio,

563 1811 791 1869 tandum
832 1811 986 1867 vobis
1030 1820 1114 1868 est
1160 1822 1430 1885 quantum
1473 1830 1621 1872 nunc
1665 1814 1734 1871 de
1765 1816 2004 1888 irrogata
2049 1816 2153 1872 sibi
2191 1818 2238 1882 B
2267 1830 2374 1886 qua
2403 1814 2605 1870 dicitur
2636 1834 2649 1868 :
2688 1818 2800 1883 Ego
2824 1815 3189 1883 gloriﬁcantes
3211 1827 3293 1866 me
3317 1811 3642 1881 gloriﬁcabo,
3673 1815 3728 1865 et
3758 1811 3859 1881 qui

563 1903 760 1976 injuria
786 1903 971 1961 dolere
990 1905 1252 1974 debeatis.
1277 1907 1388 1962 Nisi
1412 1907 1562 1964 enim
1593 1907 1696 1973 hic,
1725 1908 1816 1964 ubi
1841 1926 1938 1980 per
1961 1909 2153 1966 discri-

562 1997 717 2053 mina
765 1999 1131 2056 tentationum
1169 2008 1346 2055 vestra
1378 1999 1512 2056 ﬁdes
1535 2009 1590 2056 et
1629 2001 1797 2057 corda
1827 2002 2152 2072 probantur,

563 2090 694 2145 socii
726 2091 1045 2159 passionum
1073 2090 1413 2160 efﬁciamini,
1444 2094 1629 2163 procul
1658 2093 1826 2150 dubio
1872 2111 1986 2150 non
2025 2096 2156 2150 estis

563 2181 710 2254 digni
740 2191 802 2238 ut
832 2183 1120 2256 participes
1155 2183 1353 2242 futurae
1397 2187 1797 2243 consolationis
1842 2195 1898 2243 et
1935 2188 2030 2243 ﬁlii
2068 2205 2152 2244 re-

562 2276 652 2348 gni
683 2276 962 2334 caelestem
993 2293 1258 2338 coronam
1301 2287 1357 2334 et
1389 2278 1621 2349 gloriam
1664 2280 1994 2337 sortiamini.
2043 2284 2158 2337 Ro-

563 2385 763 2442 gamus
804 2370 972 2442 igitur
999 2370 1325 2426 charitatem
1373 2381 1637 2440 vestram,
1681 2381 1742 2428 ut
1783 2374 2046 2430 instanter
2073 2375 2155 2430 di-

563 2462 754 2518 vinam
783 2463 1215 2519 misericordiam
1241 2463 1537 2535 implorare
1560 2466 1851 2534 studeatis,
1882 2475 2156 2538 quatenus

564 2563 663 2610 aut
705 2554 871 2611 corda
919 2555 1214 2628 impiorum
1267 2557 1335 2622 ad
1372 2558 1753 2628 paenitentiam
1816 2568 2014 2627 vertat,
2061 2569 2156 2616 aut

566 2647 920 2720 reprimendo
966 2664 1156 2705 eorum
1209 2649 1446 2708 nefanda
1498 2651 1750 2716 consilia,
1812 2664 1979 2724 quam
2025 2654 2156 2709 insi-

567 2741 776 2812 pientes
801 2750 858 2797 et
878 2741 1026 2797 stulti
1056 2750 1188 2812 sunt
1209 2742 1298 2814 qui
1327 2753 1542 2814 petram
1569 2761 1598 2799 a
1617 2744 1834 2802 Christo
1857 2745 2154 2818 fundatam

564 2842 827 2914 evertere,
891 2843 946 2890 et
1004 2834 1200 2892 divina
1248 2836 1530 2910 privilegia
1566 2839 1801 2896 violare
1856 2845 2156 2906 conantur,

565 2926 837 2983 ostendat.
891 2928 1136 2999 Qualiter
1189 2937 1374 2985 autem
1436 2939 1530 2987 aut
1590 2947 1690 3001 pro
1736 2932 1938 3002 quibus
1976 2935 2156 2989 causis

563 3017 755 3075 beatus
785 3022 978 3076 Petrus
1018 3021 1384 3078 anathematis
1423 3023 1643 3079 vinculo
1685 3040 1870 3095 regem
1898 3025 2151 3098 alligave-

564 3111 655 3180 rit,
689 3111 749 3169 in
777 3113 1028 3170 chartula
1057 3130 1181 3189 quae
1209 3114 1341 3172 huic
1367 3115 1571 3172 inclusa
1601 3124 1686 3172 est
1728 3115 1886 3187 plene
1927 3118 2155 3189 potestis

565 3219 911 3280 cognoscere.

1057 3357 1060 3362 .
1108 3303 1456 3366 EPISTOLA
1493 3305 1614 3360 Vll.

768 3423 771 3426 ’
814 3415 896 3461 ΔΙ)
917 3418 1239 3464 HENBICUM
1255 3414 1464 3463 BBGEM
1487 3421 1907 3464 BONANOBUII.

1157 3505 1338 3566 (Anno
1381 3506 1568 3567 1075.)-

566 3595 814 3650 Laetatur'
829 3609 1002 3662 regem
1026 3595 1290 3660 religiosis
1309 3596 1442 3650 viris
1467 3595 1748 3649 discordia:
1767 3611 2004 3658 causam,
2037 3611 2156 3664 qua:

636 3666 777 3717 inter
803 3679 886 3717 eos
914 3665 1291 3728 intercedebat,
1319 3668 1666 3734 commisisse,
1694 3682 1919 3734 quorum
1938 3668 2155 3721 consilio

641 3735 723 3786 ait
749 3748 804 3787 se
830 3749 948 3787 eum
973 3734 1046 3786 ad
1073 3735 1313 3788 Ecclesia:
1331 3732 1601 3800 gremium
1632 3732 1982 3805 recepturum.
2011 3740 2161 3792 Hor—

637 3807 791 3857 tatur
818 3808 880 3857 ut
909 3819 1036 3872 erga
1063 3805 1302 3858 Saxones
1331 3805 1560 3859 devictos
1589 3807 1864 3861 clementer
1900 3824 1953 3862 se
1980 3811 2151 3875 gerat,

639 3878 690 3927 et
728 3877 785 3927 in
814 3875 980 3927 locum
1004 3877 1326 3929 Herimanni
1350 3875 1580 3945 depositi
1607 3878 1777 3931 alium
1809 3882 1863 3931 in
1897 3879 2163 3932 Bamber-t

640 3946 793 4013 gensi
807 3945 1040 4000 Ecclesia
1066 3949 1312 4000 canonice
1331 3947 1728 4015 subrogandum
1757 3953 1921 4008 curet.

606 4047 979 4114 Gnseonms,
1005 4046 1294 4116 episcopus
1321 4062 1508 4102 servus
1535 4063 1821 4103 servorum
1845 4049 1972 4117 Dei,
2000 4052 2154 4105 Hen-

570 4153 713 4197 ιιιοο
752 4139 895 4208 regi,
935 4138 1169 4196 salutem
1191 4143 1256 4193 'et
1290 4139 1652 4209 apostolicam
1675 4123 2151 4199 benedictionem.

639 4231 875 4305 Quando
900 4231 1112 4287 litteras
1137 4240 1245 4288 tua:
1266 4229 1659 4304 magnitudinis
1681 4231 1884 4306 accepi,
1905 4235 2062 4308 longe
2088 4235 2156 4291 ab

568 4324 702 4380 urbe
747 4325 1198 4394 maximelforte,
1229 4328 1504 4394 maxima,
1544 4329 1772 4397 Hann]
1814 4344 1979 4384 causa
2005 4327 2157 4384 inﬁr-

566 4419 777 4474 mitatis
797 4419 1110 4486 aberamus,
1132 4433 1258 4474 cum
1287 4407 1494 4490 quibus.
1517 4415 1617 4488 [ἢ
1636 4427 1691 4476 et
1716 4421 1785 4476 ab
1805 4421 1912 4488 his,
1943 4425 2021 4476 sic
2040 4427 2092 4476 et
2103 4425 2158 4478 in

570 4515 804 4580 Mutin.]
833 4513 1200 4568 necessarium
1225 4521 1343 4569 erat
1371 4521 1618 4575 tractare,
1635 4513 1769 4586 quid
1795 4523 1990 4571 vestrae
2016 4516 2158 4588 lega-

2261 1923 2344 1963 me
2365 1912 2728 1970 contemnunt,
2768 1910 2928 1961 erunt
2961 1904 3215 1975 ignobiles
3241 1907 3293 1970 (Ι
3312 1908 3447 1972 Reg.
3478 1909 3579 1971 u);
3617 1911 3671 1958 et
3711 1900 3858 1959 offe-

2262 2015 2451 2056 ramus
2479 2001 2527 2056 ei
2549 2000 2697 2072 quod
2713 2000 2890 2071 placet
2913 1999 3075 2054 nobis
3095 1997 3199 2052 hac
3215 1997 3276 2052 in
3298 1997 3376 2051 via
3398 1995 3853 2066 [vita]smculari,

2261 2103 2324 2149 ut
2348 2093 2694 2164 perfruamur
2718 2093 2774 2147 in
2809 2085 3121 2148 coeleStibus
3148 2080 3303 2146 dono
3327 2089 3614 2160 spirituali.
3649 2092 3734 2144 De
3766 2104 3861 2143 su-

2261 2187 2445 2259 perbia
2486 2201 2614 2242 vero
2661 2187 2938 2242 Saxonum
2998 2174 3401 2255 vobis-injuste
3454 2181 3854 2249 resistentium,

2261 2295 2385 2352 quae
2416 2276 2600 2336 divino
2636 2279 2841 2351 judicio
2887 2295 2920 2334 a
2969 2277 3108 2332 facie
3153 2285 3329 2333 vestra
3370 2275 3602 2331 contrita
3653 2283 3758 2343 est,
3799 2283 3858 2329 et

2261 2373 2609 2446 gaudendum
2630 2381 2712 2428 est
2728 2388 2826 2444 pro
2844 2387 2976 2444 pace
2998 2371 3281 2433 Ecclesiae,
3302 2378 3356 2425 et
3382 2368 3700 2436 dolendum,
3722 2367 3854 2438 quia

2263 2468 2468 2522 multus
2492 2466 2932 2524 Christianorum
2967 2464 3188 2536 sanguis
3211 2461 3423 2519 effusus
3451 2470 3553 2517 est.
3603 2464 3716 2517 Vos
3763 2476 3862 2516 au-

2260 2569 2375 2616 tem
2405 2561 2460 2615 in
2487 2557 2684 2615 talibus
2712 2560 2834 2631 plus
2877 2559 3147 2614 honorem
3180 2556 3278 2612 Dei
3327 2564 3384 2612 et
3417 2555 3686 2628 justitiam
3735 2555 3859 2626 ejus

2259 2653 2548 2725 procurate
2569 2648 2855 2709 defendere
2878 2667 3047 2724 quam
3066 2650 3261 2706 honori
3287 2649 3504 2721 proprio
3530 2647 3858 2720 providere;

2261 2748 2506 2803 securius
2530 2747 2678 2803 enim
2713 2747 2943 2818 quilibet
2988 2745 3240 2816 princeps
3267 2743 3417 2798 mille
3437 2742 3639 2812 impios
3671 2748 3861 2812 potest.

2261 2857 2422 2897 causa
2463 2841 2692 2911 justitiat
2731 2836 2922 2912 punire
2969 2854 3134 2910 quam
3183 2836 3417 2908 propriae
3457 2851 3623 2891 causa
3667 2835 3861 2908 gloria

2261 2933 2566 3005 quemlibet
2590 2933 2965 2989 Christianum
2992 2930 3168 3004 gladio
3193 2939 3455 2985 sternere.
3483 2927 3686 2985 Omnia
3708 2928 3861 2983 enim

2261 3027 2462 3082 creavit
2491 3035 2544 3082 et
2574 3026 2730 3097 regit,
2761 3025 2851 3098 qui
2890 3021 3073 3080 dixit:
3115 3027 3234 3093 Ego
3275 3021 3504 3092 gloriam
3539 3036 3711 3077 meam
3752 3037 3862 3076 non

2262 3136 2442 3190 quwro
2471 3123 2638 3185 (Joan.
2677 3118 2831 3188 VIII).
2865 3119 3040 3174 Saluti
3083 3117 3284 3189 quippe
3313 3124 3520 3172 nostrai
3561 3123 3691 3170 tunc
3731 3129 3862 3170 vere

2192 3197 2238 3260 Ο
2265 3211 2639 3284 providemus,
2656 3209 2798 3268 'eum
2825 3213 2881 3267 in
2904 3211 3117 3267 cunctis
3145 3210 3350 3266 nostris
3377 3209 3590 3265 actibus
3617 3208 3860 3280 gloriam

2261 3306 2363 3362 Dei
2394 3306 2773 3378 proponimus.
2802 3308 2884 3361 De
2910 3304 3250 3360 Herimanno
3289 3319 3416 3358 vero
3449 3302 3688 3374 quodam
3717 3317 3865 3356 nun-

2261 3409 2460 3470 cupato
2499 3398 2894 3471 Bambergensi
2917 3399 3197 3469 episcopo,
3226 3397 3441 3453 noverit
3477 3403 3658 3450 vestra
3687 3394 3863 3450 subli-

2263 3493 2451 3561 mitas,
2475 3493 2604 3564 quia
2629 3491 2846 3565 jamdiu
2885 3501 2971 3550 est
2999 3507 3068 3550 ex
3095 3506 3206 3562 quo
3246 3506 3343 3561 per
3365 3488 3677 3561 quemdam
3701 3488 3864 3560 ejus-

2263 3585 2387 3642 dem
2434 3585 2690 3662 Ecclesiae
2719 3585 2980 3640 clericum
3042 3583 3195 3640 vobis
3223 3591 3536 3652 nostroque
3589 3579 3863 3636 confratri

2264 3678 2531 3750 Sigifredo
2563 3679 2894 3750 Moguntino
2924 3677 3342 3747 archiepiscopo
3369 3683 3427 3732 et
3472 3675 3686 3730 clericis
3714 3690 3865 3744 prte—

2263 3771 2426 3827 dictze
2465 3771 2720 3827 Ecclesiae
2761 3771 3020 3826 misimus
3060 3785 3158 3840 per
3194 3777 3418 3824 nostras
3445 3767 3680 3822 .Iitteras'
3707 3768 3864 3838 quod

2265 3865 2592 3918 auctoritate
2635 3863 2950 3934 apostolicae
2992 3861 3136 3918 sedis
3175 3862 3244 3917 ab
3292 3860 3447 3936 omni
3477 3859 3775 3931 episcopali
3805 3869 3864 3915 et

2262 3954 2591 4012 sacerdotali
2619 3957 2890 4031 dignitate
2934 3956 3005 4020 sit
3052 3955 3445 4025 depositus,;et
3482 3953 3862 4010 anathematis

2263 4050 2484 4105 vinculo
2512 4051 2791 4122 alligatus,
2811 4049 2939 4121 quia
2952 4065 3067 4104 non
3093 4048 3284 4102 timuit
3302 4048 3632 4103 Simoniacae
3660 4045 3862 4123 haeresi

2263 4135 2614 4214 Sacrilegium
2661 4144 2918 4215 adjicere,
2985 4149 3348 4212 sanctamque
3395 4139 3703 4194 Ecclesiam
3752 4139 3862 4194 sibi

2261 4237 2622 4292 commissam
2655 4237 2796 4291 sicut
2822 4244 3090 4307 tyrannus
3119 4233 3433 4290 devastare.
3468 4231 3629 4288 Unde
3650 4233 3862 4304 rogavi-

2263 4317 2390 4384 mus
2419 4337 2475 4384 et
2503 4345 2567 4384 ex
2597 4337 2753 4400 parte
2781 4329 2924 4383 beati
2960 4329 3105 4383 Petri
3138 4327 3498 4399 praecepimus
3524 4333 3579 4380 et
3606 4325 3864 4396 praacipi-

2263 4422 2408 4486 mus,
2438 4431 2500 4476 ut
2526 4422 2582 4476 in
2615 4421 2881 4492 praadicta
2915 4423 3158 4478 Ecclesia
3190 4419 3494 4476 secundum
3522 4421 3703 4474 Deum
3729 4419 3872 4480 talis.

2269 4524 2457 4586 pastor
2475 4515 2779 4580 ordinetur,
2804 4516 2898 4586 qui
2920 4515 3067 4593 quod
3093 4514 3180 4570 fur
3200 4522 3251 4568 et
3275 4513 3416 4568 latro
3446 4512 3710 4567 mactavit
3739 4515 3864 4567 Deo

565 4605 706 4660 tioni
732 4606 798 4661 ad
819 4605 1066 4675 plenum,
1089 4606 1229 4662 sicut
1263 4615 1500 4678 oportet,
1531 4602 1939 4678 responderem.
1965 4574 2159 4664 Vester
2186 4574 2237 4650 Ι)
2268 4574 2484 4663 ξ’δνεηῖθ
2517 4578 2769 4675 viviﬁc‘et,
2801 4574 2857 4664 et-
2885 4574 3030 4679 quod
3056 4609 3147 4664 ille
3173 4607 3459 4678 dissipavit
3479 4605 3654 4660 valeat
3673 4607 3859 4660 resar-

565 4699 730 4753 etiam
756 4699 1000 4766 nuntius,
1034 4698 1235 4755 horum
1259 4685 1506 4758 videlicet
1551 4702 1804 4772 portitor,
1854 4701 1925 4757 ob
1951 4701 2152 4773 praedi-

564 4799 713 4846 ctam
742 4807 963 4848 causam
982 4793 1321 4866 aegritudinis
1339 4791 1569 4850 timebat
1592 4794 1877 4851 nobiscum
1907 4812 2150 4852 manere.

567 4883 674 4940 Sed
700 4885 828 4958 quia
867 4873 1394 4942 desideramus‘no'n
1427 4887 1606 4942 solum
1647 4889 1952 4955 vobiscum,
1991 4905 2153 4961 quem

565 4981 713 5034 Deus
739 4979 795 5033 in
833 4979 1054 5037 summo
1098 4994 1283 5048 rerum
1327 4980 1514 5051 posuit
1541 4980 1803 5050 culmine,
1849 4981 1944 5038 sed
1983 4982 2152 5040 etiam

563 5070 690 5126 eum
716 5057 977 5127 omnibus
1013 5071 1334 5128 hominibus
1368 5088 1562 5143 pacem
1588 5090 1712 5147 quae
1742 5074 1795 5132 in
1823 5075 2037 5131 Christo
2073 5084 2156 5131 est

563 5164 788 5233 habere,
818 5165 1013 5237 jusque
1050 5181 1214 5221 suum
1237 5166 1531 5237 unicuique
1555 5167 1870 5236 observare,
1905 5169 2154 5240 cupimus

563 5269 915 5328 summopere
957 5257 1124 5314 corde
1171 5241 1227 5314 et
1258 5259 1442 5315 animo
1493 5259 1792 5322 adhmrere.
1834 5262 1978 5318 Novi
1997 5262 2152 5318 enim

563 5348 735 5421 (quod
762 5358 817 5405 te
844 5350 1007 5406 credo
1034 5367 1147 5406 non
1173 5352 1445 5424 ignorare)
1473 5355 1600 5426 quia
1631 5356 1725 5426 qui
1759 5357 1947 5410 Deum
1963 5371 2149 5412 revera

560 5441 815 5513 diligunt,
841 5451 897 5498 et
922 5443 1230 5500 Romanam
1265 5448 1560 5503 Ecclesiam
1591 5450 2009 5519 Romanumque
2041 5448 2151 5504 imo

560 5535 772 5606 perium
811 5535 882 5592 ad
912 5528 1206 5595 vindictam
1254 5539 1440 5609 Lforte,
1473 5557 1536 5597 ac
1565 5536 1883 5609 vindictam,
1916 5535 2149 5610 Esau]

557 5643 786 5686 suorum
814 5629 1110 5686 criminum
1136 5648 1247 5688 non
1272 5626 1708 5704 pertimescunt,
1741 5636 1884 5690 inter
1927 5652 2030 5690 nos
2058 5651 2149 5706 pa-

555 5737 676 5779 cem
706 5723 1399 5804 etlconcordiamvinserere
1427 5728 1642 5802 agendo
1668 5728 1749 5784 vel
1777 5728 1988 5785 orando
2015 5745 2145 5784 con-

553 5815 860 5885 cupiscunt.
911 5816 1254 5894 Quapropter
1303 5818 1508 5875 bonam
1569 5805 1795 5890 concepi
1859 5821 2142 5892 ﬁduciam,

2263 4703 2394 4757 cire.
2429 4692 2800 4772 omnipotens
2829 4704 2997 4770 Deus,
3031 4718 3060 4757 a
3110 4718 3217 4772 quo
3258 4705 3452 4755 cuncta
3496 4699 3641 4754 bona
3672 4715 3837 4769 proce

2262 4787 2421 4872 dunt,
2445 4795 2656 4850 meritis
2676 4805 2729 4850 et
2747 4795 3138 4850 intercessione
3159 4793 3448 4848 beatorum
3471 4777 3858 4863 apostolorum

2261 4889 2406 4945 Petri
2435 4897 2490 4944 et
2514 4887 2669 4944 Pauli
2695 4905 2790 4944 sua
2826 4888 3024 4959 pietate
3050 4888 3108 4941 in
3136 4883 3241 4942 hac
3269 4887 3375 4940 vita
3407 4901 3505 4941 vos
3527 4887 3698 4954 [nos]
3723 4901 3860 4957 pro-

2261 4990 2430 5054 tegat,
2475 4991 2532 5038 et
2586 4999 2714 5037 cum
2757 4981 2920 5052 dupla
2969 4979 3193 5035 victoria
3256 4979 3515 5051 perducat
3555 4980 3725 5046 [nos]
3786 4977 3856 5034 ad

2260 5074 2431 5131 vitam
2457 5083 2744 5131 aeternam.
2789 5085 2793 5090 ·
3565 5089 3570 5100 ι
3629 5077 3638 5092 ’

2786 5169 3141 5225 EPISTOLA
3183 5171 3325 5225 vm.
3589 5181 3592 5187 ·
3707 5222 3710 5225 ,
3740 5239 3764 5246 η

2367 5276 2449 5318 an
2476 5277 2813 5318 rsnunnu
2843 5277 3169 5320 cnnamum
3195 5259 3782 5318 mentonmsussn.”
3849 5264 3852 5266 ‘

2849 5353 3038 5416 (Anno
3072 5351 3254 5421 1075.)

2258 5447 2462 5513 Arguit
2489 5460 2608 5498 eum
2623 5444 2787 5513 quod,
2811 5447 3095 5514 superstite
3134 5447 3372 5514 episcopo
3392 5444 3642 5496 canonice
3670 5441 3857 5514 electo,

2326 5531 2381 5570 se
2427 5518 2486 5569 in
2534 5516 2680 5569 illius
2724 5513 2907 5570 locum,
2937 5513 3232 5571 intruserit.
3275 5519 3450 5571 Monet
3487 5520 3551 5567 ut
3593 5513 3862 5580 synodum

2287 5649 2294 5658 ν
2320 5589 2567 5658 proxime
2593 5587 2896 5642 habendum
2923 5588 3160 5654 accedat,
3183 5589 3336 5655 eique
3359 5585 3434 5639 ad
3452 5599 3507 5640 se
3523 5586 3764 5658 veniatin
3791 5586 3861 5650 ﬁ.-

2325 5658 2443 5711 dem
2463 5657 2732 5732 putrltca‘m
2764 5661 3054 5732 promittit,
3085 5660 3403 5732 pracipiens
3427 5671 3492 5712 ne
3519 5657 3739 5732 interim
3767 5669 3855 5708 sa-

2324 5741 2434 5783 cros
2462 5725 2674 5782 Ordines
2703 5725 2982 5799 suscipiat.
3055 5725 3105 5744 "
3225 5725 3268 5758 ⁵
3528 5725 3535 5732 ’⁷
3643 5725 3700 5732 ’“
3871 5725 3874 5732 ’

2327 5822 2674 5882 Gnsconms
2704 5821 3024 5898 episcopus.
3060 5829 3558 5880 servus’servorum
3589 5819 3718 5882 Dei.
3738 5817 3851 5877 Τεο
