4074 6172
264 330 368 386 437

1399 330 1595 387 LIBER
1631 329 1943 391 TERTIUSa
1974 324 2043 375 δεῖ
2081 332 2289 387 EPIST.
2333 334 2413 388 IX.
2500 334 2503 337 ’

3446 341 3552 396 438

261 468 468 511 nunc
482 453 891 513 Mediolanensi
909 456 1128 523 clerico,
1153 456 1387 516 salutem
1412 464 1467 512 et
1488 456 1847 528 apostolicam
1876 458 1933 526 Α
1962 472 2069 512 non
2119 457 2437 523 credideris,
2478 456 2765 529 paenitebit
2792 464 2847 513 te
2889 459 3237 531 quandoque,
3283 478 3407 518 cum
3437 470 3551 519 tua-

262 547 731 619 benedictionem,
757 550 801 605 si
833 550 1116 607 obedierit.

332 643 666 699 Nuntiatum
710 644 872 699 nobis
900 652 982 699 est
1022 661 1053 700 a
1088 644 1420 717 quibusdam
1451 644 1657 701 nostris
1712 645 1847 715 [ve-

257 735 422 804 stris]
452 735 702 792 ﬁdelibus
722 746 777 793 et
804 738 914 793 tuis
938 739 1134 795 amicis
1160 747 1216 793 te
1247 739 1558 795 amicitiam
1588 747 1843 795 nostram

253 844 458 900 cupere
495 837 549 884 et
577 839 861 901 expetere,
899 848 1067 903 quam
1118 848 1221 888 nos
1248 830 1473 903 quidem
1512 832 1683 888 etiam
1730 847 1869 885 non-

252 912 550 993 quaesitam
580 924 751 994 gratis
797 922 1113 993 offerimus;
1145 926 1436 999 quaesitam
1481 941 1611 980 vero
1652 940 1841 995 prom-

250 1014 509 1086 ptissime
532 1016 753 1083 damus,
788 1018 832 1072 si
871 1019 928 1072 in
951 1017 1036 1073 his
1055 1035 1177 1091 quae
1202 1020 1303 1074 Dei
1327 1027 1477 1084 sunt,
1498 1019 1706 1074 nostris
1727 1033 1843 1073 mo-

250 1108 412 1174 nitis,
451 1110 565 1164 imo
594 1109 794 1167 divinae
821 1112 1095 1167 voluntati
1123 1112 1194 1167 ad
1214 1112 1494 1185 justitiam
1521 1122 1576 1167 te
1616 1111 1842 1182 acquie—

247 1215 408 1256 scere
449 1202 583 1257 velle
626 1204 1065 1275 cognoverimus.
1123 1208 1188 1261 In
1234 1223 1398 1261 causa
1436 1207 1645 1263 etenim
1672 1221 1841 1275 quam

245 1295 559 1367 suscepisse
596 1296 816 1365 videris,
864 1307 918 1353 et
951 1307 1156 1355 nostra:
1200 1300 1561 1355 sollicitudini
1608 1298 1843 1353 necessi-

240 1394 427 1445 tatem
463 1390 731 1462 gravioris
780 1392 1007 1447 sarcinae.
1035 1393 1483 1464 superaddidisti,
1517 1400 1571 1448 et
1599 1392 1840 1462 teipsum

239 1481 453 1553 quibus
488 1499 603 1539 non
645 1484 889 1555 oportuit
934 1484 1283 1556 implicuisti;
1334 1486 1391 1540 in
1434 1502 1539 1557 qua
1570 1484 1839 1544 nimirum

238 1588 441 1641 causa,
482 1576 623 1631 sicut
651 1578 1018 1648 periculosum
1059 1580 1221 1635 nobis
1249 1588 1391 1635 esset
1439 1578 1646 1650 aliquid
1695 1581 1838 1632 ultra

240 1666 493 1725 limitem
518 1671 797 1742 aequitatis
817 1674 1094 1745 prosequi,
1122 1674 1195 1730 ita
1228 1674 1398 1730 etiam
1424 1673 1655 1743 justitiae
1684 1688 1839 1743 regu-

238 1758 336 1815 las
373 1760 646 1818 declinare
678 1772 733 1820 et
768 1764 871 1820 sub
909 1767 1129 1822 silentio
1158 1766 1509 1822 dissimulare
1554 1774 1833 1836 putamus.
1880 1832 1881 1835 η

1958 559 2073 606 met
2104 550 2527 622 praecipitatione
2554 560 2605 607 te
2626 567 2692 606 eo
2723 567 2963 607 mersum
2991 552 3217 622 videbis,
3250 555 3395 611 unde
3422 572 3549 612 cum

1957 644 2189 699 volueris
2217 644 2429 699 salvum
2473 652 2526 700 te
2572 646 2775 715 eripere
2814 661 2923 701 non
2954 646 3145 717 possis.
3178 647 3232 703 Si
3271 649 3359 719 qui
3386 650 3548 721 igitur

1956 752 2066 792 non
2097 736 2448 808 percipientes
2487 753 2545 792 ea
2577 753 2700 809 quae
2730 739 2829 793 Dei
2856 748 2999 803 sunt,
3029 740 3184 795 aliter
3221 741 3318 796 tibi
3346 758 3545 814 sugge-

1959 845 2081 885 rere
2127 838 2181 885 et
2206 830 2529 902 persuadere
2554 830 2836 901 incipiant,
2868 840 3200 888 ostentantes
3233 843 3434 905 quanta
3460 836 3534 891 tib

1959 924 2072 979 sint
2118 924 2173 978 in
2202 940 2327 997 rege
2355 923 2624 996 praesidia,
2655 933 2852 995 quanta
2896 925 2952 979 in
3000 933 3092 981 tua
3135 927 3415 983 nobilitate
3443 945 3543 1000 po—

1956 1016 2148 1087 tentia,
2178 1026 2377 1090 quanta
2403 1016 2565 1073 etiam
2595 1017 2649 1072 in
2673 1017 2878 1073 civibus
2909 1018 3019 1073 tuis
3045 1018 3331 1090 adjutoria,
3361 1029 3540 1077 tutum

1954 1110 2048 1165 tibi
2101 1111 2204 1166 illis
2244 1111 2465 1168 credere
2505 1127 2615 1166 non
2659 1111 2956 1179 existimes,
3012 1112 3355 1169 considerans
3406 1114 3538 1186 quid

1952 1204 2223 1274 Scriptura
2264 1204 2412 1260 dicat
2456 1226 2467 1260 :
2516 1206 2831 1261 Maledictus
2861 1204 3035 1265 homo,
3080 1208 3176 1274 qui
3198 1222 3342 1275 spem
3386 1223 3538 1261 suam

1945 1300 2103 1367 ponit
2136 1301 2193 1352 in
2223 1300 2583 1361 homineUer.
2617 1313 2779 1363 xvn,
2820 1298 2891 1367 7).
2928 1301 3105 1367 Atque
3132 1298 3235 1353 hoc
3273 1298 3327 1352 in
3353 1300 3535 1354 animo

1951 1398 2165 1463 gerens,
2190 1391 2337 1463 quod
2378 1407 2569 1464 regum
2600 1401 2655 1446 et
2684 1391 3075 1463 imperatorum
3099 1390 3285 1455 virtus,
3330 1399 3383 1446 et
3410 1392 3535 1451 uni—

1950 1498 2100 1539 versa
2152 1486 2467 1539 mortalium
2505 1484 2809 1551 conamina,
2857 1493 3043 1539 contra
3087 1482 3377 1555 apostolica
3410 1482 3533 1555 jura

1948 1585 2003 1631 et
2029 1578 2482 1649 omnipotentiam
2512 1578 2714 1634 summi
2755 1577 2856 1633 Dei
2903 1577 3057 1648 quasi
3098 1576 3270 1631 favilla
3300 1592 3537 1647 compu—

1947 1677 2125 1727 tentur
2161 1680 2215 1726 et
2236 1672 2405 1742 palea,
2445 1670 2646 1726 nullius
2672 1686 2913 1740 unquam
2944 1670 3200 1725 instinctu
3230 1669 3310 1724 vel
3338 1669 3533 1725 ﬁducia

1948 1764 2205 1819 adversus
2275 1765 2517 1820 divinam
2596 1774 2652 1819 et
2724 1763 3075 1834 apostolicam
3154 1762 3532 1819 auctoritatem

239 1855 378 1909 Non
408 1862 593 1912 autem
646 1858 993 1928 prudentiam
1041 1868 1197 1915 tuam
1240 1861 1495 1931 ignorare
1533 1858 1836 1925 credimus,
1873 1852 1922 1916 Β
1952 1857 2220 1913 obstinata
2268 1857 2573 1914 temeritate
2611 1864 2663 1912 te
2691 1856 2944 1912 rebellem
2970 1864 3025 1911 et
3050 1855 3377 1928 pertinacem
3418 1854 3531 1911 ﬁeri

237 1945 400 2018 quod
432 1948 497 2003 ad
523 1950 887 2023 episcopalem
917 1952 1259 2017 cathedram,
1303 1952 1361 2007 in
1381 1968 1487 2024 qua
1519 1953 1729 2024 positus
1756 1968 1833 2018 es.

236 2047 383 2095 ante
430 2048 483 2096 te
529 2043 634 2099 alia
680 2060 803 2116 quae
846 2045 1023 2101 adhuc
1050 2054 1329 2117 superstes
1373 2053 1456 2100 est
1496 2043 1665 2100 fuerit
1704 2046 1839 2100 assi-

232 2141 419 2204 gnata
464 2151 727 2207 persona;
783 2154 907 2212 quae
950 2140 1059 2195 nisi
1095 2139 1262 2211 justis
1326 2139 1636 2194 rationibus
1685 2140 1835 2209 prius

232 2236 475 2298 excepta
501 2227 684 2293 fuerit,
706 2231 1017 2304 legitimum
1050 2233 1106 2287 in
1127 2249 1190 2287 ea
1220 2232 1320 2286 tibi
1345 2240 1440 2287 aut
1463 2233 1721 2303 cuiquam
1746 2246 1835 2301 pa.

231 2327 365 2375 tere
420 2321 599 2378 locum
642 2339 744 2380 nec
792 2325 1061 2380 canonica
1108 2342 1209 2380 nec
1253 2325 1551 2396 apostolica
1600 2340 1829 2380 censura

230 2416 540 2488 permittit.
565 2418 709 2473 Nam
734 2418 801 2473 de
831 2418 924 2473 illo
947 2419 1075 2489 quid
1100 2418 1396 2477 dicendum
1423 2418 1585 2474 nobis
1609 2427 1712 2484 est,
1740 2419 1831 2489 qui

225 2509 383 2565 dum
404 2508 673 2565 honorem
697 2510 947 2583 ejusdem
973 2511 1117 2567 sedis
1138 2511 1399 2567 nefandis
1429 2510 1717 2567 affectaret
1741 2510 1833 2566 de-

224 2601 484 2669 sideriis,
515 2604 658 2674 quod
680 2605 897 2677 justitia
924 2606 1029 2661 sibi
1055 2605 1349 2677 denegavit
1402 2605 1664 2677 sacrilega
1698 2605 1746 2659 vi
1780 2613 1833 2659 et

224 2697 421 2752 armis
458 2696 717 2752 invadere
738 2714 803 2753 ac
830 2698 1067 2769 diripere
1105 2716 1221 2753 non
1254 2699 1512 2769 pepercit,
1538 2716 1700 2770 quem
1721 2715 1833 2753 am-

222 2789 475 2845 bitionis
507 2790 684 2860 culpa,
717 2807 885 2863 quam
915 2792 1164 2846 deserere
1202 2793 1399 2857 noluit,
1436 2808 1610 2863 usque
1650 2791 1719 2846 ad
1752 2790 1832 2859 ju-

217 2892 390 2939 stam
410 2882 785 2939 damnationis
806 2894 913 2941 tuae
932 2885 1232 2956 perniciem
1254 2885 1467 2940 traxit?
1485 2887 1564 2939 De
1582 2900 1647 2938 eo
1668 2884 1831 2938 nobis

218 2984 325 3033 est
361 2992 537 3031 sermo
552 2977 646 3047 qui
668 2977 960 3033 nobiscum
979 2986 1084 3039 est.
1103 2994 1269 3050 quem
1288 2980 1524 3033 electum
1550 2977 1610 3031 in
1632 2975 1827 3032 eadem

214 3068 483 3126 Ecclesia
521 3078 667 3124 certe
708 3072 1097 3142 cognovimus;
1142 3072 1237 3127 sed
1270 3088 1369 3125 cur
1413 3069 1697 3141 reprobari
1728 3068 1827 3124 de-

215 3164 392 3225 beat,
422 3164 569 3218 nulla
612 3163 793 3218 adhuc
818 3163 1229 3235 deprehendere
1262 3163 1544 3235 potuimus
1588 3162 1824 3218 ratione.

214 3259 607 3328 Quapropter,
636 3264 779 3311 teste
814 3257 1150 3314 conscientia
1195 3268 1405 3324 nostra,
1451 3258 1666 3313 sincero
1697 3256 1824 3312 cha-

218 3349 423 3405 ritatis
443 3347 641 3405 affectu
661 3358 718 3405 te
737 3352 1105 3407 admOnemus
1132 3360 1193 3406 ut
1218 3352 1264 3406 si
1300 3348 1598 3407 Ecclesiam
1621 3350 1824 3422 diligis,

214 3452 279 3499 et
310 3450 376 3496 te
404 3443 605 3512 pariter
633 3453 801 3515 atque
828 3440 979 3501 illam
1008 3460 1037 3499 a
1066 3445 1303 3515 periculo
1326 3442 1671 3499 confusionis
1696 3443 1825 3497 'eri-

218 3551 370 3608 pere
401 3536 572 3607 cupis,
596 3537 663 3592 ad
700 3538 1011 3609 proximam
1034 3537 1330 3610 synodum,
1352 3552 1520 3608 quam
1566 3537 1623 3591 in
1646 3536 1823 3608 prima

221 3628 589 3685 hebdomada
616 3638 858 3687 venturae
875 3632 1352 3703 Quadragesimae,
1385 3635 1496 3685 Deo
1520 3638 1821 3697 annuente,

218 3721 515 3778 celebrem
536 3722 930 3795 diSposuimus,
957 3723 1039 3779 vel
1067 3726 1112 3779 si
1137 3725 1349 3790 malles,
1396 3732 1525 3779 ante
1547 3723 1821 3795 synodum

220 3816 537 3886 apostolica
569 3816 758 3890 limina
790 3826 846 3874 et
880 3826 1131 3874 nostram
1163 3819 1413 3890 requiras
1443 3818 1818 3889 praesentiam,

220 3915 513 3980 quatenus
539 3909 605 3965 de
624 3911 859 3967 introitu
875 3921 995 3979 tuo,
1027 3912 1345 3983 priusquam
1371 3920 1425 3967 te
1447 3912 1668 3985 gravius
1696 3927 1822 3981 prte-

219 4002 455 4072 cipites,
485 4018 639 4074 aequa
660 4046 675 4072 ,
724 4006 1031 4077 opitulante
1075 4008 1192 4061 Deo
1212 4049 1227 4073 ,
1258 4006 1668 4061 examinatione
1700 4021 1818 4076 per-

219 4102 381 4161 acta,
409 4096 553 4165 quod
574 4106 631 4151 tu
652 4098 767 4167 ipse
795 4106 979 4155 tutum
1003 4098 1107 4153 tibi
1129 4097 1249 4154 fore
1272 4098 1592 4169 cognoveris
1616 4098 1820 4168 absque

217 4187 631 4258 impedimento
656 4199 711 4246 et
741 4191 982 4261 periculo
1002 4193 1206 4248 animae
1236 4200 1344 4246 tuae
1370 4190 1525 4261 sequi
1548 4207 1612 4246 ac
1635 4199 1820 4257 tenere

221 4281 429 4352 possis.
480 4284 589 4338 Nec
619 4283 987 4341 dubitandum
1033 4285 1136 4341 tibi
1177 4283 1388 4351 credas,
1433 4284 1481 4338 si
1526 4283 1682 4349 huic,
1721 4284 1819 4355 qui

224 4374 520 4431 nobiscum
548 4385 653 4447 est,
677 4377 922 4435 dictante
949 4379 1165 4450 justitia
1192 4378 1521 4436 cessandum
1549 4390 1669 4433 esse
1696 4391 1817 4447 per-

226 4470 599 4541 spexerimus,
629 4472 766 4543 quin
794 4473 855 4528 in
899 4472 1249 4543 promotione
1270 4481 1361 4527 tua
1392 4471 1656 4526 benevola
1684 4486 1815 4526 con-

222 4563 475 4619 cessione
535 4564 605 4620 ad
655 4564 921 4621 honorem
979 4565 1373 4637 omnipotentis
1424 4566 1522 4621 Dei
1572 4572 1627 4620 et
1674 4563 1813 4619 beati

227 4657 510 4713 Ambrosii
538 4673 827 4715 assensum
858 4660 1059 4729 pariter
1088 4660 1428 4729 praebeamus
1471 4666 1524 4713 et
1550 4657 1811 4714 studium.

228 4748 313 4803 Ad
343 4750 645 4807 tollendam
680 4767 813 4807 vero
841 4754 1012 4807 totius
1058 4753 1280 4824 periculi
1310 4753 1704 4823 suspicionem,
1729 4765 1812 4806 se-

228 4843 524 4899 curitatem
568 4845 667 4900 tibi
698 4861 794 4915 per
821 4861 1021 4901 manus
1048 4846 1288 4902 ﬁliarum
1330 4855 1649 4902 nostrarum
1678 4847 1814 4901 Bea-

225 4935 373 4991 tricis
409 4944 465 4991 et
492 4936 608 5006 ejus
635 4936 759 4994 ﬁliae
783 4939 1063 4993 Matbilllis
1088 4940 1484 5009 promittimus,
1514 4948 1569 4995 et
1598 4939 1814 4995 indubi-

226 5036 404 5084 tanter
426 5030 643 5095 damus,
675 5038 737 5083 ut
763 5031 895 5085 nihil
928 5031 1050 5098 tibi,
1081 5031 1163 5086 vel
1194 5031 1276 5086 his
1300 5034 1393 5102 qui
1424 5033 1481 5087 in
1510 5040 1607 5088 tuo
1622 5032 1809 5089 comi-

229 5127 347 5177 tatu
381 5120 601 5190 fuerint,
630 5123 1026 5179 contrarietatis
1052 5139 1081 5179 a
1124 5124 1284 5180 nobis
1311 5125 1391 5180 vel
1425 5125 1628 5180 nostris
1676 5124 1813 5181 infe-

229 5222 406 5282 ratur;
456 5215 549 5270 sed
582 5216 636 5270 in
663 5215 826 5270 rebus
872 5223 929 5270 et
955 5217 1193 5286 personis
1221 5217 1430 5283 vestris,
1462 5226 1576 5273 tam
1619 5217 1675 5273 in
1723 5234 1813 5274 ve-

225 5306 421 5363 niendo
446 5324 612 5380 quam
655 5307 955 5375 redeundo,
995 5309 1096 5364 tuti
1142 5310 1353 5379 penitus
1394 5318 1450 5366 et
1487 5310 1661 5375 illusi,
1694 5314 1815 5366 Deo

228 5402 581 5469 custodiente,
627 5401 915 5470 maneatis,
963 5410 1175 5458 ostensa
1214 5402 1561 5460 solummodo
1606 5413 1816 5460 etcon-

230 5489 441 5551 ﬁrmata
489 5512 551 5551 ea
581 5510 705 5567 quae
734 5495 789 5551 in
815 5510 972 5551 causa
1019 5504 1113 5550 tua
1144 5495 1303 5551 fuerit
1332 5495 1564 5553 tenenda
1604 5506 1819 5553 senten-

230 5584 325 5642 tia.
358 5589 580 5645 interim
621 5604 838 5660 quoque
884 5605 952 5644 ex
990 5597 1142 5659 parte
1169 5589 1264 5644 Dei
1307 5590 1721 5661 omnipatentis,
1762 5599 1817 5646 et

235 5684 523 5751 apostolica
576 5682 715 5739 beati
760 5682 901 5737 Petri
952 5682 1294 5747 auctoritate,
1330 5682 1427 5738 tibi
1469 5684 1817 5755 praecipimus

238 5781 295 5827 ut
320 5776 523 5832 nullum
550 5776 618 5831 de
646 5775 810 5831 sacris
837 5775 1117 5830 ordinibus
1147 5774 1373 5846 gradum
1405 5777 1646 5845 recipere
1675 5792 1812 5846 prte-

240 5878 434 5939 sumas,
466 5871 646 5930 sciens
678 5869 933 5948 quoniam
959 5870 1003 5924 si
1033 5883 1142 5922 non
1178 5867 1433 5924 obediens
1468 5871 1625 5931 nobis
1654 5870 1815 5931 modo

1946 1949 2128 2007 libeat.

2016 2047 2155 2099 Data
2193 2048 2412 2113 Romae,
2438 2059 2557 2100 vm
2597 2047 2705 2113 [vx]
2745 2043 2875 2100 ldus
2917 2042 3249 2115 Septembris
3273 2046 3533 2112 [Decem-

1943 2135 2102 2209 bris],
2140 2136 2253 2193 ind.
2285 2154 2413 2195 xw.

2486 2273 2834 2328 EPISTOLA
2873 2273 2982 2327 IX.

2011 2403 2095 2445 AD
2127 2401 2590 2445 SUFFBAGANEOS
2614 2400 2923 2443 εοσιιεειλιε
2944 2398 3458 2442 κευῐοιΑΝεηεῐε.
3478 2376 3481 2377 ν

2544 2506 2725 2569 (Anno
2746 2505 2929 2567 1075.)

1936 2622 2216 2689 Signiﬁcat
2239 2637 2291 2675 se
2323 2620 2614 2675 Tedaldum
2653 2622 2709 2671 in
2746 2618 3133 2674 Mediolanensi
3171 2615 3407 2672 Ecclesia
3436 2618 3530 2689 in-

2010 2697 2215 2745 trusum
2256 2692 2330 2744 ad
2356 2691 2614 2758 synodum
2642 2704 2867 2743 vocasse.
2903 2690 3151 2756 Praecipit
3191 2689 3266 2741 eis
3295 2703 3360 2743 ne
3388 2688 3531 2745 ullus

2009 2763 2209 2817 audeat
2234 2778 2350 2816 eum
2379 2763 2453 2817 ad
2475 2776 2654 2816 sacros
2680 2760 2897 2814 ordines
2915 2774 3244 2828 promovere.

2007 2884 2371 2941 Gnsaoaws
2398 2884 2703 2955 episcopus,
2735 2898 2919 2937 servus
2951 2896 3235 2937 servorum
3276 2882 3402 2942 Dei.
3437 2879 3531 2935 fra-

1934 2977 2131 3044 tribus,
2174 2986 2227 3033 et
2266 2979 2533 3049 episcopis
2579 2975 2940 3048 coepiscopis,
2982 2975 3271 3030 GBEGORIO
3314 2972 3530 3027 Vercel-

1935 3068 2090 3137 lensi,
2115 3072 2421 3127 Cnmaanro
2443 3070 2785 3135 Taurinensi,
2815 3071 3007 3123 lnaom
3041 3063 3300 3137 [Huoom]
3333 3068 3529 3120 Asten-

1882 3211 1917 3236 Ἀ
1935 3164 1998 3229 si,
2021 3165 2229 3220 Ooemo
2253 3163 2629 3236 Eporediensi,
2656 3164 2891 3218 OPIZONI
2924 3160 3208 3225 Laudensi,
3233 3166 3288 3213 et
3317 3158 3531 3214 caeteris

1939 3255 2290 3330 suffraganeis
2314 3267 2516 3313 sanctae
2541 3256 2956 3311 Mediolanensis
2986 3253 3241 3309 Ecclesiae
3276 3250 3530 3307 obedien-

1936 3350 2077 3405 tibus
2123 3352 2435 3422 apostolicae
2484 3348 2617 3415 sedi,
2655 3348 2887 3404 salutem
2939 3356 2993 3403 et
3038 3345 3393 3418 apostolicam
3431 3344 3528 3400 be-

1934 3444 2320 3501 nedictionem.

2003 3539 2208 3593 Notum
2250 3536 2403 3592 vobis
2465 3551 2583 3591 esse
2621 3537 2877 3593 volumus
2903 3536 2971 3592 de
3001 3536 3241 3593 Tedaldo
3271 3540 3527 3597 Mediola-

1932 3631 2084 3686 nensi
2129 3630 2347 3698 clerico,
2392 3646 2553 3702 quem
2596 3645 2712 3697 rex,
2742 3638 3105 3701 praeterquam
3154 3632 3311 3689 nobis
3341 3633 3528 3691 litteris

1931 3740 1993 3780 ac
2018 3724 2338 3797 legatorum
2372 3723 2546 3779 verbis
2586 3723 2915 3795 promiserit,
2961 3723 3015 3778 in
3060 3724 3525 3783 Mediolanensem

1933 3817 2223 3873 Ecclesiam
2250 3818 2449 3888 posuit,
2473 3816 2620 3888 quod
2638 3815 3000 3887 episcopalem
3028 3818 3238 3886 sedem,
3266 3818 3333 3874 ad
3355 3836 3523 3891 quam

1928 3912 2033 3966 alia
2065 3911 2211 3982 prius
2235 3926 2357 3982 qua:
2396 3909 2575 3965 adhuc
2616 3917 2895 3979 superstes
2928 3918 3013 3965 est
3043 3909 3210 3967 fuerit
3255 3912 3522 3985 assignata

1928 4020 2181 4076 persona,
2210 4019 2318 4059 non
2341 4005 2473 4059 satis
2500 4003 2744 4059 ordinate
2771 4004 3071 4075 suscepisse
3102 4003 3333 4062 videtur.
3363 4007 3520 4079 Quod

1929 4114 2053 4153 cum
2084 4114 2177 4167 per
2219 4098 2485 4168 quosdam
2521 4096 2710 4153 ﬁdeles
2730 4105 2959 4153 nostros
2986 4106 3231 4153 nostram
3281 4099 3523 4170 require-

1927 4200 2011 4247 ret
2048 4192 2371 4257 amicitiam,
2402 4191 2721 4261 scripsimus
2749 4199 2805 4246 et
2838 4191 2942 4246 hoc
2971 4206 3074 4246 nos
3111 4191 3351 4247 multum
3385 4192 3518 4249 velle

1928 4292 1982 4339 et
2036 4300 2252 4355 cupere,
2315 4293 2478 4356 atque
2532 4300 2595 4338 eo
2647 4292 2806 4354 pacto
2867 4283 3184 4340 facillimum
3234 4286 3518 4342 convenire

1930 4392 2109 4450 posse,
2147 4378 2188 4432 si
2224 4378 2497 4449 requisitis
2529 4377 2903 4447 apostolorum
2946 4376 3223 4433 liminibus
3248 4386 3301 4431 et
3326 4387 3514 4433 nostra

1931 4472 2214 4542 praesentia
2271 4487 2491 4526 causam
2542 4469 2908 4542 promotionis
2959 4484 3073 4524 suae
3117 4486 3311 4541 puram
3352 4479 3516 4542 atque

1906 4563 2267 4645 jprobabilem
2298 4567 2587 4619 ostendere
2620 4563 2777 4619 vellet
2810 4570 2863 4616 et
2907 4570 3108 4632 posset.
3141 4562 3223 4617 Ad
3249 4562 3393 4634 quod
3425 4579 3516 4618 ex-

1927 4657 2264 4729 sequendum
2291 4656 2646 4712 amicabiliter
2676 4671 2802 4711 eum
2841 4655 3173 4721 vocavimus,
3207 4665 3263 4711 et
3293 4657 3513 4727 prmﬁxo

1922 4751 2027 4807 sibi
2064 4751 2306 4806 termino
2347 4750 2414 4805 ad
2443 4749 2746 4820 proximam
2773 4747 3044 4819 synodum
3084 4757 3325 4805 ventura:
3362 4752 3510 4822 Qua-

1923 4843 2265 4917 dragesimaa,
2314 4852 2431 4904 aut,
2479 4841 2523 4897 si
2574 4842 2745 4908 malit,
2801 4849 2927 4896 ante
2974 4840 3247 4913 synodum
3296 4842 3512 4901 ﬁrmam

1922 4940 2264 4995 securitatem
2315 4935 2559 4991 veniendi
2611 4934 2677 4990 ad
2711 4950 2813 4989 nos
2856 4943 2911 4990 et
2939 4934 3197 4991 redeundi
3236 4951 3300 4991 ex
3328 4946 3511 4994 nostra

1924 5042 2076 5105 parte
2126 5030 2501 5104 promisimus,
2546 5038 2600 5084 et
2646 5028 2773 5085 dare
2814 5028 2982 5101 parati
3023 5043 3233 5086 sumus.
3270 5033 3516 5102 Insuper

1921 5128 2086 5183 etiam
2126 5143 2198 5182 ne
2242 5122 2731 5196 interimzaliquem
2764 5123 2832 5178 de
2861 5123 3029 5179 sacris
3076 5123 3358 5180 ordinibus
3387 5140 3513 5195 gra-

1921 5219 2054 5275 dum
2103 5220 2324 5290 recipiat
2344 5218 2639 5289 apostolica
2684 5218 2731 5272 ei
2761 5217 3079 5273 auctoritate
3109 5216 3509 5273 interdiximus.

1923 5313 2082 5383 Quod
2111 5313 2243 5369 item
2270 5322 2325 5368 et
2353 5312 2506 5367 vobis
2534 5327 2630 5382 per
2653 5326 2775 5366 eam
2803 5327 2966 5382 quam
2996 5310 3160 5366 beato
3186 5314 3350 5366 Petro
3378 5325 3511 5382 apo-

1921 5407 2186 5462 stolorum
2219 5405 2447 5478 principi
2488 5403 2693 5461 debetis
2727 5404 3118 5475 obedientiam,
3148 5411 3202 5459 et
3234 5419 3299 5459 ex
3326 5410 3513 5458 nostra

1925 5514 2091 5571 quam
2141 5515 2237 5569 per
2264 5499 2443 5565 illum,
2473 5498 2596 5553 licet
2631 5496 2857 5569 indigni,
2899 5497 3259 5568 suscepimus,
3289 5503 3509 5565 aposto-

1923 5592 2022 5647 lica
2073 5591 2394 5647 auctoritate
2443 5589 2817 5647 interdicimus
2847 5598 2909 5646 ut
2940 5590 3120 5645 nullus
3159 5588 3417 5642 vestrum
3444 5585 3514 5641 ad

1923 5684 2327 5756 promotionem
2358 5684 2585 5756 alicujus
2628 5684 2830 5739 ordinis
2871 5697 3091 5736 manum
3131 5680 3180 5735 ei
3223 5692 3519 5752 praesumat

1925 5778 2219 5845 imponere.
2239 5778 2411 5833 donec
2440 5779 2615 5831 oblata
2648 5776 2803 5835 nobis
2832 5791 2925 5828 sua
2957 5775 3263 5845 praesentia,
3297 5775 3425 5844 quid
3452 5776 3519 5829 de

1926 5871 2151 5931 introitu
2181 5871 2298 5945 ejus
2318 5870 2677 5943 judicandum
2719 5877 2773 5925 et
2810 5866 3156 5927 statuendum
3186 5868 3252 5927 sit
3285 5867 3521 5935 sincera,
