4074 6172
499 286 605 341 439

1192 280 1249 335 S.
1289 277 1609 334 GREGORII
1648 278 1739 336 VII
1773 278 1972 334 PAPIE
2010 277 2289 356 ΟΡῌΒΠΜ
2325 277 2499 334 PARS
2538 279 2579 332 l.
2617 306 2685 320 --
2720 274 3125 337 REGISTRUM.

3687 272 3786 329 440

503 414 624 467 Deo
668 408 978 482 adjuvante,
1010 403 1279 476 possimus
1319 401 1713 459 examinatione
1761 401 2088 459 discernere.
2124 408 2178 475 Α
2209 403 2305 459 tibi
2344 418 2442 475 pro
2470 401 2572 459 hac
2596 402 2752 473 culpa
2785 399 3076 471 injungens
3107 397 3481 470 paenitentiam
3524 404 3579 452 te
3607 395 3786 453 absol-

506 503 669 575 Quod
692 502 908 573 quidem
946 514 1069 553 cum
1127 495 1408 551 communi
1457 495 1681 551 consilio
1725 504 1779 551 et
1806 496 2097 567 conjuncta
2136 482 2141 485 ⁷

507 596 755 653 omnium
787 601 1089 646 vestrorum
1130 588 1459 644 discretione
1499 604 1562 643 ac
1603 588 1803 657 judicio
1829 589 1942 644 ﬁeri
1974 606 2100 661 per-

507 688 748 743 maxime
789 683 1054 753 cupimus,
1101 680 1145 736 si
1194 681 1275 736 vel
1318 681 1463 736 illius
1508 680 1765 738 Ecclesia
1812 699 1961 751 cura,
2018 685 2099 739 vel

508 788 781 849 respectus
816 774 1128 845 apostolica
1157 773 1491 841 reverentia,
1536 783 1631 829 aut
1658 784 1842 829 nostra
1872 774 2104 831 charitas

508 886 608 926 vos
631 868 699 925 ad
728 869 835 924 hoc
876 868 1164 941 negotium
1200 882 1497 922 convocare
1535 868 1754 937 poterit.
1784 868 1980 923 Videte
2005 868 2106 941 igi-

510 975 597 1020 tur
634 978 701 1018 ne
748 962 871 1033 quis
914 969 1155 1016 vestrum
1199 968 1516 1030 contempto
1559 960 1662 1016 hoc
1708 961 1997 1017 interdictu
2037 962 2106 1018 ad

513 1057 655 1113 illius
680 1057 878 1128 pariter
904 1063 959 1110 et
987 1054 1068 1110 sui
1090 1053 1388 1125 periculum
1418 1069 1642 1108 manum
1661 1052 1938 1119 extendat,
1968 1070 2104 1126 quo-

514 1151 668 1208 niam
708 1150 753 1205 si
792 1149 931 1220 quis,
976 1145 1126 1218 quod
1168 1162 1280 1201 non
1309 1144 1601 1212 credimus,
1625 1147 1688 1201 in
1730 1162 1792 1203 ea
1841 1162 2106 1218 prasum-

514 1243 694 1314 ptione
723 1258 782 1298 se
810 1255 1076 1312 occupare
1118 1240 1443 1311 proruperit,
1475 1239 1740 1295 continuo
1784 1255 1843 1295 se
1871 1256 1902 1295 a
1939 1241 2109 1311 gratia

514 1336 657 1391 beati
684 1335 829 1390 Petri
867 1342 923 1390 et
944 1342 1131 1390 nostra
1158 1333 1464 1400 dilectione,
1494 1348 1594 1387 nec
1629 1348 1740 1387 non
1774 1348 1806 1388 a
1852 1349 2109 1389 commu-

517 1428 682 1485 nione
737 1426 875 1484 sacri
926 1427 1170 1499 corporis
1226 1433 1281 1481 et
1328 1426 1605 1497 sanguinis
1633 1425 1858 1482 Domini
1910 1442 2108 1499 seque-

519 1530 750 1578 stratum
798 1536 918 1576 esse
949 1527 1259 1591 cognoscat.
1291 1524 1498 1575 Verum
1528 1519 1582 1575 id
1626 1519 1789 1590 agite,
1821 1519 1895 1586 id,
1925 1520 1967 1575 si
1994 1525 2107 1577 Do-

519 1616 733 1670 minum
753 1612 1000 1685 diligitis,
1019 1611 1236 1669 efﬁcere
1253 1622 1556 1682 procurate,
1575 1621 1638 1667 ut
1656 1610 1948 1680 fraterille,
1973 1613 2110 1671 dum

520 1715 720 1779 potest,
751 1706 883 1762 dum
914 1706 1094 1762 locum
1128 1707 1313 1775 habet,
1344 1706 1441 1761 sibi
1479 1714 1534 1761 et
1560 1706 1817 1764 Ecclesia
1838 1708 2106 1774 consulat,

2210 505 2319 564 vat,
2352 504 2413 551 ut
2440 493 2595 550 nobis
2617 504 2714 550 tuo
2757 508 3023 548 consensu
3065 492 3292 547 modum
3326 490 3656 562 pauitantia
3683 498 3789 547 tua

2210 606 2308 661 per
2335 589 2622 661 epistolam
2651 602 2810 643 suam
2840 585 3099 641 veraciter
3137 585 3385 640 intimare
3437 583 3657 639 audeat.
3705 587 3787 640 De

2210 691 2409 738 catero
2427 681 2629 736 mirum
2656 680 2812 734 nobis
2839 678 2993 734 valde
3020 677 3234 733 videtur
3262 676 3411 750 quod
3440 677 3605 733 toties
3632 676 3789 734 nobis

2186 785 2325 835 .tam
2368 775 2589 831 devotas
2617 774 2866 844 epistolas
2908 781 2963 826 et
3004 778 3213 826 tantam
3260 770 3629 827 humilitatem
3683 778 3792 827 tua

2214 866 2547 924 celsitudinis
2568 882 2661 938 per
2679 866 2988 937 legatorum
3009 872 3233 920 tuorum
3254 864 3415 919 verba
3437 863 3790 932 transmittis,

2216 962 2385 1017 tilium
2416 970 2467 1017 te
2508 968 2713 1016 sancta
2756 959 2950 1014 matris
2981 957 3234 1014 Ecclesiae
3265 965 3321 1013 et
3347 965 3597 1012 nostrum
3637 972 3797 1013 vocas

2216 1056 2272 1109 in
2288 1053 2396 1109 ﬁde
2419 1054 2751 1125 subiectum,
2777 1052 2832 1107 in
2855 1050 3145 1108 dilectione
3170 1049 3416 1117 unicum,
3437 1049 3799 1106 indevotione

2215 1147 2567 1219 praecipuum,
2599 1155 2877 1218 postremo
2916 1161 3043 1219 cum
3074 1144 3228 1200 omni
3251 1140 3455 1199 affectu
3490 1143 3801 1199 'dulcedinis

2216 1250 2270 1296 et
2313 1240 2628 1296 reverentia
2674 1247 2729 1294 te
2777 1237 3158 1306 commendas,
3212 1252 3273 1292 re
3314 1245 3497 1292 tamen
3544 1244 3597 1291 et
3641 1235 3800 1292 factis

2215 1334 2593 1405 asperrimum,
2622 1332 2898 1388 canonicis
2926 1340 3088 1403 atque
3123 1329 3441 1402 apostolicis
3486 1328 3718 1385 decretis
3748 1330 3803 1385 in

2216 1427 2302 1483 his
2330 1442 2451 1498 qua
2474 1425 2834 1484 ecclesiastica
2870 1425 3057 1497 religio
3081 1424 3322 1479 maxime
3361 1423 3541 1495 poscit
3577 1431 3632 1479 te
3669 1439 3802 1478 con-

2217 1521 2444 1576 trarium
2458 1519 2717 1576 ostendis.
2738 1521 2883 1574 Nam
2900 1526 2959 1574 ut
2977 1517 3047 1573 de
3065 1517 3288 1590 reliquis
3312 1524 3590 1573 taceamus
3604 1558 3617 1584 ,
3648 1515 3807 1588 quod

2218 1613 2287 1669 de
2331 1629 2490 1669 causa
2520 1611 2915 1668 Mediolanensi
2940 1626 3034 1683 per
3063 1619 3291 1666 matrem
3318 1618 3490 1674 tuam,
3529 1626 3626 1681 per
3665 1625 3805 1665 con-

2218 1707 2414 1763 fratres
2454 1715 2673 1762 nostros
2701 1706 2988 1778 episcopos
3018 1719 3159 1776 quos
3204 1703 3275 1759 ad
3315 1712 3369 1759 te
3403 1693 3676 1771 misimus,
3703 1719 3807 1759 no-

520 1799 637 1872 paci
687 1806 881 1855 vestra
909 1808 963 1853 et
1006 1798 1165 1854 saluti
1208 1807 1375 1854 tanta
1419 1798 1783 1854 multitudinis
1822 1799 2111 1856 hominum
2142 1789 2192 1850 Β
2221 1801 2300 1857 bis
2346 1800 2697 1872 promiseras,
2724 1799 2954 1871 qualiter
2980 1796 3293 1865 attenderis,
3344 1805 3439 1852 aut
3478 1812 3586 1867 quo
3616 1796 3805 1852 animo

524 1908 658 1964 pene
706 1891 1129 1967 periclitantium
1158 1892 1455 1963 provideat,
1489 1908 1592 1947 nec
1621 1901 1834 1948 suamet
1868 1895 2113 1966 pracipi-

524 1986 735 2041 tatione
788 2001 984 2040 casum
1026 1993 1211 2055 petens
1257 1985 1461 2040 multos
1498 2001 1684 2041 secum
1712 1984 1781 2041 ad
1820 2002 2116 2043 commune

409 2077 434 2102 ‘
526 2078 832 2149 periculum
876 2077 1074 2131 trahat.
1112 2079 1177 2130 In
1219 2093 1329 2148 quo
1370 2093 1517 2132 nunc
1556 2078 1835 2149 apparebit
1880 2080 2006 2151 quis
2049 2082 2120 2135 sit

527 2178 709 2241 pastor
760 2170 816 2223 in
854 2169 1008 2224 vobis
1049 2169 1313 2239 iniquitati
1361 2177 1548 2239 aperte
1578 2170 1854 2238 resistens,
1904 2173 2024 2242 quis
2051 2173 2119 2227 sit

523 2261 619 2317 fur
660 2260 1059 2316 simulationem
1102 2260 1325 2327 faciens,
1372 2262 1495 2332 quis
1534 2264 1673 2317 latro
1712 2264 1999 2320 manifeste
2038 2267 2117 2336 ju-

528 2353 689 2411 stitia
716 2353 1110 2411 contradicens.
1133 2354 1485 2411 Considerate
1504 2370 1633 2426 ergo
1654 2356 1934 2426 quomodo
1962 2366 2120 2413 caute

529 2446 838 2514 ambuletis,
887 2446 1013 2516 quia
1055 2446 1199 2501 sicut
1234 2446 1432 2501 durum
1480 2455 1563 2503 est
1601 2455 1789 2503 contra
1834 2449 2118 2506 stimulum

529 2540 831 2605 calcitrare,
877 2538 953 2593 sic
995 2554 1248 2609 asperum
1276 2548 1358 2594 est
1384 2549 1587 2597 sancta
1632 2544 1904 2597 Romana
1935 2544 2119 2600 Eccle-

529 2631 627 2688 sia
668 2631 961 2701 contraire,
1003 2630 1090 2686 cui
1115 2646 1212 2687 vos
1241 2640 1497 2704 tanquam
1529 2634 1691 2689 matri
1720 2650 1933 2705 semper
1960 2651 2123 2707 opor-

529 2732 611 2780 tet
637 2725 875 2781 obedire.

602 2822 741 2875 Data
791 2825 1007 2892 Roma,
1040 2830 1193 2878 sexto
1240 2821 1371 2879 Idus
1425 2822 1680 2883 Octobris
1737 2824 2118 2901 [Decembris],

529 2911 822 2971 indictione
850 2913 1061 2972 decima
1087 2924 1299 2986 quarta.

1095 3014 1445 3069 EPISTOLA
1474 3015 1552 3069 Χ.

777 3120 859 3162 ΔΙ)
873 3119 1204 3163 HBNBICUH
1220 3120 1429 3163 REGE}!
1462 3121 1871 3166 BOMANOBUH.

1137 3201 1324 3267 (Anno
1349 3204 1522 3265 l075.)

534 3294 737 3361 Argut't
780 3292 923 3361 quod
964 3308 1081 3346 cum
1108 3295 1576 3348 emcommunicatis
1619 3298 1978 3352 communicet.
2012 3300 2123 3352 Mo-

604 3367 692 3417 net
719 3368 780 3415 ut
815 3365 863 3416 si
905 3364 987 3416 ita
1024 3367 1119 3424 est,
1162 3364 1227 3417 ab
1253 3366 1433 3433 aliquo
1481 3368 1714 3435 episcopo
1744 3369 2125 3422 absolutionem

598 3438 773 3504 petat.
800 3436 1046 3489 Miratur
1070 3450 1187 3488 eum
1213 3436 1405 3489 litteris
1430 3440 1479 3489 et
1506 3437 1861 3504 legationibus
1881 3440 2126 3494 devotum

603 3521 657 3558 se
700 3520 829 3573 erga
874 3507 1168 3559 Romanam
1199 3508 1488 3561 Ecclesium
1529 3509 1827 3575 ostendere;
1865 3526 1921 3563 re
1949 3516 2126 3564 tamen

605 3576 1109 3650 eidemadversari,
1158 3582 1207 3630 et
1236 3578 1449 3650 decreta
1494 3594 1524 3630 a
1576 3595 1630 3633 se
1669 3583 1726 3632 in
1753 3582 1954 3650 synodo
1983 3582 2127 3636 edita

603 3662 707 3699 non
736 3647 1024 3700 observa-re.
1051 3649 1324 3701 Hortatur
1348 3649 1426 3701 ad
1448 3664 1629 3701 veram
1646 3647 1999 3705 obedientiam
2021 3656 2125 3708 Ro-

606 3731 781 3767 mana:
810 3718 1056 3769 Ecclesia
1087 3719 1477 3784 praes/undam.
1510 3722 1729 3774 Demum
1758 3729 1933 3777 monet
1960 3739 2023 3778 ne
2055 3738 2129 3777 ec-

605 3786 915 3839 clesiastica:
946 3787 1191 3841 libertati
1227 3790 1352 3843 velit
1380 3805 1487 3843 esse
1516 3792 1910 3860 impedimento.

607 3878 965 3933 Gnecontus
980 3878 1489 3950 episcOpus,servus
1508 3897 1788 3939 servorum
1814 3885 1932 3951 Dei,
1960 3889 2127 3941 Hnn-

538 3984 680 4027 BICO
732 3970 871 4039 regi,
917 3972 1147 4026 salutem
1195 3981 1251 4027 et
1301 3974 1652 4045 apostolicam
1696 3976 2129 4035 benedictionem

540 4064 703 4133 (384);
738 4064 780 4117 si
807 4070 995 4120 tamen
1024 4066 1339 4136 apostolica
1366 4066 1502 4135 sedi,
1532 4077 1591 4123 ut
1631 4069 2001 4127 Christianum
2029 4072 2127 4129 de-

538 4164 622 4211 cet
651 4171 857 4226 regem,
890 4155 1159 4212 obedierit
1188 4158 1486 4233 [obediat].

609 4248 1028 4305 Considerantes
1056 4265 1119 4305 ac
1146 4251 1369 4308 sollicite
1398 4264 1685 4324 pensantes
1725 4273 1893 4328 quam
1934 4258 2126 4316 distri-

540 4349 630 4397 cto
654 4341 819 4412 judici
849 4342 917 4398 de
945 4343 1349 4415 dispensatione
1374 4349 1565 4404 crediti
1591 4351 1748 4407 nobis
1785 4368 1880 4424 per
1907 4353 2126 4410 beatum

538 4438 768 4491 Petrum
803 4438 1178 4508 apostolorum
1207 4440 1504 4513 principem
1538 4444 1821 4500 ministerii
1861 4447 2126 4504 rationem

2222 1893 2560 1966 promiseris,
2581 1893 2699 1964 ipsa
2733 1908 2823 1947 res
2859 1891 3082 1959 indicat,
3110 1899 3167 1945 et
3184 1905 3329 1945 nunc
3357 1888 3578 1960 quidem
3600 1897 3663 1944 ut
3689 1890 3807 1944 vul-

2220 2002 2326 2042 nus
2355 1985 2565 2041 vulneri
2594 1984 2889 2057 inﬂigeres,
2924 1992 3112 2039 contra
3146 1990 3348 2038 statuta
3386 1982 3695 2054 apostolica
3724 1997 3812 2037 se-

2223 2079 2309 2135 dis
2353 2078 2621 2134 tradidisti
2651 2078 2969 2147 Firmanam
3011 2086 3065 2132 et
3105 2078 3448 2147 Spoletanam
3484 2075 3806 2139 Ecclesiam;

2223 2172 2267 2228 si
2289 2180 2471 2226 tamen
2509 2171 2576 2226 ab
2616 2170 2833 2226 homine
2872 2168 3012 2225 tradi
3055 2169 3298 2225 Ecclesia
3339 2177 3433 2225 aut
3468 2168 3660 2225 donari
3703 2183 3811 2239 po-

2224 2272 2327 2321 test
2346 2262 2669 2345 quibusdam
2692 2262 2936 2335 personis
2963 2262 3122 2318 nobis
3155 2262 3320 2317 etiam
3358 2262 3575 2345 ignotis;
3609 2261 3817 2334 quibus

2223 2373 2336 2412 non
2362 2339 2491 2412 licet
2515 2356 2618 2411 nisi
2647 2356 2890 2427 probatis
2930 2364 2986 2411 et
3019 2364 3146 2411 ante
3168 2355 3309 2410 bene
3337 2339 3565 2426 cognitis
3591 2353 3815 2426 regula-

2225 2451 2356 2506 riter
2377 2466 2603 2506 manum
2632 2452 2935 2521 imponere.
2966 2452 3239 2504 Decuerat
3265 2448 3471 2520 regiam
3488 2448 3817 2520 dignitatem

2225 2553 2397 2610 tuam,
2421 2559 2545 2599 cum
2592 2552 2643 2598 te
2682 2543 2852 2597 ﬁlium
2884 2542 3142 2597 Ecclesia
3170 2541 3472 2610 conﬁteris,
3511 2541 3818 2597 honorabi-

2226 2637 2327 2692 lius
2355 2636 2674 2709 magistrum
2716 2636 3012 2703 Ecclesia,
3062 2635 3165 2690 hoc
3202 2643 3285 2691 est
3321 2635 3545 2691 beatum
3587 2637 3824 2690 Petrum

2226 2730 2603 2802 apostolorum
2632 2730 2931 2802 principem
2959 2729 3180 2797 intueri,
3212 2729 3325 2794 cui,
3365 2728 3409 2784 si
3451 2727 3522 2784 de
3563 2727 3824 2783 Domini-

2227 2824 2305 2880 cis
2329 2824 2524 2880 ovibus
2552 2839 2629 2892 es,
2654 2823 2945 2879 Dominica
2977 2838 3105 2879 voce
3129 2831 3182 2879 et
3212 2829 3481 2893 potestate
3504 2820 3573 2877 ad
3594 2836 3822 2893 pascen-

2230 2916 2365 2973 dum
2392 2916 2619 2973 traditus
2648 2933 2725 2985 es,
2755 2916 2973 2972 dicente
3009 2916 3114 2971 sibi
3150 2916 3367 2972 Christo
3400 2934 3413 2970 :
3444 2919 3619 2978 Petra,
3656 2930 3827 2985 pasce

2230 3026 2347 3066 oves
2374 3027 2520 3067 meas
2541 3012 2715 3083 (Joan.
2742 3016 2922 3077 xvu),
2950 3018 3006 3066 et
3023 3011 3220 3067 iterum
3251 3029 3267 3065 :
3303 3012 3426 3067 Tibi
3452 3011 3666 3065 tradita
3689 3015 3827 3065 sunt

2232 3106 2400 3158 claves
2433 3106 2587 3172 regni
2623 3105 2897 3172 calorum,
2929 3107 2980 3158 et
3003 3104 3352 3173 quodcunque
3379 3104 3631 3172 ligaveris
3654 3117 3830 3172 super

2149 3175 2205 3257 CI
2235 3203 2456 3263 terram,
2487 3199 2592 3252 erit
2620 3199 2847 3266 ligatum
2884 3200 2933 3252 et
2970 3199 3030 3250 in
3057 3198 3219 3264 caelis,-
3259 3202 3310 3251 et
3333 3197 3683 3267 quodcunque
3708 3197 3828 3251 sol—

2230 3294 2370 3346 veris
2406 3307 2566 3361 super
2596 3296 2816 3359 terram,
2846 3293 2951 3345 erit
2973 3291 3205 3346 solutum
3251 3294 3300 3344 et
3326 3292 3382 3344 in
3406 3291 3555 3345 caelis
3599 3290 3825 3355 (Matth.

2234 3391 2383 3449 xvr).
2430 3387 2494 3440 In
2536 3385 2689 3457 cujus
2730 3384 2857 3440 sede
2907 3392 2964 3439 et
3008 3384 3303 3455 apostolica
3347 3382 3829 3441 administratione

2233 3478 2366 3535 dum
2408 3493 2509 3534 nos
2536 3478 2940 3550 qualescunque
2991 3485 3299 3549 peccatores
3325 3486 3382 3531 et
3409 3475 3613 3549 indigni
3644 3475 3832 3533 divina

2233 3571 2583 3643 dispositione
2612 3571 2787 3626 vicem
2815 3585 2929 3627 sua
2956 3570 3240 3640 potestatis
3282 3569 3546 3641 gerimus,
3575 3568 3831 3640 profecto

2233 3661 2496 3734 quidquid
2517 3661 2585 3717 ad
2614 3678 2712 3717 nos
2743 3662 2822 3716 vel
2862 3677 2956 3733 per
2977 3662 3201 3732 scripta,
3232 3668 3294 3716 ut
3316 3660 3479 3716 nudis
3502 3660 3686 3716 verbis
3715 3661 3830 3715 mi-

2234 3756 2369 3810 seris
2394 3754 2509 3827 ipse
2548 3754 2766 3825 recipit;
2794 3763 2849 3809 et
2875 3754 3006 3809 dum
3032 3769 3135 3810 nos
3162 3761 3256 3809 aut
3303 3753 3571 3810 elementa
3600 3768 3833 3824 percur-

2200 3848 2431 3925 "rimus,
2470 3856 2565 3903 aut
2601 3846 2941 3918 loquentium
2979 3862 3137 3903 voces
3172 3847 3567 3912 auscultamus,
3606 3846 3719 3917 ipse
3755 3860 3834 3902 ex

2237 3956 2345 4013 quo
2388 3939 2553 3997 corde
2606 3939 2862 3997 mandata
2907 3940 3209 4013 prodierint
3254 3940 3441 3996 subtili
3491 3938 3835 4012 inspectione

2236 4034 2518 4091 discernit.

2309 4165 2657 4236 QuaprOpter
2684 4162 3083 4236 providendum
3109 4172 3251 4219 esset
3275 4172 3386 4218 tua
3408 4160 3731 4229 celsitudini,
3752 4177 3835 4218 ne

2241 4274 2366 4331 erga
2419 4257 2605 4314 sedem
2649 4257 3007 4328 apostolicam
3051 4257 3107 4312 in
3158 4255 3332 4312 verbis
3372 4263 3427 4310 et
3471 4253 3839 4327 legationibus

2241 4352 2350 4407 tuis
2396 4352 2571 4423 aliqua
2623 4350 2951 4405 inveniretur
2996 4349 3356 4420 discrepantia
3415 4348 3724 4413 voluntatis,
3772 4357 3838 4405 et

2243 4446 2295 4500 in
2325 4444 2428 4512 his,
2469 4460 2566 4515 per
2611 4459 2734 4515 qua
2774 4443 3074 4498 Christiana
3103 4443 3237 4499 ﬁdes
3278 4451 3334 4498 et
3361 4450 3533 4498 status
3570 4441 3838 4498 Ecclesia

542 4528 798 4585 reddituri
824 4545 1035 4599 sumus,
1089 4548 1216 4588 cum
1244 4534 1579 4592 dubitatione
1628 4540 1983 4609 apostolicam
2028 4542 2126 4598 tibi
2157 4556 2211 4619 ι)
2242 4538 2308 4595 ad
2328 4545 2592 4594 atemam
2618 4536 2853 4592 salutem
2870 4537 3105 4592 maxime
3135 4536 3366 4608 proﬁcit,
3389 4551 3503 4591 non
3531 4534 3707 4601 nobis,
3733 4535 3840 4592 sed

542 4619 978 4679 benedictionem
1025 4626 1425 4697 mandavimus,
1458 4630 1715 4700 quoniam
1753 4632 1963 4704 judicio
1992 4635 2135 4693 sedis

544 4716 855 4785 apostolica
918 4732 982 4772 ac
1043 4719 1287 4790 synodali
1352 4737 1579 4778 censura
1649 4728 2139 4786 excommunicatis

543 4808 986 4865 communionem
1017 4818 1169 4866 tuam
1193 4812 1425 4870 scienter
1450 4815 1704 4873 exhibere
1732 4818 1945 4875 diceris.
1976 4822 2135 4890 Quod

543 4899 587 4956 si
613 4916 801 4955 verum
825 4910 927 4968 est,
954 4910 1015 4957 tu
1044 4902 1160 4974 ipse
1188 4907 1472 4976 cognoscis
1495 4909 1643 4978 quod
1664 4926 1765 4965 nec
1804 4911 2000 4969 divina
2036 4931 2137 4971 nec

547 4992 860 5061 apostolica
898 4994 1297 5052 benedictionis
1326 4999 1564 5069 gratiam
1611 5003 1888 5073 percipere
1941 5008 2135 5076 possis,

546 5083 647 5137 nisi
678 5084 759 5139 his
805 5085 898 5156 qui
938 5090 1395 5146 excommunicati
1437 5100 1567 5147 sunt
1608 5108 1639 5148 a
1688 5102 1742 5149 te
1786 5099 2051 5166 separatis
2079 5108 2135 5155 et

543 5176 837 5246 compulsis
858 5176 929 5231 ad
953 5179 1327 5249 paenitentiam
1346 5182 1413 5238 de
1435 5187 1857 5256 transgressione
1880 5196 1973 5245 tua
2001 5206 2133 5247 con-

545 5264 706 5335 digna
752 5270 1087 5339 poenitudine
1117 5280 1173 5327 et
1218 5273 1586 5332 satisfactione
1632 5279 1782 5349 prius
1829 5281 2131 5341 absolutio-

543 5375 675 5415 nem
703 5364 1061 5435 consequaris
1086 5374 1141 5421 et
1170 5366 1581 5439 indulgentiam.
1616 5372 1779 5429 Unde
1802 5376 2130 5436 excellentia

543 5460 651 5508 tua
670 5455 1003 5512 consulimus
1031 5466 1113 5525 ut,
1142 5460 1188 5516 si
1216 5460 1274 5516 in
1298 5460 1400 5518 hac
1427 5478 1487 5519 re
1516 5472 1569 5520 te
1591 5467 1915 5538 culpabilem
1936 5472 2127 5541 sentis,

539 5546 698 5602 celeri
750 5547 1098 5607 confessione
1144 5553 1214 5609 ad
1268 5556 1557 5614 consilium
1607 5561 1843 5633 religiosi
1901 5564 2129 5636 alicujus

541 5640 775 5712 episOOpi
818 5643 1018 5712 venias,
1049 5645 1143 5717 qui
1185 5662 1315 5704 cum
1357 5659 1549 5708 nostra
1577 5652 1786 5711 licentia
1827 5671 2129 5729 congruam

612 5797 752 5859 (384)
783 5794 933 5850 deest
959 5786 1015 5850 et
1039 5778 1452 5878 tapost.bened.

2243 4636 2361 4689 Deo
2409 4631 2769 4702 omnipotenti
2808 4630 3046 4687 debitam
3074 4644 3185 4684 non
3232 4628 3531 4701 denegares
3576 4642 3837 4684 reveren~

2244 4727 2399 4796 tiam,
2445 4740 2754 4797 quanquam
2787 4724 3049 4796 apostolis
3089 4737 3387 4795 eorumque
3427 4720 3841 4778 successoribus

2243 4818 2515 4875 Dominus
2541 4817 2721 4873 dicere
2742 4817 2997 4889 dignatus
3023 4816 3097 4871 sit
3123 4835 3135 4870 :
3164 4819 3269 4884 Qui
3295 4830 3383 4871 vos
3414 4815 3591 4877 audit,
3617 4830 3700 4869 me
3726 4830 3840 4867 au-

2242 4913 2344 4979 dit,
2378 4917 2428 4965 et
2455 4914 2554 4981 qui
2578 4927 2667 4965 vos
2702 4913 2907 4980 spernit
2938 4926 3020 4964 me
3060 4913 3263 4980 spernit
3299 4912 3457 4975 (Luc.
3490 4909 3575 4976 Χ).
3619 4907 3843 4964 Scimus

2242 5004 2390 5059 enim
2408 5004 2666 5075 quoniam
2687 5003 2780 5075 qui
2806 5001 3022 5057 ﬁdelem
3046 5006 3164 5058 Deo
3186 5000 3553 5058 obedientiam
3573 4999 3842 5055 exhibere

2242 5113 2353 5153 non
2394 5096 2597 5163 renuit,
2622 5095 2673 5150 in
2718 5095 2806 5151 his
2850 5108 2971 5166 qua
3010 5103 3330 5150 sanctorum
3357 5096 3581 5150 Patrum
3625 5100 3834 5148 statuta

2242 5198 2528 5261 sequentes
2556 5188 2880 5253 dixerimus,
2923 5188 3088 5243 veluti
3118 5188 3162 5243 si
3188 5188 3254 5243 ab
3280 5202 3375 5243 ore
3404 5185 3573 5258 ipsius
3603 5184 3838 5258 apostoli

2240 5282 2560 5354 accepisset,
2584 5288 2772 5336 nostra
2797 5281 3001 5336 monita
3032 5297 3247 5337 servare
3286 5295 3397 5336 non
3435 5278 3659 5351 spernit.
3690 5280 3839 5333 Nam

2238 5376 2281 5431 si
2306 5383 2528 5447 propter
2542 5373 2897 5429 reverentiam
2914 5374 3185 5431 cathedra
3201 5368 3378 5445 Moysi
3400 5371 3677 5427 Dominus
3695 5384 3840 5441 pra-

2238 5468 2379 5540 cepit
2406 5467 2668 5541 apostolis
2692 5476 2754 5523 ut
2773 5483 3113 5541 quacunque
3136 5467 3336 5524 Scriba
3361 5475 3416 5523 et
3438 5464 3699 5522 Pharisaei
3738 5478 3839 5519 su-

2234 5577 2334 5634 per
2348 5576 2470 5616 eam
2483 5560 2735 5617 sedentes
2743 5561 2988 5617 dicerent
2998 5563 3369 5628 observarent;
3384 5574 3495 5615 non
3510 5556 3740 5614 dubium
3753 5564 3841 5611 est

2233 5656 2366 5729 quin
2390 5650 2686 5727 apostolica
2713 5661 2768 5710 et
2786 5655 3095 5726 evangelica
3113 5654 3395 5721 doctrina,
3423 5650 3583 5723 cujus
3603 5648 3763 5705 sedes
3783 5655 3844 5703 et
