4074 6172
283 304 372 358 ut
874 320 885 323 '
1416 306 1612 363 LIBER
1632 308 1955 367 TERTIUS.
1987 335 2060 350 ·-
2094 308 2305 364 EPIST.
2342 307 2429 363 X1.

3462 315 3566 373 442

280 426 712 484 fundamentum
740 427 991 483 Christus
1028 437 1133 497 est,
1154 430 1243 485 cui
1269 431 1423 486 omni
1455 432 1808 489 veneratione
1834 449 1865 489 a
1894 438 1949 501 Α
1978 448 2107 490 nere
2147 448 2315 505 quam
2352 431 2421 487 sit
2459 433 2827 505 periculosum
2875 434 3115 505 cogites,
3160 444 3216 494 et
3259 437 3570 497 libertatem

278 519 534 575 fidelibus
576 536 675 591 per
701 536 797 576 eos
825 522 919 593 qui
948 521 1007 576 in
1036 523 1412 580 ministerium
1455 526 1865 595 praedicationis

277 614 436 670 electi
464 621 616 681 sunt,
650 614 1000 685 suscipienda
1025 624 1080 671 et
1108 616 1354 673 tenenda
1384 619 1472 674 sit.
1520 620 1864 691 Congregata

274 722 520 779 namque
550 706 657 763 hoc
702 708 759 762 in
789 724 937 763 anno
977 707 1126 779 apud
1152 709 1343 767 sedem
1372 712 1735 783 apostolicam
1772 728 1863 785 sy-

270 800 443 869 nodo,
475 801 563 856 cui
584 816 689 855 nos
716 816 953 871 superna
974 802 1315 873 dispensatio
1342 805 1639 875 praesidere
1668 806 1862 872 voluit,

272 894 362 949 cui
388 894 561 950 etiam
577 893 833 950 nonnulli
850 902 1077 951 tuorum
1101 895 1312 953 intuere
1328 897 1597 967 ﬁdelium,
1620 899 1866 956 videntes

268 987 531 1044 ordinem
552 986 883 1043 Christianae
911 988 1190 1059 religionis
1217 990 1409 1046 multis
1418 992 1542 1063 jam
1570 992 1864 1049 labefacta-

270 1088 395 1135 tum
426 1079 801 1151 temporibus,
828 1088 884 1136 et
908 1081 1239 1153 principales
1277 1100 1341 1139 ac
1369 1085 1619 1156 proprias
1648 1087 1865 1142 lucran-

266 1173 475 1229 darum
503 1174 825 1230 animarum
846 1190 1041 1231 causas
1062 1174 1159 1231 diu
1185 1178 1489 1247 prolapsas,
1512 1187 1568 1233 et
1596 1179 1864 1236 suadente

264 1266 499 1322 diabolo
537 1267 909 1335 conculcatas,
940 1269 1197 1324 concussi
1226 1270 1468 1340 periculo
1488 1279 1543 1326 et
1564 1271 1863 1329 manifesta

263 1359 583 1430 perditione
612 1360 895 1416 Dominici
918 1362 1119 1433 gregis,
1164 1361 1237 1419 ad
1271 1373 1599 1421 sanctorum
1632 1368 1862 1423 Patrum

262 1452 498 1508 decreta
522 1453 943 1525 doctrinamque
981 1455 1341 1523 recurrimus,
1373 1456 1511 1512 nihil
1541 1458 1692 1525 novi,
1720 1459 1860 1514 nihil

260 1546 667 1603 adinventione
687 1555 874 1602 nostra
902 1554 1230 1616 statuentes,
1256 1549 1352 1606 sed
1383 1552 1629 1621 primam
1646 1560 1701 1607 et
1728 1552 1860 1606 uni-

258 1656 401 1697 cam
415 1640 793 1697 ecclesiasticae
818 1640 1122 1712 disciplina:
1151 1644 1399 1716 regulam
1424 1685 1439 1711 ,
1457 1653 1513 1700 et
1526 1645 1717 1701 tritam
1738 1661 1862 1701 san-

258 1742 492 1789 ctorum
510 1735 656 1790 viam
674 1734 863 1789 relicto
886 1750 1073 1791 errore
1094 1736 1447 1807 repetendam
1462 1746 1515 1793 et
1538 1739 1859 1796 sectandam

259 1844 393 1884 esse
430 1828 761 1883 censuimus.
813 1829 1002 1900 Neque
1031 1830 1183 1886 enim
1232 1831 1404 1887 alium
1429 1840 1636 1888 nostra:
1669 1833 1861 1888 salutis

258 1930 331 1977 et
368 1930 591 1977 aeternae
620 1922 744 1977 vita:
776 1922 1072 1978 introitum
1098 1924 1303 1980 Christi
1334 1925 1527 1981 ovibus
1555 1942 1861 1998 eorumque

258 2016 589 2085 pastoribus
614 2017 808 2086 'patere
836 2018 1247 2091 cognoscimus,
1288 2018 1398 2073 nisi
1435 2034 1599 2090 quem
1638 2020 1708 2074 ab
1741 2020 1860 2091 ipso

254 2117 647 2166 monstratum
676 2113 771 2184 qui
799 2113 939 2169 dixit
963 2131 977 2168 :
1020 2117 1132 2181 Ego
1179 2128 1300 2167 sum
1325 2114 1558 2179 ostium;
1584 2129 1683 2183 per
1708 2130 1790 2168 me
1811 2116 1863 2169 si

253 2205 690 2271 quisintroierit,
702 2206 1316 2274 salvabitur,'etpascua
1341 2207 1574 2260 inveniet
1585 2208 1825 2274 (Joan.x)
1841 2226 1855 2260 :

252 2304 323 2351 et
380 2295 454 2351 ab
482 2298 743 2367 apostolis
788 2299 1179 2370 praedicatum,
1208 2303 1262 2354 et
1297 2313 1328 2353 a
1355 2298 1559 2354 sanctis
1604 2299 1861 2355 Patribus

250 2390 623 2447 observatum
669 2392 727 2448 in
782 2393 1097 2466 evangelica
1142 2400 1196 2447 et
1237 2392 1295 2447 in
1340 2392 1495 2448 omni
1543 2391 1858 2449 divinarum

249 2484 683 2554 Scripturarum
736 2487 939 2558 pagina
992 2484 1307 2542 didicimus.

338 2578 525 2649 Hujus
548 2587 732 2635 autem
756 2578 978 2648 decreti,
999 2578 1153 2651 quod
1178 2577 1403 2650 quidam
1430 2576 1646 2645 dicunt,
1677 2578 1859 2634 huma-

247 2686 375 2726 nos
438 2670 636 2729 divinis
679 2672 987 2729 honoribus
1044 2680 1463 2744 praeponentes,
1510 2672 1859 2745 importabile

250 2762 524 2836 pondus,
579 2773 632 2820 et
662 2765 996 2822 immensam
1051 2764 1490 2837 gravitudinem;
1543 2780 1644 2820 nos
1674 2773 1859 2822 autem

249 2858 455 2929 magis
492 2860 714 2930 proprio
761 2859 1050 2926 vocabulo,
1107 2856 1497 2929 recuperanda:
1541 2858 1729 2915 salutis
1759 2873 1862 2914 ne-

246 2951 570 3007 cessariam
596 2952 890 3009 veritatem
936 2968 1203 3009 vocamus
1229 2961 1283 3008 et
1303 2951 1503 3016 lucem,
1532 2967 1650 3007 non
1678 2952 1861 3009 solum

246 3061 282 3100 a
340 3052 423 3109 te,
452 3044 535 3100 vel
557 3044 626 3100 ab
644 3045 732 3101 his
760 3046 855 3117 qui
886 3046 945 3100 in
973 3061 1143 3118 regno
1169 3054 1266 3102 tuo
1297 3053 1445 3112 sunt,
1463 3044 1558 3101 sed
1591 3045 1661 3101 ab
1680 3045 1863 3102 omni-

247 3139 379 3195 bus
422 3145 694 3195 terrarum
724 3139 1064 3211 principibus
1100 3147 1154 3195 et
1198 3139 1413 3210 populis
1450 3138 1545 3211 qui
1581 3138 1860 3195 Christum

248 3230 611 3290 conﬁtentur
636 3240 693 3288 et
717 3232 934 3301 colunt,
957 3232 1153 3290 devote
1173 3231 1580 3303 suscipiendam
1599 3240 1655 3288 et
1678 3231 1863 3288 obser-

251 3324 521 3383 vandam
570 3324 972 3398 adjudicamus.
998 3328 1315 3398 Quanquan
1338 3324 1444 3381 hoc
1466 3325 1708 3382 multum
1728 3325 1867 3383 desi-

250 3422 535 3478 deremus
558 3427 615 3473 et
658 3427 711 3473 te
736 3419 1078 3489 permaxime
1106 3418 1340 3481 deceret,
1367 3427 1431 3473 ut
1468 3419 1611 3499 sicut
1647 3419 1863 3475 caeteris

250 3512 468 3587 gloria,
517 3510 725 3568 honore
765 3511 1074 3583 virtuteque
1102 3512 1399 3583 potentior,
1430 3496 1504 3567 ita
1540 3527 1686 3568 esses
1720 3519 1775 3567 et
1802 3514 1863 3568 in

250 3604 482 3662 Christi
511 3603 802 3660 devotione
830 3605 1140 3661 sublimior.
1170 3609 1437 3660 Attamen
1466 3620 1537 3659 ne
1561 3605 1679 3661 haec
1701 3620 1861 3676 supra

255 3697 505 3754 modum
534 3698 635 3752 tibi
662 3698 850 3769 gravia
891 3706 986 3752 aut
1015 3697 1207 3769 iniqua
1228 3698 1564 3767 viderentur,
1596 3714 1692 3770 per
1738 3707 1863 3755 tuos

259 3788 463 3846 ﬁdeles
512 3790 606 3845 tibi
658 3789 1051 3846 mandavimus
1086 3806 1156 3847 ne
1216 3806 1399 3862 pravae
1448 3791 1865 3848 consuetudinis

255 3884 512 3939 mutatio
540 3890 592 3938 te
631 3891 1026 3953 commoveret,
1084 3884 1338 3941 mitteres
1370 3882 1440 3938 ad
1463 3900 1563 3940 nos
1604 3900 1743 3956 quos
1780 3899 1865 3939 sa-

255 3977 490 4049 pientes
517 3984 571 4031 et
608 3976 901 4049 religiosos
940 3977 997 4031 in
1034 3992 1203 4049 regno
1242 3986 1339 4033 tuo
1369 3977 1610 4032 invenire
1640 3992 1863 4047 posses:

256 4068 367 4141 qui
392 4068 435 4124 si
468 4068 644 4142 aliqua
682 4070 899 4126 ratione
924 4069 1306 4126 demonstrare
1334 4070 1416 4125 vel
1465 4078 1711 4126 astruere
1739 4085 1864 4141 pos-

259 4169 420 4228 sent,
451 4162 509 4217 in
530 4179 637 4235 quo
664 4164 815 4219 salvo
846 4164 1035 4220 aeterni
1073 4163 1240 4235 Regis
1267 4163 1501 4231 honore,
1530 4170 1587 4220 et
1616 4163 1736 4219 sine
1766 4180 1865 4235 pe-

259 4255 450 4312 riculo
460 4256 771 4312 animarum
785 4265 1103 4313 nostrarum
1120 4256 1529 4329 promulgatam
1546 4265 1863 4313 sanctorum

266 4350 506 4401 Patrum
558 4361 846 4417 possemus
889 4355 1198 4417 temperare
1251 4346 1623 4415 sententiam,
1670 4362 1865 4403 eorum

265 4438 523 4494 consiliis
572 4440 1161 4504 condescenderemus.
1207 4439 1374 4508 Quod
1419 4440 1647 4511 quidem
1685 4440 1787 4498 etsi
1832 4460 1863 4498 a

1977 527 2257 593 Ecclesiae,
2293 542 2464 598 quam
2489 542 2751 597 sponsam
2776 527 2875 583 sibi
2904 528 3111 585 caelesti
3141 532 3423 587 consortio
3441 532 3569 604 jun-

1973 614 2101 692 gere'
2115 620 2368 691 dignatus
2389 628 2493 687 est,
2513 636 2626 676 non
2636 621 2753 692 jam
2776 629 2870 676 tua
2894 624 3255 693 occupatione
3275 624 3565 696 impedias,

1972 712 2073 768 sed
2099 728 2208 783 quo
2242 712 2482 768 maxime
2508 721 2724 768 crescat
2764 715 2882 769 Deo
2912 716 3278 786 omnipotenti
3309 725 3367 772 et
3399 718 3562 774 beato

1974 808 2157 872 Petro,
2188 822 2220 860 a
2251 806 2451 877 quibus
2474 813 2529 861 et
2569 814 2665 860 tua
2696 815 2973 862 mereatur
3018 809 3335 879 ampliﬁcari
3364 810 3563 881 gloria,

1973 899 2241 955 auxilium
2278 908 2387 954 tuae
2414 898 2631 953 virtutis
2679 898 2821 954 ﬁdeli
2861 898 3155 957 devotione
3195 902 3445 959 exhibere
3479 903 3565 958 in-

1973 993 2161 1062 cipias.
2192 992 2357 1064 Quod
2386 991 2675 1060 nimirum,
2714 1007 2814 1061 pro
2853 992 3051 1049 collata
3092 993 3191 1049 tibi
3225 1011 3292 1051 ex
3315 995 3565 1052 hostibus

1970 1085 2079 1141 tuis
2115 1085 2365 1153 victoria,
2400 1100 2549 1141 nunc
2586 1092 2642 1140 te
2674 1085 3006 1156 permaxime
3038 1086 3140 1142 illis
3166 1087 3412 1143 debitum
3446 1088 3562 1144 fore

1971 1194 2306 1249 cognoscere
2321 1177 2508 1246 debes,
2527 1186 2589 1233 ut
2606 1177 2742 1233 dum
2762 1186 2817 1233 te
2833 1177 3185 1234 memorabili
3210 1181 3566 1251 prosperitate

1970 1271 2269 1337 laetiﬁcant,
2294 1287 2360 1328 ex
2381 1271 2652 1328 concessis
2668 1270 2941 1327 beneﬁciis
2958 1271 3307 1328 devotionem
3323 1272 3565 1329 videant.

1971 1369 2151 1437 Atque
2164 1364 2267 1421 hoc
2290 1373 2354 1420 ut
2370 1364 2537 1420 timor
2576 1364 2704 1431 Dei,
2734 1364 2788 1418 in
2826 1365 2981 1436 cujus
3010 1380 3180 1421 manu
3209 1373 3265 1421 et
3294 1372 3567 1437 potestate

1971 1473 2135 1514 omne
2168 1474 2402 1530 regnum
2429 1466 2511 1514 est
2539 1465 2595 1514 et
2632 1458 2962 1529 imperium,
2992 1457 3314 1529 praecordiis
3344 1458 3452 1513 tuis
3497 1458 3571 1514 al-

1968 1552 2081 1607 tius
2102 1566 2269 1622 quam
2296 1560 2482 1607 nostra
2503 1550 2807 1607 admonitio
2834 1550 3043 1621 inﬁgat,
3074 1553 3131 1606 in
3151 1560 3340 1607 mente
3364 1551 3566 1608 habeas

1970 1644 2101 1716 quid
2143 1644 2287 1701 Sauli
2329 1652 2453 1716 post
2483 1643 2745 1714 adeptam
2785 1644 3091 1710 victoriam,
3146 1660 3253 1715 qua
3300 1644 3567 1715 propheta

1964 1738 2189 1808 jubente
2248 1753 2382 1794 usus
2422 1745 2524 1803 est,
2576 1736 2647 1792 de
2694 1752 2794 1792 suo
2836 1735 3115 1807 triumpho
3164 1737 3456 1809 glorianti,
3508 1747 3566 1793 et

1896 1810 1943 1871 Β
1966 1830 2219 1921 ejusdem
2260 1830 2537 1903 prephetaz
2560 1830 2770 1886 monita
2796 1845 2909 1886 non
2937 1830 3258 1902 exsequenti
3283 1830 3567 1898 acciderit,

1970 1932 2024 1980 et
2075 1924 2357 1996 qualitera
2410 1924 2652 1979 Domino
2696 1922 3023 1992 reprobatus
3060 1923 3169 1990 sit;
3202 1932 3409 1995 quanta
3437 1939 3568 1979 vero

1969 2017 2143 2089 gratia
2173 2017 2348 2073 David
2372 2029 2559 2088 regem
2601 2032 2666 2072 ex
2696 2016 2891 2072 merito
2935 2016 3260 2072 humilitatis
3288 2016 3433 2073 inter
3463 2017 3567 2071 vir-

1966 2119 2149 2166 tutum
2192 2110 2427 2183 insignia
2473 2110 2758 2166 subsecuta
2810 2108 2931 2164 fuit.
2982 2110 3233 2181 Denique
3274 2125 3442 2182 super
3483 2109 3569 2165 his

1968 2218 2092 2276 quae
2118 2204 2178 2259 in
2222 2204 2468 2277 epistolis
2498 2202 2607 2258 tuis
2634 2203 2747 2258 visa
2773 2218 2837 2257 ac
2865 2203 3087 2275 cognita
3117 2202 3427 2268 reticemus,
3456 2218 3573 2258 non

1969 2307 2130 2354 antea
2156 2298 2250 2354 tibi
2291 2306 2438 2353 certa
2467 2312 2732 2367 responsa
2761 2295 3037 2363 dabimus,
3068 2295 3243 2353 donec
3286 2296 3448 2368 legati
3487 2295 3569 2351 tui

1968 2391 2220 2447 Rabbodi
2266 2388 2575 2461 Adelprech
2615 2389 2995 2461 [Adelprecusl
3038 2398 3095 2445 et
3143 2382 3405 2445 Vodéscal
3453 2390 3569 2444 Re-

1969 2501 2109 2558 quos
2136 2484 2553 2553 [Vodescalcus,
2598 2488 2758 2556 quos]
2787 2484 2872 2539 his
2927 2483 3311 2555 adjunximus,
3341 2482 3412 2538 ad
3465 2498 3568 2538 nos

1968 2578 2205 2644 reversi,
2236 2593 2401 2647 super
2448 2577 2534 2632 his
2556 2592 2681 2648 quae
2718 2577 2827 2632 illis
2861 2584 3047 2632 tecum
3092 2576 3304 2649 agenda
3334 2575 3570 2631 commi-

1967 2673 2143 2728 simus
2170 2678 2322 2726 tuam
2343 2670 2507 2725 nobis
2529 2670 2744 2740 plenius
2771 2669 3021 2741 aperiant
3059 2670 3420 2725 voluntatem.

2039 2769 2182 2821 Data
2196 2767 2418 2831 Romae,
2438 2770 2592 2818 sexto
2606 2762 2738 2818 Idus
2753 2763 3022 2829 Januarii,
3041 2761 3342 2819 indictione
3357 2761 3570 2821 decima

1969 2867 2182 2933 quarta.

2511 2946 2624 3000 EPl
2632 2945 2867 3001 STOLA
2929 2946 3036 3000 XI.

2080 3056 2164 3097 AD
2199 3052 2538 3097 ABNALDUH
2567 3052 2909 3095 BPISCOPUM
2934 3051 3454 3095 ACBBBUNTINUH.

2544 3128 2729 3199 (Anno
2782 3128 2966 3195 1075.)

1897 3197 1945 3261 θ
1968 3227 2285 3281 Potestatem
2315 3225 2450 3291 facit
2494 3239 2529 3277 a
2550 3197 2783 3292 peccatis
2829 3221 3140 3276 absolvendi
3172 3224 3460 3290 Rogerium
3482 3238 3570 3279 co-

2038 3298 2221 3351 mitem
2266 3311 2374 3349 una
2400 3311 2517 3348 cum
2542 3295 2654 3363 ejus
2679 3294 2942 3347 militibus
2994 3297 3178 3347 contra
3197 3308 3443 3362 paganos
3462 3311 3572 3364 pu-

2041 3368 2311 3434 gnaturis,
2334 3367 2384 3419 si
2412 3370 2585 3418 tamen
2606 3366 2977 3434 paenitentiam
3020 3366 3245 3432 egerint.
3275 3366 3452 3419 Monet
3509 3370 3573 3419 ut

2042 3438 2114 3490 ad
2138 3439 2442 3504 religionem
2474 3439 2861 3504 interpaganos
2876 3434 3331 3503 propugnandam
3362 3436 3568 3490 eosdem

2044 3511 2245 3562 incitet.
2271 3510 2527 3561 Paratum
2551 3521 2605 3559 se
2623 3506 2855 3560 ostendit
2868 3504 3157 3560 Bobertum
3178 3506 3254 3558 ab
3268 3520 3569 3560 ewcommu-

2040 3580 2303 3633 nicatione
2330 3578 2617 3644 absoluere,
2644 3579 2692 3630 si
2716 3577 2967 3630 devotum
2994 3591 3122 3645 erga
3151 3579 3447 3631 Romanam
3464 3579 3570 3631 Ec-

2040 3652 2251 3705 clesium
2280 3664 2333 3704 se
2360 3649 2664 3702 ostenderit.
2690 3646 2939 3715 Injungit
2960 3652 3022 3700 ut
3041 3646 3307 3702 Balduino
3336 3649 3572 3717 Melphi-

2043 3727 2171 3775 tano
2191 3723 2431 3789 episcopo
2454 3724 2577 3789 post
2590 3722 2868 3788 peractam
2886 3720 3260 3787 penitentiam
3279 3720 3572 3789 episwpale

2040 3807 2234 3847 munus
2268 3791 2480 3847 reddat.
2876 3826 2901 3849 χ

2043 3885 2403 3941 GBBGOBIUS
2427 3883 2734 3956 episcopus,
2757 3897 2947 3938 servus
2976 3896 3265 3937 servorum
3295 3881 3419 3950 Dei,
3451 3884 3571 3939 An-

1972 3994 2175 4034 NALDO
2200 3976 2355 4033 fratri
2385 3986 2442 4034 et
2480 3976 2808 4048 coepiscopo
2839 3979 3312 4043 Acusnun'ruvo,
3338 3976 3573 4033 salutem

1970 4080 2026 4129 et
2068 4071 2427 4143 apostolicam
2467 4069 2929 4126 benedictionem.

2042 4165 2272 4222 Noverit
2321 4163 2634 4220 fraternitas
2669 4172 2768 4219 tua
2819 4165 3084 4235 quoniam
3127 4165 3399 4236 Rogerius
3427 4169 3571 4231 (385)

1972 4272 2181 4323 comes,
2236 4255 2405 4311 frater
2448 4255 2669 4311 Roberti
2720 4255 2896 4323 ducis,
2926 4257 3243 4327 apostolica
3288 4255 3433 4313 sedis
3474 4255 3570 4312 be-

1972 4350 2339 4406 nedictionem
2385 4356 2441 4403 et
2486 4348 2897 4404 absolutionem
2941 4348 3188 4419 requirit,
3239 4348 3468 4419 ejusque
3514 4347 3571 4402 ti-

1969 4442 2075 4499 lius
2105 4439 2293 4498 vocari
2336 4449 2391 4498 et
2440 4457 2559 4498 esse
2589 4440 2885 4497 desiderat.
2926 4442 3274 4511 Quapropter
3304 4442 3568 4511 pastorali

266 4531 435 4587 nobis
451 4540 563 4587 tam
586 4533 951 4590 amicabiliter
972 4533 1221 4589 monitus
1246 4548 1361 4589 non
1390 4531 1612 4599 fuisses,
1638 4550 1860 4607 aequum
1892 4545 1941 4606 Ι)
1970 4551 2100 4591 cura
2144 4535 2248 4591 hoc
2289 4535 2491 4591 laboris
2557 4549 2695 4590 onus
2756 4533 2853 4589 tibi
2906 4534 3265 4603 imponimus,
3328 4533 3440 4587 imo
3501 4548 3571 4589 ex

264 4635 455 4681 tamen
485 4624 683 4693 fuerat,
703 4634 765 4681 ut
783 4627 935 4698 prius
962 4627 1015 4682 in
1039 4641 1149 4698 quo
1178 4635 1619 4697 tegravaremus,
1639 4638 1739 4684 aut
1756 4628 1863 4707 tuis

268 4718 577 4775 honoribus
588 4718 959 4787 obstaremus,
971 4719 1374 4775 rationabiliter
1393 4735 1422 4776 a
1444 4720 1602 4776 nobis
1617 4721 1863 4792 exigeres

264 4817 437 4884 quam
453 4812 751 4883 apostolica
773 4812 991 4868 decreta
1021 4812 1276 4869 violares.
1307 4814 1512 4868 Verum
1546 4814 1739 4884 quanti
1766 4822 1863 4869 aut

266 4913 458 4961 nostra
484 4905 697 4960 monita
740 4914 840 4961 aut
866 4905 1276 4961 observantiam
1299 4905 1534 4978 justitias
1557 4904 1772 4974 feceris,
1804 4907 1863 4963 in

269 4997 356 5053 his
381 5014 506 5069 quae
535 4999 893 5069 postmodum
922 5008 1033 5055 ate
1061 5006 1207 5072 gesta
1239 5008 1294 5054 et
1321 4998 1588 5070 disposita
1625 5008 1754 5055 sunt
1779 4999 1865 5055 de-

272 5090 523 5146 claratur.
571 5090 683 5147 Sed
724 5093 845 5163 quia
890 5093 1025 5147 dum
1072 5092 1251 5149 adhuc
1280 5093 1438 5164 longa
1468 5092 1568 5147 Dei
1608 5092 1865 5163 patientia

276 5183 342 5239 ad
402 5184 848 5241 emendationem
900 5194 957 5241 te
1020 5186 1251 5255 invitat,
1316 5193 1591 5241 crescente
1660 5184 1862 5242 intelli-

274 5278 452 5347 gentia
480 5287 575 5334 tua
614 5277 685 5333 ad
722 5277 1098 5335 obedientiam
1129 5279 1519 5336 mandatorum
1560 5280 1664 5335 Dei
1684 5293 1785 5336 cor
1814 5289 1867 5336 et

273 5371 512 5426 animum
562 5381 724 5427 tuum
770 5371 917 5426 flecti
970 5387 1129 5442 posse
1187 5388 1487 5445 speramus.
1530 5374 1763 5429 Paterna
1815 5381 1869 5429 te

276 5462 540 5521 charitate
590 5480 912 5531 monemus,
954 5474 1017 5519 ut
1053 5464 1254 5522 Christi
1300 5481 1464 5539 super
1497 5475 1550 5522 te
1573 5465 1867 5537 imperium

278 5570 698 5629 recognoscens,
743 5557 1014 5617 honorem
1063 5565 1220 5614 tuum
1277 5544 1394 5630 ejus
1416 5559 1609 5617 honori
1654 5575 1868 5631 praepo-

1974 4638 2124 4701 parte
2162 4628 2304 4685 beati
2354 4628 2499 4684 Petri
2550 4628 2908 4699 imperamus,
2960 4627 3049 4697 ut;
3080 4626 3384 4697 postposita
3416 4627 3571 4683 omni

1972 4723 2211 4794 torporis
2238 4721 2443 4777 desidia
2468 4721 2626 4775 illum
2667 4720 2851 4786 adeas,
2906 4734 3143 4790 eumque
3185 4719 3348 4791 hujus
3394 4720 3571 4776 nostri

1972 4815 2224 4887 pmcepti
2251 4815 2576 4870 auctoritate
2622 4810 2813 4879 fultus,
2857 4813 2905 4868 si
2952 4811 3110 4867 nobis
3165 4828 3373 4883 parere,
3431 4812 3574 4869 sicut

1973 4908 2245 4979 pollicitus
2275 4915 2376 4973 est,
2421 4906 2675 4974 voluerit,
2724 4915 2778 4962 et
2812 4906 3189 4977 paenitentiam
3231 4910 3313 4973 (ut
3356 4914 3573 4978 Oportet

1971 5000 2353 5067 Christianum)
2400 5000 2591 5069 egerit,
2625 4999 2695 5055 ab
2745 5000 2900 5055 omni
2938 5007 3292 5069 peccatorum
3345 5014 3573 5055 suorum

1974 5094 2215 5159 vinculo,
2245 5102 2357 5148 tam
2410 5092 2571 5148 illum
2621 5108 2790 5164 quam
2851 5091 3014 5148 etiam
3060 5107 3190 5148 suos
3236 5091 3441 5148 milites
3482 5091 3572 5163 qui

1974 5203 2099 5243 cum
2129 5203 2194 5243 eo
2231 5196 2423 5242 contra
2468 5200 2709 5257 paganos
2736 5185 2826 5251 (ita
2855 5194 3039 5241 tamen
3068 5193 3136 5255 ut
3179 5192 3344 5257 agant
3391 5183 3571 5256 paeni-

1974 5280 2223 5344 tentiam)
2256 5278 2545 5351 pugnaturi
2576 5286 2728 5347 sunt,
2780 5278 3014 5350 peccatis
3037 5279 3275 5333 maxime
3300 5276 3569 5333 absolvas.

1975 5373 2249 5429 Addimus
2277 5381 2545 5444 praeterea
2572 5382 2636 5428 ut
2682 5387 2807 5428 eum
2837 5373 2925 5443 pia
2954 5371 3329 5427 admonitione
3371 5369 3571 5426 admo-

1976 5482 2109 5522 neas
2147 5474 2417 5538 quatenus
2467 5481 2528 5521 se
2557 5465 2873 5537 capitalibus
2917 5464 3231 5521 criminibus
3274 5463 3568 5533 custodiat,

1973 5560 2033 5616 et
2059 5559 2354 5617 Christiani
2387 5559 2624 5616 nominis
2651 5560 2922 5615 culturam
2970 5558 3113 5613 inter
3152 5572 3394 5629 paganos
3447 5572 3573 5613 am-

349 5771 509 5848 (sesi
544 5771 633 5848 De
666 5769 925 5848 itogerio
968 5767 1061 5839 qui
1106 5767 1209 5824 fuit
1258 5736 1455 5825 Sicilia
1506 5786 1690 5827 comes
1746 5774 1861 5828 Leo
1911 5771 2178 5829 Ostiensis
2227 5770 2263 5826 Ι.
2315 5786 2430 5837 lll,‘
2474 5785 2524 5824 c.
2579 5776 2672 5837 15,
2728 5771 2861 5824 Otto
2904 5766 3259 5837 Frisiugensis
3303 5766 3442 5821 libro
3492 5771 3578 5822 De

283 5838 438 5905 gestis
468 5838 729 5895 Friderici
742 5880 755 5892 .
