4074 6172
512 343 618 407 H3

1199 347 1255 402 S.
1296 345 1616 402 GREGORII
1653 345 1745 400 νη
1777 343 1977 400 ΡΑΡΕ
1998 343 2290 402 OPERUM
2325 344 2499 401 PARS
2527 347 2578 401 Ι.
2621 375 2687 386 -—-
2730 346 3130 404 REGISTRUM.

3697 349 3802 406 444

509 475 754 550 plificare
803 473 1040 538 studeat,
1085 463 1148 527 ut
1201 468 1272 525 de
1301 467 1516 525 eisdem
1544 459 1791 526 hostibus
1816 469 2100 525 victoriam
2128 475 2183 535 Α
2209 468 2524 539 condoluit,
2574 471 2650 526 ita
2718 471 2786 528 de
2837 467 3206 527 satisfactione
3263 470 3492 528 laetetur.
3535 471 3804 528 Volumus

511 569 772 641 consequi
817 574 1110 622 mereatur.
1174 563 1427 634 Amplius
1480 563 1526 618 si
1572 563 1642 619 de
1670 563 1915 618 Roberto
1963 562 2101 618 duce

512 661 680 718 fratre
706 675 806 716 suo
849 657 1054 730 aliquid
1084 656 1182 713 tibi
1211 657 1479 724 retulerit,
1511 655 1841 728 respondeas
1869 655 1918 712 ei
1964 670 2104 726 quo-

437 801 440 815 .
510 756 664 810 niam
702 755 970 808 Romanae
1001 751 1256 807 Ecclesia
1276 750 1446 822 janua
1475 749 1865 805 misericordia
1918 749 2102 804 omni-

509 847 612 902 bus
676 853 845 916 patet,
924 844 1238 917 quicunque
1302 843 1639 915 pauitantia
1703 857 1890 898 amore
1950 841 2099 898 ducti

508 937 827 995 offensionis
867 936 1122 996 scandala
1177 937 1455 1003 deserunt,
1507 944 1564 991 et
1617 933 1688 991 ad
1757 933 2102 992 rectitudinis

508 1032 649 1087 viam
675 1029 952 1087 inoffenso
983 1031 1115 1102 pede
1140 1030 1348 1101 regredi
1379 1030 1797 1100 concupiscunt.
1837 1029 1891 1082 Si
1939 1027 2102 1098 igitur

505 1123 617 1180 diis
645 1125 925 1182 Robertus
945 1132 1154 1182 sancta
1173 1127 1442 1179 Romana
1470 1122 1745 1187 Ecclesia,
1773 1121 1916 1177 sicut
1935 1120 2096 1188 filius,

505 1233 694 1290 parere
721 1226 976 1288 exoptat,
1008 1226 1226 1288 paratus
1278 1232 1403 1272 sum
1464 1225 1690 1286 paterno
1737 1229 1928 1270 amore
1971 1229 2096 1268 eum

504 1311 808 1383 suscipere,
851 1319 908 1367 et
935 1326 1034 1366 suo
1081 1309 1308 1366 consilio
1353 1309 1399 1364 ei
1423 1309 1702 1382 justitiam
1753 1321 2100 1372 conservare,

507 1413 562 1460 et
589 1405 657 1458 ab
689 1403 1270 1460 excommunicationis
1296 1402 1514 1458 vinculo
1541 1401 1756 1474 penitus
1787 1400 2095 1466 absolvere,

505 1505 561 1553 et
587 1496 729 1552 inter
754 1497 970 1553 divinas
999 1512 1124 1552 oves
1151 1513 1276 1554 eum
1310 1495 1694 1551 adnumerare.
1718 1493 1882 1564 Quod
1925 1493 1967 1548 si
2011 1507 2096 1548 re-

504 1591 690 1645 nuerit
724 1589 874 1645 idem
929 1589 1207 1645 Robertus
1235 1589 1368 1655 dux,
1416 1596 1477 1643 ut
1504 1604 1630 1643 cum
1677 1603 1740 1642 eo
1767 1587 1908 1642 ultra
1955 1601 2099 1641 com-

503 1683 744 1738 municet
793 1698 858 1762 es
912 1690 1060 1752 parte
1116 1673 1432 1752 apoStoliea
1476 1680 1621 1736 sedis
1674 1681 1947 1736 licentiam
1981 1695 2094 1734 non

502 1776 702 1847 poterit
727 1764 1042 1847 impetrare.
1074 1777 1196 1830 Hoc
1234 1776 1398 1830 etiam
1424 1784 1531 1831 tua
1556 1773 1882 1829 fraternitati
1908 1773 2091 1844 injun-

500 1835 678 1940 gimus
700 1876 761 1924 ut
785 1835 1048 1924 confratri
1073 1877 1266 1923 nostro
1295 1867 1570 1923 Balduiuo
1601 1867 1942 1939 Melphitano
1964 1835 2094 1936 epi-
2120 1835 2172 1898 Β

498 1976 684 2034 scopo,
716 1962 805 2033 qui
832 1961 1225 2018 correctionem
1252 1961 1566 2017 universalis
1593 1961 1791 2017 matris
1816 1959 2092 2016 humiliter

501 2062 555 2110 et
593 2055 800 2111 audivit
831 2063 889 2110 et
933 2053 1266 2120 observavit,
1319 2055 1461 2110 sicut
1499 2071 1529 2109 a
1573 2054 1837 2109 fratribus
1887 2052 2091 2108 nostris

498 2149 837 2220 accepimus,
879 2146 1480 2220 ofﬁcium-episc0pale
1526 2147 1688 2220 hujus
1728 2147 1902 2202 nostri
1950 2161 2090 2218 pra-

498 2243 636 2313 eepti
673 2241 838 2298 fultus
868 2240 1228 2306 auctoritate,
1258 2257 1322 2296 ex
1363 2249 1516 2312 parte
1546 2240 1687 2296 beati
1735 2240 1908 2308 Petri,
1962 2243 2090 2311 post

495 2334 875 2406 paenitentiam
902 2333 1086 2390 datam
1125 2335 1192 2390 de
1221 2334 1496 2405 aliquibus
1522 2333 1855 2400 excessibus,
1888 2332 2090 2389 reddas

499 2435 555 2483 et
589 2429 726 2484 sicut
761 2415 861 2500 ego
905 2443 1003 2499 pro
1028 2428 1127 2482 illo
1175 2441 1362 2498 preces
1416 2425 1704 2482 confratris
1749 2425 1925 2482 nostri
1975 2428 2090 2482 Ste-

498 2521 660 2592 phani
687 2522 907 2592 Trojani
936 2520 1114 2576 audivi
1144 2521 1403 2591 episcOpi,
1443 2520 1522 2575 ita
1567 2519 1683 2590 ipse
1707 2519 1861 2576 illum
1888 2518 1957 2574 de
1994 2534 2090 2574 sua

498 2616 671 2668 salute
717 2613 890 2669 nostri
947 2629 1010 2669 ex
1071 2621 1227 2686 parte
1276 2614 1522 2668 monitus
1568 2611 1754 2668 audire
1814 2621 2087 2684 procuret,

497 2721 765 2778 suamque
795 2706 965 2762 vitam
996 2721 1209 2780 semper
1256 2706 1312 2763 in
1353 2707 1574 2778 melius,
1624 2707 1744 2761 Deo
1778 2705 2090 2777 adjuvante,

500 2799 784 2871 perducat.

569 2895 710 2950 Data
741 2896 954 2960 Roma,
987 2893 1228 2951 secundo
1280 2893 1412 2950 Idus
1441 2893 1637 2960 Martii,
1673 2891 1970 2949 indictione
1999 2891 2089 2948 de-

497 2985 640 3044 cima
682 2995 895 3060 quarta.

998 3083 1344 3138 EPISTOLA
1394 3084 1530 3138 ΧΠ.

499 3191 566 3230 ΑΒ
602 3191 839 3243 UDONEM,
875 3191 1254 3232 THBODORICUM
1283 3193 1346 3229 ET
1398 3189 1750 3228 BERIMANNUM
1793 3189 2081 3227 EPISCOPOS.

1066 3273 1248 3335 (Anno
1314 3254 1496 3334 ποτε.)

496 3365 677 3417 Monet
705 3367 769 3417 ut
807 3379 840 3415 α
865 3363 1216 3418 schismaticis
1242 3367 1485 3429 caveant,
1511 3367 1562 3416 et
1590 3361 1732 3431 quod
1758 3376 1938 3415 eorum
1962 3374 2089 3413 sua-

566 3436 712 3488 sione
752 3435 1098 3504 deliquerunt
1119 3436 1419 3504 corrigunt;
1450 3439 1615 3502 utque
1639 3435 1936 3502 episcopum
1961 3431 2092 3485 Tul-

570 3505 785 3569 Iensem,
816 3509 916 3576 qui
932 3511 1119 3561 contra
1141 3507 1316 3561 sedem
1345 3507 1689 3576 apostolicam
1716 3507 2092 3558 insurrexerat

569 3583 816 3647 moneant
847 3583 909 3632 ut
936 3579 1175 3647 pontiﬁci
1203 3577 1444 3639 obediat;
1489 3576 1632 3645 quod
1669 3577 1720 3628 si
1753 3589 1942 3644 parere
1990 3588 2088 3626 no-

569 3645 756 3713 luerit,
799 3645 1311 3703 emcommunicatum
1358 3649 1516 3703 illum
1540 3648 1875 3700 denuntient.

569 3737 929 3796 Gnsconms
952 3741 1259 3811 episcopus,
1287 3755 1476 3795 servus
1503 3753 1790 3794 servorum
1831 3736 1956 3802 Dei,
1981 3735 2090 3792 fra-

495 3829 673 3884 tribus
710 3839 765 3886 et
807 3832 1146 3904 coepiscopis
1182 3835 1384 3889 Unom
1427 3831 1761 3898 Trevirensi,
1808 3833 2091 3887 Tusono-

495 3937 635 3979 nico
669 3923 1016 3991 Virdunensi,
1050 3934 1107 3981 et
1135 3928 1521 3981 HEIIMANNO
1562 3923 1816 3990 Metensi,
1860 3924 2088 3978 salutem

493 4017 917 4088 etapostolicam
945 4017 1409 4074 benedictionem.

569 4110 802 4166 Litteras
852 4111 1162 4182 apostolica
1209 4111 1354 4166 sedis
1397 4111 1520 4167 ideo
1572 4110 1729 4166 vobis
1777 4108 2088 4179 dirigendae

495 4217 615 4258 esse
649 4205 1000 4271 censuimus,
1037 4205 1160 4274 quia
1197 4205 1577 4271 schismaticis,
1619 4205 1715 4276 qui
1750 4213 1941 4260 contra
1975 4205 2086 4258 Doo

496 4296 715 4352 minum
763 4305 818 4352 et
851 4297 1230 4354 auctoritatem
1270 4307 1480 4354 sancta
1510 4300 1780 4354 Romana
1823 4297 2084 4352 Ecclesia

496 4404 555 4445 se
590 4399 899 4458 erexerunt,
936 4407 1052 4447 non
1082 4401 1275 4462 sponte
1299 4407 1395 4447 vos
1435 4392 1784 4448 consensisse
1822 4389 2090 4446 intellexi-

495 4497 639 4539 mus.
671 4484 790 4553 Qua
839 4485 897 4539 iu
944 4501 1001 4540 re
1030 4485 1266 4556 qualiter
1313 4485 1635 4556 resipiscere
1676 4501 1771 4540 vos
1815 4489 2084 4555 oporteat,

2118 3217 2166 3281 C

2211 563 2376 618 etiam
2404 572 2466 618 ut
2489 563 2605 620 vice
2629 572 2815 620 nostra
2841 564 3136 635 Pippouem
3153 564 3466 620 Tullensem
3486 564 3801 637 episcopum

2209 653 2586 725 admoneatis,
2611 668 2884 729 quatenus
2914 673 2975 712 ea
3002 671 3124 728 qua
3151 657 3252 712 sibi
3290 657 3631 729 injunximus
3655 659 3804 714 dein-

2207 763 2336 820 ceps
2362 747 2537 806 facere
2577 765 2692 805 non
2716 750 2952 805 omittat.
2987 753 3262 805 Decuerat
3289 751 3440 806 enim
3487 758 3549 806 ut
3583 749 3652 806 de
3696 751 3798 806 oh-

2203 840 2363 913 jectis
2399 843 2501 898 sibi
2539 841 2823 899 debuisset
2850 838 3176 915 reSpdndere
3207 843 3380 915 magis
3409 858 3574 914 quam
3606 852 3799 899 contra

2207 935 2590 991 auctoritatem
2626 935 2884 1007 principis
2913 936 3288 1007 apostolorum
3323 935 3393 992 ad
3429 935 3798 992 defensionem

2204 1026 2560 1098 iniquitatum
2597 1044 2825 1085 suarum
2873 1045 3028 1085 arma
3067 1029 3358 1100 corripere,
3404 1037 3574 1100 atque
3609 1043 3799 1101 regem

2206 1119 2493 1176 sollicitare
2519 1121 2573 1178 id
2600 1131 2789 1178 contra
2811 1137 2913 1179 nos
2939 1137 3297 1194 prasumere,
3327 1122 3471 1194 quod
3511 1137 3799 1194 nunquam

2205 1211 2376 1279 licuit,
2407 1231 2603 1286 neque,
2634 1219 2752 1271 Deo
2781 1224 3088 1283 annuente,
3130 1214 3313 1270 licebit
3333 1217 3389 1269 in
3423 1213 3660 1285 aliquem
3689 1215 3801 1270 cle-

2205 1305 2447 1362 ricorum
2469 1307 2607 1364 ﬁeri.
2641 1309 2743 1378 Qui
2765 1310 2810 1364 si
2833 1308 2994 1365 verba
3024 1307 3422 1364 exhortationis
3450 1316 3650 1363 nostra
3669 1302 3802 1363 con-

2204 1401 2513 1470 tempserit,
2556 1402 2880 1458 auctoritate
2920 1395 3062 1458 beati
3109 1401 3256 1458 Petri
3291 1415 3419 1456 eum
3467 1416 3497 1455 a
3541 1415 3800 1455 commu-

2203 1491 2369 1548 nione
2382 1489 2626 1566 carporis
2645 1503 2702 1550 et
2723 1495 3000 1567 sanguinis
3027 1494 3248 1550 Domini
3262 1493 3432 1550 nostri
3448 1496 3477 1548 J
3483 1507 3576 1549 esu
3589 1493 3802 1548 Christi

2203 1595 2513 1656 separatum
2542 1603 2660 1644 esse
2697 1589 2921 1644 sibimet
2949 1587 3242 1644 notiﬁcetis
3267 1596 3323 1643 et
3349 1603 3460 1642 non
3501 1587 3682 1641 solum
3737 1587 3800 1640 in

2200 1680 2406 1747 anima,
2431 1681 2526 1736 sed
2572 1681 2631 1736 in
2660 1697 2890 1754 corpore
2932 1682 3100 1753 ipsius
3130 1681 3394 1751 principis
3418 1679 3800 1750 apostolorum

2204 1773 2410 1829 ultione
2445 1773 2607 1846 digna
2633 1774 2751 1831 fore
2777 1775 3119 1845 puniendum
3163 1773 3332 1846 (386).

2731 1878 3074 1935 EPISTOLA
3129 1877 3286 1932 XIII.
3315 1902 3322 1907 -

2682 1996 2773 2039 AD
2821 1995 3304 2040 BOSELLANOS.

2768 2079 2951 2142 (Anno
3007 2080 3194 2140 1076.)

2195 2170 2436 2237 Exponit
2457 2171 2772 2224 sententiam
2802 2170 2970 2224 latam
3013 2170 3074 2223 in
3101 2165 3279 2222 causa
3335 2181 3454 2236 qua
3500 2164 3807 2220 vertebatur

2223 2259 2227 2286 :
2269 2242 2412 2293 inter
2438 2241 2728 2296 Ecclesium
2761 2242 3114 2297 RoseUanam
3138 2245 3190 2294 et
3214 2239 3686 2309 PopulonienSem.

2268 2341 2654 2399 GBEGOBIUSB
2677 2344 2953 2414 piscopus,
2977 2357 3166 2399 servus
3185 2356 3470 2406 servorum
3493 2339 3619 2404 Dei,
3640 2338 3799 2394 clero

2198 2443 2252 2490 et
2293 2436 2494 2507 p0pulo
2533 2436 2848 2492 Rosellana
2882 2436 3168 2503 Ecclesia,
3205 2435 3437 2490 salutem
3483 2441 3539 2488 et
3571 2439 3802 2504 aposto-

2197 2528 2360 2583 licam
2401 2529 2844 2585 benedictionem
2859 2566 2871 2580 .

2269 2623 2405 2692 Quia
2454 2621 2619 2679 ofﬁcii
2671 2623 2846 2679 nostri
2877 2632 2960 2680 est
2987 2623 3266 2680 discordes
3310 2621 3379 2678 ad
3441 2619 3798 2677 concordiam

2197 2729 2475 2783 revocare,
2518 2704 2848 2773 discordiam
2885 2717 3026 2773 inter
3058 2716 3408 2773 Rosellanam
3439 2722 3496 2770 et
3535 2705 3796 2784 Populo—

2196 2808 2441 2865 niensem
2480 2811 2779 2865 Ecclesiam
2814 2813 3050 2882 graviter
3085 2819 3331 2866 exortam
3369 2807 3619 2878 diligenti
3657 2820 3798 2860 exa-

2199 2901 2503 2959 minatione
2537 2903 2911 2960 discussimus.
2951 2903 3196 2959 Tandem
3236 2910 3360 2973 post
3394 2901 3576 2956 varias
3611 2899 3794 2954 utrin-

2198 3004 2305 3066 que
2347 2996 2582 3066 prolatas
2611 2996 2849 3051 rationes
2876 2997 3072 3052 claruit
3103 3011 3215 3050 non
3245 2996 3426 3050 solum
3463 3002 3576 3064 'per
3624 2990 3796 3063 privi-

2196 3085 2334 3157 legia
2373 3088 2691 3158 apostolica
2716 3088 2883 3154 sedis,
2941 3104 3130 3144 verum
3161 3087 3326 3143 etlam
3367 3101 3463 3156 per
3507 3079 3798 3156 quoddam

2197 3171 2540 3235 difﬂuitioais
2593 3183 2882 3253 scriptum,
2919 3182 3204 3251 prasentia
3237 3178 3479 3236 Silvestri
3527 3189 3699 3248 papa,
3730 3185 3796 3232 et

2197 3273 2519 3330 clericorum
2545 3277 2928 3331 Romanorum
2948 3275 3155 3347 judicio
3179 3273 3589 3335 conﬁrmatum,
3615 3268 3798 3340 {quid—

2199 3366 2328 3437 quid
2355 3367 2407 3422 in
2438 3368 2740 3438 quas-tione
2778 3368 2954 3425 fuerat
2995 3369 3310 3424 Rosellaua
3338 3364 3594 3422 Ecclesia
3616 3362 3793 3433 perti-

2198 3474 2348 3515 nere.
2394 3460 2560 3516 Unde
2599 3461 3005 3536 collaudatione
3046 3470 3163 3518 tam
3203 3461 3585 3533 episcoporum
3621 3465 3796 3532 quam

2198 3551 2366 3608 etiam
2393 3557 2662 3611 Romana
2683 3555 2932 3610 Ecclesia
2945 3557 3291 3621 clericorum,
3321 3552 3603 3626 prafatam
3633 3555 3796 3612 litem

2198 3659 2264 3701 eo
2294 3654 2484 3702 tenore
2535 3647 2860 3716 decidimus,
2889 3657 2950 3704 ut
2997 3649 3317 3704 investitura
3361 3647 3652 3704 Rosellano
3678 3649 3796 3720 epi-

2196 3753 2362 3809 scopo
2389 3739 2642 3811 deinceps
2670 3757 2950 3808 concessa,
3003 3742 3050 3797 si
3079 3750 3204 3796 ante
3246 3742 3558 3812 proximum
3593 3741 3796 3796 Domi-

2196 3830 2335 3887 nica
2376 3833 2728 3888 Ascensionis
2773 3833 2976 3890 festum
3019 3835 3254 3905 aliquam
3295 3824 3645 3906 scriptionem
3677 3835 3798 3890 Po-

2197 3924 2532 3993 puloniensis
2559 3925 2846 3997 episcopus
2873 3927 3197 3993 ostenderit,
3227 3915 3596 3999 qua'ostensa
3624 3926 3794 3983 nobis

2199 4032 2353 4088 papa
2396 4018 2636 4074 Silvestri
2669 4019 2816 4092 juste
2865 4019 3177 4092 improbare
3221 4020 3489 4086 videatur,
3543 4019 3792 4093 Populo-

2194 4110 2394 4166 niensis
2421 4112 2708 4187 episcopus
2762 4113 2830 4168 ad
2872 4113 3282 4170 reclamandum
3334 4123 3388 4169 et
3434 4112 3788 4169 renitendum

2194 4202 2421 4260 licenter
2445 4205 2782 4262 admittatur.
2814 4207 2914 4262 Sin
2937 4215 3122 4262 autem
3153 4209 3222 4262 ab
3251 4206 3444 4262 eadem
3491 4207 3791 4263 festivitate

2194 4298 2509 4370 hujusmodi
2560 4299 2930 4355 controversia
2982 4308 3307 4371 perpetuum
3362 4299 3640 4356 silentium
3685 4300 3780 4355 ha-

2193 4391 2340 4457 heat,
2371 4400 2424 4446 et
2450 4392 2743 4448 Rosellana
2778 4393 3019 4448 Ecclesia
3049 4394 3364 4464 apostolica
3396 4393 3544 4449 sedis
3570 4393 3783 4449 iterata

2195 4483 2526 4540 diflinition‘e
2567 4486 2730 4549 fulta,
2769 4485 2821 4540 in
2861 4495 3187 4558 perpetuum
3231 4486 3300 4540 ab
3332 4487 3437 4541 hac
3491 4485 3798 4558 questione'

494 4591 619 4632 cum
650 4577 904 4634 eamdem
939 4593 1104 4649 quam
1129 4595 1230 4634 nos
1259 4578 1521 4634 habemus
1547 4577 1738 4644 ﬁdem,
1769 4586 1825 4633 et
1851 4577 1919 4632 de
1946 4591 2080 4632 san-
2108 4563 2160 4625 D
2191 4576 2449 4647 quiescat,
2479 4583 2534 4633 et
2563 4578 2782 4649 insuper
2808 4578 3060 4651 deinceps
3086 4579 3425 4651 privilegium
3455 4578 3650 4650 σανίς,
3687 4595 3790 4650 per

495 4676 715 4726 ctorum
751 4672 980 4727 Patrum
1009 4671 1164 4727 libris
1188 4673 1476 4728 scientiam
1502 4671 1764 4740 habeatis,
1792 4670 2078 4726 omisimus

489 4762 820 4834 signiﬁcare,
853 4774 1130 4836 sperantes
1161 4765 1566 4822 fraternitatem
1596 4773 1834 4821 vestram
1873 4765 2076 4820 stultis-

492 4855 710 4910 simam-
740 4857 1091 4940 inimicorum
1117 4868 1432 4915 nostrorum
1455 4860 1943 4930 prasumptionem
1976 4857 2080 4914 de-

493 4949 710 5017 testari,
746 4960 799 5005 et
817 4951 873 5005 in
898 4967 958 5007 ea
987 4967 1092 5024 qua
1119 4951 1351 5018 debetis,
1378 4961 1432 5007 et
1456 4954 1601 5008 soliti
1631 4953 1758 5008 estis
1784 4952 2080 5008 devotione

491 5049 546 5097 et
573 5057 758 5098 amore
779 5053 981 5100 sancta
997 5046 1310 5116 apostolica
1334 5045 1451 5101 sedi
1470 5045 1700 5101 ﬁdeliter
1727 5045 1891 5101 uniri.
1917 5043 2080 5100 Unde

489 5149 752 5207 rogamus
810 5145 864 5192 et
893 5136 1258 5193 admonemus
1309 5146 1373 5192 ut
1415 5138 1560 5209 quod
1593 5137 2076 5194 schismaticorum

487 5229 839 5298 persuasione
867 5231 1170 5300 deliquistis
1197 5230 1532 5302 competenti
1562 5229 1946 5286 emendatione
1965 5245 2077 5285 eor-

487 5319 700 5392 rigatis,
749 5329 812 5376 ut
859 5322 1001 5377 sicut
1047 5331 1224 5378 mater
1276 5330 1458 5379 vestra
1515 5311 1586 5379 de
1635 5337 1859 5378 excessu
1895 5330 2075 5378 vestro

562 5451 791 5514 (386)111
816 5450 932 5504 cod.
961 5449 1156 5504 Mutin.
1183 5455 1303 5519 post
1325 5449 1660 5520 puniendum
1683 5453 1793 5506 hac
1818 5452 2030 5507 addunt
2054 5472 2070 5507 :

487 5521 692 5596 verum
723 5519 981 5596 iddagite;
1029 5520 1104 5586 id,
1135 5521 1180 5575 si
1234 5519 1412 5596 Deum
1457 5520 1695 5596 diligitis,
1744 5532 2091 5596 procurate;_

487 5590 545 5643 ni
575 5589 746 5661 frater
772 5589 880 5656 ille,
905 5590 1040 5661 dum
1066 5600 1263 5661 potest,
1303 5592 1436 5647 dum
1463 5589 1646 5648 locum
1673 5589 1855 5660 habet,
1889 5596 1990 5649 sibi
2019 5589 2074 5650 et

488 5660 745 5733 Ecclesia
761 5659 1013 5733 consulat
1032 5703 1046 5729 ,
1067 5659 1188 5733 pari
1217 5672 1406 5718 vestra
1422 5672 1474 5718 et
1503 5665 1663 5719 saluti
1684 5674 1856 5721 tanta
1883 5666 2071 5721 multi-

485 5730 689 5812 tudinis
721 5730 1182 5812 hominumpeue
1235 5735 1654 5805 periclitantium
1686 5737 1970 5812 providere
1998 5753 2070 5793 ne

486 5803 542 5854 in
575 5811 793 5876 suamet
821 5803 1252 5874 pracipitatione
1273 5822 1492 5861 cassum
1531 5803 1720 5876 petens
1747 5810 1950 5863 multos
1977 5824 2068 5864 se-

486 5884 614 5927 cum
643 5873 710 5928 ad
741 5873 1034 5932 commune
1065 5877 1367 5950 periculum
1411 5873 1674 5953 attrahat,
1700 5880 1757 5934 in
1785 5896 1894 5960 quo
1923 5897 2069 5943 nunc

2185 4670 2526 4743 privilegium
2541 4671 2770 4726 munita.
2793 4673 2992 4741 Hann]
3013 4671 3398 4728 difﬁnitionem
3427 4680 3672 4727 nostram
3697 4674 3783 4727 la-

2183 4764 2292 4819 tius
2318 4765 2609 4820 continens
2637 4765 2935 4832 munitum,
2969 4766 3191 4836 praedia,
3223 4781 3461 4836 quorum
3493 4766 3558 4820 Iis
3599 4764 3779 4821 tantis

2183 4858 2522 4928 temporibus
2594 4858 2846 4914 ventilata
2903 4869 2988 4914 est
3029 4860 3150 4914 sine
3177 4859 3362 4931 aliqua
3393 4858 3781 4914 molestatione

2183 4951 2470 5021 possideat.

2701 5045 3052 5100 EPISTOLA
3100 5047 3256 5101 XIV.

2253 5148 2334 5191 AD
2385 5151 2762 5194 DOHINICUH
2817 5151 3260 5195 PATBIABCHAH
3305 5152 3701 5195 GBADBNSBH.

2468 5273 2480 5284 .
2765 5235 2950 5298 (Anno
3002 5237 3184 5300 1076.)

2182 5325 2404 5380 Gratias
2429 5328 2545 5394 agit
2568 5325 2635 5380 de
2652 5325 2767 5395 ejus
2786 5325 3120 5382 observantia
3138 5343 3266 5396 erga
3285 5329 3582 5384 Romanam
3605 5329 3778 5384 Eccle-

2178 5451 2455 5536 apparebit
2483 5453 2889 5536 quissit‘pastor
2916 5455 2971 5536 i_n
3006 5454 3166 5536 nobis
3189 5454 3456 5536 iniquitati
3481 5463 3668 5536 aperte
3688 5471 3776 5536 re-

2177 5523 2395 5598 sistens,
2422 5523 2541 5598 quis
2571 5525 2646 5598 sit_
2671 5523 2762 5580 fur
2789 5525 3190 5598 simulationem
3232 5523 3449 5598 faciens,
3483 5523 3606 5598 quis
3632 5527 3776 5582 latro

2178 5595 2485 5650 manifesta
2516 5595 2740 5666 justitia
2786 5597 3187 5670 contradicens.
3249 5595 3610 5670 Considerate
3639 5612 3773 5670 ergo

2177 5670 2458 5739 quomodo
2497 5676 2656 5722 caute
2699 5668 3013 5735 ambuletis,
3072 5668 3196 5739 quia
3244 5669 3388 5724 sicut
3428 5667 3630 5724 durum
3690 5667 3775 5724 est

2176 5737 2366 5793 contra
2395 5737 2676 5793 stimulum
2713 5739 3012 5806 calcitrare,
3049 5737 3126 5794 sic
3150 5754 3405 5809 asperum
3455 5747 3540 5794 est
3567 5749 3772 5796 sanctae

2175 5812 2440 5888 Romana
2461 5811 2717 5866 Ecclesia
2744 5813 3017 5888 contraire
3041 5853 3056 5878 ,
3085 5810 3174 5866 cui
3194 5825 3299 5868 nos
3315 5853 3331 5882 ,
3364 5819 3630 5888 tanquam
3655 5825 3773 5867 ma-

2173 5881 2266 5949 tri,
2297 5896 2517 5957 semper
2544 5890 2763 5960 Oportet
2785 5881 3029 5942 obedire.
