4074 6172
228 309 333 365 445

1284 340 1285 343 η
1349 306 1545 363 LIBER
1576 305 1882 362 TERTIUS.
1916 334 1987 347 -
2026 307 2233 364 EPIST.
2271 309 2401 365 XVI.

3418 314 3524 370 446

300 438 466 488 suam.
517 434 771 489 Ostendit
838 432 953 509 ideo
998 435 1312 509 Teutonicos
1354 437 1406 486 et
1451 424 1825 509 Langobardos
1853 436 2075 501 Astras
2141 432 2661 505 interpellaverunt,
2711 435 2931 507 quibus!
2965 450 3071 492 nos
3116 420 3523 509 respondimus,

299 509 573 575 episcopos
600 510 787 559 contra
811 520 865 561 se
892 508 1183 572 insurgere,
1216 506 1345 572 quia
1372 520 1549 559 eorum
1580 505 1825 557 crimini-

298 577 403 631 bus
431 577 638 630 obviam
664 579 786 633 iret.
821 580 894 631 De
924 577 1145 633 Giraldo
1173 577 1453 645 Sipontino
1483 577 1718 645 episwpo
1746 590 1829 628 re-

295 649 563 717 spondere
589 650 645 700 in
672 648 824 700 aliud
854 652 1055 716 tempus
1085 646 1288 716 differt.
1730 652 1733 655 ’

294 749 660 805 Gnnconws
720 748 1041 819 episc0pus,
1102 763 1289 802 servus
1356 746 1640 802 servorum
1695 746 1821 812 Dei,

219 844 553 898 Βοιωτιεο
588 840 911 912 patriarcha
940 838 1243 908 Gradensi,
1289 840 1523 896 salutem
1563 847 1617 894 et
1659 853 1825 909 apos-

219 935 463 990 tolicam
514 934 975 990 benedictionem.

296 1028 441 1100 Quia
472 1033 707 1083 matrem
730 1035 884 1082 tuam
908 1028 1159 1082 sanctam
1186 1030 1503 1082 Romanam
1522 1025 1825 1081 Ecclesiam

216 1120 391 1186 (sicut
420 1120 477 1175 in
504 1121 612 1174 tuis
639 1120 833 1174 litteris
860 1120 1193 1191 continetur)
1225 1127 1280 1174 te
1306 1135 1441 1191 puro
1471 1117 1639 1173 corde
1667 1134 1824 1174 vene-

212 1214 366 1279 rari,
438 1230 645 1284 nosque
701 1229 802 1284 pro
870 1229 1060 1269 amore
1117 1211 1497 1284 apostolorum
1570 1210 1823 1283 principis

210 1307 443 1362 sincera
472 1306 738 1362 charitate
767 1307 984 1380 diligere
1017 1306 1312 1378 proﬁteris,
1351 1303 1685 1361 fraternitati
1714 1313 1823 1361 tua

208 1407 412 1472 grates
436 1398 743 1466 referimus,
776 1408 832 1455 et
859 1399 1208 1471 rependendo
1243 1398 1413 1453 vicem
1459 1397 1707 1469 ejusdem
1733 1397 1821 1453 di-

210 1492 482 1548 lectionis
510 1501 626 1548 tam
652 1492 911 1548 Ecclesia
943 1500 1072 1561 tua,
1102 1508 1271 1563 quam
1296 1491 1393 1545 tibi
1410 1491 1558 1546 salvo
1584 1490 1801 1545 librami

208 1602 296 1642 ne
345 1586 612 1657 aquitatis
640 1585 841 1641 honori
880 1593 1058 1640 vestro
1084 1584 1367 1656 providere
1392 1599 1608 1654 semper
1646 1583 1820 1654 parati

210 1695 445 1735 sumus.
473 1680 747 1749 Quoniam
778 1694 901 1734 vero
944 1678 1136 1734 mirari
1166 1694 1229 1733 ac
1270 1677 1507 1731 nimium
1554 1684 1609 1730 te
1637 1675 1821 1733 dolere

209 1771 442 1837 dixisti,
474 1770 617 1843 quod
654 1772 1227 1843 Longobardi,'atque
1273 1769 1524 1825 nonnulli
1553 1768 1813 1824 Teutoni-
1850 1792 1898 1854 Β

208 1881 425 1921 eorum
453 1864 688 1935 episcopi
729 1864 787 1918 in
838 1880 939 1919 nos
983 1862 1307 1918 insaniendo
1352 1870 1469 1917 tam
1507 1860 1815 1917 vehementi

209 1957 361 2012 odio
404 1957 774 2023 inardescunt,
806 1956 1005 2011 nullius
1048 1956 1223 2027 culpa
1252 1963 1458 2011 nostra
1487 1952 1815 2010 conscientia

207 2048 361 2103 inde
390 2048 681 2119 redarguit.
716 2050 822 2103 Sed
856 2049 1058 2103 scimus
1090 2047 1160 2103 ob
1192 2048 1269 2102 nil
1299 2047 1446 2103 aliud
1473 2063 1566 2103 eos
1594 2046 1688 2101 illo
1718 2062 1818 2101 co-

203 2142 452 2197 namine
478 2142 595 2208 niti,
632 2141 740 2196 nisi
781 2141 927 2212 quod
965 2158 1028 2197 ex
1056 2149 1330 2213 pracepto
1366 2140 1465 2197 Dei
1496 2149 1658 2212 atque
1682 2156 1817 2196 san-

205 2243 441 2289 ctorum
460 2235 921 2304 praedecessorum
945 2244 1263 2289 nostrorum
1290 2235 1513 2290 illorum
1544 2232 1815 2304 perversi-

204 2327 435 2385 tatibus
466 2326 769 2394 obviamus,
800 2343 999 2399 eosque
1022 2328 1088 2383 ad
1118 2336 1331 2383 rectum
1359 2325 1815 2398 tramitemjusti-

206 2422 317 2477 tia
354 2420 630 2486 reducere,
654 2422 701 2477 si
723 2421 984 2493 possibile
1011 2429 1170 2489 esset,
1190 2437 1255 2476 ex
1280 2420 1467 2476 debito
1489 2418 1813 2475 sollicitudi-

205 2515 301 2570 nis
336 2514 519 2569 divina
551 2514 961 2586 dispensatione
982 2513 1141 2571 nobis
1159 2513 1602 2586 superimposita
1625 2529 1815 2583 procu-

206 2624 434 2664 ramus.
462 2611 544 2663 De
568 2608 763 2662 litteris
788 2617 974 2664 autem
995 2625 1025 2663 a
1051 2607 1394 2663 fraternitate
1421 2615 1517 2661 tua
1548 2606 1707 2661 nobis
1727 2605 1814 2661 di-

206 2702 409 2767 rectis,
439 2703 586 2757 nullo
619 2699 804 2757 studio
834 2701 1139 2772 comperire
1170 2696 1471 2771 potuimUS,
1503 2698 1650 2770 quod
1687 2697 1812 2754 hinc

206 2794 348 2849 illuc
370 2792 568 2849 fuerint
594 2803 903 2866 reportata.
928 2796 1102 2865 Super
1129 2793 1428 2866 quastiOne
1451 2808 1667 2864 quoque
1686 2808 1812 2846 con-

208 2886 535 2942 fratemitas
577 2896 670 2943 tua
701 2887 770 2943 de
807 2888 1028 2943 Giraldo
1062 2889 1325 2959 Spontino
1368 2887 1623 2958 episcopo
1650 2885 1811 2941 nobis

209 2981 515 3053 suggessit,
560 2980 631 3036 ad
672 2997 911 3053 prasens
955 2988 1055 3053 pro
1099 2981 1339 3037 absentia
1380 2979 1617 3051 episcOpi
1657 2978 1810 3034 vobis

207 3075 543 3145 respondere
574 3090 689 3130 non
714 3090 1028 3145 possumus.
1061 3076 1201 3130 Cum
1222 3083 1410 3130 autem
1439 3073 1664 3138 venerit,
1692 3074 1808 3127 Deo

210 3168 580 3239 concedente,
641 3184 803 3224 causa
865 3168 1158 3240 diligenter
1231 3167 1520 3239 exquisita,
1583 3165 1810 3237 j‘ustitia

209 3265 410 3329 Vorte,
436 3262 607 3333 justa,
633 3263 864 3332 Hum]
908 3261 1329 3332 providebimus.
1372 3259 1641 3329 Principis
1680 3274 1808 3314 vero

210 3356 339 3410 vani
374 3356 653 3428 negotium
682 3354 829 3411 nulla
861 3355 1070 3411 ratione
1096 3353 1276 3409 videre
1300 3350 1625 3424 possumus,”
1647 3360 1710 3407 ut
1738 3352 1807 3407 ad

212 3464 455 3519 prasens
500 3449 655 3505 illum
700 3465 864 3520 quem
900 3449 1151 3519 postulat
1188 3446 1453 3518 consequi
1504 3445 1679 3516 possit
1720 3445 1802 3500 vel

214 3540 407 3596 debeat
435 3541 638 3597 habere
667 3540 949 3598 effectum.
1772 3550 1775 3555 '

286 3637 426 3689 Data
450 3636 671 3705 Roma,
698 3635 995 3692 indictione
1017 3635 1228 3692 decima
1254 3641 1464 3706 quarta.

762 3746 1112 3803 EPISTOLA
1135 3746 1259 3800 XV.

354 3863 436 3905 AD
462 3864 800 3906 WIFBBDUH
822 3863 1347 3907 NBDIOLANENSEM
1369 3860 1660 3904 MILITBM.

821 3956 994 4018 (Anno
1025 3956 1205 4027 1076.)

221 4052 466 4109 Insinuat
494 4057 827 4111 Nomannos
853 4057 1072 4125 cupidos
1110 4071 1220 4110 esse
1243 4054 1609 4123 componam
1628 4055 1804 4122 Ραείε,

283 4140 434 4193 seque
463 4142 678 4195 sperare
698 4143 780 4181 eos
806 4128 886 4181 ad
914 4129 1224 4197 ﬁdelitatem
1245 4128 1421 4179 sancti
1452 4125 1609 4197 Petri
1626 4140 1804 4197 rever-

285 4209 433 4249 suros
477 4213 595 4250 cum
640 4200 862 4253 Henrico
890 4195 1094 4267 quoque
1124 4214 1244 4265 rege
1271 4200 1335 4251 se
1367 4204 1549 4263 pacem
1591 4195 1802 4267 habitu-

284 4281 424 4329 rum,
466 4270 519 4321 si
536 4285 709 4323 mores
735 4266 1064 4323 mutaverit.-
1080 4271 1349 4323 Hortatur
1383 4269 1530 4320 utin
1558 4266 1803 4321 Ecclesia:

287 4336 593 4404 lie/mione
620 4345 938 4409 perseveret,
967 4346 1016 4395 et
1041 4341 1176 4415 alios
1196 4340 1337 4397 idem
1358 4340 1545 4405 facere
1570 4340 1800 4391 moneat.

286 4438 630 4498 Gnmonms
656 4442 964 4513 episcopus,
992 4457 1183 4497 servus
1204 4455 1493 4496 servorum
1520 4439 1645 4504 Dei,
1675 4436 1803 4492 Wi-

1933 541 2062 582 cum
2091 540 2156 581 eo
2203 540 2308 581 nos
2340 542 2534 598 pacem
2581 528 2718 583 velle
2757 527 2974 594 habere,
3020 528 3064 583 si
3093 528 3208 600 ipse
3237 545 3363 585 cum
3407 532 3525 586 Deo

1935 633 2124 689 pacem
2162 619 2434 675 studuerit
2471 620 2689 689 habere,
2734 630 2789 677 et
2836 637 2897 677 ea
2940 636 3064 693 qua
3106 622 3173 677 ad
3222 624 3525 693 periculum

1934 719 2138 767 sancta
2187 712 2460 781 Ecclesia,
2511 721 2569 768 et
2605 714 2673 769 ad
2723 715 3009 770 cumulum
3050 710 3379 786 perditionis
3409 730 3524 771 sua

1933 804 2230 872 commisit,
2271 805 2426 876 juxta
2455 805 2602 877 quod
2644 822 2791 877 sape
2834 823 2864 862 a
2897 792 3052 863 nobis
3092 809 3406 864 admonitus
3440 816 3525 864 est

1932 896 2317 954 emendaverit.
2360 898 2462 954 Sed
2492 898 2617 970 quia
2671 899 2727 954 in
2784 899 3029 971 potentia
3061 901 3261 959 divina
3304 902 3523 958 virtutis

1933 991 2113 1061 magis
2136 1005 2305 1062 quam
2331 991 2385 1045 in
2409 990 2636 1047 homine
2667 992 2858 1058 ﬁdem,
2890 1008 3040 1063 spem
3070 1002 3124 1049 et
3153 1010 3349 1050 omnes
3377 995 3521 1069 cogi-

1933 1090 2078 1139 tatus
2120 1091 2341 1139 nostros
2383 1084 2788 1150 collocavimus,
2823 1086 3077 1141 volumus
3121 1096 3183 1142 ut
3232 1097 3291 1142 tu
3329 1089 3517 1155 etiam,

1932 1193 2095 1248 quem
2131 1177 2198 1233 ad
2232 1176 2635 1234 confortandos
2675 1178 2878 1234 Christi
2923 1179 3126 1235 milites
3168 1180 3412 1237 animum
3464 1191 3521 1237 et

1932 1266 2315 1325 fortitudinem
2366 1271 2727 1342 resumpsisse
2771 1271 3139 1344 intelligimus,
3193 1272 3421 1327 ﬁrmiter
3463 1274 3518 1329 in

1930 1362 2050 1417 Deo
2079 1360 2353 1429 conﬁdas;
2380 1370 2435 1416 et
2461 1372 2717 1434 exspecta
2750 1363 2869 1435 ejus
2895 1364 3156 1419 auxilium
3186 1370 3241 1419 et
3268 1366 3521 1419 consola-

1929 1452 2137 1508 tionem
2162 1453 2258 1508 tibi
2290 1462 2346 1508 et
2370 1454 2626 1509 omnibus
2654 1456 2929 1526 justitiam
2969 1463 3023 1511 et
3051 1456 3228 1527 legem
3259 1455 3360 1510 Dei
3394 1454 3520 1511 dili-

1929 1546 2182 1616 gentibus
2219 1545 2539 1603 adfuturam
2591 1555 2647 1603 et
2691 1546 2891 1603 diaboli
2938 1549 3213 1615 membra,
3267 1562 3384 1603 non
3419 1548 3520 1603 nisi

1929 1644 2199 1709 quantum
2230 1642 2381 1696 Deus
2408 1641 2735 1712 permiserit,
2765 1641 3092 1698 innocentia
3124 1650 3331 1698 nostra
3365 1641 3520 1695 nocio

1930 1738 2066 1787 tura.
2119 1736 2255 1788 Ecce
2304 1733 2555 1790 diabolus
2594 1736 2777 1807 palam
2818 1736 2872 1791 in
2919 1735 3130 1791 mundo
3178 1734 3518 1801 dominatur,

1925 1838 2050 1880 ecce
2079 1826 2262 1881 omnia
2307 1828 2562 1883 membra
2590 1843 2688 1883 sua
2739 1844 2797 1884 se
2833 1831 3100 1884 exaltasse
3143 1826 3517 1895 latatur;‘sed

1924 1917 2021 1989 qui
2037 1917 2204 1974 dixit:
2228 1920 2508 1989 Conﬁdite,
2529 1924 2670 1991 quia
2689 1937 2780 1990 ego
2792 1922 3167 1976 vicimundum
3189 1925 3361 1987 (Joan.
3386 1924 3518 1986 xvr)

1923 2009 2019 2065 det
2051 2011 2203 2067 vobis
2230 2014 2595 2069 certissimam
2622 2014 2790 2070 ﬁdem
2819 2014 3141 2070 festinanter
3169 2030 3228 2069 se
3261 2013 3514 2069 Ecclesia

1922 2118 2036 2159 sua
2063 2119 2403 2175 succurrere,
2427 2114 2484 2162 et
2504 2107 2783 2163 diabolum
2805 2116 2860 2163 et
2882 2108 3127 2162 membra
3153 2107 3270 2179 ejus
3288 2107 3517 2162 omnino

1924 2196 2282 2253 confundere.
2310 2198 2582 2270 Antiquas
2619 2200 2773 2255 enim
2797 2209 2853 2255 et
2884 2201 3055 2255 nostri
3092 2200 3354 2269 temporis
3380 2212 3518 2255 con-

1923 2289 2228 2346 siderantes
2250 2293 2684 2363 permutationes
2709 2294 3072 2365 probabiliter
3097 2293 3404 2349 invenimus
3423 2292 3518 2348 do-

1924 2382 2155 2438 minium
2180 2383 2385 2439 diaboli
2408 2392 2564 2441 tanto
2604 2386 2783 2442 minus
2820 2385 3128 2454 duravisse,
3156 2394 3364 2458 quanto
3402 2401 3517 2440 ma-

1920 2474 2005 2547 gis
2030 2475 2201 2531 visum
2234 2476 2333 2533 fuit
2352 2479 2599 2546 exaltari,
2630 2488 2685 2535 et
2714 2480 2769 2535 in
2795 2479 3162 2536 Christianam
3190 2480 3513 2552 religionem

1922 2569 2286 2639 pravaluisse.
2328 2574 2408 2626 Tu
2439 2572 2644 2643 itaque,
2701 2573 3018 2630 charissima
3061 2572 3162 2641 ﬁli,
3204 2572 3515 2629 confortare

1920 2662 1976 2716 in
2007 2662 2263 2730 Domino,
2309 2672 2361 2719 et
2392 2664 2444 2718 in
2474 2666 2711 2735 potentia
2756 2666 2968 2722 virtutis
2994 2667 3114 2739 ejus
3147 2669 3371 2737 (Ephes.
3404 2672 3512 2734 VI),

1920 2761 1977 2809 et
2004 2770 2097 2809 eos
2131 2754 2377 2811 conforta
2405 2773 2544 2829 quos
2584 2758 2644 2812 in
2681 2758 2988 2814 Christiana
3038 2760 3145 2815 ﬁde
3192 2759 3514 2831 cognoveris

1921 2862 2261 2918 permanere,
2293 2865 2388 2905 eos
2414 2859 2599 2906 autem
2630 2851 2725 2923 qui
2768 2851 2935 2906 ﬁdem
2967 2852 3336 2909 Christianam
3381 2866 3511 2922 ope-

1918 2940 2075 2996 ribus
2102 2956 2362 3013 negavere
2390 2952 2451 2998 ut
2474 2944 2804 3016 resipiscant
2823 2944 3081 3011 admone,
3112 2954 3174 2999 ut
3190 2945 3513 3000 erubescant

1917 3032 1972 3087 in
2000 3034 2253 3090 servitute
2295 3034 2499 3093 diaboli
2540 3038 2743 3094 vivere.
2794 3041 2935 3111 Qua
2974 3047 3158 3093 autem
3209 3036 3296 3091 hic
3326 3035 3513 3091 minus

1918 3127 2234 3198 scribimus,
2271 3146 2396 3186 cum
2426 3132 2594 3187 locuti
2624 3131 2887 3189 fuerimus
2911 3148 3034 3187 cum
3065 3130 3310 3188 ﬁdelibus
3333 3129 3509 3185 sancti

1920 3222 2087 3289 Petri,
2129 3224 2342 3294 plenius
2403 3225 2795 3293 indicabimus,
2840 3225 3103 3296 vobisque
3147 3222 3505 3297 adjutorium,

1917 3315 2030 3370 Deo
2054 3314 2267 3372 favente
2297 3316 2424 3372 dare
2447 3319 2784 3374 curabimus.
2815 3316 3179 3389 Omnipotens
3207 3320 3358 3373 Deus
3390 3331 3506 3371 me-

1917 3406 2049 3463 ritis
2093 3424 2329 3466 summa
2385 3409 2627 3467 domina
2689 3420 2745 3466 et
2794 3412 3085 3467 beatorum
3136 3412 3507 3483 apostolorum

1914 3501 2065 3557 Petri
2084 3512 2141 3557 et
2162 3502 2310 3558 Pauli
2338 3511 2500 3574 atque
2528 3504 2673 3560 beati
2703 3505 2985 3561 Ambrosii
3017 3505 3271 3576 precibus
3297 3512 3510 3559 mentes

1915 3604 2124 3651 vestras
2152 3596 2445 3664 illuminet,
2475 3606 2532 3653 et
2579 3598 2633 3653 in
2665 3599 2781 3670 lege
2822 3613 2921 3655 sua
2956 3613 3053 3653 vos
3079 3612 3297 3669 semper
3336 3596 3507 3651 stabi-

1916 3686 2034 3754 liat,
2074 3696 2138 3744 ut
2180 3690 2500 3745 mereamini
2529 3705 2656 3745 cum
2696 3690 2783 3746 his
2822 3690 3168 3747 adnumerari
3198 3690 3292 3763 qui
3322 3688 3510 3745 diabo-

1914 3779 2029 3836 lum
2057 3797 2187 3837 cum
2214 3783 2327 3838 suis
2366 3783 2631 3839 membri
2659 3783 2989 3856 judicabant
3025 3792 3083 3839 et
3109 3799 3236 3839 cum
3285 3782 3508 3839 Christo

1914 3889 2130 3946 semper
2152 3876 2475 3947 regnabant.

1982 3974 2126 4027 Data
2144 3972 2364 4040 Roma,
2394 3971 2701 4030 indictione
2727 3972 2941 4030 decima
2965 3979 3185 4045 quarta.
3210 3990 3213 3991 '

2444 4086 2799 4141 EPISTOLA
2819 4085 2968 4140 XVI.

1982 4208 2064 4248 AD
2091 4210 2441 4251 BICHBBIUM
2454 4211 2985 4253 ARCHIEPISCOPUH
3006 4211 3430 4254 SBNONENSEM.

2506 4302 2691 4363 (Anno
2718 4302 2914 4363 1076.)

1910 4400 2163 4466 Queritur
2191 4401 2256 4454 de
2281 4401 2505 4471 injuriis
2542 4404 2618 4454 ab
2660 4402 3043 4457 Aurelianensi
3065 4404 3300 4472 episcopo
3324 4403 3501 4457 Eccle-

1977 4473 2075 4524 sia:
2100 4487 2211 4525 suae
2244 4472 2448 4534 illatis,
2492 4473 2557 4526 de
2602 4474 2748 4526 illius
2786 4472 3146 4525 inobedientia
3183 4477 3233 4526 et
3261 4474 3503 4527 Simonia

216 4527 357 4586 fredo
389 4534 881 4591 Mediolanensium
919 4535 1153 4607 episcOpi
1184 4535 1601 4605 [Mediolanensi
1614 4532 1797 4616 ηξίιίεῑ]
1829 4546 1882 4608 D
1989 4544 2304 4616 Vultuteum
2327 4527 2540 4597 moneat
2562 4548 2623 4596 ut
2649 4554 2758 4597 sua:
2785 4544 3031 4598 Ecclesia
3065 4545 3402 4611 satisfaciat,
3431 4548 3502 4608 et,

218 4622 440 4682 salutem
466 4633 525 4683 et'
535 4629 891 4699 apostolicam
910 4628 1381 4697 benedictionem.
1735 4660 1737 4679 τ

246 4738 247 4741 η
288 4719 419 4787 Quia
483 4722 781 4778 sollicitum
816 4731 893 4777 te.
918 4722 987 4779 de
1021 4722 1230 4778 honore
1279 4720 1623 4791 Christiana,
1670 4716 1795 4775 ﬁdei

220 4808 402 4868 litteris
432 4815 537 4869 tuis
572 4815 895 4887 signiﬁcasti
932 4821 1153 4888 aquum
1198 4814 1458 4871 duximus
1496 4812 1797 4885 prudentia

224 4910 324 4960 ma
342 4907 662 4965 rescribere.
697 4910 1034 4981 Sciasigitur
1058 4911 1409 4965 Normannos
1438 4906 1604 4975 verba
1638 4922 1813 4962 eom-.

226 5000 473 5065 ponenda
514 5003 665 5073 pacis
692 5003 981 5059 nobiscum
1031 5001 1261 5068 habere;
1298 5016 1466 5073 quam
1502 4999 1807 5056 libentissis

227 5103 309 5145 me
323 5093 423 5162 jam
446 5093 731 5163 fecissent,
761 5104 815 5151 et
834 5095 991 5152 beato
1028 5096 1213 5161 Petro,
1249 5110 1414 5165 quem
1449 5092 1798 5150 solummodo

228 5180 491 5244 dominum
529 5198 588 5246 et
633 5191 1025 5261 imperatorem
1069 5197 1194 5260 post
1238 5188 1549 5244 Dominum
1593 5186 1798 5243 habere

227 5274 549 5350 daiderant,
617 5282 907 5339 humiliter
967 5281 1369 5348 satisfecissent,
1416 5282 1483 5337 si.
1528 5280 1799 5337 voluntati

228 5382 401 5428 eorum
434 5376 491 5430 iu
517 5375 845 5446 quibusdam
873 5390 1262 5447 annueremus.
1302 5374 1431 5443 Sed,
1484 5377 1603 5429 Deo
1641 5373 1797 5430 auxi-

227 5459 391 5532 liante,
416 5466 522 5523 hoc
559 5485 669 5523 non
693 5484 817 5525 cum
838 5468 1193 5536 detrimento,
1223 5467 1323 5523 sed
1350 5481 1475 5525 cum
1500 5475 1796 5539 augmento

225 5554 476 5615 Romana
513 5560 769 5616 Ecclesia
810 5560 865 5615 in
901 5561 1167 5633 proximo.
1203 5575 1485 5631 speramus
1518 5558 1715 5627 facere,
1745 5567 1801 5614 et

226 5661 308 5703 eos
342 5650 409 5706 ad
436 5650 757 5727 ﬁdelitatem
798 5653 942 5710 beati
976 5652 1120 5708 Petri
1158 5653 1392 5711 ﬁrmiter
1432 5659 1489 5709 et
1524 5652 1800 5709 stabiliter

226 5752 479 5801 revocare.
519 5746 663 5801 Cum
704 5759 831 5817 rege
870 5760 1090 5816 quoque
1114 5744 1418 5801 Alemania
1457 5743 1527 5798 de
1570 5760 1800 5814 compo-

224 5836 383 5893 nenda
436 5854 567 5913 pace
612 5838 805 5897 multis
830 5837 945 5911 jam
985 5837 1193 5895 vicibus
1221 5836 1441 5911 quidam
1487 5851 1645 5892 aures
1692 5852 1796 5893 uo-

1934 4664 1939 4677 ,
1978 4615 2091 4669 nisi
2110 4617 2379 4683 paruerit,
2410 4616 2921 4671 ewcommunicetur.

1973 4721 2330 4777 Gumomns
2355 4721 2665 4792 episcOpus,
2697 4736 2890 4775 servus
2917 4736 3203 4777 servorum
3235 4721 3359 4788 Dei,
3391 4722 3499 4777 Rt-

1908 4828 2139 4870 cnsnto
2179 4814 2485 4870 Senonensi
2524 4812 2966 4886 archiepiscopo,
2996 4814 3233 4871 salutem
3270 4823 3327 4870 et
3366 4830 3493 4889 apo-

1906 4907 2163 4963 stolicam
2189 4906 2650 4963 benedictionem.

1942 5000 2399 5056 i-Fraternitatem
2436 5009 2591 5057 tuam
2636 5002 2972 5059 intellexisse
3014 5000 3291 5060 credimus
3317 5018 3497 5077 quan-

1902 5103 2024 5151 tum
2066 5094 2283 5166 injuria
2324 5095 2729 5152 Aurelianensis
2754 5097 2996 5153 Ecclesia
3026 5098 3357 5170 negligentia
3392 5097 3503 5171 epi-

1902 5188 2052 5260 scopi
2074 5188 2181 5254 sui,
2210 5188 2324 5244 imo
2352 5196 2546 5261 agente
2571 5188 2712 5261 ipso,
2745 5191 3091 5259 sustinuerit,
3116 5200 3175 5247 et
3215 5206 3381 5264 quam
3412 5192 3501 5248 in-

1899 5281 2046 5353 juste
2082 5281 2338 5352 patientia
2376 5282 2690 5353 apostolica
2732 5283 2876 5338 sedis
2913 5285 3118 5338 abusus
3147 5283 3345 5350 fuerit;
3379 5298 3504 5355 qua

1903 5374 2213 5445 iniquitates
2240 5391 2367 5431 suas
2402 5376 2626 5431 auribus
2670 5376 2877 5431 nostris
2912 5376 3116 5432 delatas
3160 5392 3275 5431 non
3317 5378 3499 5432 solum

1904 5466 2175 5523 discutere
2220 5468 2448 5537 distulit,
2510 5484 2702 5525 verum
2757 5470 2925 5525 etiam
2974 5470 3115 5542 regis
3160 5472 3505 5526 Francorum

1905 5575 2031 5615 eum
2054 5560 2245 5632 ejicere
2267 5562 2539 5633 cupientis
2578 5562 3015 5619 accusationibus
3055 5564 3267 5619 nullum
3320 5578 3502 5619 assen-

1903 5668 2028 5708 sum
2055 5654 2305 5723 prabuit,
2332 5654 2448 5709 imo
2474 5653 2744 5726 quidquid
2774 5656 2829 5710 in
2856 5656 3157 5724 periculum
3187 5671 3349 5710 suum
3379 5652 3513 5709 ﬁerin

1905 5746 2324 5819 excogitaverat,
2354 5747 2562 5803 studio
2616 5748 3046 5819 vigilantissima
3115 5743 3497 5803 sollicitudinis

1905 5838 2205 5912 impedivit.
2239 5842 2377 5907 Non.
2402 5842 2546 5899 enim
2596 5840 2913 5897 videbantur
2944 5838 3105 5909 hujus
3131 5836 3515 5893 accusationis
