4144 6184
643 273 746 331 447

1324 268 1381 323 S.
1423 266 1743 323 GREGORII
1779 269 1869 323 VII
1908 269 2102 327 PAPE
2140 267 2420 325 OPERUM
2458 267 2630 323 PARS
2669 268 2710 323 l.
2749 294 2821 310 ~—
2856 265 3258 321 REGISTRUM.

3813 272 3902 329 448

642 395 831 463 verba,
874 393 1090 451 etiamsi
1131 408 1258 450 vera
1291 401 1495 460 essent,
1526 391 1887 461 suscipienda,
1939 409 2118 466 neque
2173 393 2231 449 in
2260 396 2315 460 Α
2341 392 2432 465 qui
2455 392 2638 461 etiam]
2682 391 2750 448 ab
2780 391 2860 448 eis
2900 389 3088 460 habet,
3119 389 3179 446 in
3214 397 3336 446 tuta
3380 389 3530 462 pacis
3556 392 3905 464 tranquillitate

644 505 777 556 eum
805 488 1036 561 aliquid,
1067 487 1171 543 nisi
1200 487 1360 559 legali
1389 484 1737 543 discussione
1772 496 1829 543 et
1858 486 2083 558 judicio,
2120 503 2242 559 pro-

644 581 1024 654 mulgandum.
1050 580 1157 638 Sed
1198 580 1314 651 ipse
1344 578 1507 652 hujus
1533 578 1970 637 mansuetudinis
1994 590 2050 636 et
2078 588 2243 637 tanta

646 675 925 732 charitatis
957 674 1180 742 oblitus,
1212 672 1456 730 fructum
1493 672 1875 730 inobedientiae
1904 673 2099 731 matris
2127 689 2244 729 sua

646 771 914 825 Romana
939 767 1195 825 Ecclesia
1227 767 1427 823 dicitur
1449 766 1775 835 reddidisse,
1802 766 2139 840 privilegium
2164 782 2245 823 ve-

647 860 912 918 neranda
943 860 1229 917 memoria
1276 858 1638 917 antecesseris
1683 859 1857 915 nostri
1906 875 2060 931 papa
2106 860 2242 916 Ale-

647 954 853 1013 xandri
909 952 1328 1024 confringendo,
1382 960 1436 1008 et
1488 952 1965 1009 excommunicato
2011 968 2043 1009 a
2084 952 2244 1010 nobis

649 1047 903 1104 Eurardo
934 1046 1286 1118 impudenter
1308 1044 1799 1113 communicando,
1831 1055 1885 1102 et
1911 1061 2021 1101 non
2062 1046 2243 1103 solum

650 1142 835 1214 ipsam
860 1140 1169 1205 decaniam,
1196 1138 1292 1195 sed
1313 1137 1431 1195 fere
1455 1139 1641 1194 omnia
1656 1139 1914 1194 Ecclesia
1938 1138 2240 1194 ministeria

650 1233 956 1292 Simoniace
998 1231 1303 1300 vendendo,
1350 1248 1381 1287 a
1438 1235 1557 1288 Deo
1608 1247 1950 1303 suspensam,
2002 1239 2066 1285 ut
2109 1231 2242 1289 olim

647 1326 959 1399 apostolica
991 1324 1137 1381 sedis
1163 1325 1499 1382 sententiam
1528 1340 1757 1396 operum
1794 1340 2025 1381 suorum
2045 1324 2241 1396 nequi-

650 1420 728 1475 tia
754 1419 951 1476 merito
979 1419 1232 1475 videatur
1260 1420 1319 1474 in
1348 1434 1405 1475 se
1431 1434 1772 1490 provocasse.
1795 1416 1963 1475 Unde
1985 1418 2243 1475 volumus

650 1512 969 1585 religionem
996 1520 1147 1568 tuam
1190 1511 1487 1583 prafatum
1515 1511 1833 1584 episcopum
1864 1526 2239 1581 commonere,

654 1614 928 1677 quatenus
970 1608 1089 1662 Deo
1144 1613 1201 1661 et
1258 1606 1514 1662 Ecclesia
1559 1621 1674 1662 sua
1719 1603 2013 1661 satisfaciat
2062 1613 2117 1660 et
2167 1605 2240 1661 ita

652 1699 945 1756 emendare
974 1699 1213 1766 studeat,
1244 1705 1304 1754 ut
1332 1708 1387 1755 et
1415 1699 1637 1770 querela
1665 1698 1991 1755 clericorum
2013 1699 2239 1757 omnino

2352 485 2629 559 possidere
2668 485 3015 558 permittens,
3061 484 3269 541 nullam
3317 483 3583 556 deinceps
3621 483 3720 541 illis
3761 486 3906 545 mole-

2352 579 2517 636 stiam
2562 579 2779 635 inferas.
2820 578 3090 636 Volumus
3145 577 3291 634 enim
3342 593 3441 634 eos
3483 577 3564 633 sic
3591 587 3771 635 cuncta
3803 596 3907 652 qua

2352 672 2457 729 illis
2494 673 2868 745 prapositura
2910 680 3038 728 sunt
3072 671 3131 726 in
3169 671 3457 744 integrum
3508 671 3775 743 possidere
3798 688 3906 730 cum

2352 767 2504 821 omni
2535 768 2682 838 pacis
2724 767 2908 838 quiete
2943 774 3009 821 ut
3048 765 3398 837 privilegium
3436 764 3614 821 beata
3654 767 3907 823 memoria

2351 858 2767 931 pradecessoris
2808 859 2986 915 nostri
3016 858 3312 915 Alexandri
3345 874 3522 930 papa,
3553 874 3654 914 nec
3680 860 3735 914 in
3771 859 3908 915 minio

2350 968 2445 1008 ma
2487 952 2732 1025 qualibet
2777 961 2935 1024 parte
2979 950 3226 1008 videatur
3286 949 3542 1024 infringi.
3591 952 3733 1021 Quin
3769 953 3911 1008 etiam

2352 1045 2513 1116 praei
2520 1046 2701 1116 pimus
2726 1053 2789 1100 ut
2812 1044 3013 1100 abhinc
3032 1060 3201 1116 usque
3220 1047 3288 1100 ad
3304 1042 3661 1100 festivitatem
3681 1043 3910 1100 Omnium

2350 1141 2702 1208 Sanctorum,
2751 1146 2869 1194 tam
2906 1136 2974 1196 de
3015 1137 3101 1193 his
3142 1153 3313 1210 quam
3342 1140 3412 1192 de
3450 1138 3642 1192 multis
3679 1137 3788 1192 aliis
3814 1151 3912 1209 qua

2350 1230 2451 1286 tibi
2523 1230 2870 1303 objiciuntur,
2938 1231 3217 1286 rationem
3281 1228 3605 1286 redditurus
3649 1238 3702 1285 te
3756 1236 3912 1284 nostro

2349 1325 2664 1396 conspectui
2703 1331 3079 1395 reprasentes,
3119 1331 3173 1379 et
3204 1322 3437 1378 interim
3464 1322 3582 1378 bac
3609 1323 3788 1378 omnia
3812 1335 3913 1394 qua

2348 1417 2596 1488 superius
2626 1425 3011 1474 memorantur
3037 1416 3294 1473 canonici
3323 1425 3383 1473 et
3417 1416 3779 1481 Joschelinus,
3815 1428 3913 1485 qua

2350 1513 2527 1579 [forte,
2554 1509 2672 1583 qui,
2697 1511 2929 1580 Hum,
2944 1512 3024 1564 ita
3045 1513 3173 1565 etin
3192 1512 3418 1578 Mutin.]
3443 1509 3515 1565 ab
3533 1509 3612 1565 eis
3632 1507 3912 1581 prapositu-

2348 1618 2470 1660 ram
2498 1611 2667 1672 tenet,
2715 1602 2771 1658 in
2810 1619 2940 1675 pace
2984 1602 3319 1675 possideant,
3374 1601 3755 1673 abbatiamque
3781 1614 3913 1655 suam

2347 1694 2496 1753 idem
2520 1696 2862 1753 Joschelinus
2891 1712 3023 1753 cum
3051 1696 3309 1753 omnibus
3343 1696 3463 1753 suis
3492 1695 3612 1751 aliis
3641 1694 3791 1749 rebus
3812 1707 3911 1748 mo-

655 1794 922 1864 sopiatur,
950 1800 1006 1849 et
1050 1792 1278 1848 infamia
1306 1808 1402 1849 sua
1434 1769 1515 1848 ad
1554 1807 1714 1849 aures
1764 1794 2077 1863 apostolica
2106 1792 2251 1850 sedis
2280 1769 2327 1832 Β
2356 1791 2555 1847 bilibus
2593 1800 2649 1847 et
2675 1789 3048 1847 immobilibus
3088 1790 3343 1846 similiter
3383 1796 3598 1856 teneat,
3631 1794 3684 1843 et
3722 1787 3773 1842 in
3811 1800 3915 1857 pace

662 1886 895 1943 ulterius
919 1901 1085 1957 super
1112 1886 1196 1942 his
1219 1886 1532 1943 excessibus
1557 1901 1673 1941 non
1698 1885 1987 1943 referatur.
2014 1886 2175 1956 Quod
2203 1886 2251 1943 si

655 1978 794 2037 forte
832 1980 1027 2035 litteris
1068 1980 1293 2048 nostris,
1322 1996 1447 2051 qua
1493 1996 1589 2051 per
1621 1988 1676 2034 te
1705 1980 1806 2036 sibi
1853 1980 2170 2048 mittuntur,
2200 1987 2252 2035 et

657 2071 1073 2128 commonitioui
1111 2082 1222 2128 tua
1250 2072 1571 2129 inobediens
1624 2072 1916 2141 exstiterit,
1953 2074 2254 2129 auctorita-

657 2174 711 2222 te
747 2165 889 2221 beati
923 2165 1067 2220 Petri
1101 2165 1369 2237 principis
1408 2166 1817 2236 apostolorum,
1859 2182 2032 2237 usque
2059 2165 2130 2222 ad
2162 2165 2252 2222 di-

656 2274 820 2331 gnam
843 2257 1272 2315 satisfactionem
1302 2274 1332 2314 a
1365 2259 1760 2315 communione
1786 2260 2032 2331 corporis
2054 2268 2111 2317 et
2136 2275 2257 2316 san-

556 2420 557 2423 η
659 2350 839 2423 guinis
889 2351 1114 2407 Domini
1174 2351 1349 2407 nostri
1410 2355 1543 2408 Jesu
1596 2351 1803 2407 Christi
1846 2366 1976 2408 eum
2016 2367 2249 2424 separes,

658 2452 929 2516 quatenus
956 2452 1221 2515 quantum
1258 2443 1414 2501 factis
1455 2444 1566 2502 suis
1608 2445 1915 2501 Dominum
1959 2444 2255 2503 offenderit

660 2538 742 2593 vel
772 2539 825 2593 in
847 2539 954 2594 hoc
978 2546 1354 2611 recognoscat.

736 2634 876 2688 Data
896 2634 1096 2689 Roma
1119 2633 1285 2700 [deest
1300 2636 1542 2702 Roma],
1565 2648 1754 2690 mense
1772 2632 1968 2705 Aprili,
1990 2631 2103 2690 ind.
2126 2648 2250 2692 11v.

1172 2728 1523 2784 EPISTOLA
1566 2728 1747 2783 XVII.

772 2834 854 2878 AD
883 2834 1231 2878 BAINEBIUK
1247 2835 1585 2879 EPISCOPUM
1610 2835 2145 2880 AUBBLIANBNSBM.

1277 2917 1458 2978 (Anno
1474 2914 1655 2980 1076.)

666 3004 871 3075 Arguit
897 3020 1020 3060 eum
1048 3008 1403 3073 temeritatis,
1425 3007 1783 3075 pracipitque
1804 3009 1866 3058 ut
1888 3008 2170 3060 canonicos
2206 3012 2257 3061 et

737 3077 1099 3132 Joschelinum
1122 3079 1567 3146 praposituram,
1591 3076 1933 3131 Benedictum
1959 3092 2079 3130 vero
2100 3092 2257 3131 cano-

654 3194 677 3209 ,
737 3149 888 3201 niam
912 3147 1192 3217 possidere
1216 3150 1380 3207 sinat,
1412 3153 1462 3201 et
1490 3162 1794 3217 pauperum
1839 3148 2129 3201 canoniam
2175 3164 2264 3203 re-

733 3221 946 3279 stituat,
992 3218 1153 3272 donec
1175 3221 1395 3273 Romam
1432 3218 1498 3271 de
1530 3220 1641 3271 suis
1679 3218 1987 3271 criminibus
2002 3221 2261 3274 rationem

731 3288 1049 3344 redditurus
1070 3290 1273 3343 veniat.

738 3381 1100 3439 Gasoontus
1123 3381 1427 3454 episcopus,
1454 3396 1643 3438 servus
1665 3397 1948 3439 servorum
1976 3383 2099 3452 Dei,
2129 3386 2262 3441 Ru-

668 3489 854 3533 nsaio
895 3474 1276 3532 Aurelianensi
1324 3474 1608 3548 episcopo,
1655 3476 1886 3533 salutem
1934 3485 1990 3533 et
2029 3477 2257 3550 apostoli

670 3584 793 3625 eam
834 3567 1300 3637 benedictionem,
1344 3568 1390 3625 si
1432 3568 1724 3627 obedicrit.

742 3662 992 3718 Graviter
1032 3669 1088 3717 et
1128 3678 1300 3734 usque
1349 3662 1418 3719 ad
1446 3662 1817 3720 ulciscendam
1842 3671 1953 3720 tua
1979 3664 2258 3721 temerita-

668 3754 742 3810 tis
777 3753 1062 3811 audaciam
1091 3762 1282 3811 contra
1309 3763 1365 3812 te
1390 3756 1589 3813 merito
1634 3772 2125 3827 commoveremur,
2155 3757 2260 3813 nisi

671 3846 968 3919 apostolica
1021 3847 1450 3906 mansuetudine
1485 3850 1881 3908 detineremur.
1938 3853 2062 3924 Ipse
2108 3851 2260 3907 enim

674 3939 989 3997 meminisse
1014 3939 1180 3999 debes
1218 3951 1274 3998 et
1318 3952 1473 4014 potes
1508 3944 1742 4016 qualiter
1780 3943 2098 4001 veneranda
2134 3959 2261 4000 me-

676 4034 869 4091 moria
912 4034 1279 4107 pradecessor
1307 4045 1516 4105 noster,
1566 4036 1883 4095 Alexander
1912 4053 2051 4110 papa
2097 4036 2259 4094 deca-

671 4126 817 4183 niam
861 4127 952 4197 [de
997 4127 1241 4199 decania]
1269 4131 1481 4186 Sancta
1533 4130 1741 4200 Crucis,
1790 4131 1907 4188 viso
1942 4130 2260 4188 donationis

672 4231 783 4278 tua
808 4238 873 4280 ex
905 4223 1097 4280 eadem
1131 4226 1506 4297 prapositura.
1540 4224 1784 4293 decreto,
1819 4224 1958 4282 illud
1985 4225 2261 4283 canonicis

671 4316 779 4371 tuis
825 4315 1211 4391 deferentibus,
1244 4320 1323 4375 eis
1352 4334 1447 4391 per
1473 4319 1781 4375 munimina
1808 4319 2119 4392 apostolica
2164 4335 2261 4376 ro-

674 4410 997 4481 borationis,
1018 4412 1175 4484 juxta
1220 4430 1435 4471 morem
1462 4420 1570 4471 tua
1618 4414 1931 4471 donationis
1966 4414 2268 4472 conﬁrma-

2358 1884 2567 1941 nullam
2594 1884 3023 1940 controversiam
3057 1899 3088 1938 a
3112 1892 3167 1938 te
3193 1882 3382 1954 aliquo
3426 1881 3595 1939 modo
3634 1878 3914 1935 submissam

2357 1977 2616 2051 patiendo
2655 1976 2948 2050 possideat.
3002 1975 3335 2033 Benedictus
3388 1990 3609 2047 quoque
3665 1970 3915 2027 canoniam

2358 2087 2517 2128 suam
2544 2071 2646 2127 sub
2672 2069 2866 2127 eadem
2886 2070 3039 2141 pacis
3065 2069 3469 2142 tranquillitate
3498 2066 3708 2123 interim
3735 2064 3912 2119 habeat.

2360 2164 2719 2236 Pracipimus
2746 2163 2909 2219 etiam
2931 2171 2996 2219 ut
3019 2162 3309 2218 canoniam
3328 2176 3656 2219 concessam
3683 2155 3916 2213 alimonia:

2360 2273 2687 2330 pauperum,
2712 2274 2881 2331 quam
2911 2256 2980 2314 ab
3008 2273 3073 2313 eo
3103 2272 3207 2312 usu
3236 2255 3583 2312 subtractam
3609 2250 3789 2309 diceris
3816 2262 3914 2303 ven-

2358 2351 2584 2418 didisse,
2625 2350 2692 2406 ad
2722 2350 2981 2407 eumdem
3024 2366 3188 2407 usum
3216 2350 3500 2405 restituas.
3543 2346 3599 2403 Si
3627 2343 3825 2418 quidem
3846 2338 3916 2394 his

2358 2445 2559 2501 nostris
2587 2444 2868 2517 praceptis
2897 2460 2959 2499 ac
2980 2443 3206 2499 monitis
3254 2442 3581 2500 obedienter
3609 2440 3911 2506 obtempera-

2360 2540 2523 2607 veris,
2571 2547 2625 2593 et
2665 2553 2787 2610 qua
2816 2537 2873 2593 in
2902 2537 3005 2593 illis
3037 2537 3405 2593 continentur
3456 2542 3647 2592 cuncta
3686 2529 3911 2603 patienter

2361 2630 2696 2703 impleveris,
2770 2630 3076 2687 latabimur
3144 2638 3375 2703 propter
3430 2643 3617 2702 pacem
3681 2619 3911 2681 Ecclesia.

2362 2725 2607 2799 alioquin
2649 2726 2787 2781 scias
2848 2734 2902 2780 te
2945 2724 3012 2779 ab
3059 2724 3210 2779 omni
3257 2722 3560 2796 episcopali
3610 2717 3777 2776 officio
3818 2724 3910 2768 esse

2361 2835 2706 2893 suspensum,
2754 2827 2809 2875 et
2854 2835 2886 2875 a
2914 2818 3300 2875 communione
3340 2816 3583 2890 corporis
3609 2822 3659 2870 et
3684 2803 3914 2880 sanguinis

2364 2914 2589 2972 Domini
2618 2913 2790 2970 nostri
2813 2913 2844 2967 J
2848 2928 2943 2969 esu
2966 2910 3165 2969 Christi
3197 2919 3542 2984 separatum.

2435 3010 2577 3064 Data
2635 3010 2854 3077 Roma,
2910 3022 3102 3065 mense
3150 3004 3352 3078 Aprili,
3423 3002 3704 3064 indictione
3744 2993 3912 3054 decima

2298 3149 2344 3212 C
2370 3110 2582 3176 quarta.

2864 3196 3219 3253 EPISTOLA
3252 3196 3475 3253 XVIII.

2545 3314 2630 3355 AD
2657 3313 2976 3359 IIMEONBM
2998 3314 3343 3356 EPISCOPUH
3375 3314 3443 3356 IN
3472 3304 3774 3355 HISPANIA.

2949 3396 3147 3459 (ANNO
3206 3398 3393 3460 1076.)

2371 3488 2716 3545 Commendat
2745 3487 2859 3556 ejus
2888 3503 3018 3555 erga
3042 3490 3339 3542 Romanam
3366 3487 3650 3543 Ecclesium
3671 3478 3912 3556 observet?

2440 3562 2605 3613 tiam.
2640 3546 2903 3614 Hortatur
2926 3546 2988 3613 ut
3014 3559 3316 3628 apostolica
3341 3559 3488 3614 sedis
3516 3556 3711 3628 dea-etc
3733 3546 3916 3628 ﬂantis?

2439 3631 2812 3701 amplectatur,
2858 3634 2908 3684 et
2948 3625 3245 3685 Rantanum
3277 3630 3519 3684 ordinem
3568 3625 3915 3701 9138mm]:

2438 3680 2927 3771 aenigmata
2948 3680 3013 3754 gi
3026 3680 3492 3772 autiaceas;
3504 3697 3644 3772 sedis,
3665 3680 3915 3772 deaetqﬂf

2439 3752 2763 3826 etiam
3059 3752 3267 3839 armis
3288 3752 3357 3823 ab
3373 3752 3501 3825 illis
3530 3760 3801 3842 custodiri;

2438 3847 2613 3898 monet
2645 3846 2701 3896 ut
2743 3826 2804 3897 ea
2832 3845 2891 3896 in
2928 3826 3195 3912 Hispania
3223 3848 3273 3896 et
3300 3842 3535 3898 Gallicia
3564 3831 3759 3892 servari
3780 3826 3911 3881 curti-

2438 3946 2787 4003 GnBGonms
2814 3944 3118 4017 episcopus,
3166 3959 3354 4000 servus
3394 3953 3668 4001 servorum
3709 3930 3813 3994 Dei.
3841 3922 3914 3977 δι’

2368 4054 2557 4097 usos:
2577 4038 2969 4110 Hispaniarum
2988 4038 3262 4110 episcopo,
3278 4038 3519 4095 salutem
3542 4041 3596 4091 et
3613 4019 3916 4102 apostolicam

2368 4132 2829 4190 benedictionem.

2438 4227 2678 4299 Cognitis
2714 4225 3077 4283 fraternitatis
3120 4234 3230 4281 tua
3263 4225 3483 4293 litteris,
3527 4216 3715 4294 gaudio
3758 4213 3915 4299 stultus

2368 4295 2577 4393 repleti,
2620 4320 2881 4392 quoniam
2908 4335 3029 4375 eam
3062 4334 3232 4393 quam
3260 4334 3391 4393 erga
3434 4322 3730 4376 Romanam
3762 4295 3916 4393 Εωῑεξ·

2375 4384 2510 4469 siam
2539 4384 2709 4469 fidem
2735 4421 2792 4468 et
2817 4384 3167 4469 devotionem
3195 4384 3420 4487 gerist
3454 4411 3530 4468 eis
3556 4406 3703 4481 plene
3728 4384 3917 4468 agnati-

676 4508 831 4574 verit,
873 4517 929 4564 et
965 4508 1269 4580 subscripto
1295 4508 1643 4566 anathemate
1670 4508 1984 4580 apostolica
2024 4509 2265 4565 auctori-
2292 4525 2344 4587 Ι)
2373 4524 2517 4576 mus,
2549 4516 2604 4563 et
2650 4505 2802 4579 quod
2839 4522 2954 4563 non
2998 4506 3304 4564 adulterino
3348 4522 3472 4563 eam
3510 4514 3659 4558 more
3681 4493 3915 4587 ἁθξετξθξθν

675 4602 822 4669 tatis,
850 4610 965 4658 tam
993 4612 1048 4659 te
1076 4619 1241 4675 quam
1269 4618 1471 4660 omnes
1498 4602 1767 4669 homines,
1796 4619 1828 4658 a
1864 4602 2119 4658 violentia
2147 4602 2266 4674 jam

678 4694 836 4751 dicta
881 4696 1251 4768 prapositura
1280 4712 1374 4768 per
1417 4697 1768 4770 privilegium
1819 4712 1935 4753 sua
1975 4695 2267 4752 confirma-

674 4787 1263 4859 tioniscompescuerit.
1288 4790 1456 4862 Cujus
1474 4790 1766 4848 anathema
1795 4790 2267 4846 excommunicato

674 4881 923 4937 Eurardo
951 4882 1273 4950 [Everardo]
1306 4883 1791 4951 communicando,
1816 4883 2072 4957 quodque
2098 4884 2267 4940 etiam

671 4974 862 5032 durius
892 4983 977 5031 est
1015 4975 1175 5044 (sicut
1199 4974 1416 5041 dicitur)
1441 4975 1511 5031 ab
1540 4990 1606 5031 eo
1645 4976 1883 5046 pretium
1922 4978 2258 5049 accipiendo,

673 5068 971 5124 temerario
1014 5083 1151 5124 ausu
1197 5067 1472 5123 incurrere
1510 5083 1629 5124 non
1674 5069 1932 5137 timuisti,
1976 5079 2032 5127 et
2084 5079 2259 5128 totam

675 5160 975 5219 Ecclesiam
1003 5158 1321 5232 perturbare
1344 5159 1555 5217 nefario
1580 5160 1720 5217 fastu
1750 5164 2021 5235 superbia
2063 5164 2259 5221 ductus

672 5270 773 5326 pro
826 5253 995 5310 nihilo
1058 5253 1311 5310 habuisti.
1358 5253 1523 5312 Unde
1574 5258 2057 5329 prasumptionem
2104 5266 2259 5315 tuam

672 5347 813 5420 iuste
859 5346 1081 5420 quidem
1128 5363 1385 5405 coercere
1431 5350 1746 5420 apostolica
1788 5351 2265 5409 animadversionis

674 5439 914 5497 vindicta
959 5441 1305 5511 deberemus,
1353 5441 1448 5499 sed
1487 5458 1583 5515 spe
1626 5442 1827 5500 futura
1876 5444 2268 5502 emendationis

676 5533 858 5592 adhuc
888 5550 1145 5592 excessus
1196 5543 1321 5592 tuos
1349 5535 1689 5594 sufferimus.
1726 5538 2045 5610 Apostolica
2092 5539 2275 5612 itaque

674 5627 774 5686 tibi
805 5630 1126 5686 auctoritate
1156 5630 1525 5703 pracipimus,
1554 5640 1831 5701 quatenus
1856 5646 1891 5687 a
1920 5640 2071 5690 tanta
2097 5642 2273 5690 teme-

673 5723 834 5781 ritate
857 5722 972 5794 jam
1002 5724 1249 5780 animum
1294 5741 1537 5794 revoces,
1579 5734 1633 5781 et
1661 5724 1986 5797 pradictam
2018 5728 2277 5800 praeposi-

673 5825 855 5873 turam
883 5816 1181 5887 canonicis,
1220 5827 1271 5874 et
1306 5819 1623 5875 Josclielino
1648 5818 1739 5891 qui
1768 5834 1893 5876 eam
1917 5821 2275 5888 [Loschelino

2371 4601 2469 4659 sed
2506 4574 2770 4675 legitima
2808 4601 2974 4674 prolis
3041 4600 3383 4657 successione
3429 4590 3672 4670 amplecti
3736 4574 3918 4675 deside?

2371 4712 2480 4754 ras.
2528 4670 2888 4769 Quapropter,
2932 4693 3248 4751 charissime
3295 4693 3486 4761 frater,
3545 4694 3747 4746 necesse
3772 4677 3851 4769 γθεε
3872 4670 3919 4720 οῖ

2372 4791 2515 4848 bene
2542 4768 2850 4861 inemptum
2876 4796 3024 4845 recto
3054 4788 3248 4845 itinere
3285 4787 3599 4861 gradiatur;
3651 4787 3745 4832 nec
3769 4768 3919 4861 b8“:

2374 4885 2484 4940 tica
2530 4855 2706 4940 debet.
2733 4883 2994 4955 pravitate
3026 4881 3199 4937 minui
3235 4855 3385 4954 quod
3419 4873 3704 4953 apostolica
3740 4855 3920 4952 cons”?

2375 4976 2668 5034 traditione
2713 4976 3005 5033 sancitum.
3068 4975 3385 5047 Apostolica
3441 4973 3581 5030 enim
3624 4960 3788 5022 sed“?

2377 5071 2627 5145 quamvis
2669 5071 2925 5128 immeriti
2976 5073 3096 5126 Deo
3133 5078 3361 5126 auctore
3411 5061 3767 5142 prasidemusi

2378 5133 2718 5239 gubernante
2765 5165 2920 5220 ﬁrma
2973 5164 3273 5235 permansit
3319 5163 3389 5219 ab
3413 5133 3431 5142 -
3458 5157 3585 5233 ipsis
3627 5133 3917 5239 primordii?

2379 5230 2556 5331 eoque
2591 5266 2781 5313 tuente
2820 5230 3021 5313 illibata
3061 5266 3321 5329 perpetuo
3350 5230 3694 5328 permanebit,
3721 5230 3918 5331 te“???

2380 5314 2578 5408 eodem
2606 5351 2844 5407 Domino
2877 5371 2890 5406 :
2924 5354 3037 5421 Ego
3060 5314 3177 5422 ‘pro‘
3193 5356 3243 5406 te
3283 5314 3493 5420 rogavi,
3534 5345 3595 5398 ut
3620 5349 3721 5393 ηοη
3742 5314 3916 5422 dem

2380 5447 2508 5516 ﬁdes
2535 5449 2661 5511 tua;
2692 5450 2743 5499 et
2772 5450 2852 5508 tu,
2894 5414 3192 5516 aliquando
3220 5414 3496 5500 conuersus
3515 5482 3532 5503 ,
3814 5414 3917 5527 ff:

2383 5507 2489 5594 tres
2512 5507 2803 5606 tuos'(Luc.
2838 5507 3041 5609 xxxii).
3064 5539 3165 5596 His
3188 5539 3377 5610 itaque
3399 5535 3531 5592 fulta
3556 5507 3915 5610 ρι’ωείάίίεξίῗ

2383 5650 2545 5690 mana
2571 5642 2625 5690 te
2651 5599 2802 5706 cupit
2831 5632 2969 5691 scire
3001 5599 3250 5691 Ecclesia
3280 5599 3432 5705 quod
3458 5599 3611 5686 ﬁlios,
3632 5623 3758 5689 ςυοε

2381 5737 2466 5784 sto
2506 5727 2700 5796 nutrit,
2725 5687 2841 5783 ἶ]οη
2871 5727 3094 5782 diversis
3124 5687 3406 5793 uberibus,
3436 5733 3534 5776 nec
3572 5687 3917 5826 (ξὶἷθΐῖῗὶξῖυῗξ

2381 5820 2528 5878 alere
2554 5822 2715 5892 lacte,
2746 5830 2829 5891 ut,
2854 5821 3155 5878 secundum
3188 5819 3529 5893 Apostolum,
3560 5807 3661 5863 sint
3680 5799 3847 5852 unum.
3870 5790 3895 5829 ε
