  <div class='ocr_page' id='page_1' title='image "/cluster/home/n/w/nwhite01/storage/ocr_20150623/148/hvd.32044054760061/230.png"; bbox 0 0 4144 6184; ppageno 0'>
   <div class='ocr_carea' id='block_1_1' title="bbox 207 196 310 251">
    <p class='ocr_par' dir='ltr' id='par_1_1' title="bbox 207 196 310 251">
     <span class='ocr_line' id='line_1_1' title="bbox 207 196 310 251; baseline 0 0"><span class='ocrx_word' id='word_1_1' title='bbox 207 196 310 251; x_wconf 65' lang='grc'><strong>449</strong></span> 
     </span>
    </p>
   </div>
   <div class='ocr_carea' id='block_1_2' title="bbox 1329 201 2380 263">
    <p class='ocr_par' dir='ltr' id='par_1_2' title="bbox 1329 201 2380 263">
     <span class='ocr_line' id='line_1_2' title="bbox 1329 201 2380 263; baseline 0.001 -6"><span class='ocrx_word' id='word_1_2' title='bbox 1329 201 1525 259; x_wconf 78' lang='lat' dir='ltr'><strong>LIBER</strong></span> <span class='ocrx_word' id='word_1_3' title='bbox 1561 203 1862 262; x_wconf 82' lang='lat' dir='ltr'><strong>TERTIUS.</strong></span> <span class='ocrx_word' id='word_1_4' title='bbox 1902 236 1970 245; x_wconf 93' lang='lat'><strong><em>—</em></strong></span> <span class='ocrx_word' id='word_1_5' title='bbox 2008 206 2214 263; x_wconf 86' lang='lat' dir='ltr'><strong>EPIST.</strong></span> <span class='ocrx_word' id='word_1_6' title='bbox 2254 204 2380 261; x_wconf 83' lang='lat' dir='ltr'><strong>XXI.</strong></span> 
     </span>
    </p>
   </div>
   <div class='ocr_carea' id='block_1_3' title="bbox 3395 209 3498 263">
    <p class='ocr_par' dir='ltr' id='par_1_3' title="bbox 3395 209 3498 263">
     <span class='ocr_line' id='line_1_3' title="bbox 3395 209 3498 263; baseline 0.01 -1"><span class='ocrx_word' id='word_1_7' title='bbox 3395 209 3498 263; x_wconf 73' lang='grc'><strong>450</strong></span> 
     </span>
    </p>
   </div>
   <div class='ocr_carea' id='block_1_4' title="bbox 201 318 3498 404">
    <p class='ocr_par' dir='ltr' id='par_1_4' title="bbox 201 318 3498 404">
     <span class='ocr_line' id='line_1_4' title="bbox 201 318 3498 404; baseline 0.003 -30"><span class='ocrx_word' id='word_1_8' title='bbox 201 335 315 375; x_wconf 88' lang='lat' dir='ltr'><strong>non</strong></span> <span class='ocrx_word' id='word_1_9' title='bbox 347 318 465 376; x_wconf 87' lang='lat' dir='ltr'><strong>sint</strong></span> <span class='ocrx_word' id='word_1_10' title='bbox 493 318 549 374; x_wconf 89' lang='lat' dir='ltr'><strong>in</strong></span> <span class='ocrx_word' id='word_1_11' title='bbox 575 319 654 376; x_wconf 88' lang='lat' dir='ltr'><strong>eis</strong></span> <span class='ocrx_word' id='word_1_12' title='bbox 692 318 989 378; x_wconf 81' lang='lat' dir='ltr'><strong>schismata</strong></span> <span class='ocrx_word' id='word_1_13' title='bbox 1033 326 1081 390; x_wconf 89' lang='grc'><strong>(1</strong></span> <span class='ocrx_word' id='word_1_14' title='bbox 1113 325 1228 382; x_wconf 89' lang='lat' dir='ltr'><strong>Cor.</strong></span> <span class='ocrx_word' id='word_1_15' title='bbox 1271 331 1313 392; x_wconf 85' lang='grc' dir='ltr'><strong>ι)</strong></span> <span class='ocrx_word' id='word_1_16' title='bbox 1346 345 1359 381; x_wconf 91' lang='lat'><strong>:</strong></span> <span class='ocrx_word' id='word_1_17' title='bbox 1409 328 1655 401; x_wconf 84' lang='lat' dir='ltr'><strong>alioquin</strong></span> <span class='ocrx_word' id='word_1_18' title='bbox 1684 346 1796 387; x_wconf 90' lang='lat' dir='ltr'><strong>non</strong></span> <span class='ocrx_word' id='word_1_19' title='bbox 1823 336 1877 399; x_wconf 85' lang='grc' dir='ltr'><strong>Α</strong></span> <span class='ocrx_word' id='word_1_20' title='bbox 1899 340 1955 388; x_wconf 89' lang='lat' dir='ltr'><strong>et</strong></span> <span class='ocrx_word' id='word_1_21' title='bbox 1998 331 2196 404; x_wconf 83' lang='lat' dir='ltr'><strong>pepulo</strong></span> <span class='ocrx_word' id='word_1_22' title='bbox 2224 327 2565 402; x_wconf 86' lang='lat' dir='ltr'><strong>Hipponensi</strong></span> <span class='ocrx_word' id='word_1_23' title='bbox 2608 328 2667 383; x_wconf 92' lang='lat' dir='ltr'><strong>in</strong></span> <span class='ocrx_word' id='word_1_24' title='bbox 2713 325 3043 383; x_wconf 81' lang='lat' dir='ltr'><strong>Mauritania</strong></span> <span class='ocrx_word' id='word_1_25' title='bbox 3088 326 3415 400; x_wconf 87' lang='lat' dir='ltr'><strong>Sitiphensi,</strong></span> <span class='ocrx_word' id='word_1_26' title='bbox 3442 331 3498 386; x_wconf 88' lang='lat' dir='ltr'><strong>id</strong></span> 
     </span>
    </p>
   </div>
   <div class='ocr_carea' id='block_1_5' title="bbox 201 412 3499 505">
    <p class='ocr_par' dir='ltr' id='par_1_5' title="bbox 201 412 3499 505">
     <span class='ocr_line' id='line_1_5' title="bbox 201 412 3499 505; baseline 0.003 -38"><span class='ocrx_word' id='word_1_27' title='bbox 201 420 403 477; x_wconf 91' lang='lat' dir='ltr'><strong>mater,</strong></span> <span class='ocrx_word' id='word_1_28' title='bbox 427 412 524 469; x_wconf 87' lang='lat' dir='ltr'><strong>sed</strong></span> <span class='ocrx_word' id='word_1_29' title='bbox 550 413 741 470; x_wconf 87' lang='lat' dir='ltr'><strong>scissio</strong></span> <span class='ocrx_word' id='word_1_30' title='bbox 784 424 1090 473; x_wconf 84' lang='lat' dir='ltr'><strong>vocaretur.</strong></span> <span class='ocrx_word' id='word_1_31' title='bbox 1119 418 1469 492; x_wconf 80' lang='lat' dir='ltr'><strong>Quapropter</strong></span> <span class='ocrx_word' id='word_1_32' title='bbox 1496 431 1698 479; x_wconf 92' lang='lat' dir='ltr'><strong>notum</strong></span> <span class='ocrx_word' id='word_1_33' title='bbox 1727 424 1799 480; x_wconf 91' lang='lat' dir='ltr'><strong>sit</strong></span> <span class='ocrx_word' id='word_1_34' title='bbox 1895 433 1979 481; x_wconf 90' lang='lat' dir='ltr'><strong>est</strong></span> <span class='ocrx_word' id='word_1_35' title='bbox 1998 424 2055 480; x_wconf 90' lang='lat' dir='ltr'><strong>in</strong></span> <span class='ocrx_word' id='word_1_36' title='bbox 2080 422 2282 491; x_wconf 84' lang='lat' dir='ltr'><strong>Africa,</strong></span> <span class='ocrx_word' id='word_1_37' title='bbox 2309 421 2637 488; x_wconf 78' lang='lat' dir='ltr'><strong>constitutis,</strong></span> <span class='ocrx_word' id='word_1_38' title='bbox 2658 420 2895 478; x_wconf 87' lang='lat' dir='ltr'><strong>salutem</strong></span> <span class='ocrx_word' id='word_1_39' title='bbox 2920 429 2976 477; x_wconf 89' lang='lat' dir='ltr'><strong>et</strong></span> <span class='ocrx_word' id='word_1_40' title='bbox 3006 421 3372 493; x_wconf 88' lang='lat' dir='ltr'><strong>apostolicam</strong></span> <span class='ocrx_word' id='word_1_41' title='bbox 3393 422 3499 505; x_wconf 42' lang='lat' dir='ltr'><strong>bef</strong></span> 
     </span>
    </p>
   </div>
   <div class='ocr_carea' id='block_1_6' title="bbox 198 505 1797 586">
    <p class='ocr_par' dir='ltr' id='par_1_6' title="bbox 198 505 1797 586">
     <span class='ocr_line' id='line_1_6' title="bbox 198 505 1797 586; baseline 0.008 -25"><span class='ocrx_word' id='word_1_42' title='bbox 198 505 294 561; x_wconf 84' lang='lat' dir='ltr'><strong>tibi</strong></span> <span class='ocrx_word' id='word_1_43' title='bbox 339 505 668 580; x_wconf 87' lang='lat' dir='ltr'><strong>cunctisque</strong></span> <span class='ocrx_word' id='word_1_44' title='bbox 692 507 897 565; x_wconf 80' lang='lat' dir='ltr'><strong>Christi</strong></span> <span class='ocrx_word' id='word_1_45' title='bbox 922 509 1176 568; x_wconf 91' lang='lat' dir='ltr'><strong>ﬁdelibus</strong></span> <span class='ocrx_word' id='word_1_46' title='bbox 1226 527 1393 585; x_wconf 84' lang='lat' dir='ltr'><strong>super</strong></span> <span class='ocrx_word' id='word_1_47' title='bbox 1421 514 1621 586; x_wconf 86' lang='lat' dir='ltr'><strong>quibus</strong></span> <span class='ocrx_word' id='word_1_48' title='bbox 1659 531 1797 572; x_wconf 89' lang='lat' dir='ltr'><strong>con-</strong></span> 
     </span>
    </p>
   </div>
   <div class='ocr_carea' id='block_1_7' title="bbox 200 596 1793 675">
    <p class='ocr_par' dir='ltr' id='par_1_7' title="bbox 200 596 1793 675">
     <span class='ocr_line' id='line_1_7' title="bbox 200 596 1793 675; baseline 0.008 -21"><span class='ocrx_word' id='word_1_49' title='bbox 200 598 419 655; x_wconf 80' lang='lat' dir='ltr'><strong>suluisti</strong></span> <span class='ocrx_word' id='word_1_50' title='bbox 450 596 602 671; x_wconf 89' lang='lat' dir='ltr'><strong>quod</strong></span> <span class='ocrx_word' id='word_1_51' title='bbox 629 599 871 669; x_wconf 86' lang='lat' dir='ltr'><strong>decreta,</strong></span> <span class='ocrx_word' id='word_1_52' title='bbox 907 618 1032 675; x_wconf 88' lang='lat' dir='ltr'><strong>qua</strong></span> <span class='ocrx_word' id='word_1_53' title='bbox 1058 620 1090 660; x_wconf 92' lang='lat' dir='ltr'><strong>a</strong></span> <span class='ocrx_word' id='word_1_54' title='bbox 1118 604 1304 675; x_wconf 88' lang='lat' dir='ltr'><strong>nobis,</strong></span> <span class='ocrx_word' id='word_1_55' title='bbox 1335 604 1447 663; x_wconf 92' lang='lat' dir='ltr'><strong>imo</strong></span> <span class='ocrx_word' id='word_1_56' title='bbox 1477 623 1508 663; x_wconf 92' lang='lat' dir='ltr'><strong>a</strong></span> <span class='ocrx_word' id='word_1_57' title='bbox 1536 611 1793 666; x_wconf 84' lang='lat' dir='ltr'><strong>Romana</strong></span> 
     </span>
    </p>
   </div>
   <div class='ocr_carea' id='block_1_8' title="bbox 199 694 1799 775">
    <p class='ocr_par' dir='ltr' id='par_1_8' title="bbox 199 694 1799 775">
     <span class='ocr_line' id='line_1_8' title="bbox 199 694 1799 775; baseline 0.007 -27"><span class='ocrx_word' id='word_1_58' title='bbox 199 699 422 749; x_wconf 89' lang='lat' dir='ltr'><strong>constat</strong></span> <span class='ocrx_word' id='word_1_59' title='bbox 438 694 685 750; x_wconf 83' lang='lat' dir='ltr'><strong>Ecclesia</strong></span> <span class='ocrx_word' id='word_1_60' title='bbox 712 696 918 767; x_wconf 89' lang='lat' dir='ltr'><strong>prolata</strong></span> <span class='ocrx_word' id='word_1_61' title='bbox 943 696 1056 753; x_wconf 88' lang='lat' dir='ltr'><strong>sive</strong></span> <span class='ocrx_word' id='word_1_62' title='bbox 1073 698 1419 768; x_wconf 90' lang='lat' dir='ltr'><strong>conﬁrmata,</strong></span> <span class='ocrx_word' id='word_1_63' title='bbox 1442 701 1502 756; x_wconf 90' lang='lat' dir='ltr'><strong>in</strong></span> <span class='ocrx_word' id='word_1_64' title='bbox 1530 718 1799 775; x_wconf 91' lang='lat' dir='ltr'><strong>peragen-</strong></span> 
     </span>
    </p>
   </div>
   <div class='ocr_carea' id='block_1_9' title="bbox 196 784 1800 860">
    <p class='ocr_par' dir='ltr' id='par_1_9' title="bbox 196 784 1800 860">
     <span class='ocr_line' id='line_1_9' title="bbox 196 784 1800 860; baseline 0.007 -19"><span class='ocrx_word' id='word_1_65' title='bbox 196 784 283 841; x_wconf 87' lang='lat' dir='ltr'><strong>dis</strong></span> <span class='ocrx_word' id='word_1_66' title='bbox 311 803 345 842; x_wconf 88' lang='lat' dir='ltr'><strong>a</strong></span> <span class='ocrx_word' id='word_1_67' title='bbox 371 786 529 843; x_wconf 81' lang='lat' dir='ltr'><strong>vobis</strong></span> <span class='ocrx_word' id='word_1_68' title='bbox 555 787 803 860; x_wconf 87' lang='lat' dir='ltr'><strong>ejusdem</strong></span> <span class='ocrx_word' id='word_1_69' title='bbox 833 790 1089 847; x_wconf 86' lang='lat' dir='ltr'><strong>Ecclesia</strong></span> <span class='ocrx_word' id='word_1_70' title='bbox 1112 791 1315 849; x_wconf 91' lang='lat' dir='ltr'><strong>ofﬁciis</strong></span> <span class='ocrx_word' id='word_1_71' title='bbox 1344 793 1669 851; x_wconf 91' lang='lat' dir='ltr'><strong>inconcussa</strong></span> <span class='ocrx_word' id='word_1_72' title='bbox 1696 812 1800 853; x_wconf 86' lang='lat' dir='ltr'><strong>vo-</strong></span> 
     </span>
    </p>
   </div>
   <div class='ocr_carea' id='block_1_10' title="bbox 196 879 1800 961">
    <p class='ocr_par' dir='ltr' id='par_1_10' title="bbox 196 879 1800 961">
     <span class='ocr_line' id='line_1_10' title="bbox 196 879 1800 961; baseline 0.006 -26"><span class='ocrx_word' id='word_1_73' title='bbox 196 879 389 936; x_wconf 87' lang='lat' dir='ltr'><strong>lumus</strong></span> <span class='ocrx_word' id='word_1_74' title='bbox 434 894 778 953; x_wconf 85' lang='lat' dir='ltr'><strong>permanere,</strong></span> <span class='ocrx_word' id='word_1_75' title='bbox 816 897 921 939; x_wconf 89' lang='lat' dir='ltr'><strong>nec</strong></span> <span class='ocrx_word' id='word_1_76' title='bbox 960 884 1040 939; x_wconf 91' lang='lat' dir='ltr'><strong>eis</strong></span> <span class='ocrx_word' id='word_1_77' title='bbox 1084 886 1462 956; x_wconf 88' lang='lat' dir='ltr'><strong>acquiescere,</strong></span> <span class='ocrx_word' id='word_1_78' title='bbox 1509 888 1603 959; x_wconf 92' lang='lat' dir='ltr'><strong>qui</strong></span> <span class='ocrx_word' id='word_1_79' title='bbox 1645 889 1800 961; x_wconf 89' lang='lat' dir='ltr'><strong>lupo-</strong></span> 
     </span>
    </p>
   </div>
   <div class='ocr_carea' id='block_1_11' title="bbox 194 973 1800 1039">
    <p class='ocr_par' dir='ltr' id='par_1_11' title="bbox 194 973 1800 1039">
     <span class='ocr_line' id='line_1_11' title="bbox 194 973 1800 1039; baseline 0.006 -10"><span class='ocrx_word' id='word_1_80' title='bbox 194 988 319 1029; x_wconf 89' lang='lat' dir='ltr'><strong>rum</strong></span> <span class='ocrx_word' id='word_1_81' title='bbox 335 973 616 1030; x_wconf 86' lang='lat' dir='ltr'><strong>morsibus</strong></span> <span class='ocrx_word' id='word_1_82' title='bbox 644 983 699 1031; x_wconf 90' lang='lat' dir='ltr'><strong>et</strong></span> <span class='ocrx_word' id='word_1_83' title='bbox 721 976 1113 1033; x_wconf 89' lang='lat' dir='ltr'><strong>veneﬁciorum</strong></span> <span class='ocrx_word' id='word_1_84' title='bbox 1132 979 1423 1036; x_wconf 89' lang='lat' dir='ltr'><strong>molimine</strong></span> <span class='ocrx_word' id='word_1_85' title='bbox 1444 995 1543 1036; x_wconf 90' lang='lat' dir='ltr'><strong>vos</strong></span> <span class='ocrx_word' id='word_1_86' title='bbox 1571 981 1800 1039; x_wconf 91' lang='lat' dir='ltr'><strong>inﬁcere</strong></span> 
     </span>
    </p>
   </div>
   <div class='ocr_carea' id='block_1_12' title="bbox 194 1065 1802 1148">
    <p class='ocr_par' dir='ltr' id='par_1_12' title="bbox 194 1065 1802 1148">
     <span class='ocr_line' id='line_1_12' title="bbox 194 1065 1802 1148; baseline 0.005 -25"><span class='ocrx_word' id='word_1_87' title='bbox 194 1065 534 1124; x_wconf 85' lang='lat' dir='ltr'><strong>desiderant.</strong></span> <span class='ocrx_word' id='word_1_88' title='bbox 567 1069 682 1124; x_wconf 91' lang='lat' dir='ltr'><strong>Nec</strong></span> <span class='ocrx_word' id='word_1_89' title='bbox 725 1068 1044 1127; x_wconf 88' lang='lat' dir='ltr'><strong>dubitamus</strong></span> <span class='ocrx_word' id='word_1_90' title='bbox 1087 1072 1257 1143; x_wconf 90' lang='lat' dir='ltr'><strong>quod,</strong></span> <span class='ocrx_word' id='word_1_91' title='bbox 1312 1072 1616 1130; x_wconf 89' lang='lat' dir='ltr'><strong>secundum</strong></span> <span class='ocrx_word' id='word_1_92' title='bbox 1656 1082 1802 1148; x_wconf 82' lang='lat' dir='ltr'><strong>Apo-</strong></span> 
     </span>
    </p>
   </div>
   <div class='ocr_carea' id='block_1_13' title="bbox 194 1160 1798 1240">
    <p class='ocr_par' dir='ltr' id='par_1_13' title="bbox 194 1160 1798 1240">
     <span class='ocr_line' id='line_1_13' title="bbox 194 1160 1798 1240; baseline 0.005 -23"><span class='ocrx_word' id='word_1_93' title='bbox 194 1160 427 1228; x_wconf 86' lang='lat' dir='ltr'><strong>stolum,</strong></span> <span class='ocrx_word' id='word_1_94' title='bbox 472 1162 747 1218; x_wconf 86' lang='lat' dir='ltr'><strong>introeant</strong></span> <span class='ocrx_word' id='word_1_95' title='bbox 798 1164 858 1218; x_wconf 91' lang='lat' dir='ltr'><strong>in</strong></span> <span class='ocrx_word' id='word_1_96' title='bbox 912 1178 1008 1220; x_wconf 91' lang='lat' dir='ltr'><strong>vos</strong></span> <span class='ocrx_word' id='word_1_97' title='bbox 1061 1164 1173 1236; x_wconf 88' lang='lat' dir='ltr'><strong>lupi</strong></span> <span class='ocrx_word' id='word_1_98' title='bbox 1219 1181 1429 1237; x_wconf 78' lang='lat' dir='ltr'><strong>graves,</strong></span> <span class='ocrx_word' id='word_1_99' title='bbox 1480 1168 1594 1239; x_wconf 89' lang='lat' dir='ltr'><strong>lupi</strong></span> <span class='ocrx_word' id='word_1_100' title='bbox 1641 1184 1798 1240; x_wconf 86' lang='lat' dir='ltr'><strong>rapa-</strong></span> 
     </span>
    </p>
   </div>
   <div class='ocr_carea' id='block_1_14' title="bbox 198 1255 1801 1330">
    <p class='ocr_par' dir='ltr' id='par_1_14' title="bbox 198 1255 1801 1330">
     <span class='ocr_line' id='line_1_14' title="bbox 198 1255 1801 1330; baseline 0.004 -19"><span class='ocrx_word' id='word_1_101' title='bbox 198 1270 311 1321; x_wconf 90' lang='lat' dir='ltr'><strong>ces,</strong></span> <span class='ocrx_word' id='word_1_102' title='bbox 353 1271 473 1311; x_wconf 89' lang='lat' dir='ltr'><strong>non</strong></span> <span class='ocrx_word' id='word_1_103' title='bbox 508 1264 789 1327; x_wconf 86' lang='lat' dir='ltr'><strong>parcentes</strong></span> <span class='ocrx_word' id='word_1_104' title='bbox 823 1255 972 1328; x_wconf 84' lang='lat' dir='ltr'><strong>(Act.</strong></span> <span class='ocrx_word' id='word_1_105' title='bbox 1016 1262 1141 1327; x_wconf 86' lang='lat' dir='ltr'><strong>xx),</strong></span> <span class='ocrx_word' id='word_1_106' title='bbox 1190 1258 1390 1330; x_wconf 88' lang='lat' dir='ltr'><strong>quibus</strong></span> <span class='ocrx_word' id='word_1_107' title='bbox 1430 1261 1801 1318; x_wconf 88' lang='lat' dir='ltr'><strong>resistendum</strong></span> 
     </span>
    </p>
   </div>
   <div class='ocr_carea' id='block_1_15' title="bbox 204 1347 1799 1423">
    <p class='ocr_par' dir='ltr' id='par_1_15' title="bbox 204 1347 1799 1423">
     <span class='ocr_line' id='line_1_15' title="bbox 204 1347 1799 1423; baseline 0.004 -19"><span class='ocrx_word' id='word_1_108' title='bbox 204 1347 426 1405; x_wconf 84' lang='lat' dir='ltr'><strong>fortiter</strong></span> <span class='ocrx_word' id='word_1_109' title='bbox 473 1357 558 1405; x_wconf 91' lang='lat' dir='ltr'><strong>est</strong></span> <span class='ocrx_word' id='word_1_110' title='bbox 606 1349 664 1405; x_wconf 91' lang='lat' dir='ltr'><strong>in</strong></span> <span class='ocrx_word' id='word_1_111' title='bbox 712 1348 841 1406; x_wconf 90' lang='lat' dir='ltr'><strong>ﬁde.</strong></span> <span class='ocrx_word' id='word_1_112' title='bbox 899 1349 1166 1423; x_wconf 88' lang='lat' dir='ltr'><strong>Ideoque,</strong></span> <span class='ocrx_word' id='word_1_113' title='bbox 1207 1350 1569 1411; x_wconf 87' lang='lat' dir='ltr'><strong>dilectissime</strong></span> <span class='ocrx_word' id='word_1_114' title='bbox 1608 1353 1799 1423; x_wconf 88' lang='lat' dir='ltr'><strong>frater,</strong></span> 
     </span>
    </p>
   </div>
   <div class='ocr_carea' id='block_1_16' title="bbox 204 1442 1798 1520">
    <p class='ocr_par' dir='ltr' id='par_1_16' title="bbox 204 1442 1798 1520">
     <span class='ocr_line' id='line_1_16' title="bbox 204 1442 1798 1520; baseline 0.004 -22"><span class='ocrx_word' id='word_1_115' title='bbox 204 1452 352 1499; x_wconf 86' lang='lat' dir='ltr'><strong>certa</strong></span> <span class='ocrx_word' id='word_1_116' title='bbox 381 1450 438 1499; x_wconf 91' lang='lat' dir='ltr'><strong>et</strong></span> <span class='ocrx_word' id='word_1_117' title='bbox 466 1459 636 1516; x_wconf 90' lang='lat' dir='ltr'><strong>usque</strong></span> <span class='ocrx_word' id='word_1_118' title='bbox 665 1442 735 1500; x_wconf 89' lang='lat' dir='ltr'><strong>ad</strong></span> <span class='ocrx_word' id='word_1_119' title='bbox 762 1444 1049 1517; x_wconf 84' lang='lat' dir='ltr'><strong>sanguinis</strong></span> <span class='ocrx_word' id='word_1_120' title='bbox 1075 1442 1427 1515; x_wconf 81' lang='lat' dir='ltr'><strong>effusionem,</strong></span> <span class='ocrx_word' id='word_1_121' title='bbox 1455 1447 1502 1503; x_wconf 91' lang='lat' dir='ltr'><strong>si</strong></span> <span class='ocrx_word' id='word_1_122' title='bbox 1538 1456 1798 1520; x_wconf 90' lang='lat' dir='ltr'><strong>opportu-</strong></span> 
     </span>
    </p>
   </div>
   <div class='ocr_carea' id='block_1_17' title="bbox 202 1535 1798 1613">
    <p class='ocr_par' dir='ltr' id='par_1_17' title="bbox 202 1535 1798 1613">
     <span class='ocr_line' id='line_1_17' title="bbox 202 1535 1798 1613; baseline 0.004 -20"><span class='ocrx_word' id='word_1_123' title='bbox 202 1553 338 1593; x_wconf 91' lang='lat' dir='ltr'><strong>num</strong></span> <span class='ocrx_word' id='word_1_124' title='bbox 368 1535 555 1605; x_wconf 89' lang='lat' dir='ltr'><strong>fuerit,</strong></span> <span class='ocrx_word' id='word_1_125' title='bbox 583 1537 813 1595; x_wconf 90' lang='lat' dir='ltr'><strong>desuda.</strong></span> <span class='ocrx_word' id='word_1_126' title='bbox 844 1538 1142 1612; x_wconf 85' lang='lat' dir='ltr'><strong>Indignum</strong></span> <span class='ocrx_word' id='word_1_127' title='bbox 1178 1540 1328 1597; x_wconf 85' lang='lat' dir='ltr'><strong>enim</strong></span> <span class='ocrx_word' id='word_1_128' title='bbox 1356 1548 1413 1597; x_wconf 89' lang='lat' dir='ltr'><strong>et</strong></span> <span class='ocrx_word' id='word_1_129' title='bbox 1435 1556 1534 1613; x_wconf 89' lang='lat' dir='ltr'><strong>pro</strong></span> <span class='ocrx_word' id='word_1_130' title='bbox 1562 1541 1798 1599; x_wconf 91' lang='lat' dir='ltr'><strong>ridiculo</strong></span> 
     </span>
    </p>
   </div>
   <div class='ocr_carea' id='block_1_18' title="bbox 1901 517 2289 574">
    <p class='ocr_par' dir='ltr' id='par_1_18' title="bbox 1901 517 2289 574">
     <span class='ocr_line' id='line_1_18' title="bbox 1901 517 2289 574; baseline -0.005 0"><span class='ocrx_word' id='word_1_131' title='bbox 1901 517 2289 574; x_wconf 88' lang='lat' dir='ltr'><strong>nedictionem.</strong></span> 
     </span>
    </p>
   </div>
   <div class='ocr_carea' id='block_1_19' title="bbox 1971 608 3499 682">
    <p class='ocr_par' dir='ltr' id='par_1_19' title="bbox 1971 608 3499 682">
     <span class='ocr_line' id='line_1_19' title="bbox 1971 608 3499 682; baseline -0.001 -15"><span class='ocrx_word' id='word_1_132' title='bbox 1971 610 2310 667; x_wconf 89' lang='lat' dir='ltr'><strong>Servandum</strong></span> <span class='ocrx_word' id='word_1_133' title='bbox 2346 609 2841 681; x_wconf 87' lang='lat' dir='ltr'><strong>archiepiscopum,</strong></span> <span class='ocrx_word' id='word_1_134' title='bbox 2886 623 3054 682; x_wconf 89' lang='lat' dir='ltr'><strong>quem</strong></span> <span class='ocrx_word' id='word_1_135' title='bbox 3105 625 3137 664; x_wconf 91' lang='lat' dir='ltr'><strong>a</strong></span> <span class='ocrx_word' id='word_1_136' title='bbox 3175 608 3331 666; x_wconf 86' lang='lat' dir='ltr'><strong>vobis</strong></span> <span class='ocrx_word' id='word_1_137' title='bbox 3386 610 3499 666; x_wconf 83' lang='lat' dir='ltr'><strong>ele-</strong></span> 
     </span>
    </p>
   </div>
   <div class='ocr_carea' id='block_1_20' title="bbox 1901 700 3500 776">
    <p class='ocr_par' dir='ltr' id='par_1_20' title="bbox 1901 700 3500 776">
     <span class='ocr_line' id='line_1_20' title="bbox 1901 700 3500 776; baseline -0.001 -16"><span class='ocrx_word' id='word_1_138' title='bbox 1901 712 2056 760; x_wconf 91' lang='lat' dir='ltr'><strong>ctum</strong></span> <span class='ocrx_word' id='word_1_139' title='bbox 2088 702 2157 760; x_wconf 89' lang='lat' dir='ltr'><strong>ad</strong></span> <span class='ocrx_word' id='word_1_140' title='bbox 2192 719 2294 760; x_wconf 89' lang='lat' dir='ltr'><strong>nos</strong></span> <span class='ocrx_word' id='word_1_141' title='bbox 2332 700 2769 759; x_wconf 90' lang='lat' dir='ltr'><strong>consecrandum</strong></span> <span class='ocrx_word' id='word_1_142' title='bbox 2808 702 3055 769; x_wconf 87' lang='lat' dir='ltr'><strong>misistis,</strong></span> <span class='ocrx_word' id='word_1_143' title='bbox 3079 701 3244 776; x_wconf 81' lang='lat' dir='ltr'><strong>juxta</strong></span> <span class='ocrx_word' id='word_1_144' title='bbox 3282 704 3500 774; x_wconf 85' lang='lat' dir='ltr'><strong>petitio-</strong></span> 
     </span>
    </p>
   </div>
   <div class='ocr_carea' id='block_1_21' title="bbox 1902 795 3500 867">
    <p class='ocr_par' dir='ltr' id='par_1_21' title="bbox 1902 795 3500 867">
     <span class='ocr_line' id='line_1_21' title="bbox 1902 795 3500 867; baseline 0 -14"><span class='ocrx_word' id='word_1_145' title='bbox 1902 812 2036 853; x_wconf 91' lang='lat' dir='ltr'><strong>nem</strong></span> <span class='ocrx_word' id='word_1_146' title='bbox 2062 804 2319 865; x_wconf 89' lang='lat' dir='ltr'><strong>vestram,</strong></span> <span class='ocrx_word' id='word_1_147' title='bbox 2350 795 2654 853; x_wconf 88' lang='lat' dir='ltr'><strong>secundum</strong></span> <span class='ocrx_word' id='word_1_148' title='bbox 2699 797 2873 867; x_wconf 88' lang='lat' dir='ltr'><strong>legem</strong></span> <span class='ocrx_word' id='word_1_149' title='bbox 2899 802 3166 865; x_wconf 88' lang='lat' dir='ltr'><strong>nostram,</strong></span> <span class='ocrx_word' id='word_1_150' title='bbox 3210 796 3394 852; x_wconf 90' lang='lat' dir='ltr'><strong>divina</strong></span> <span class='ocrx_word' id='word_1_151' title='bbox 3418 795 3500 853; x_wconf 87' lang='lat' dir='ltr'><strong>fa-</strong></span> 
     </span>
    </p>
   </div>
   <div class='ocr_carea' id='block_1_22' title="bbox 1904 889 3496 961">
    <p class='ocr_par' dir='ltr' id='par_1_22' title="bbox 1904 889 3496 961">
     <span class='ocr_line' id='line_1_22' title="bbox 1904 889 3496 961; baseline 0 -16"><span class='ocrx_word' id='word_1_152' title='bbox 1904 898 2063 947; x_wconf 89' lang='lat' dir='ltr'><strong>vente</strong></span> <span class='ocrx_word' id='word_1_153' title='bbox 2092 889 2383 947; x_wconf 91' lang='lat' dir='ltr'><strong>clementia</strong></span> <span class='ocrx_word' id='word_1_154' title='bbox 2410 890 2873 953; x_wconf 91' lang='lat' dir='ltr'><strong>consecravimus,</strong></span> <span class='ocrx_word' id='word_1_155' title='bbox 2904 895 3070 961; x_wconf 89' lang='lat' dir='ltr'><strong>atque</strong></span> <span class='ocrx_word' id='word_1_156' title='bbox 3095 896 3496 959; x_wconf 86' lang='lat' dir='ltr'><strong>consecratum,</strong></span> 
     </span>
    </p>
   </div>
   <div class='ocr_carea' id='block_1_23' title="bbox 1905 981 3499 1056">
    <p class='ocr_par' dir='ltr' id='par_1_23' title="bbox 1905 981 3499 1056">
     <span class='ocr_line' id='line_1_23' title="bbox 1905 981 3499 1056; baseline 0 -17"><span class='ocrx_word' id='word_1_157' title='bbox 1905 984 2224 1056; x_wconf 90' lang='lat' dir='ltr'><strong>nostrisque</strong></span> <span class='ocrx_word' id='word_1_158' title='bbox 2238 983 2509 1056; x_wconf 87' lang='lat' dir='ltr'><strong>legalibus</strong></span> <span class='ocrx_word' id='word_1_159' title='bbox 2524 981 2790 1048; x_wconf 91' lang='lat' dir='ltr'><strong>moribus,</strong></span> <span class='ocrx_word' id='word_1_160' title='bbox 2812 981 2868 1036; x_wconf 91' lang='lat' dir='ltr'><strong>in</strong></span> <span class='ocrx_word' id='word_1_161' title='bbox 2882 989 3150 1053; x_wconf 90' lang='lat' dir='ltr'><strong>quantum</strong></span> <span class='ocrx_word' id='word_1_162' title='bbox 3171 982 3499 1054; x_wconf 90' lang='lat' dir='ltr'><strong>possibilitas</strong></span> 
     </span>
    </p>
   </div>
   <div class='ocr_carea' id='block_1_24' title="bbox 1904 1073 3500 1150">
    <p class='ocr_par' dir='ltr' id='par_1_24' title="bbox 1904 1073 3500 1150">
     <span class='ocr_line' id='line_1_24' title="bbox 1904 1073 3500 1150; baseline -0.001 -17"><span class='ocrx_word' id='word_1_163' title='bbox 1904 1077 2251 1150; x_wconf 88' lang='lat' dir='ltr'><strong>spatiumque</strong></span> <span class='ocrx_word' id='word_1_164' title='bbox 2279 1076 2544 1149; x_wconf 88' lang='lat' dir='ltr'><strong>temporis</strong></span> <span class='ocrx_word' id='word_1_165' title='bbox 2569 1075 2810 1139; x_wconf 90' lang='lat' dir='ltr'><strong>indulsit,</strong></span> <span class='ocrx_word' id='word_1_166' title='bbox 2833 1073 3121 1147; x_wconf 83' lang='lat' dir='ltr'><strong>diligenter</strong></span> <span class='ocrx_word' id='word_1_167' title='bbox 3150 1074 3500 1144; x_wconf 89' lang='lat' dir='ltr'><strong>instructum,</strong></span> 
     </span>
    </p>
   </div>
   <div class='ocr_carea' id='block_1_25' title="bbox 1906 1167 3503 1239">
    <p class='ocr_par' dir='ltr' id='par_1_25' title="bbox 1906 1167 3503 1239">
     <span class='ocr_line' id='line_1_25' title="bbox 1906 1167 3503 1239; baseline -0.001 -13"><span class='ocrx_word' id='word_1_168' title='bbox 1906 1170 1978 1226; x_wconf 91' lang='lat' dir='ltr'><strong>ad</strong></span> <span class='ocrx_word' id='word_1_169' title='bbox 2011 1186 2109 1227; x_wconf 91' lang='lat' dir='ltr'><strong>vos</strong></span> <span class='ocrx_word' id='word_1_170' title='bbox 2147 1170 2476 1227; x_wconf 88' lang='lat' dir='ltr'><strong>remisimus.</strong></span> <span class='ocrx_word' id='word_1_171' title='bbox 2506 1169 2690 1239; x_wconf 86' lang='lat' dir='ltr'><strong>Quem</strong></span> <span class='ocrx_word' id='word_1_172' title='bbox 2717 1183 2849 1224; x_wconf 89' lang='lat' dir='ltr'><strong>cum</strong></span> <span class='ocrx_word' id='word_1_173' title='bbox 2878 1168 3034 1224; x_wconf 90' lang='lat' dir='ltr'><strong>omni</strong></span> <span class='ocrx_word' id='word_1_174' title='bbox 3056 1167 3352 1226; x_wconf 85' lang='lat' dir='ltr'><strong>devotione</strong></span> <span class='ocrx_word' id='word_1_175' title='bbox 3378 1185 3503 1225; x_wconf 83' lang='lat' dir='ltr'><strong>mu-</strong></span> 
     </span>
    </p>
   </div>
   <div class='ocr_carea' id='block_1_26' title="bbox 1905 1260 3507 1335">
    <p class='ocr_par' dir='ltr' id='par_1_26' title="bbox 1905 1260 3507 1335">
     <span class='ocr_line' id='line_1_26' title="bbox 1905 1260 3507 1335; baseline -0.001 -16"><span class='ocrx_word' id='word_1_176' title='bbox 1905 1272 2016 1321; x_wconf 89' lang='lat' dir='ltr'><strong>tua</strong></span> <span class='ocrx_word' id='word_1_177' title='bbox 2042 1263 2314 1320; x_wconf 87' lang='lat' dir='ltr'><strong>charitatis</strong></span> <span class='ocrx_word' id='word_1_178' title='bbox 2356 1262 2621 1335; x_wconf 91' lang='lat' dir='ltr'><strong>omnique</strong></span> <span class='ocrx_word' id='word_1_179' title='bbox 2655 1262 2957 1318; x_wconf 90' lang='lat' dir='ltr'><strong>reverentia</strong></span> <span class='ocrx_word' id='word_1_180' title='bbox 3004 1260 3332 1318; x_wconf 85' lang='lat' dir='ltr'><strong>Christiana</strong></span> <span class='ocrx_word' id='word_1_181' title='bbox 3377 1261 3507 1317; x_wconf 91' lang='lat' dir='ltr'><strong>reli-</strong></span> 
     </span>
    </p>
   </div>
   <div class='ocr_carea' id='block_1_27' title="bbox 1906 1354 3505 1430">
    <p class='ocr_par' dir='ltr' id='par_1_27' title="bbox 1906 1354 3505 1430">
     <span class='ocr_line' id='line_1_27' title="bbox 1906 1354 3505 1430; baseline -0.002 -17"><span class='ocrx_word' id='word_1_182' title='bbox 1906 1357 2085 1430; x_wconf 91' lang='lat' dir='ltr'><strong>gionis</strong></span> <span class='ocrx_word' id='word_1_183' title='bbox 2112 1371 2368 1429; x_wconf 88' lang='lat' dir='ltr'><strong>rogamus</strong></span> <span class='ocrx_word' id='word_1_184' title='bbox 2409 1372 2471 1412; x_wconf 89' lang='lat' dir='ltr'><strong>ac</strong></span> <span class='ocrx_word' id='word_1_185' title='bbox 2514 1365 2738 1427; x_wconf 89' lang='lat' dir='ltr'><strong>paterna</strong></span> <span class='ocrx_word' id='word_1_186' title='bbox 2781 1354 3047 1411; x_wconf 90' lang='lat' dir='ltr'><strong>charitate</strong></span> <span class='ocrx_word' id='word_1_187' title='bbox 3074 1369 3174 1411; x_wconf 91' lang='lat' dir='ltr'><strong>vos</strong></span> <span class='ocrx_word' id='word_1_188' title='bbox 3211 1368 3505 1411; x_wconf 89' lang='lat' dir='ltr'><strong>monemus</strong></span> 
     </span>
    </p>
   </div>
   <div class='ocr_carea' id='block_1_28' title="bbox 1907 1448 3505 1523">
    <p class='ocr_par' dir='ltr' id='par_1_28' title="bbox 1907 1448 3505 1523">
     <span class='ocr_line' id='line_1_28' title="bbox 1907 1448 3505 1523; baseline -0.001 -17"><span class='ocrx_word' id='word_1_189' title='bbox 1907 1451 2205 1523; x_wconf 82' lang='lat' dir='ltr'><strong>suscipere,</strong></span> <span class='ocrx_word' id='word_1_190' title='bbox 2252 1458 2307 1506; x_wconf 92' lang='lat' dir='ltr'><strong>et</strong></span> <span class='ocrx_word' id='word_1_191' title='bbox 2335 1465 2558 1506; x_wconf 91' lang='lat' dir='ltr'><strong>omnem</strong></span> <span class='ocrx_word' id='word_1_192' title='bbox 2599 1449 2976 1506; x_wconf 84' lang='lat' dir='ltr'><strong>obedientiam</strong></span> <span class='ocrx_word' id='word_1_193' title='bbox 3013 1448 3216 1505; x_wconf 88' lang='lat' dir='ltr'><strong>divina</strong></span> <span class='ocrx_word' id='word_1_194' title='bbox 3243 1448 3377 1521; x_wconf 84' lang='lat' dir='ltr'><strong>legis</strong></span> <span class='ocrx_word' id='word_1_195' title='bbox 3405 1462 3505 1505; x_wconf 88' lang='lat' dir='ltr'><strong>vos</strong></span> 
     </span>
    </p>
   </div>
   <div class='ocr_carea' id='block_1_29' title="bbox 1906 1539 3508 1613">
    <p class='ocr_par' dir='ltr' id='par_1_29' title="bbox 1906 1539 3508 1613">
     <span class='ocr_line' id='line_1_29' title="bbox 1906 1539 3508 1613; baseline -0.002 -13"><span class='ocrx_word' id='word_1_196' title='bbox 1906 1543 2191 1600; x_wconf 88' lang='lat' dir='ltr'><strong>hortamur</strong></span> <span class='ocrx_word' id='word_1_197' title='bbox 2232 1543 2335 1599; x_wconf 90' lang='lat' dir='ltr'><strong>sibi</strong></span> <span class='ocrx_word' id='word_1_198' title='bbox 2382 1542 2664 1600; x_wconf 89' lang='lat' dir='ltr'><strong>humiliter</strong></span> <span class='ocrx_word' id='word_1_199' title='bbox 2702 1541 2976 1610; x_wconf 84' lang='lat' dir='ltr'><strong>exhibere,</strong></span> <span class='ocrx_word' id='word_1_200' title='bbox 3007 1549 3275 1613; x_wconf 88' lang='lat' dir='ltr'><strong>quatenus</strong></span> <span class='ocrx_word' id='word_1_201' title='bbox 3318 1539 3508 1613; x_wconf 91' lang='lat' dir='ltr'><strong>populi</strong></span> 
     </span>
    </p>
   </div>
   <div class='ocr_carea' id='block_1_30' title="bbox 197 1631 3504 1743">
    <p class='ocr_par' dir='ltr' id='par_1_30' title="bbox 197 1631 3504 1743">
     <span class='ocr_line' id='line_1_30' title="bbox 197 1631 3504 1743; baseline -0 -55"><span class='ocrx_word' id='word_1_202' title='bbox 197 1639 383 1703; x_wconf 87' lang='lat' dir='ltr'><strong>potest</strong></span> <span class='ocrx_word' id='word_1_203' title='bbox 428 1631 617 1688; x_wconf 89' lang='lat' dir='ltr'><strong>haberi</strong></span> <span class='ocrx_word' id='word_1_204' title='bbox 678 1631 829 1705; x_wconf 92' lang='lat' dir='ltr'><strong>quod</strong></span> <span class='ocrx_word' id='word_1_205' title='bbox 871 1633 1158 1690; x_wconf 86' lang='lat' dir='ltr'><strong>saculares</strong></span> <span class='ocrx_word' id='word_1_206' title='bbox 1197 1634 1480 1703; x_wconf 88' lang='lat' dir='ltr'><strong>homines,</strong></span> <span class='ocrx_word' id='word_1_207' title='bbox 1532 1651 1631 1709; x_wconf 91' lang='lat' dir='ltr'><strong>pro</strong></span> <span class='ocrx_word' id='word_1_208' title='bbox 1686 1645 1802 1692; x_wconf 89' lang='lat' dir='ltr'><strong>tam</strong></span> <span class='ocrx_word' id='word_1_209' title='bbox 1833 1680 1882 1743; x_wconf 83' lang='lat' dir='ltr'><strong>B</strong></span> <span class='ocrx_word' id='word_1_210' title='bbox 1909 1640 2126 1705; x_wconf 91' lang='lat' dir='ltr'><strong>[omnes</strong></span> <span class='ocrx_word' id='word_1_211' title='bbox 2169 1636 2373 1710; x_wconf 91' lang='lat' dir='ltr'><strong>populi]</strong></span> <span class='ocrx_word' id='word_1_212' title='bbox 2422 1639 2847 1692; x_wconf 90' lang='lat' dir='ltr'><strong>Sarracenorum</strong></span> <span class='ocrx_word' id='word_1_213' title='bbox 2882 1634 2975 1708; x_wconf 92' lang='lat' dir='ltr'><strong>qui</strong></span> <span class='ocrx_word' id='word_1_214' title='bbox 3021 1634 3163 1691; x_wconf 90' lang='lat' dir='ltr'><strong>circa</strong></span> <span class='ocrx_word' id='word_1_215' title='bbox 3213 1649 3312 1690; x_wconf 91' lang='lat' dir='ltr'><strong>vos</strong></span> <span class='ocrx_word' id='word_1_216' title='bbox 3354 1641 3504 1701; x_wconf 92' lang='lat' dir='ltr'><strong>sunt,</strong></span> 
     </span>
    </p>
   </div>
   <div class='ocr_carea' id='block_1_31' title="bbox 194 1725 1805 1802">
    <p class='ocr_par' dir='ltr' id='par_1_31' title="bbox 194 1725 1805 1802">
     <span class='ocr_line' id='line_1_31' title="bbox 194 1725 1805 1802; baseline 0.004 -22"><span class='ocrx_word' id='word_1_217' title='bbox 194 1725 289 1781; x_wconf 88' lang='lat' dir='ltr'><strong>vili</strong></span> <span class='ocrx_word' id='word_1_218' title='bbox 315 1726 519 1798; x_wconf 90' lang='lat' dir='ltr'><strong>pretio,</strong></span> <span class='ocrx_word' id='word_1_219' title='bbox 558 1734 788 1799; x_wconf 89' lang='lat' dir='ltr'><strong>tamque</strong></span> <span class='ocrx_word' id='word_1_220' title='bbox 816 1729 936 1784; x_wconf 92' lang='lat' dir='ltr'><strong>Deo</strong></span> <span class='ocrx_word' id='word_1_221' title='bbox 975 1727 1163 1784; x_wconf 93' lang='lat' dir='ltr'><strong>odibili</strong></span> <span class='ocrx_word' id='word_1_222' title='bbox 1206 1729 1565 1799; x_wconf 90' lang='lat' dir='ltr'><strong>commercio,</strong></span> <span class='ocrx_word' id='word_1_223' title='bbox 1596 1729 1805 1802; x_wconf 90' lang='lat' dir='ltr'><strong>seipsos</strong></span> 
     </span>
    </p>
   </div>
   <div class='ocr_carea' id='block_1_32' title="bbox 195 1819 1803 1897">
    <p class='ocr_par' dir='ltr' id='par_1_32' title="bbox 195 1819 1803 1897">
     <span class='ocr_line' id='line_1_32' title="bbox 195 1819 1803 1897; baseline 0.004 -23"><span class='ocrx_word' id='word_1_224' title='bbox 195 1819 436 1891; x_wconf 89' lang='lat' dir='ltr'><strong>periculo</strong></span> <span class='ocrx_word' id='word_1_225' title='bbox 470 1820 752 1877; x_wconf 90' lang='lat' dir='ltr'><strong>ultroneos</strong></span> <span class='ocrx_word' id='word_1_226' title='bbox 792 1820 1108 1891; x_wconf 82' lang='lat' dir='ltr'><strong>exhibeant,</strong></span> <span class='ocrx_word' id='word_1_227' title='bbox 1147 1830 1204 1879; x_wconf 93' lang='lat' dir='ltr'><strong>et</strong></span> <span class='ocrx_word' id='word_1_228' title='bbox 1249 1822 1430 1880; x_wconf 88' lang='lat' dir='ltr'><strong>ﬁdelis</strong></span> <span class='ocrx_word' id='word_1_229' title='bbox 1465 1824 1692 1897; x_wconf 90' lang='lat' dir='ltr'><strong>quisque</strong></span> <span class='ocrx_word' id='word_1_230' title='bbox 1721 1823 1803 1880; x_wconf 90' lang='lat' dir='ltr'><strong>ir-</strong></span> 
     </span>
    </p>
   </div>
   <div class='ocr_carea' id='block_1_33' title="bbox 196 1914 1804 1991">
    <p class='ocr_par' dir='ltr' id='par_1_33' title="bbox 196 1914 1804 1991">
     <span class='ocr_line' id='line_1_33' title="bbox 196 1914 1804 1991; baseline 0.002 -20"><span class='ocrx_word' id='word_1_231' title='bbox 196 1914 492 1972; x_wconf 89' lang='lat' dir='ltr'><strong>ruentibus</strong></span> <span class='ocrx_word' id='word_1_232' title='bbox 519 1914 678 1972; x_wconf 88' lang='lat' dir='ltr'><strong>cedat</strong></span> <span class='ocrx_word' id='word_1_233' title='bbox 697 1915 952 1973; x_wconf 88' lang='lat' dir='ltr'><strong>hostibus</strong></span> <span class='ocrx_word' id='word_1_234' title='bbox 975 1925 1145 1990; x_wconf 89' lang='lat' dir='ltr'><strong>terga.</strong></span> <span class='ocrx_word' id='word_1_235' title='bbox 1185 1918 1313 1973; x_wconf 88' lang='lat' dir='ltr'><strong>Non</strong></span> <span class='ocrx_word' id='word_1_236' title='bbox 1339 1917 1487 1974; x_wconf 91' lang='lat' dir='ltr'><strong>enim</strong></span> <span class='ocrx_word' id='word_1_237' title='bbox 1511 1919 1579 1975; x_wconf 84' lang='lat' dir='ltr'><strong>ab</strong></span> <span class='ocrx_word' id='word_1_238' title='bbox 1606 1918 1686 1974; x_wconf 92' lang='lat' dir='ltr'><strong>eis</strong></span> <span class='ocrx_word' id='word_1_239' title='bbox 1710 1935 1804 1991; x_wconf 89' lang='lat' dir='ltr'><strong>po-</strong></span> 
     </span>
    </p>
   </div>
   <div class='ocr_carea' id='block_1_34' title="bbox 194 2008 1798 2086">
    <p class='ocr_par' dir='ltr' id='par_1_34' title="bbox 194 2008 1798 2086">
     <span class='ocr_line' id='line_1_34' title="bbox 194 2008 1798 2086; baseline 0.001 -21"><span class='ocrx_word' id='word_1_240' title='bbox 194 2009 329 2065; x_wconf 88' lang='lat' dir='ltr'><strong>terit</strong></span> <span class='ocrx_word' id='word_1_241' title='bbox 349 2008 557 2081; x_wconf 87' lang='lat' dir='ltr'><strong>acquiri</strong></span> <span class='ocrx_word' id='word_1_242' title='bbox 585 2010 757 2066; x_wconf 91' lang='lat' dir='ltr'><strong>virtus</strong></span> <span class='ocrx_word' id='word_1_243' title='bbox 775 2011 865 2083; x_wconf 90' lang='lat' dir='ltr'><strong>qui</strong></span> <span class='ocrx_word' id='word_1_244' title='bbox 890 2009 1045 2067; x_wconf 89' lang='lat' dir='ltr'><strong>facile</strong></span> <span class='ocrx_word' id='word_1_245' title='bbox 1065 2020 1333 2069; x_wconf 91' lang='lat' dir='ltr'><strong>corruunt</strong></span> <span class='ocrx_word' id='word_1_246' title='bbox 1354 2028 1462 2086; x_wconf 90' lang='lat' dir='ltr'><strong>quo</strong></span> <span class='ocrx_word' id='word_1_247' title='bbox 1486 2013 1798 2070; x_wconf 90' lang='lat' dir='ltr'><strong>trahuntur.</strong></span> 
     </span>
    </p>
   </div>
   <div class='ocr_carea' id='block_1_35' title="bbox 197 2101 1803 2172">
    <p class='ocr_par' dir='ltr' id='par_1_35' title="bbox 197 2101 1803 2172">
     <span class='ocr_line' id='line_1_35' title="bbox 197 2101 1803 2172; baseline 0.003 -14"><span class='ocrx_word' id='word_1_248' title='bbox 197 2101 363 2172; x_wconf 86' lang='lat' dir='ltr'><strong>Quod</strong></span> <span class='ocrx_word' id='word_1_249' title='bbox 405 2109 589 2159; x_wconf 88' lang='lat' dir='ltr'><strong>autem</strong></span> <span class='ocrx_word' id='word_1_250' title='bbox 627 2102 726 2159; x_wconf 88' lang='lat' dir='ltr'><strong>ﬁlii</strong></span> <span class='ocrx_word' id='word_1_251' title='bbox 771 2104 966 2160; x_wconf 91' lang='lat' dir='ltr'><strong>mortis</strong></span> <span class='ocrx_word' id='word_1_252' title='bbox 1006 2104 1201 2162; x_wconf 91' lang='lat' dir='ltr'><strong>dicunt</strong></span> <span class='ocrx_word' id='word_1_253' title='bbox 1229 2121 1288 2162; x_wconf 89' lang='lat' dir='ltr'><strong>se</strong></span> <span class='ocrx_word' id='word_1_254' title='bbox 1329 2122 1362 2162; x_wconf 92' lang='lat' dir='ltr'><strong>a</strong></span> <span class='ocrx_word' id='word_1_255' title='bbox 1391 2105 1551 2163; x_wconf 89' lang='lat' dir='ltr'><strong>nobis</strong></span> <span class='ocrx_word' id='word_1_256' title='bbox 1594 2106 1803 2163; x_wconf 89' lang='lat' dir='ltr'><strong>litteras</strong></span> 
     </span>
    </p>
   </div>
   <div class='ocr_carea' id='block_1_36' title="bbox 195 2197 1802 2270">
    <p class='ocr_par' dir='ltr' id='par_1_36' title="bbox 195 2197 1802 2270">
     <span class='ocr_line' id='line_1_36' title="bbox 195 2197 1802 2270; baseline 0.003 -18"><span class='ocrx_word' id='word_1_257' title='bbox 195 2197 495 2268; x_wconf 86' lang='lat' dir='ltr'><strong>accepisse,</strong></span> <span class='ocrx_word' id='word_1_258' title='bbox 538 2197 725 2254; x_wconf 88' lang='lat' dir='ltr'><strong>sciatis</strong></span> <span class='ocrx_word' id='word_1_259' title='bbox 764 2214 861 2270; x_wconf 88' lang='lat' dir='ltr'><strong>per</strong></span> <span class='ocrx_word' id='word_1_260' title='bbox 905 2199 1091 2255; x_wconf 91' lang='lat' dir='ltr'><strong>omnia</strong></span> <span class='ocrx_word' id='word_1_261' title='bbox 1132 2197 1335 2256; x_wconf 90' lang='lat' dir='ltr'><strong>falsum</strong></span> <span class='ocrx_word' id='word_1_262' title='bbox 1376 2214 1513 2257; x_wconf 89' lang='lat' dir='ltr'><strong>esse.</strong></span> <span class='ocrx_word' id='word_1_263' title='bbox 1562 2203 1802 2257; x_wconf 88' lang='lat' dir='ltr'><strong>Procura</strong></span> 
     </span>
    </p>
   </div>
   <div class='ocr_carea' id='block_1_37' title="bbox 192 2290 1797 2364">
    <p class='ocr_par' dir='ltr' id='par_1_37' title="bbox 192 2290 1797 2364">
     <span class='ocr_line' id='line_1_37' title="bbox 192 2290 1797 2364; baseline 0.002 -19"><span class='ocrx_word' id='word_1_264' title='bbox 192 2304 328 2362; x_wconf 91' lang='lat' dir='ltr'><strong>ergo</strong></span> <span class='ocrx_word' id='word_1_265' title='bbox 348 2295 412 2346; x_wconf 92' lang='lat' dir='ltr'><strong>ut</strong></span> <span class='ocrx_word' id='word_1_266' title='bbox 438 2293 720 2347; x_wconf 79' lang='lat' dir='ltr'><strong>Romanus</strong></span> <span class='ocrx_word' id='word_1_267' title='bbox 741 2290 877 2348; x_wconf 91' lang='lat' dir='ltr'><strong>ordo</strong></span> <span class='ocrx_word' id='word_1_268' title='bbox 909 2307 1009 2364; x_wconf 92' lang='lat' dir='ltr'><strong>per</strong></span> <span class='ocrx_word' id='word_1_269' title='bbox 1036 2299 1215 2349; x_wconf 89' lang='lat' dir='ltr'><strong>totam</strong></span> <span class='ocrx_word' id='word_1_270' title='bbox 1234 2292 1563 2364; x_wconf 88' lang='lat' dir='ltr'><strong>Hispaniam</strong></span> <span class='ocrx_word' id='word_1_271' title='bbox 1587 2301 1643 2350; x_wconf 91' lang='lat' dir='ltr'><strong>et</strong></span> <span class='ocrx_word' id='word_1_272' title='bbox 1670 2293 1797 2350; x_wconf 87' lang='lat' dir='ltr'><strong>Gal-</strong></span> 
     </span>
    </p>
   </div>
   <div class='ocr_carea' id='block_1_38' title="bbox 194 2382 1803 2458">
    <p class='ocr_par' dir='ltr' id='par_1_38' title="bbox 194 2382 1803 2458">
     <span class='ocr_line' id='line_1_38' title="bbox 194 2382 1803 2458; baseline 0.002 -19"><span class='ocrx_word' id='word_1_273' title='bbox 194 2382 405 2450; x_wconf 89' lang='lat' dir='ltr'><strong>liciam,</strong></span> <span class='ocrx_word' id='word_1_274' title='bbox 450 2391 507 2439; x_wconf 88' lang='lat' dir='ltr'><strong>et</strong></span> <span class='ocrx_word' id='word_1_275' title='bbox 552 2383 866 2458; x_wconf 90' lang='lat' dir='ltr'><strong>ubicunque</strong></span> <span class='ocrx_word' id='word_1_276' title='bbox 904 2385 1135 2458; x_wconf 90' lang='lat' dir='ltr'><strong>poteris,</strong></span> <span class='ocrx_word' id='word_1_277' title='bbox 1186 2387 1247 2441; x_wconf 90' lang='lat' dir='ltr'><strong>in</strong></span> <span class='ocrx_word' id='word_1_278' title='bbox 1295 2386 1558 2444; x_wconf 90' lang='lat' dir='ltr'><strong>omnibus</strong></span> <span class='ocrx_word' id='word_1_279' title='bbox 1600 2386 1803 2444; x_wconf 90' lang='lat' dir='ltr'><strong>rectius</strong></span> 
     </span>
    </p>
   </div>
   <div class='ocr_carea' id='block_1_39' title="bbox 197 2484 475 2533">
    <p class='ocr_par' dir='ltr' id='par_1_39' title="bbox 197 2484 475 2533">
     <span class='ocr_line' id='line_1_39' title="bbox 197 2484 475 2533; baseline 0.004 -1"><span class='ocrx_word' id='word_1_280' title='bbox 197 2484 475 2533; x_wconf 82' lang='lat' dir='ltr'><strong>teneatur.</strong></span> 
     </span>
    </p>
   </div>
   <div class='ocr_carea' id='block_1_40' title="bbox 274 2572 1799 2645">
    <p class='ocr_par' dir='ltr' id='par_1_40' title="bbox 274 2572 1799 2645">
     <span class='ocr_line' id='line_1_40' title="bbox 274 2572 1799 2645; baseline 0.005 -21"><span class='ocrx_word' id='word_1_281' title='bbox 274 2572 419 2625; x_wconf 87' lang='lat' dir='ltr'><strong>Data</strong></span> <span class='ocrx_word' id='word_1_282' title='bbox 462 2572 686 2638; x_wconf 81' lang='lat' dir='ltr'><strong>Roma,</strong></span> <span class='ocrx_word' id='word_1_283' title='bbox 752 2585 945 2629; x_wconf 88' lang='lat' dir='ltr'><strong>mense</strong></span> <span class='ocrx_word' id='word_1_284' title='bbox 1000 2573 1158 2645; x_wconf 89' lang='lat' dir='ltr'><strong>Maii,</strong></span> <span class='ocrx_word' id='word_1_285' title='bbox 1225 2574 1529 2632; x_wconf 89' lang='lat' dir='ltr'><strong>indictione</strong></span> <span class='ocrx_word' id='word_1_286' title='bbox 1585 2574 1799 2632; x_wconf 89' lang='lat' dir='ltr'><strong>decima</strong></span> 
     </span>
    </p>
   </div>
   <div class='ocr_carea' id='block_1_41' title="bbox 201 2672 418 2736">
    <p class='ocr_par' dir='ltr' id='par_1_41' title="bbox 201 2672 418 2736">
     <span class='ocr_line' id='line_1_41' title="bbox 201 2672 418 2736; baseline 0 -16"><span class='ocrx_word' id='word_1_287' title='bbox 201 2672 418 2736; x_wconf 85' lang='lat' dir='ltr'><strong>quarta.</strong></span> 
     </span>
    </p>
   </div>
   <div class='ocr_carea' id='block_1_42' title="bbox 727 2739 1279 2797">
    <p class='ocr_par' dir='ltr' id='par_1_42' title="bbox 727 2739 1279 2797">
     <span class='ocr_line' id='line_1_42' title="bbox 727 2739 1279 2797; baseline 0.004 -5"><span class='ocrx_word' id='word_1_288' title='bbox 727 2739 1076 2796; x_wconf 85' lang='lat' dir='ltr'><strong>EPISTOLA</strong></span> <span class='ocrx_word' id='word_1_289' title='bbox 1116 2742 1279 2797; x_wconf 84' lang='lat' dir='ltr'><strong>XIX.</strong></span> 
     </span>
    </p>
   </div>
   <div class='ocr_carea' id='block_1_43' title="bbox 295 2846 1701 2890">
    <p class='ocr_par' dir='ltr' id='par_1_43' title="bbox 295 2846 1701 2890">
     <span class='ocr_line' id='line_1_43' title="bbox 295 2846 1701 2890; baseline 0.001 -5"><span class='ocrx_word' id='word_1_290' title='bbox 295 2846 374 2886; x_wconf 72' lang='lat' dir='ltr'><strong>AD</strong></span> <span class='ocrx_word' id='word_1_291' title='bbox 412 2847 680 2886; x_wconf 69' lang='lat' dir='ltr'><strong>(SYRIACUM</strong></span> <span class='ocrx_word' id='word_1_292' title='bbox 716 2848 1188 2889; x_wconf 73' lang='lat' dir='ltr'><strong>CABTIIAGINENSEM</strong></span> <span class='ocrx_word' id='word_1_293' title='bbox 1226 2849 1701 2890; x_wconf 77' lang='lat' dir='ltr'><strong>ARCHIEPISCOPUM.</strong></span> 
     </span>
    </p>
   </div>
   <div class='ocr_carea' id='block_1_44' title="bbox 799 2926 1215 2997">
    <p class='ocr_par' dir='ltr' id='par_1_44' title="bbox 799 2926 1215 2997">
     <span class='ocr_line' id='line_1_44' title="bbox 799 2926 1215 2997; baseline 0.005 -16"><span class='ocrx_word' id='word_1_294' title='bbox 799 2926 977 2997; x_wconf 83' lang='lat' dir='ltr'><strong>(Anno</strong></span> <span class='ocrx_word' id='word_1_295' title='bbox 1033 2933 1215 2993; x_wconf 86' lang='lat'><strong>1076.)</strong></span> 
     </span>
    </p>
   </div>
   <div class='ocr_carea' id='block_1_45' title="bbox 199 3019 1804 3092">
    <p class='ocr_par' dir='ltr' id='par_1_45' title="bbox 199 3019 1804 3092">
     <span class='ocr_line' id='line_1_45' title="bbox 199 3019 1804 3092; baseline 0.001 -17"><span class='ocrx_word' id='word_1_296' title='bbox 199 3019 341 3075; x_wconf 82' lang='lat' dir='ltr'><strong>Cum</strong></span> <span class='ocrx_word' id='word_1_297' title='bbox 378 3022 438 3073; x_wconf 80' lang='lat' dir='ltr'><strong>in</strong></span> <span class='ocrx_word' id='word_1_298' title='bbox 497 3020 697 3087; x_wconf 82' lang='lat' dir='ltr'><strong>Africa</strong></span> <span class='ocrx_word' id='word_1_299' title='bbox 739 3020 843 3074; x_wconf 88' lang='lat' dir='ltr'><strong>duo</strong></span> <span class='ocrx_word' id='word_1_300' title='bbox 886 3022 1250 3077; x_wconf 81' lang='lat' dir='ltr'><strong>tantummodo</strong></span> <span class='ocrx_word' id='word_1_301' title='bbox 1278 3025 1649 3092; x_wconf 72' lang='lat' dir='ltr'><strong>reperirentur</strong></span> <span class='ocrx_word' id='word_1_302' title='bbox 1689 3022 1804 3091; x_wconf 82' lang='lat' dir='ltr'><strong>epi-</strong></span> 
     </span>
    </p>
   </div>
   <div class='ocr_carea' id='block_1_46' title="bbox 276 3092 1801 3216">
    <p class='ocr_par' dir='ltr' id='par_1_46' title="bbox 276 3092 1801 3216">
     <span class='ocr_line' id='line_1_46' title="bbox 276 3092 1801 3216; baseline 0.001 -72"><span class='ocrx_word' id='word_1_303' title='bbox 276 3093 439 3215; x_wconf 53' lang='lat'><strong>50(3):,</strong></span> <span class='ocrx_word' id='word_1_304' title='bbox 468 3092 588 3216; x_wconf 38' lang='lat' dir='ltr'><strong>rguit</strong></span> <span class='ocrx_word' id='word_1_305' title='bbox 610 3096 671 3145; x_wconf 89' lang='lat' dir='ltr'><strong>ut</strong></span> <span class='ocrx_word' id='word_1_306' title='bbox 694 3092 864 3145; x_wconf 87' lang='lat' dir='ltr'><strong>alium</strong></span> <span class='ocrx_word' id='word_1_307' title='bbox 885 3093 1113 3164; x_wconf 81' lang='lat' dir='ltr'><strong>eligant,</strong></span> <span class='ocrx_word' id='word_1_308' title='bbox 1136 3098 1186 3148; x_wconf 85' lang='lat' dir='ltr'><strong>et</strong></span> <span class='ocrx_word' id='word_1_309' title='bbox 1213 3094 1287 3148; x_wconf 87' lang='lat' dir='ltr'><strong>ad</strong></span> <span class='ocrx_word' id='word_1_310' title='bbox 1304 3109 1359 3149; x_wconf 90' lang='lat' dir='ltr'><strong>se</strong></span> <span class='ocrx_word' id='word_1_311' title='bbox 1380 3092 1801 3150; x_wconf 82' lang='lat' dir='ltr'><strong>consecrandum</strong></span> 
     </span>
     <span class='ocr_line' id='line_1_47' title="bbox 278 3178 524 3215; baseline 0 0"><span class='ocrx_word' id='word_1_312' title='bbox 278 3178 331 3215; x_wconf 89' lang='lat' dir='ltr'><strong>m</strong></span> <span class='ocrx_word' id='word_1_313' title='bbox 408 3178 479 3215; x_wconf 83' lang='lat' dir='ltr'><strong>an</strong></span> <span class='ocrx_word' id='word_1_314' title='bbox 512 3203 524 3215; x_wconf 94' lang='lat'><strong>.</strong></span> 
     </span>
    </p>
   </div>
   <div class='ocr_carea' id='block_1_47' title="bbox 278 3178 524 3215">
    <p class='ocr_par' dir='ltr' id='par_1_47' title="bbox 278 3178 524 3215">
     <span class='ocr_line' id='line_1_48' title="bbox 278 3178 524 3215; baseline 0 0"><span class='ocrx_word' id='word_1_315' title='bbox 278 3178 524 3215; x_wconf 79' lang='lat' dir='ltr'><strong>mittam.</strong></span> 
     </span>
    </p>
   </div>
   <div class='ocr_carea' id='block_1_48' title="bbox 275 3255 1807 3328">
    <p class='ocr_par' dir='ltr' id='par_1_48' title="bbox 275 3255 1807 3328">
     <span class='ocr_line' id='line_1_49' title="bbox 275 3255 1807 3328; baseline 0.003 -18"><span class='ocrx_word' id='word_1_316' title='bbox 275 3255 584 3310; x_wconf 78' lang='lat' dir='ltr'><strong>Gnecomus</strong></span> <span class='ocrx_word' id='word_1_317' title='bbox 607 3255 912 3328; x_wconf 89' lang='lat' dir='ltr'><strong>episcopus,</strong></span> <span class='ocrx_word' id='word_1_318' title='bbox 939 3270 1129 3314; x_wconf 87' lang='lat' dir='ltr'><strong>servus</strong></span> <span class='ocrx_word' id='word_1_319' title='bbox 1145 3272 1431 3315; x_wconf 85' lang='lat' dir='ltr'><strong>servorum</strong></span> <span class='ocrx_word' id='word_1_320' title='bbox 1462 3258 1586 3326; x_wconf 92' lang='lat' dir='ltr'><strong>Dei,</strong></span> <span class='ocrx_word' id='word_1_321' title='bbox 1607 3257 1807 3315; x_wconf 90' lang='lat' dir='ltr'><strong>dilecto</strong></span> 
     </span>
    </p>
   </div>
   <div class='ocr_carea' id='block_1_49' title="bbox 202 3349 1808 3426">
    <p class='ocr_par' dir='ltr' id='par_1_49' title="bbox 202 3349 1808 3426">
     <span class='ocr_line' id='line_1_50' title="bbox 202 3349 1808 3426; baseline 0.001 -20"><span class='ocrx_word' id='word_1_322' title='bbox 202 3350 267 3406; x_wconf 91' lang='lat' dir='ltr'><strong>in</strong></span> <span class='ocrx_word' id='word_1_323' title='bbox 312 3349 541 3406; x_wconf 87' lang='lat' dir='ltr'><strong>Christo</strong></span> <span class='ocrx_word' id='word_1_324' title='bbox 590 3349 745 3407; x_wconf 87' lang='lat' dir='ltr'><strong>fratri</strong></span> <span class='ocrx_word' id='word_1_325' title='bbox 804 3353 1037 3408; x_wconf 62' lang='lat' dir='ltr'><strong>Crmaco</strong></span> <span class='ocrx_word' id='word_1_326' title='bbox 1085 3353 1499 3426; x_wconf 89' lang='lat' dir='ltr'><strong>Carthaginensi</strong></span> <span class='ocrx_word' id='word_1_327' title='bbox 1542 3352 1808 3425; x_wconf 89' lang='lat' dir='ltr'><strong>archiepi-</strong></span> 
     </span>
    </p>
   </div>
   <div class='ocr_carea' id='block_1_50' title="bbox 199 3443 1665 3518">
    <p class='ocr_par' dir='ltr' id='par_1_50' title="bbox 199 3443 1665 3518">
     <span class='ocr_line' id='line_1_51' title="bbox 199 3443 1665 3518; baseline 0.001 -17"><span class='ocrx_word' id='word_1_328' title='bbox 199 3459 401 3516; x_wconf 85' lang='lat' dir='ltr'><strong>scopo,</strong></span> <span class='ocrx_word' id='word_1_329' title='bbox 447 3443 687 3500; x_wconf 90' lang='lat' dir='ltr'><strong>salutem</strong></span> <span class='ocrx_word' id='word_1_330' title='bbox 730 3452 789 3500; x_wconf 91' lang='lat' dir='ltr'><strong>et</strong></span> <span class='ocrx_word' id='word_1_331' title='bbox 814 3446 1173 3518; x_wconf 86' lang='lat' dir='ltr'><strong>apostolicam</strong></span> <span class='ocrx_word' id='word_1_332' title='bbox 1203 3447 1665 3504; x_wconf 90' lang='lat' dir='ltr'><strong>benedictionem.</strong></span> 
     </span>
    </p>
   </div>
   <div class='ocr_carea' id='block_1_51' title="bbox 273 3537 1812 3614">
    <p class='ocr_par' dir='ltr' id='par_1_51' title="bbox 273 3537 1812 3614">
     <span class='ocr_line' id='line_1_52' title="bbox 273 3537 1812 3614; baseline 0.003 -20"><span class='ocrx_word' id='word_1_333' title='bbox 273 3537 532 3594; x_wconf 86' lang='lat' dir='ltr'><strong>Pervenit</strong></span> <span class='ocrx_word' id='word_1_334' title='bbox 558 3539 625 3596; x_wconf 89' lang='lat' dir='ltr'><strong>ad</strong></span> <span class='ocrx_word' id='word_1_335' title='bbox 666 3554 827 3596; x_wconf 88' lang='lat' dir='ltr'><strong>aures</strong></span> <span class='ocrx_word' id='word_1_336' title='bbox 863 3548 1085 3598; x_wconf 87' lang='lat' dir='ltr'><strong>nostras</strong></span> <span class='ocrx_word' id='word_1_337' title='bbox 1124 3542 1274 3613; x_wconf 79' lang='lat' dir='ltr'><strong>quod</strong></span> <span class='ocrx_word' id='word_1_338' title='bbox 1318 3539 1507 3599; x_wconf 79' lang='lat' dir='ltr'><strong>Africa</strong></span> <span class='ocrx_word' id='word_1_339' title='bbox 1534 3556 1657 3612; x_wconf 88' lang='lat' dir='ltr'><strong>qua</strong></span> <span class='ocrx_word' id='word_1_340' title='bbox 1686 3556 1812 3614; x_wconf 87' lang='lat' dir='ltr'><strong>pars</strong></span> 
     </span>
    </p>
   </div>
   <div class='ocr_carea' id='block_1_52' title="bbox 204 3631 1816 3707">
    <p class='ocr_par' dir='ltr' id='par_1_52' title="bbox 204 3631 1816 3707">
     <span class='ocr_line' id='line_1_53' title="bbox 204 3631 1816 3707; baseline 0.001 -19"><span class='ocrx_word' id='word_1_341' title='bbox 204 3631 406 3688; x_wconf 88' lang='lat' dir='ltr'><strong>mundi</strong></span> <span class='ocrx_word' id='word_1_342' title='bbox 444 3648 565 3689; x_wconf 86' lang='lat' dir='ltr'><strong>esse</strong></span> <span class='ocrx_word' id='word_1_343' title='bbox 599 3631 823 3701; x_wconf 90' lang='lat' dir='ltr'><strong>dicitur,</strong></span> <span class='ocrx_word' id='word_1_344' title='bbox 872 3649 1108 3707; x_wconf 88' lang='lat' dir='ltr'><strong>quaque</strong></span> <span class='ocrx_word' id='word_1_345' title='bbox 1151 3635 1318 3692; x_wconf 89' lang='lat' dir='ltr'><strong>etiam</strong></span> <span class='ocrx_word' id='word_1_346' title='bbox 1364 3634 1688 3707; x_wconf 89' lang='lat' dir='ltr'><strong>antiquitus,</strong></span> <span class='ocrx_word' id='word_1_347' title='bbox 1734 3635 1816 3690; x_wconf 91' lang='lat' dir='ltr'><strong>vi-</strong></span> 
     </span>
    </p>
   </div>
   <div class='ocr_carea' id='block_1_53' title="bbox 204 3726 1817 3802">
    <p class='ocr_par' dir='ltr' id='par_1_53' title="bbox 204 3726 1817 3802">
     <span class='ocr_line' id='line_1_54' title="bbox 204 3726 1817 3802; baseline 0.002 -21"><span class='ocrx_word' id='word_1_348' title='bbox 204 3733 376 3798; x_wconf 85' lang='lat' dir='ltr'><strong>gente</strong></span> <span class='ocrx_word' id='word_1_349' title='bbox 405 3726 482 3782; x_wconf 91' lang='lat' dir='ltr'><strong>ibi</strong></span> <span class='ocrx_word' id='word_1_350' title='bbox 509 3726 947 3798; x_wconf 88' lang='lat' dir='ltr'><strong>Christianitate,</strong></span> <span class='ocrx_word' id='word_1_351' title='bbox 986 3728 1236 3786; x_wconf 89' lang='lat' dir='ltr'><strong>maximo</strong></span> <span class='ocrx_word' id='word_1_352' title='bbox 1287 3729 1678 3802; x_wconf 88' lang='lat' dir='ltr'><strong>episcoporum</strong></span> <span class='ocrx_word' id='word_1_353' title='bbox 1720 3746 1817 3785; x_wconf 90' lang='lat' dir='ltr'><strong>nu-</strong></span> 
     </span>
    </p>
   </div>
   <div class='ocr_carea' id='block_1_54' title="bbox 204 3820 1814 3895">
    <p class='ocr_par' dir='ltr' id='par_1_54' title="bbox 204 3820 1814 3895">
     <span class='ocr_line' id='line_1_55' title="bbox 204 3820 1814 3895; baseline 0.001 -18"><span class='ocrx_word' id='word_1_354' title='bbox 204 3836 370 3877; x_wconf 90' lang='lat' dir='ltr'><strong>mero</strong></span> <span class='ocrx_word' id='word_1_355' title='bbox 396 3820 707 3892; x_wconf 88' lang='lat' dir='ltr'><strong>regebatur,</strong></span> <span class='ocrx_word' id='word_1_356' title='bbox 738 3820 807 3878; x_wconf 91' lang='lat' dir='ltr'><strong>ad</strong></span> <span class='ocrx_word' id='word_1_357' title='bbox 838 3828 1056 3877; x_wconf 90' lang='lat' dir='ltr'><strong>tantum</strong></span> <span class='ocrx_word' id='word_1_358' title='bbox 1083 3823 1393 3895; x_wconf 88' lang='lat' dir='ltr'><strong>periculum</strong></span> <span class='ocrx_word' id='word_1_359' title='bbox 1421 3823 1723 3892; x_wconf 88' lang='lat' dir='ltr'><strong>devenerit,</strong></span> <span class='ocrx_word' id='word_1_360' title='bbox 1751 3831 1814 3879; x_wconf 92' lang='lat' dir='ltr'><strong>ut</strong></span> 
     </span>
    </p>
   </div>
   <div class='ocr_carea' id='block_1_55' title="bbox 202 3912 1811 3990">
    <p class='ocr_par' dir='ltr' id='par_1_55' title="bbox 202 3912 1811 3990">
     <span class='ocr_line' id='line_1_56' title="bbox 202 3912 1811 3990; baseline 0.002 -19"><span class='ocrx_word' id='word_1_361' title='bbox 202 3915 265 3971; x_wconf 86' lang='lat' dir='ltr'><strong>in</strong></span> <span class='ocrx_word' id='word_1_362' title='bbox 308 3912 615 3971; x_wconf 90' lang='lat' dir='ltr'><strong>ordinando</strong></span> <span class='ocrx_word' id='word_1_363' title='bbox 658 3915 920 3988; x_wconf 90' lang='lat' dir='ltr'><strong>episcopo</strong></span> <span class='ocrx_word' id='word_1_364' title='bbox 958 3924 1071 3972; x_wconf 89' lang='lat' dir='ltr'><strong>tres</strong></span> <span class='ocrx_word' id='word_1_365' title='bbox 1108 3933 1224 3973; x_wconf 91' lang='lat' dir='ltr'><strong>non</strong></span> <span class='ocrx_word' id='word_1_366' title='bbox 1269 3917 1468 3973; x_wconf 89' lang='lat' dir='ltr'><strong>habeat</strong></span> <span class='ocrx_word' id='word_1_367' title='bbox 1509 3919 1811 3990; x_wconf 90' lang='lat' dir='ltr'><strong>episcopos.</strong></span> 
     </span>
    </p>
   </div>
   <div class='ocr_carea' id='block_1_56' title="bbox 205 4008 1817 4082">
    <p class='ocr_par' dir='ltr' id='par_1_56' title="bbox 205 4008 1817 4082">
     <span class='ocr_line' id='line_1_57' title="bbox 205 4008 1817 4082; baseline 0.002 -19"><span class='ocrx_word' id='word_1_368' title='bbox 205 4008 331 4078; x_wconf 87' lang='lat' dir='ltr'><strong>Qua</strong></span> <span class='ocrx_word' id='word_1_369' title='bbox 354 4008 417 4063; x_wconf 90' lang='lat' dir='ltr'><strong>in</strong></span> <span class='ocrx_word' id='word_1_370' title='bbox 442 4022 503 4063; x_wconf 88' lang='lat' dir='ltr'><strong>re</strong></span> <span class='ocrx_word' id='word_1_371' title='bbox 531 4008 839 4064; x_wconf 85' lang='lat' dir='ltr'><strong>maximum</strong></span> <span class='ocrx_word' id='word_1_372' title='bbox 861 4009 1181 4065; x_wconf 89' lang='lat' dir='ltr'><strong>Christiana</strong></span> <span class='ocrx_word' id='word_1_373' title='bbox 1209 4010 1490 4082; x_wconf 86' lang='lat' dir='ltr'><strong>religionis</strong></span> <span class='ocrx_word' id='word_1_374' title='bbox 1514 4010 1817 4082; x_wconf 89' lang='lat' dir='ltr'><strong>periculum</strong></span> 
     </span>
    </p>
   </div>
   <div class='ocr_carea' id='block_1_57' title="bbox 207 4099 1816 4176">
    <p class='ocr_par' dir='ltr' id='par_1_57' title="bbox 207 4099 1816 4176">
     <span class='ocr_line' id='line_1_58' title="bbox 207 4099 1816 4176; baseline 0.002 -19"><span class='ocrx_word' id='word_1_375' title='bbox 207 4099 652 4167; x_wconf 82' lang='lat' dir='ltr'><strong>considerantes,</strong></span> <span class='ocrx_word' id='word_1_376' title='bbox 696 4109 753 4157; x_wconf 91' lang='lat' dir='ltr'><strong>et</strong></span> <span class='ocrx_word' id='word_1_377' title='bbox 776 4102 836 4157; x_wconf 90' lang='lat' dir='ltr'><strong>in</strong></span> <span class='ocrx_word' id='word_1_378' title='bbox 876 4102 1117 4158; x_wconf 84' lang='lat' dir='ltr'><strong>maximo</strong></span> <span class='ocrx_word' id='word_1_379' title='bbox 1155 4118 1289 4176; x_wconf 89' lang='lat' dir='ltr'><strong>agro</strong></span> <span class='ocrx_word' id='word_1_380' title='bbox 1318 4103 1507 4175; x_wconf 89' lang='lat' dir='ltr'><strong>paucis</strong></span> <span class='ocrx_word' id='word_1_381' title='bbox 1550 4104 1816 4175; x_wconf 89' lang='lat' dir='ltr'><strong>operariis</strong></span> 
     </span>
    </p>
   </div>
   <div class='ocr_carea' id='block_1_58' title="bbox 204 4192 1819 4269">
    <p class='ocr_par' dir='ltr' id='par_1_58' title="bbox 204 4192 1819 4269">
     <span class='ocr_line' id='line_1_59' title="bbox 204 4192 1819 4269; baseline 0.001 -18"><span class='ocrx_word' id='word_1_382' title='bbox 204 4192 637 4264; x_wconf 84' lang='lat' dir='ltr'><strong>desudantibus,</strong></span> <span class='ocrx_word' id='word_1_383' title='bbox 675 4194 845 4251; x_wconf 92' lang='lat' dir='ltr'><strong>corde</strong></span> <span class='ocrx_word' id='word_1_384' title='bbox 881 4203 1044 4252; x_wconf 92' lang='lat' dir='ltr'><strong>tenus</strong></span> <span class='ocrx_word' id='word_1_385' title='bbox 1082 4197 1507 4269; x_wconf 90' lang='lat' dir='ltr'><strong>compatientes,</strong></span> <span class='ocrx_word' id='word_1_386' title='bbox 1544 4196 1819 4253; x_wconf 88' lang='lat' dir='ltr'><strong>consului-</strong></span> 
     </span>
    </p>
   </div>
   <div class='ocr_carea' id='block_1_59' title="bbox 204 4286 1823 4361">
    <p class='ocr_par' dir='ltr' id='par_1_59' title="bbox 204 4286 1823 4361">
     <span class='ocr_line' id='line_1_60' title="bbox 204 4286 1823 4361; baseline 0.001 -17"><span class='ocrx_word' id='word_1_387' title='bbox 204 4302 336 4344; x_wconf 85' lang='lat' dir='ltr'><strong>mus</strong></span> <span class='ocrx_word' id='word_1_388' title='bbox 365 4287 545 4356; x_wconf 88' lang='lat' dir='ltr'><strong>vobis,</strong></span> <span class='ocrx_word' id='word_1_389' title='bbox 576 4286 831 4343; x_wconf 90' lang='lat' dir='ltr'><strong>videlicet</strong></span> <span class='ocrx_word' id='word_1_390' title='bbox 857 4287 957 4343; x_wconf 86' lang='lat' dir='ltr'><strong>tibi</strong></span> <span class='ocrx_word' id='word_1_391' title='bbox 983 4296 1039 4345; x_wconf 91' lang='lat' dir='ltr'><strong>et</strong></span> <span class='ocrx_word' id='word_1_392' title='bbox 1059 4288 1133 4344; x_wconf 92' lang='lat' dir='ltr'><strong>illi</strong></span> <span class='ocrx_word' id='word_1_393' title='bbox 1160 4290 1250 4347; x_wconf 91' lang='lat' dir='ltr'><strong>cui</strong></span> <span class='ocrx_word' id='word_1_394' title='bbox 1279 4306 1454 4361; x_wconf 88' lang='lat' dir='ltr'><strong>nuper</strong></span> <span class='ocrx_word' id='word_1_395' title='bbox 1478 4306 1701 4346; x_wconf 90' lang='lat' dir='ltr'><strong>manum</strong></span> <span class='ocrx_word' id='word_1_396' title='bbox 1726 4289 1823 4346; x_wconf 92' lang='lat' dir='ltr'><strong>im.</strong></span> 
     </span>
    </p>
   </div>
   <div class='ocr_carea' id='block_1_60' title="bbox 204 4380 1812 4455">
    <p class='ocr_par' dir='ltr' id='par_1_60' title="bbox 204 4380 1812 4455">
     <span class='ocr_line' id='line_1_61' title="bbox 204 4380 1812 4455; baseline 0.002 -19"><span class='ocrx_word' id='word_1_397' title='bbox 204 4381 527 4455; x_wconf 88' lang='lat' dir='ltr'><strong>posuimus,</strong></span> <span class='ocrx_word' id='word_1_398' title='bbox 552 4390 617 4436; x_wconf 93' lang='lat' dir='ltr'><strong>ut</strong></span> <span class='ocrx_word' id='word_1_399' title='bbox 642 4380 884 4453; x_wconf 89' lang='lat' dir='ltr'><strong>aliquam</strong></span> <span class='ocrx_word' id='word_1_400' title='bbox 906 4397 1197 4454; x_wconf 90' lang='lat' dir='ltr'><strong>personam</strong></span> <span class='ocrx_word' id='word_1_401' title='bbox 1223 4382 1530 4440; x_wconf 88' lang='lat' dir='ltr'><strong>secundum</strong></span> <span class='ocrx_word' id='word_1_402' title='bbox 1548 4381 1812 4441; x_wconf 87' lang='lat' dir='ltr'><strong>constitu-</strong></span> 
     </span>
    </p>
   </div>
   <div class='ocr_carea' id='block_1_61' title="bbox 203 4474 1817 4551">
    <p class='ocr_par' dir='ltr' id='par_1_61' title="bbox 203 4474 1817 4551">
     <span class='ocr_line' id='line_1_62' title="bbox 203 4474 1817 4551; baseline 0.001 -21"><span class='ocrx_word' id='word_1_403' title='bbox 203 4474 425 4532; x_wconf 89' lang='lat' dir='ltr'><strong>tionem</strong></span> <span class='ocrx_word' id='word_1_404' title='bbox 470 4482 788 4530; x_wconf 88' lang='lat' dir='ltr'><strong>sanctorum</strong></span> <span class='ocrx_word' id='word_1_405' title='bbox 835 4475 1063 4531; x_wconf 90' lang='lat' dir='ltr'><strong>Patrum</strong></span> <span class='ocrx_word' id='word_1_406' title='bbox 1115 4476 1343 4549; x_wconf 87' lang='lat' dir='ltr'><strong>eligatis,</strong></span> <span class='ocrx_word' id='word_1_407' title='bbox 1390 4476 1657 4551; x_wconf 88' lang='lat' dir='ltr'><strong>nobisque</strong></span> <span class='ocrx_word' id='word_1_408' title='bbox 1693 4493 1817 4533; x_wconf 90' lang='lat' dir='ltr'><strong>eam</strong></span> 
     </span>
    </p>
   </div>
   <div class='ocr_carea' id='block_1_62' title="bbox 201 4568 1816 4643">
    <p class='ocr_par' dir='ltr' id='par_1_62' title="bbox 201 4568 1816 4643">
     <span class='ocr_line' id='line_1_63' title="bbox 201 4568 1816 4643; baseline -0.001 -16"><span class='ocrx_word' id='word_1_409' title='bbox 201 4570 409 4627; x_wconf 84' lang='lat' dir='ltr'><strong>litteris</strong></span> <span class='ocrx_word' id='word_1_410' title='bbox 452 4569 651 4626; x_wconf 89' lang='lat' dir='ltr'><strong>vestris</strong></span> <span class='ocrx_word' id='word_1_411' title='bbox 688 4568 883 4626; x_wconf 83' lang='lat' dir='ltr'><strong>fultam</strong></span> <span class='ocrx_word' id='word_1_412' title='bbox 926 4570 1192 4642; x_wconf 89' lang='lat' dir='ltr'><strong>mittatis,</strong></span> <span class='ocrx_word' id='word_1_413' title='bbox 1234 4579 1505 4643; x_wconf 88' lang='lat' dir='ltr'><strong>quatenus</strong></span> <span class='ocrx_word' id='word_1_414' title='bbox 1541 4571 1658 4642; x_wconf 92' lang='lat' dir='ltr'><strong>ipso</strong></span> <span class='ocrx_word' id='word_1_415' title='bbox 1697 4573 1816 4626; x_wconf 88' lang='lat' dir='ltr'><strong>Deo</strong></span> 
     </span>
    </p>
   </div>
   <div class='ocr_carea' id='block_1_63' title="bbox 202 4663 1814 4738">
    <p class='ocr_par' dir='ltr' id='par_1_63' title="bbox 202 4663 1814 4738">
     <span class='ocr_line' id='line_1_64' title="bbox 202 4663 1814 4738; baseline -0.001 -16"><span class='ocrx_word' id='word_1_416' title='bbox 202 4671 565 4738; x_wconf 87' lang='lat' dir='ltr'><strong>cooperante,</strong></span> <span class='ocrx_word' id='word_1_417' title='bbox 594 4679 625 4719; x_wconf 91' lang='lat' dir='ltr'><strong>a</strong></span> <span class='ocrx_word' id='word_1_418' title='bbox 652 4663 810 4720; x_wconf 90' lang='lat' dir='ltr'><strong>nobis</strong></span> <span class='ocrx_word' id='word_1_419' title='bbox 848 4663 1104 4721; x_wconf 90' lang='lat' dir='ltr'><strong>ordinato</strong></span> <span class='ocrx_word' id='word_1_420' title='bbox 1137 4664 1399 4737; x_wconf 89' lang='lat' dir='ltr'><strong>vobisque</strong></span> <span class='ocrx_word' id='word_1_421' title='bbox 1427 4664 1683 4735; x_wconf 88' lang='lat' dir='ltr'><strong>remisso,</strong></span> <span class='ocrx_word' id='word_1_422' title='bbox 1710 4679 1814 4720; x_wconf 88' lang='lat' dir='ltr'><strong>ne-</strong></span> 
     </span>
    </p>
   </div>
   <div class='ocr_carea' id='block_1_64' title="bbox 204 4755 1813 4831">
    <p class='ocr_par' dir='ltr' id='par_1_64' title="bbox 204 4755 1813 4831">
     <span class='ocr_line' id='line_1_65' title="bbox 204 4755 1813 4831; baseline -0.002 -15"><span class='ocrx_word' id='word_1_423' title='bbox 204 4756 457 4816; x_wconf 86' lang='lat' dir='ltr'><strong>cessitati</strong></span> <span class='ocrx_word' id='word_1_424' title='bbox 484 4755 877 4831; x_wconf 66' lang='lat' dir='ltr'><strong>Ecclesiarum,</strong></span> <span class='ocrx_word' id='word_1_425' title='bbox 897 4766 960 4813; x_wconf 92' lang='lat' dir='ltr'><strong>ut</strong></span> <span class='ocrx_word' id='word_1_426' title='bbox 1000 4757 1173 4814; x_wconf 90' lang='lat' dir='ltr'><strong>sancti</strong></span> <span class='ocrx_word' id='word_1_427' title='bbox 1202 4773 1439 4815; x_wconf 89' lang='lat' dir='ltr'><strong>canones</strong></span> <span class='ocrx_word' id='word_1_428' title='bbox 1468 4757 1813 4830; x_wconf 85' lang='lat' dir='ltr'><strong>pracipiunt,</strong></span> 
     </span>
    </p>
   </div>
   <div class='ocr_carea' id='block_1_65' title="bbox 201 4849 1815 4925">
    <p class='ocr_par' dir='ltr' id='par_1_65' title="bbox 201 4849 1815 4925">
     <span class='ocr_line' id='line_1_66' title="bbox 201 4849 1815 4925; baseline -0.001 -16"><span class='ocrx_word' id='word_1_429' title='bbox 201 4852 599 4925; x_wconf 79' lang='lat' dir='ltr'><strong>episcoporum</strong></span> <span class='ocrx_word' id='word_1_430' title='bbox 623 4849 1060 4909; x_wconf 84' lang='lat' dir='ltr'><strong>ordinationibus</strong></span> <span class='ocrx_word' id='word_1_431' title='bbox 1079 4866 1398 4911; x_wconf 88' lang='lat' dir='ltr'><strong>succurrere</strong></span> <span class='ocrx_word' id='word_1_432' title='bbox 1417 4853 1651 4909; x_wconf 88' lang='lat' dir='ltr'><strong>valeatis</strong></span> <span class='ocrx_word' id='word_1_433' title='bbox 1683 4860 1739 4908; x_wconf 91' lang='lat' dir='ltr'><strong>et</strong></span> <span class='ocrx_word' id='word_1_434' title='bbox 1754 4858 1815 4907; x_wconf 93' lang='lat' dir='ltr'><strong>ut</strong></span> 
     </span>
    </p>
   </div>
   <div class='ocr_carea' id='block_1_66' title="bbox 206 4940 1816 5019">
    <p class='ocr_par' dir='ltr' id='par_1_66' title="bbox 206 4940 1816 5019">
     <span class='ocr_line' id='line_1_67' title="bbox 206 4940 1816 5019; baseline 0 -17"><span class='ocrx_word' id='word_1_435' title='bbox 206 4942 525 5003; x_wconf 85' lang='lat' dir='ltr'><strong>Christiana</strong></span> <span class='ocrx_word' id='word_1_436' title='bbox 545 4958 683 5017; x_wconf 87' lang='lat' dir='ltr'><strong>gens</strong></span> <span class='ocrx_word' id='word_1_437' title='bbox 702 4940 947 5016; x_wconf 75' lang='lat' dir='ltr'><strong>quotidie</strong></span> <span class='ocrx_word' id='word_1_438' title='bbox 966 4942 1222 5019; x_wconf 87' lang='lat' dir='ltr'><strong>gaudeat,</strong></span> <span class='ocrx_word' id='word_1_439' title='bbox 1249 4954 1416 5017; x_wconf 88' lang='lat' dir='ltr'><strong>atque</strong></span> <span class='ocrx_word' id='word_1_440' title='bbox 1436 4945 1688 5017; x_wconf 90' lang='lat' dir='ltr'><strong>proﬁciat</strong></span> <span class='ocrx_word' id='word_1_441' title='bbox 1702 4960 1816 5017; x_wconf 88' lang='lat' dir='ltr'><strong>pas-</strong></span> 
     </span>
    </p>
   </div>
   <div class='ocr_carea' id='block_1_67' title="bbox 208 5036 1809 5111">
    <p class='ocr_par' dir='ltr' id='par_1_67' title="bbox 208 5036 1809 5111">
     <span class='ocr_line' id='line_1_68' title="bbox 208 5036 1809 5111; baseline 0 -17"><span class='ocrx_word' id='word_1_442' title='bbox 208 5038 372 5094; x_wconf 84' lang='lat' dir='ltr'><strong>torali</strong></span> <span class='ocrx_word' id='word_1_443' title='bbox 385 5036 684 5110; x_wconf 84' lang='lat' dir='ltr'><strong>regimine,</strong></span> <span class='ocrx_word' id='word_1_444' title='bbox 696 5044 754 5093; x_wconf 90' lang='lat' dir='ltr'><strong>et</strong></span> <span class='ocrx_word' id='word_1_445' title='bbox 765 5036 945 5106; x_wconf 86' lang='lat' dir='ltr'><strong>labor,</strong></span> <span class='ocrx_word' id='word_1_446' title='bbox 963 5036 1061 5111; x_wconf 92' lang='lat' dir='ltr'><strong>qui</strong></span> <span class='ocrx_word' id='word_1_447' title='bbox 1078 5053 1242 5111; x_wconf 89' lang='lat' dir='ltr'><strong>supra</strong></span> <span class='ocrx_word' id='word_1_448' title='bbox 1262 5038 1404 5094; x_wconf 87' lang='lat' dir='ltr'><strong>vires</strong></span> <span class='ocrx_word' id='word_1_449' title='bbox 1418 5053 1513 5094; x_wconf 90' lang='lat' dir='ltr'><strong>vos</strong></span> <span class='ocrx_word' id='word_1_450' title='bbox 1530 5038 1809 5111; x_wconf 84' lang='lat' dir='ltr'><strong>Opprimit,</strong></span> 
     </span>
    </p>
   </div>
   <div class='ocr_carea' id='block_1_68' title="bbox 212 5130 1811 5193">
    <p class='ocr_par' dir='ltr' id='par_1_68' title="bbox 212 5130 1811 5193">
     <span class='ocr_line' id='line_1_69' title="bbox 212 5130 1811 5193; baseline 0.003 -7"><span class='ocrx_word' id='word_1_451' title='bbox 212 5131 391 5188; x_wconf 89' lang='lat' dir='ltr'><strong>levior</strong></span> <span class='ocrx_word' id='word_1_452' title='bbox 433 5131 508 5186; x_wconf 90' lang='lat' dir='ltr'><strong>sit</strong></span> <span class='ocrx_word' id='word_1_453' title='bbox 554 5145 621 5186; x_wconf 81' lang='lat' dir='ltr'><strong>ex</strong></span> <span class='ocrx_word' id='word_1_454' title='bbox 649 5131 934 5188; x_wconf 89' lang='lat' dir='ltr'><strong>sociorum</strong></span> <span class='ocrx_word' id='word_1_455' title='bbox 961 5130 1266 5193; x_wconf 85' lang='lat' dir='ltr'><strong>necessaria</strong></span> <span class='ocrx_word' id='word_1_456' title='bbox 1311 5131 1811 5190; x_wconf 89' lang='lat' dir='ltr'><strong>administratione.</strong></span> 
     </span>
    </p>
   </div>
   <div class='ocr_carea' id='block_1_69' title="bbox 282 5223 1814 5300">
    <p class='ocr_par' dir='ltr' id='par_1_69' title="bbox 282 5223 1814 5300">
     <span class='ocr_line' id='line_1_70' title="bbox 282 5223 1814 5300; baseline 0.001 -18"><span class='ocrx_word' id='word_1_457' title='bbox 282 5228 429 5282; x_wconf 86' lang='lat' dir='ltr'><strong>Data</strong></span> <span class='ocrx_word' id='word_1_458' title='bbox 442 5225 663 5294; x_wconf 79' lang='lat' dir='ltr'><strong>Roma,</strong></span> <span class='ocrx_word' id='word_1_459' title='bbox 678 5239 869 5281; x_wconf 85' lang='lat' dir='ltr'><strong>mense</strong></span> <span class='ocrx_word' id='word_1_460' title='bbox 880 5224 1056 5289; x_wconf 86' lang='lat' dir='ltr'><strong>Junii,</strong></span> <span class='ocrx_word' id='word_1_461' title='bbox 1070 5223 1367 5283; x_wconf 89' lang='lat' dir='ltr'><strong>indictione</strong></span> <span class='ocrx_word' id='word_1_462' title='bbox 1379 5225 1589 5284; x_wconf 89' lang='lat' dir='ltr'><strong>decima</strong></span> <span class='ocrx_word' id='word_1_463' title='bbox 1602 5233 1814 5300; x_wconf 89' lang='lat' dir='ltr'><strong>quarta.</strong></span> 
     </span>
    </p>
   </div>
   <div class='ocr_carea' id='block_1_70' title="bbox 753 5317 1282 5375">
    <p class='ocr_par' dir='ltr' id='par_1_70' title="bbox 753 5317 1282 5375">
     <span class='ocr_line' id='line_1_71' title="bbox 753 5317 1282 5375; baseline 0 0"><span class='ocrx_word' id='word_1_464' title='bbox 753 5317 1109 5375; x_wconf 79' lang='lat' dir='ltr'><strong>EPISTOLA</strong></span> <span class='ocrx_word' id='word_1_465' title='bbox 1145 5320 1282 5375; x_wconf 82' lang='lat' dir='ltr'><strong>XX.</strong></span> 
     </span>
    </p>
   </div>
   <div class='ocr_carea' id='block_1_71' title="bbox 682 5428 1351 5487">
    <p class='ocr_par' dir='ltr' id='par_1_71' title="bbox 682 5428 1351 5487">
     <span class='ocr_line' id='line_1_72' title="bbox 682 5428 1351 5487; baseline 0.004 -16"><span class='ocrx_word' id='word_1_466' title='bbox 682 5430 773 5471; x_wconf 66' lang='lat' dir='ltr'><strong>an</strong></span> <span class='ocrx_word' id='word_1_467' title='bbox 815 5428 1351 5487; x_wconf 76' lang='lat' dir='ltr'><strong>HIPPONBNSES.</strong></span> 
     </span>
    </p>
   </div>
   <div class='ocr_carea' id='block_1_72' title="bbox 716 5504 1222 5575">
    <p class='ocr_par' dir='ltr' id='par_1_72' title="bbox 716 5504 1222 5575">
     <span class='ocr_line' id='line_1_73' title="bbox 716 5504 1222 5575; baseline -0.004 -16"><span class='ocrx_word' id='word_1_468' title='bbox 716 5539 727 5549; x_wconf 80' lang='lat'><strong>-</strong></span> <span class='ocrx_word' id='word_1_469' title='bbox 822 5506 1005 5573; x_wconf 72' lang='lat' dir='ltr'><strong>(Anno</strong></span> <span class='ocrx_word' id='word_1_470' title='bbox 1038 5504 1222 5575; x_wconf 78' lang='lat'><strong>1076.)</strong></span> 
     </span>
    </p>
   </div>
   <div class='ocr_carea' id='block_1_73' title="bbox 224 5594 1821 5670">
    <p class='ocr_par' dir='ltr' id='par_1_73' title="bbox 224 5594 1821 5670">
     <span class='ocr_line' id='line_1_74' title="bbox 224 5594 1821 5670; baseline 0.001 -16"><span class='ocrx_word' id='word_1_471' title='bbox 224 5594 491 5654; x_wconf 77' lang='lat' dir='ltr'><strong>Hortatur</strong></span> <span class='ocrx_word' id='word_1_472' title='bbox 527 5596 602 5653; x_wconf 88' lang='lat' dir='ltr'><strong>ad</strong></span> <span class='ocrx_word' id='word_1_473' title='bbox 644 5596 1005 5670; x_wconf 73' lang='lat' dir='ltr'><strong>obedientiam</strong></span> <span class='ocrx_word' id='word_1_474' title='bbox 1048 5597 1448 5670; x_wconf 74' lang='lat' dir='ltr'><strong>archiepiscopi,</strong></span> <span class='ocrx_word' id='word_1_475' title='bbox 1494 5603 1547 5655; x_wconf 87' lang='lat' dir='ltr'><strong>et</strong></span> <span class='ocrx_word' id='word_1_476' title='bbox 1588 5597 1665 5656; x_wconf 84' lang='lat' dir='ltr'><strong>ad</strong></span> <span class='ocrx_word' id='word_1_477' title='bbox 1704 5616 1821 5656; x_wconf 85' lang='lat' dir='ltr'><strong>mu-</strong></span> 
     </span>
    </p>
   </div>
   <div class='ocr_carea' id='block_1_74' title="bbox 587 5669 1463 5727">
    <p class='ocr_par' dir='ltr' id='par_1_74' title="bbox 587 5669 1463 5727">
     <span class='ocr_line' id='line_1_75' title="bbox 587 5669 1463 5727; baseline -0.001 -3"><span class='ocrx_word' id='word_1_478' title='bbox 587 5675 737 5724; x_wconf 85' lang='lat' dir='ltr'><strong>tuam</strong></span> <span class='ocrx_word' id='word_1_479' title='bbox 758 5669 1082 5726; x_wconf 82' lang='lat' dir='ltr'><strong>charitatem</strong></span> <span class='ocrx_word' id='word_1_480' title='bbox 1117 5669 1463 5727; x_wconf 78' lang='lat' dir='ltr'><strong>servandam.</strong></span> 
     </span>
    </p>
   </div>
   <div class='ocr_carea' id='block_1_75' title="bbox 300 5762 1823 5836">
    <p class='ocr_par' dir='ltr' id='par_1_75' title="bbox 300 5762 1823 5836">
     <span class='ocr_line' id='line_1_76' title="bbox 300 5762 1823 5836; baseline 0.003 -17"><span class='ocrx_word' id='word_1_481' title='bbox 300 5762 661 5822; x_wconf 68' lang='lat' dir='ltr'><strong>Gnaeonws</strong></span> <span class='ocrx_word' id='word_1_482' title='bbox 678 5762 981 5836; x_wconf 79' lang='lat' dir='ltr'><strong>episcopus,</strong></span> <span class='ocrx_word' id='word_1_483' title='bbox 1004 5781 1197 5825; x_wconf 84' lang='lat' dir='ltr'><strong>servus</strong></span> <span class='ocrx_word' id='word_1_484' title='bbox 1228 5779 1515 5825; x_wconf 88' lang='lat' dir='ltr'><strong>servorum</strong></span> <span class='ocrx_word' id='word_1_485' title='bbox 1535 5764 1659 5835; x_wconf 82' lang='lat' dir='ltr'><strong>Dei,</strong></span> <span class='ocrx_word' id='word_1_486' title='bbox 1675 5763 1823 5824; x_wconf 90' lang='lat' dir='ltr'><strong>clero</strong></span> 
     </span>
    </p>
   </div>
   <div class='ocr_carea' id='block_1_76' title="bbox 1910 1726 3509 1800">
    <p class='ocr_par' dir='ltr' id='par_1_76' title="bbox 1910 1726 3509 1800">
     <span class='ocr_line' id='line_1_77' title="bbox 1910 1726 3509 1800; baseline -0.003 -12"><span class='ocrx_word' id='word_1_487' title='bbox 1910 1732 2153 1788; x_wconf 87' lang='lat' dir='ltr'><strong>videntes</strong></span> <span class='ocrx_word' id='word_1_488' title='bbox 2181 1731 2555 1787; x_wconf 91' lang='lat' dir='ltr'><strong>sinceritatem</strong></span> <span class='ocrx_word' id='word_1_489' title='bbox 2588 1728 2717 1787; x_wconf 88' lang='lat' dir='ltr'><strong>ﬁdei</strong></span> <span class='ocrx_word' id='word_1_490' title='bbox 2737 1738 2953 1797; x_wconf 86' lang='lat' dir='ltr'><strong>vestra,</strong></span> <span class='ocrx_word' id='word_1_491' title='bbox 2975 1726 3269 1800; x_wconf 90' lang='lat' dir='ltr'><strong>puritatem</strong></span> <span class='ocrx_word' id='word_1_492' title='bbox 3291 1742 3509 1799; x_wconf 91' lang='lat' dir='ltr'><strong>quoque</strong></span> 
     </span>
    </p>
   </div>
   <div class='ocr_carea' id='block_1_77' title="bbox 1912 1819 3508 1882">
    <p class='ocr_par' dir='ltr' id='par_1_77' title="bbox 1912 1819 3508 1882">
     <span class='ocr_line' id='line_1_78' title="bbox 1912 1819 3508 1882; baseline -0.005 0"><span class='ocrx_word' id='word_1_493' title='bbox 1912 1834 2117 1882; x_wconf 91' lang='lat' dir='ltr'><strong>mutua</strong></span> <span class='ocrx_word' id='word_1_494' title='bbox 2148 1826 2289 1881; x_wconf 89' lang='lat' dir='ltr'><strong>inter</strong></span> <span class='ocrx_word' id='word_1_495' title='bbox 2333 1840 2434 1881; x_wconf 84' lang='lat' dir='ltr'><strong>vos</strong></span> <span class='ocrx_word' id='word_1_496' title='bbox 2479 1823 2677 1881; x_wconf 90' lang='lat' dir='ltr'><strong>divina</strong></span> <span class='ocrx_word' id='word_1_497' title='bbox 2719 1822 2999 1879; x_wconf 89' lang='lat' dir='ltr'><strong>charitatis</strong></span> <span class='ocrx_word' id='word_1_498' title='bbox 3026 1838 3089 1877; x_wconf 90' lang='lat' dir='ltr'><strong>ac</strong></span> <span class='ocrx_word' id='word_1_499' title='bbox 3118 1821 3377 1878; x_wconf 87' lang='lat' dir='ltr'><strong>fraterna</strong></span> <span class='ocrx_word' id='word_1_500' title='bbox 3413 1819 3508 1875; x_wconf 90' lang='lat' dir='ltr'><strong>di-</strong></span> 
     </span>
    </p>
   </div>
   <div class='ocr_carea' id='block_1_78' title="bbox 1909 1914 3507 1989">
    <p class='ocr_par' dir='ltr' id='par_1_78' title="bbox 1909 1914 3507 1989">
     <span class='ocr_line' id='line_1_79' title="bbox 1909 1914 3507 1989; baseline -0.004 -14"><span class='ocrx_word' id='word_1_501' title='bbox 1909 1918 2159 1976; x_wconf 89' lang='lat' dir='ltr'><strong>lectionis</strong></span> <span class='ocrx_word' id='word_1_502' title='bbox 2183 1919 2367 1989; x_wconf 93' lang='lat' dir='ltr'><strong>potius</strong></span> <span class='ocrx_word' id='word_1_503' title='bbox 2405 1917 2473 1974; x_wconf 92' lang='lat' dir='ltr'><strong>ad</strong></span> <span class='ocrx_word' id='word_1_504' title='bbox 2508 1916 2940 1985; x_wconf 87' lang='lat' dir='ltr'><strong>amulationem,</strong></span> <span class='ocrx_word' id='word_1_505' title='bbox 2970 1930 3137 1987; x_wconf 88' lang='lat' dir='ltr'><strong>quam</strong></span> <span class='ocrx_word' id='word_1_506' title='bbox 3158 1914 3229 1971; x_wconf 90' lang='lat' dir='ltr'><strong>ad</strong></span> <span class='ocrx_word' id='word_1_507' title='bbox 3260 1921 3507 1970; x_wconf 89' lang='lat' dir='ltr'><strong>contem-</strong></span> 
     </span>
    </p>
   </div>
   <div class='ocr_carea' id='block_1_79' title="bbox 1910 2008 3506 2086">
    <p class='ocr_par' dir='ltr' id='par_1_79' title="bbox 1910 2008 3506 2086">
     <span class='ocr_line' id='line_1_80' title="bbox 1910 2008 3506 2086; baseline -0.003 -19"><span class='ocrx_word' id='word_1_508' title='bbox 1910 2021 2069 2086; x_wconf 89' lang='lat' dir='ltr'><strong>ptum</strong></span> <span class='ocrx_word' id='word_1_509' title='bbox 2119 2011 2445 2069; x_wconf 91' lang='lat' dir='ltr'><strong>Christiana</strong></span> <span class='ocrx_word' id='word_1_510' title='bbox 2492 2010 2641 2078; x_wconf 91' lang='lat' dir='ltr'><strong>ﬁdei,</strong></span> <span class='ocrx_word' id='word_1_511' title='bbox 2692 2026 2760 2066; x_wconf 89' lang='lat' dir='ltr'><strong>ex</strong></span> <span class='ocrx_word' id='word_1_512' title='bbox 2798 2008 2994 2065; x_wconf 89' lang='lat' dir='ltr'><strong>vestris</strong></span> <span class='ocrx_word' id='word_1_513' title='bbox 3020 2008 3278 2079; x_wconf 89' lang='lat' dir='ltr'><strong>operibus</strong></span> <span class='ocrx_word' id='word_1_514' title='bbox 3306 2021 3506 2079; x_wconf 86' lang='lat' dir='ltr'><strong>provo-</strong></span> 
     </span>
    </p>
   </div>
   <div class='ocr_carea' id='block_1_80' title="bbox 1910 2099 3510 2180">
    <p class='ocr_par' dir='ltr' id='par_1_80' title="bbox 1910 2099 3510 2180">
     <span class='ocr_line' id='line_1_81' title="bbox 1910 2099 3510 2180; baseline -0.005 -18"><span class='ocrx_word' id='word_1_515' title='bbox 1910 2115 2135 2177; x_wconf 85' lang='lat' dir='ltr'><strong>centur;</strong></span> <span class='ocrx_word' id='word_1_516' title='bbox 2178 2114 2397 2180; x_wconf 83' lang='lat' dir='ltr'><strong>Oportet</strong></span> <span class='ocrx_word' id='word_1_517' title='bbox 2424 2105 2569 2161; x_wconf 91' lang='lat' dir='ltr'><strong>enim</strong></span> <span class='ocrx_word' id='word_1_518' title='bbox 2620 2118 2717 2160; x_wconf 92' lang='lat' dir='ltr'><strong>vos</strong></span> <span class='ocrx_word' id='word_1_519' title='bbox 2754 2102 3163 2159; x_wconf 84' lang='lat' dir='ltr'><strong>considerantes</strong></span> <span class='ocrx_word' id='word_1_520' title='bbox 3202 2099 3510 2173; x_wconf 86' lang='lat' dir='ltr'><strong>gloriﬁcent</strong></span> 
     </span>
    </p>
   </div>
   <div class='ocr_carea' id='block_1_81' title="bbox 1908 2191 3511 2272">
    <p class='ocr_par' dir='ltr' id='par_1_81' title="bbox 1908 2191 3511 2272">
     <span class='ocr_line' id='line_1_82' title="bbox 1908 2191 3511 2272; baseline -0.005 -16"><span class='ocrx_word' id='word_1_521' title='bbox 1908 2202 2135 2257; x_wconf 86' lang='lat' dir='ltr'><strong>Patrum</strong></span> <span class='ocrx_word' id='word_1_522' title='bbox 2172 2209 2420 2257; x_wconf 90' lang='lat' dir='ltr'><strong>vestrum</strong></span> <span class='ocrx_word' id='word_1_523' title='bbox 2460 2198 2556 2272; x_wconf 90' lang='lat' dir='ltr'><strong>qui</strong></span> <span class='ocrx_word' id='word_1_524' title='bbox 2595 2199 2652 2252; x_wconf 89' lang='lat' dir='ltr'><strong>in</strong></span> <span class='ocrx_word' id='word_1_525' title='bbox 2685 2197 2840 2254; x_wconf 72' lang='lat' dir='ltr'><strong>caelis</strong></span> <span class='ocrx_word' id='word_1_526' title='bbox 2875 2204 2978 2252; x_wconf 91' lang='lat' dir='ltr'><strong>est.</strong></span> <span class='ocrx_word' id='word_1_527' title='bbox 3024 2194 3187 2267; x_wconf 78' lang='lat' dir='ltr'><strong>Agite</strong></span> <span class='ocrx_word' id='word_1_528' title='bbox 3210 2194 3399 2266; x_wconf 88' lang='lat' dir='ltr'><strong>igitur,</strong></span> <span class='ocrx_word' id='word_1_529' title='bbox 3427 2191 3511 2249; x_wconf 84' lang='lat' dir='ltr'><strong>di~</strong></span> 
     </span>
    </p>
   </div>
   <div class='ocr_carea' id='block_1_82' title="bbox 1908 2285 3508 2363">
    <p class='ocr_par' dir='ltr' id='par_1_82' title="bbox 1908 2285 3508 2363">
     <span class='ocr_line' id='line_1_83' title="bbox 1908 2285 3508 2363; baseline -0.006 -13"><span class='ocrx_word' id='word_1_530' title='bbox 1908 2293 2194 2351; x_wconf 90' lang='lat' dir='ltr'><strong>lectissimi</strong></span> <span class='ocrx_word' id='word_1_531' title='bbox 2216 2294 2342 2363; x_wconf 92' lang='lat' dir='ltr'><strong>ﬁlii,</strong></span> <span class='ocrx_word' id='word_1_532' title='bbox 2368 2291 2675 2350; x_wconf 88' lang='lat' dir='ltr'><strong>secundum</strong></span> <span class='ocrx_word' id='word_1_533' title='bbox 2701 2297 3040 2363; x_wconf 87' lang='lat' dir='ltr'><strong>praceptum</strong></span> <span class='ocrx_word' id='word_1_534' title='bbox 3071 2286 3300 2344; x_wconf 90' lang='lat' dir='ltr'><strong>Domini</strong></span> <span class='ocrx_word' id='word_1_535' title='bbox 3330 2285 3508 2342; x_wconf 80' lang='lat' dir='ltr'><strong>nostri</strong></span> 
     </span>
    </p>
   </div>
   <div class='ocr_carea' id='block_1_83' title="bbox 1906 2381 3510 2457">
    <p class='ocr_par' dir='ltr' id='par_1_83' title="bbox 1906 2381 3510 2457">
     <span class='ocr_line' id='line_1_84' title="bbox 1906 2381 3510 2457; baseline -0.005 -14"><span class='ocrx_word' id='word_1_536' title='bbox 1906 2390 2038 2445; x_wconf 90' lang='lat' dir='ltr'><strong>Jesu</strong></span> <span class='ocrx_word' id='word_1_537' title='bbox 2079 2387 2318 2457; x_wconf 91' lang='lat' dir='ltr'><strong>Christi,</strong></span> <span class='ocrx_word' id='word_1_538' title='bbox 2349 2386 2583 2443; x_wconf 91' lang='lat' dir='ltr'><strong>dicentis</strong></span> <span class='ocrx_word' id='word_1_539' title='bbox 2621 2384 2691 2442; x_wconf 87' lang='lat' dir='ltr'><strong>ad</strong></span> <span class='ocrx_word' id='word_1_540' title='bbox 2719 2382 3019 2455; x_wconf 86' lang='lat' dir='ltr'><strong>discipulos</strong></span> <span class='ocrx_word' id='word_1_541' title='bbox 3063 2395 3191 2437; x_wconf 91' lang='lat' dir='ltr'><strong>suos</strong></span> <span class='ocrx_word' id='word_1_542' title='bbox 3224 2398 3237 2435; x_wconf 95' lang='lat'>:</span> <span class='ocrx_word' id='word_1_543' title='bbox 3291 2381 3510 2449; x_wconf 80' lang='lat' dir='ltr'><strong>Diligite</strong></span> 
     </span>
    </p>
   </div>
   <div class='ocr_carea' id='block_1_84' title="bbox 1907 2475 3510 2550">
    <p class='ocr_par' dir='ltr' id='par_1_84' title="bbox 1907 2475 3510 2550">
     <span class='ocr_line' id='line_1_85' title="bbox 1907 2475 3510 2550; baseline -0.006 -12"><span class='ocrx_word' id='word_1_544' title='bbox 1907 2498 1997 2538; x_wconf 81' lang='lat' dir='ltr'><strong>vos</strong></span> <span class='ocrx_word' id='word_1_545' title='bbox 2026 2484 2273 2549; x_wconf 80' lang='lat' dir='ltr'><strong>invicem,</strong></span> <span class='ocrx_word' id='word_1_546' title='bbox 2293 2484 2432 2537; x_wconf 91' lang='lat' dir='ltr'><strong>sicut</strong></span> <span class='ocrx_word' id='word_1_547' title='bbox 2460 2497 2558 2550; x_wconf 85' lang='lat' dir='ltr'><strong>ego</strong></span> <span class='ocrx_word' id='word_1_548' title='bbox 2585 2480 2882 2534; x_wconf 70' lang='lat' dir='ltr'><strong>dilexivos.</strong></span> <span class='ocrx_word' id='word_1_549' title='bbox 2912 2477 3172 2546; x_wconf 86' lang='lat' dir='ltr'><strong>Majorem</strong></span> <span class='ocrx_word' id='word_1_550' title='bbox 3193 2475 3510 2529; x_wconf 86' lang='lat' dir='ltr'><strong>charitatem</strong></span> 
     </span>
    </p>
   </div>
   <div class='ocr_carea' id='block_1_85' title="bbox 1907 2568 3509 2641">
    <p class='ocr_par' dir='ltr' id='par_1_85' title="bbox 1907 2568 3509 2641">
     <span class='ocr_line' id='line_1_86' title="bbox 1907 2568 3509 2641; baseline -0.006 -10"><span class='ocrx_word' id='word_1_551' title='bbox 1907 2591 2056 2631; x_wconf 89' lang='lat' dir='ltr'><strong>nemo</strong></span> <span class='ocrx_word' id='word_1_552' title='bbox 2084 2576 2243 2631; x_wconf 84' lang='lat' dir='ltr'><strong>habet</strong></span> <span class='ocrx_word' id='word_1_553' title='bbox 2274 2579 2336 2629; x_wconf 88' lang='lat' dir='ltr'><strong>ut</strong></span> <span class='ocrx_word' id='word_1_554' title='bbox 2374 2577 2613 2629; x_wconf 88' lang='lat' dir='ltr'><strong>animam</strong></span> <span class='ocrx_word' id='word_1_555' title='bbox 2648 2586 2805 2627; x_wconf 88' lang='lat' dir='ltr'><strong>suam</strong></span> <span class='ocrx_word' id='word_1_556' title='bbox 2838 2575 3013 2641; x_wconf 87' lang='lat' dir='ltr'><strong>ponat</strong></span> <span class='ocrx_word' id='word_1_557' title='bbox 3037 2570 3161 2641; x_wconf 85' lang='lat' dir='ltr'><strong>quis</strong></span> <span class='ocrx_word' id='word_1_558' title='bbox 3185 2583 3285 2639; x_wconf 85' lang='lat' dir='ltr'><strong>pro</strong></span> <span class='ocrx_word' id='word_1_559' title='bbox 3323 2568 3509 2622; x_wconf 86' lang='lat' dir='ltr'><strong>amicis</strong></span> 
     </span>
    </p>
   </div>
   <div class='ocr_carea' id='block_1_86' title="bbox 1907 2656 3511 2739">
    <p class='ocr_par' dir='ltr' id='par_1_86' title="bbox 1907 2656 3511 2739">
     <span class='ocr_line' id='line_1_87' title="bbox 1907 2656 3511 2739; baseline -0.007 -14"><span class='ocrx_word' id='word_1_560' title='bbox 1907 2656 2020 2726; x_wconf 83' lang='lat' dir='ltr'><strong>suis</strong></span> <span class='ocrx_word' id='word_1_561' title='bbox 2071 2669 2241 2739; x_wconf 86' lang='lat' dir='ltr'><strong>(Joan.</strong></span> <span class='ocrx_word' id='word_1_562' title='bbox 2301 2682 2419 2735; x_wconf 89' lang='lat' dir='ltr'><strong>xv;</strong></span> <span class='ocrx_word' id='word_1_563' title='bbox 2469 2670 2499 2722; x_wconf 90' lang='grc' dir='ltr'><strong><em>Ι</em></strong></span> <span class='ocrx_word' id='word_1_564' title='bbox 2558 2669 2710 2721; x_wconf 81' lang='lat' dir='ltr'><strong>Joan.</strong></span> <span class='ocrx_word' id='word_1_565' title='bbox 2771 2664 2877 2733; x_wconf 80' lang='grc' dir='ltr'><strong>ιν).</strong></span> <span class='ocrx_word' id='word_1_566' title='bbox 2942 2661 3240 2734; x_wconf 83' lang='lat' dir='ltr'><strong>Apostolus</strong></span> <span class='ocrx_word' id='word_1_567' title='bbox 3289 2674 3511 2732; x_wconf 90' lang='lat' dir='ltr'><strong>quoque</strong></span> 
     </span>
    </p>
   </div>
   <div class='ocr_carea' id='block_1_87' title="bbox 1906 2752 3512 2832">
    <p class='ocr_par' dir='ltr' id='par_1_87' title="bbox 1906 2752 3512 2832">
     <span class='ocr_line' id='line_1_88' title="bbox 1906 2752 3512 2832; baseline -0.007 -14"><span class='ocrx_word' id='word_1_568' title='bbox 1906 2761 2128 2831; x_wconf 90' lang='lat' dir='ltr'><strong>Paulus,</strong></span> <span class='ocrx_word' id='word_1_569' title='bbox 2138 2768 2192 2816; x_wconf 91' lang='lat' dir='ltr'><strong>et</strong></span> <span class='ocrx_word' id='word_1_570' title='bbox 2206 2759 2466 2832; x_wconf 86' lang='lat' dir='ltr'><strong>magister</strong></span> <span class='ocrx_word' id='word_1_571' title='bbox 2475 2766 2529 2814; x_wconf 92' lang='lat' dir='ltr'><strong>et</strong></span> <span class='ocrx_word' id='word_1_572' title='bbox 2538 2757 2733 2813; x_wconf 90' lang='lat' dir='ltr'><strong>doctor</strong></span> <span class='ocrx_word' id='word_1_573' title='bbox 2744 2754 2997 2825; x_wconf 88' lang='lat' dir='ltr'><strong>gentium</strong></span> <span class='ocrx_word' id='word_1_574' title='bbox 3006 2752 3137 2809; x_wconf 90' lang='lat' dir='ltr'><strong>dicit</strong></span> <span class='ocrx_word' id='word_1_575' title='bbox 3154 2772 3166 2808; x_wconf 90' lang='lat'><strong>:</strong></span> <span class='ocrx_word' id='word_1_576' title='bbox 3181 2755 3244 2810; x_wconf 91' lang='lat' dir='ltr'><strong>Si</strong></span> <span class='ocrx_word' id='word_1_577' title='bbox 3255 2754 3512 2809; x_wconf 81' lang='lat' dir='ltr'><strong>Dominus</strong></span> 
     </span>
    </p>
   </div>
   <div class='ocr_carea' id='block_1_88' title="bbox 1908 2846 3510 2920">
    <p class='ocr_par' dir='ltr' id='par_1_88' title="bbox 1908 2846 3510 2920">
     <span class='ocr_line' id='line_1_89' title="bbox 1908 2846 3510 2920; baseline -0.008 -9"><span class='ocrx_word' id='word_1_578' title='bbox 1908 2859 2085 2910; x_wconf 84' lang='lat' dir='ltr'><strong>noster</strong></span> <span class='ocrx_word' id='word_1_579' title='bbox 2113 2857 2260 2910; x_wconf 79' lang='lat' dir='ltr'><strong>Iesus</strong></span> <span class='ocrx_word' id='word_1_580' title='bbox 2298 2851 2544 2909; x_wconf 86' lang='lat' dir='ltr'><strong>Christus</strong></span> <span class='ocrx_word' id='word_1_581' title='bbox 2578 2850 2737 2920; x_wconf 82' lang='lat' dir='ltr'><strong>ponit</strong></span> <span class='ocrx_word' id='word_1_582' title='bbox 2763 2849 3003 2902; x_wconf 87' lang='lat' dir='ltr'><strong>animam</strong></span> <span class='ocrx_word' id='word_1_583' title='bbox 3031 2861 3193 2901; x_wconf 84' lang='lat' dir='ltr'><strong>suam</strong></span> <span class='ocrx_word' id='word_1_584' title='bbox 3248 2860 3348 2915; x_wconf 88' lang='lat' dir='ltr'><strong>pro</strong></span> <span class='ocrx_word' id='word_1_585' title='bbox 3395 2846 3510 2899; x_wconf 76' lang='lat' dir='ltr'><strong>ovi-</strong></span> 
     </span>
    </p>
   </div>
   <div class='ocr_carea' id='block_1_89' title="bbox 1914 2940 3512 3016">
    <p class='ocr_par' dir='ltr' id='par_1_89' title="bbox 1914 2940 3512 3016">
     <span class='ocr_line' id='line_1_90' title="bbox 1914 2940 3512 3016; baseline -0.006 -13"><span class='ocrx_word' id='word_1_586' title='bbox 1914 2949 2008 3005; x_wconf 88' lang='lat' dir='ltr'><strong>bus</strong></span> <span class='ocrx_word' id='word_1_587' title='bbox 2023 2949 2158 3016; x_wconf 87' lang='lat' dir='ltr'><strong>suis,</strong></span> <span class='ocrx_word' id='word_1_588' title='bbox 2180 2963 2246 3002; x_wconf 87' lang='lat' dir='ltr'><strong>ac</strong></span> <span class='ocrx_word' id='word_1_589' title='bbox 2266 2946 2416 3002; x_wconf 86' lang='lat' dir='ltr'><strong>dedit</strong></span> <span class='ocrx_word' id='word_1_590' title='bbox 2434 2945 2751 3014; x_wconf 86' lang='lat' dir='ltr'><strong>sanguinem</strong></span> <span class='ocrx_word' id='word_1_591' title='bbox 2781 2957 2939 2997; x_wconf 89' lang='lat' dir='ltr'><strong>suum</strong></span> <span class='ocrx_word' id='word_1_592' title='bbox 2976 2940 3393 3009; x_wconf 84' lang='lat' dir='ltr'><strong>redemptionem</strong></span> <span class='ocrx_word' id='word_1_593' title='bbox 3410 2952 3512 3008; x_wconf 88' lang='lat' dir='ltr'><strong>pro</strong></span> 
     </span>
    </p>
   </div>
   <div class='ocr_carea' id='block_1_90' title="bbox 1834 3035 3509 3137">
    <p class='ocr_par' dir='ltr' id='par_1_90' title="bbox 1834 3035 3509 3137">
     <span class='ocr_line' id='line_1_91' title="bbox 1834 3035 3509 3137; baseline -0.008 -39"><span class='ocrx_word' id='word_1_594' title='bbox 1834 3072 1881 3137; x_wconf 78' lang='lat' dir='ltr'><strong>C</strong></span> <span class='ocrx_word' id='word_1_595' title='bbox 1913 3043 2121 3109; x_wconf 87' lang='lat' dir='ltr'><strong>multis,</strong></span> <span class='ocrx_word' id='word_1_596' title='bbox 2151 3042 2395 3096; x_wconf 84' lang='lat' dir='ltr'><strong>debemus</strong></span> <span class='ocrx_word' id='word_1_597' title='bbox 2418 3042 2468 3094; x_wconf 89' lang='lat' dir='ltr'><strong>et</strong></span> <span class='ocrx_word' id='word_1_598' title='bbox 2486 3054 2580 3094; x_wconf 87' lang='lat' dir='ltr'><strong>nos</strong></span> <span class='ocrx_word' id='word_1_599' title='bbox 2609 3052 2707 3108; x_wconf 86' lang='lat' dir='ltr'><strong>pro</strong></span> <span class='ocrx_word' id='word_1_600' title='bbox 2732 3035 2999 3104; x_wconf 80' lang='lat' dir='ltr'><strong>fratribus</strong></span> <span class='ocrx_word' id='word_1_601' title='bbox 3035 3035 3274 3137; x_wconf 72' lang='lat' dir='ltr'><strong>animam</strong></span> <span class='ocrx_word' id='word_1_602' title='bbox 3296 3046 3509 3137; x_wconf 77' lang='lat' dir='ltr'><strong>ponere.</strong></span> 
     </span>
    </p>
   </div>
   <div class='ocr_carea' id='block_1_91' title="bbox 1913 3123 3513 3207">
    <p class='ocr_par' dir='ltr' id='par_1_91' title="bbox 1913 3123 3513 3207">
     <span class='ocr_line' id='line_1_92' title="bbox 1913 3123 3513 3207; baseline -0.009 -14"><span class='ocrx_word' id='word_1_603' title='bbox 1913 3140 1944 3193; x_wconf 90' lang='grc' dir='ltr'><strong><em>Ι</em></strong></span> <span class='ocrx_word' id='word_1_604' title='bbox 1962 3138 2097 3192; x_wconf 89' lang='lat' dir='ltr'><strong>Tim.</strong></span> <span class='ocrx_word' id='word_1_605' title='bbox 2116 3149 2195 3207; x_wconf 76' lang='lat' dir='ltr'><strong>Ir;</strong></span> <span class='ocrx_word' id='word_1_606' title='bbox 2214 3138 2237 3191; x_wconf 83' lang='lat'><em>1</em></span> <span class='ocrx_word' id='word_1_607' title='bbox 2256 3137 2413 3190; x_wconf 84' lang='lat' dir='ltr'><strong>Joan.</strong></span> <span class='ocrx_word' id='word_1_608' title='bbox 2438 3136 2555 3198; x_wconf 85' lang='lat' dir='ltr'><strong>In).</strong></span> <span class='ocrx_word' id='word_1_609' title='bbox 2576 3130 2664 3187; x_wconf 94' lang='lat' dir='ltr'><strong>Sic</strong></span> <span class='ocrx_word' id='word_1_610' title='bbox 2698 3129 2880 3201; x_wconf 87' lang='lat' dir='ltr'><strong>itaque</strong></span> <span class='ocrx_word' id='word_1_611' title='bbox 2898 3143 2994 3184; x_wconf 89' lang='lat' dir='ltr'><strong>vos</strong></span> <span class='ocrx_word' id='word_1_612' title='bbox 3014 3125 3234 3183; x_wconf 90' lang='lat' dir='ltr'><strong>sedulos</strong></span> <span class='ocrx_word' id='word_1_613' title='bbox 3253 3140 3380 3197; x_wconf 88' lang='lat' dir='ltr'><strong>erga</strong></span> <span class='ocrx_word' id='word_1_614' title='bbox 3398 3123 3513 3180; x_wconf 92' lang='lat' dir='ltr'><strong>cul-</strong></span> 
     </span>
    </p>
   </div>
   <div class='ocr_carea' id='block_1_92' title="bbox 1915 3217 3514 3297">
    <p class='ocr_par' dir='ltr' id='par_1_92' title="bbox 1915 3217 3514 3297">
     <span class='ocr_line' id='line_1_93' title="bbox 1915 3217 3514 3297; baseline -0.009 -12"><span class='ocrx_word' id='word_1_615' title='bbox 1915 3238 2036 3285; x_wconf 91' lang='lat' dir='ltr'><strong>tum</strong></span> <span class='ocrx_word' id='word_1_616' title='bbox 2053 3228 2380 3285; x_wconf 87' lang='lat' dir='ltr'><strong>Christiana</strong></span> <span class='ocrx_word' id='word_1_617' title='bbox 2396 3223 2679 3297; x_wconf 91' lang='lat' dir='ltr'><strong>religionis</strong></span> <span class='ocrx_word' id='word_1_618' title='bbox 2696 3221 2973 3289; x_wconf 84' lang='lat' dir='ltr'><strong>exhibete,</strong></span> <span class='ocrx_word' id='word_1_619' title='bbox 2990 3217 3337 3278; x_wconf 88' lang='lat' dir='ltr'><strong>dilectissimi</strong></span> <span class='ocrx_word' id='word_1_620' title='bbox 3351 3225 3514 3289; x_wconf 91' lang='lat' dir='ltr'><strong>atque</strong></span> 
     </span>
    </p>
   </div>
   <div class='ocr_carea' id='block_1_93' title="bbox 1917 3306 3508 3383">
    <p class='ocr_par' dir='ltr' id='par_1_93' title="bbox 1917 3306 3508 3383">
     <span class='ocr_line' id='line_1_94' title="bbox 1917 3306 3508 3383; baseline -0.009 -9"><span class='ocrx_word' id='word_1_621' title='bbox 1917 3316 2284 3374; x_wconf 90' lang='lat' dir='ltr'><strong>amantissimi</strong></span> <span class='ocrx_word' id='word_1_622' title='bbox 2320 3314 2542 3383; x_wconf 85' lang='lat' dir='ltr'><strong>fratres,</strong></span> <span class='ocrx_word' id='word_1_623' title='bbox 2578 3319 2852 3383; x_wconf 86' lang='lat' dir='ltr'><strong>quatenus</strong></span> <span class='ocrx_word' id='word_1_624' title='bbox 2883 3316 3010 3380; x_wconf 89' lang='lat' dir='ltr'><strong>post</strong></span> <span class='ocrx_word' id='word_1_625' title='bbox 3036 3307 3201 3379; x_wconf 88' lang='lat' dir='ltr'><strong>hujus</strong></span> <span class='ocrx_word' id='word_1_626' title='bbox 3239 3306 3368 3361; x_wconf 86' lang='lat' dir='ltr'><strong>vita</strong></span> <span class='ocrx_word' id='word_1_627' title='bbox 3407 3320 3508 3377; x_wconf 79' lang='lat' dir='ltr'><strong>pe-</strong></span> 
     </span>
    </p>
   </div>
   <div class='ocr_carea' id='block_1_94' title="bbox 1916 3397 3514 3480">
    <p class='ocr_par' dir='ltr' id='par_1_94' title="bbox 1916 3397 3514 3480">
     <span class='ocr_line' id='line_1_95' title="bbox 1916 3397 3514 3480; baseline -0.01 -15"><span class='ocrx_word' id='word_1_628' title='bbox 1916 3409 2070 3480; x_wconf 87' lang='lat' dir='ltr'><strong>lagus</strong></span> <span class='ocrx_word' id='word_1_629' title='bbox 2113 3406 2185 3462; x_wconf 88' lang='lat' dir='ltr'><strong>ad</strong></span> <span class='ocrx_word' id='word_1_630' title='bbox 2236 3412 2461 3477; x_wconf 90' lang='lat' dir='ltr'><strong>portum</strong></span> <span class='ocrx_word' id='word_1_631' title='bbox 2498 3408 2777 3474; x_wconf 88' lang='lat' dir='ltr'><strong>perpetua</strong></span> <span class='ocrx_word' id='word_1_632' title='bbox 2832 3397 3037 3471; x_wconf 90' lang='lat' dir='ltr'><strong>quietis</strong></span> <span class='ocrx_word' id='word_1_633' title='bbox 3085 3405 3250 3467; x_wconf 89' lang='lat' dir='ltr'><strong>atque</strong></span> <span class='ocrx_word' id='word_1_634' title='bbox 3291 3402 3514 3451; x_wconf 87' lang='lat' dir='ltr'><strong>aterna</strong></span> 
     </span>
    </p>
   </div>
   <div class='ocr_carea' id='block_1_95' title="bbox 1915 3483 3515 3561">
    <p class='ocr_par' dir='ltr' id='par_1_95' title="bbox 1915 3483 3515 3561">
     <span class='ocr_line' id='line_1_96' title="bbox 1915 3483 3515 3561; baseline -0.009 -8"><span class='ocrx_word' id='word_1_635' title='bbox 1915 3493 2268 3553; x_wconf 89' lang='lat' dir='ltr'><strong>beatitudinis</strong></span> <span class='ocrx_word' id='word_1_636' title='bbox 2306 3491 2542 3548; x_wconf 90' lang='lat' dir='ltr'><strong>feliciter</strong></span> <span class='ocrx_word' id='word_1_637' title='bbox 2598 3488 2881 3561; x_wconf 91' lang='lat' dir='ltr'><strong>pervenire</strong></span> <span class='ocrx_word' id='word_1_638' title='bbox 2926 3484 3150 3557; x_wconf 89' lang='lat' dir='ltr'><strong>possitis</strong></span> <span class='ocrx_word' id='word_1_639' title='bbox 3178 3524 3194 3548; x_wconf 92' lang='lat'><strong>,</strong></span> <span class='ocrx_word' id='word_1_640' title='bbox 3247 3483 3515 3555; x_wconf 89' lang='lat' dir='ltr'><strong>largiente</strong></span> 
     </span>
    </p>
   </div>
   <div class='ocr_carea' id='block_1_96' title="bbox 1918 3571 3513 3658">
    <p class='ocr_par' dir='ltr' id='par_1_96' title="bbox 1918 3571 3513 3658">
     <span class='ocr_line' id='line_1_97' title="bbox 1918 3571 3513 3658; baseline -0.009 -17"><span class='ocrx_word' id='word_1_641' title='bbox 1918 3585 2036 3658; x_wconf 91' lang='lat' dir='ltr'><strong>ipso</strong></span> <span class='ocrx_word' id='word_1_642' title='bbox 2070 3582 2444 3654; x_wconf 84' lang='lat' dir='ltr'><strong>Redemptore</strong></span> <span class='ocrx_word' id='word_1_643' title='bbox 2474 3578 2725 3635; x_wconf 90' lang='lat' dir='ltr'><strong>Domino</strong></span> <span class='ocrx_word' id='word_1_644' title='bbox 2754 3583 2945 3632; x_wconf 90' lang='lat' dir='ltr'><strong>nostro</strong></span> <span class='ocrx_word' id='word_1_645' title='bbox 2968 3576 3102 3630; x_wconf 90' lang='lat' dir='ltr'><strong>Jesu</strong></span> <span class='ocrx_word' id='word_1_646' title='bbox 3130 3572 3384 3642; x_wconf 89' lang='lat' dir='ltr'><strong>Christo,</strong></span> <span class='ocrx_word' id='word_1_647' title='bbox 3416 3571 3513 3643; x_wconf 91' lang='lat' dir='ltr'><strong>qui</strong></span> 
     </span>
    </p>
   </div>
   <div class='ocr_carea' id='block_1_97' title="bbox 1919 3660 3516 3741">
    <p class='ocr_par' dir='ltr' id='par_1_97' title="bbox 1919 3660 3516 3741">
     <span class='ocr_line' id='line_1_98' title="bbox 1919 3660 3516 3741; baseline -0.008 -10"><span class='ocrx_word' id='word_1_648' title='bbox 1919 3691 2047 3732; x_wconf 90' lang='lat' dir='ltr'><strong>cum</strong></span> <span class='ocrx_word' id='word_1_649' title='bbox 2092 3677 2252 3729; x_wconf 88' lang='lat' dir='ltr'><strong>Patre</strong></span> <span class='ocrx_word' id='word_1_650' title='bbox 2298 3680 2355 3727; x_wconf 91' lang='lat' dir='ltr'><strong>et</strong></span> <span class='ocrx_word' id='word_1_651' title='bbox 2394 3670 2599 3741; x_wconf 91' lang='lat' dir='ltr'><strong>Spiritu</strong></span> <span class='ocrx_word' id='word_1_652' title='bbox 2628 3674 2816 3724; x_wconf 90' lang='lat' dir='ltr'><strong>sancto</strong></span> <span class='ocrx_word' id='word_1_653' title='bbox 2862 3660 2995 3719; x_wconf 91' lang='lat' dir='ltr'><strong>vivit</strong></span> <span class='ocrx_word' id='word_1_654' title='bbox 3021 3672 3079 3719; x_wconf 91' lang='lat' dir='ltr'><strong>et</strong></span> <span class='ocrx_word' id='word_1_655' title='bbox 3129 3670 3327 3735; x_wconf 87' lang='lat' dir='ltr'><strong>regnat</strong></span> <span class='ocrx_word' id='word_1_656' title='bbox 3364 3664 3516 3719; x_wconf 89' lang='lat' dir='ltr'><strong>Deus</strong></span> 
     </span>
    </p>
   </div>
   <div class='ocr_carea' id='block_1_98' title="bbox 1921 3754 3367 3837">
    <p class='ocr_par' dir='ltr' id='par_1_98' title="bbox 1921 3754 3367 3837">
     <span class='ocr_line' id='line_1_99' title="bbox 1921 3754 3367 3837; baseline -0.01 -16"><span class='ocrx_word' id='word_1_657' title='bbox 1921 3780 2017 3837; x_wconf 90' lang='lat' dir='ltr'><strong>per</strong></span> <span class='ocrx_word' id='word_1_658' title='bbox 2046 3763 2235 3820; x_wconf 89' lang='lat' dir='ltr'><strong>omnia</strong></span> <span class='ocrx_word' id='word_1_659' title='bbox 2267 3758 2522 3833; x_wconf 88' lang='lat' dir='ltr'><strong>[inﬁnita]</strong></span> <span class='ocrx_word' id='word_1_660' title='bbox 2555 3757 2750 3814; x_wconf 88' lang='lat' dir='ltr'><strong>sacula</strong></span> <span class='ocrx_word' id='word_1_661' title='bbox 2780 3754 3129 3812; x_wconf 89' lang='lat' dir='ltr'><strong>saculorum.</strong></span> <span class='ocrx_word' id='word_1_662' title='bbox 3168 3758 3367 3808; x_wconf 80' lang='lat' dir='ltr'><strong>Amen.</strong></span> 
     </span>
    </p>
   </div>
   <div class='ocr_carea' id='block_1_99' title="bbox 2432 3852 2996 3912">
    <p class='ocr_par' dir='ltr' id='par_1_99' title="bbox 2432 3852 2996 3912">
     <span class='ocr_line' id='line_1_100' title="bbox 2432 3852 2996 3912; baseline -0.012 0"><span class='ocrx_word' id='word_1_663' title='bbox 2432 3855 2788 3912; x_wconf 81' lang='lat' dir='ltr'><strong>EPISTOLA</strong></span> <span class='ocrx_word' id='word_1_664' title='bbox 2830 3852 2996 3907; x_wconf 82' lang='lat' dir='ltr'><strong>XXI.</strong></span> 
     </span>
    </p>
   </div>
   <div class='ocr_carea' id='block_1_100' title="bbox 2208 3958 3230 4009">
    <p class='ocr_par' dir='ltr' id='par_1_100' title="bbox 2208 3958 3230 4009">
     <span class='ocr_line' id='line_1_101' title="bbox 2208 3958 3230 4009; baseline -0.01 0"><span class='ocrx_word' id='word_1_665' title='bbox 2208 3966 2290 4009; x_wconf 77' lang='lat' dir='ltr'><strong>AD</strong></span> <span class='ocrx_word' id='word_1_666' title='bbox 2329 3965 2519 4007; x_wconf 77' lang='lat' dir='ltr'><strong>ANZIB</strong></span> <span class='ocrx_word' id='word_1_667' title='bbox 2557 3962 2766 4005; x_wconf 74' lang='lat' dir='ltr'><strong>BBGEM</strong></span> <span class='ocrx_word' id='word_1_668' title='bbox 2803 3958 3230 4003; x_wconf 69' lang='lat' dir='ltr'><strong>MAUBITANIB.</strong></span> 
     </span>
    </p>
   </div>
   <div class='ocr_carea' id='block_1_101' title="bbox 2521 4038 2922 4109">
    <p class='ocr_par' dir='ltr' id='par_1_101' title="bbox 2521 4038 2922 4109">
     <span class='ocr_line' id='line_1_102' title="bbox 2521 4038 2922 4109; baseline -0.005 -13"><span class='ocrx_word' id='word_1_669' title='bbox 2521 4045 2704 4109; x_wconf 82' lang='lat' dir='ltr'><strong>(Anno</strong></span> <span class='ocrx_word' id='word_1_670' title='bbox 2737 4045 2833 4095; x_wconf 88' lang='lat'><strong>107</strong></span> <span class='ocrx_word' id='word_1_671' title='bbox 2844 4038 2922 4109; x_wconf 82' lang='lat'><strong>6.)</strong></span> 
     </span>
    </p>
   </div>
   <div class='ocr_carea' id='block_1_102' title="bbox 1924 4130 3517 4212">
    <p class='ocr_par' dir='ltr' id='par_1_102' title="bbox 1924 4130 3517 4212">
     <span class='ocr_line' id='line_1_103' title="bbox 1924 4130 3517 4212; baseline -0.01 -15"><span class='ocrx_word' id='word_1_672' title='bbox 1924 4140 2123 4198; x_wconf 80' lang='lat' dir='ltr'><strong>Scribit</strong></span> <span class='ocrx_word' id='word_1_673' title='bbox 2145 4155 2199 4195; x_wconf 88' lang='lat' dir='ltr'><strong>se</strong></span> <span class='ocrx_word' id='word_1_674' title='bbox 2217 4138 2551 4212; x_wconf 79' lang='lat' dir='ltr'><strong>Servandum</strong></span> <span class='ocrx_word' id='word_1_675' title='bbox 2570 4138 2871 4212; x_wconf 70' lang='lat' dir='ltr'><strong>episcopum</strong></span> <span class='ocrx_word' id='word_1_676' title='bbox 2886 4132 3057 4201; x_wconf 70' lang='lat' dir='ltr'><strong>jumta</strong></span> <span class='ocrx_word' id='word_1_677' title='bbox 3074 4130 3189 4212; x_wconf 65' lang='lat' dir='ltr'><strong>ejus</strong></span> <span class='ocrx_word' id='word_1_678' title='bbox 3204 4130 3517 4212; x_wconf 68' lang='lat' dir='ltr'><strong>petitionem</strong></span> 
     </span>
    </p>
   </div>
   <div class='ocr_carea' id='block_1_103' title="bbox 1998 4203 3517 4275">
    <p class='ocr_par' dir='ltr' id='par_1_103' title="bbox 1998 4203 3517 4275">
     <span class='ocr_line' id='line_1_104' title="bbox 1998 4203 3517 4275; baseline -0.009 -8"><span class='ocrx_word' id='word_1_679' title='bbox 1998 4226 2339 4266; x_wconf 87' lang='lat' dir='ltr'><strong>consecrasse.</strong></span> <span class='ocrx_word' id='word_1_680' title='bbox 2381 4203 2612 4265; x_wconf 67' lang='lat' dir='ltr'><strong>Gratias</strong></span> <span class='ocrx_word' id='word_1_681' title='bbox 2628 4208 2743 4275; x_wconf 87' lang='lat' dir='ltr'><strong>agit</strong></span> <span class='ocrx_word' id='word_1_682' title='bbox 2785 4205 2849 4258; x_wconf 89' lang='lat' dir='ltr'><strong>de</strong></span> <span class='ocrx_word' id='word_1_683' title='bbox 2889 4203 3198 4257; x_wconf 78' lang='lat' dir='ltr'><strong>muneribus</strong></span> <span class='ocrx_word' id='word_1_684' title='bbox 3226 4203 3425 4275; x_wconf 78' lang='lat' dir='ltr'><strong>missis,</strong></span> <span class='ocrx_word' id='word_1_685' title='bbox 3467 4204 3517 4253; x_wconf 86' lang='lat' dir='ltr'><strong>et</strong></span> 
     </span>
    </p>
   </div>
   <div class='ocr_carea' id='block_1_104' title="bbox 1999 4273 3518 4351">
    <p class='ocr_par' dir='ltr' id='par_1_104' title="bbox 1999 4273 3518 4351">
     <span class='ocr_line' id='line_1_105' title="bbox 1999 4273 3518 4351; baseline -0.009 -14"><span class='ocrx_word' id='word_1_686' title='bbox 1999 4283 2064 4337; x_wconf 85' lang='lat' dir='ltr'><strong>de</strong></span> <span class='ocrx_word' id='word_1_687' title='bbox 2091 4283 2314 4351; x_wconf 79' lang='lat' dir='ltr'><strong>captivis</strong></span> <span class='ocrx_word' id='word_1_688' title='bbox 2340 4273 2677 4351; x_wconf 74' lang='lat' dir='ltr'><strong>Christianis</strong></span> <span class='ocrx_word' id='word_1_689' title='bbox 2695 4275 2955 4351; x_wconf 62' lang='lat' dir='ltr'><strong>dimissis.</strong></span> <span class='ocrx_word' id='word_1_690' title='bbox 2992 4273 3330 4351; x_wconf 72' lang='lat' dir='ltr'><strong>Commendat</strong></span> <span class='ocrx_word' id='word_1_691' title='bbox 3354 4285 3518 4351; x_wconf 79' lang='lat' dir='ltr'><strong>quos-</strong></span> 
     </span>
    </p>
   </div>
   <div class='ocr_carea' id='block_1_105' title="bbox 2000 4343 3513 4408">
    <p class='ocr_par' dir='ltr' id='par_1_105' title="bbox 2000 4343 3513 4408">
     <span class='ocr_line' id='line_1_106' title="bbox 2000 4343 3513 4408; baseline -0.009 0"><span class='ocrx_word' id='word_1_692' title='bbox 2000 4354 2127 4408; x_wconf 90' lang='lat' dir='ltr'><strong>dam</strong></span> <span class='ocrx_word' id='word_1_693' title='bbox 2150 4343 2218 4406; x_wconf 77' lang='lat' dir='ltr'><strong>ab</strong></span> <span class='ocrx_word' id='word_1_694' title='bbox 2246 4352 2489 4407; x_wconf 82' lang='lat' dir='ltr'><strong>Alberico</strong></span> <span class='ocrx_word' id='word_1_695' title='bbox 2513 4353 2563 4403; x_wconf 89' lang='lat' dir='ltr'><strong>et</strong></span> <span class='ocrx_word' id='word_1_696' title='bbox 2586 4348 2763 4403; x_wconf 82' lang='lat' dir='ltr'><strong>Cincio</strong></span> <span class='ocrx_word' id='word_1_697' title='bbox 2792 4346 3048 4401; x_wconf 85' lang='lat' dir='ltr'><strong>Romanis</strong></span> <span class='ocrx_word' id='word_1_698' title='bbox 3070 4343 3145 4396; x_wconf 88' lang='lat' dir='ltr'><strong>ad</strong></span> <span class='ocrx_word' id='word_1_699' title='bbox 3166 4358 3285 4396; x_wconf 87' lang='lat' dir='ltr'><strong>eum</strong></span> <span class='ocrx_word' id='word_1_700' title='bbox 3308 4344 3513 4395; x_wconf 89' lang='lat' dir='ltr'><strong>missos.</strong></span> 
     </span>
    </p>
   </div>
   <div class='ocr_carea' id='block_1_106' title="bbox 1839 4430 3520 4514">
    <p class='ocr_par' dir='ltr' id='par_1_106' title="bbox 1839 4430 3520 4514">
     <span class='ocr_line' id='line_1_107' title="bbox 1839 4430 3520 4514; baseline -0.011 -8"><span class='ocrx_word' id='word_1_701' title='bbox 1839 4430 1892 4494; x_wconf 80' lang='lat' dir='ltr'><strong>D</strong></span> <span class='ocrx_word' id='word_1_702' title='bbox 1993 4447 2349 4504; x_wconf 75' lang='lat' dir='ltr'><strong>Gnsaomns</strong></span> <span class='ocrx_word' id='word_1_703' title='bbox 2365 4442 2672 4514; x_wconf 89' lang='lat' dir='ltr'><strong>episcopus,</strong></span> <span class='ocrx_word' id='word_1_704' title='bbox 2695 4452 2884 4495; x_wconf 89' lang='lat' dir='ltr'><strong>servus</strong></span> <span class='ocrx_word' id='word_1_705' title='bbox 2899 4449 3182 4492; x_wconf 88' lang='lat' dir='ltr'><strong>servorum</strong></span> <span class='ocrx_word' id='word_1_706' title='bbox 3199 4431 3302 4488; x_wconf 91' lang='lat' dir='ltr'><strong>Dei</strong></span> <span class='ocrx_word' id='word_1_707' title='bbox 3323 4436 3520 4488; x_wconf 75' lang='lat' dir='ltr'><strong>ANZIB</strong></span> 
     </span>
    </p>
   </div>
   <div class='ocr_carea' id='block_1_107' title="bbox 1929 4525 3521 4614">
    <p class='ocr_par' dir='ltr' id='par_1_107' title="bbox 1929 4525 3521 4614">
     <span class='ocr_line' id='line_1_108' title="bbox 1929 4525 3521 4614; baseline -0.011 -15"><span class='ocrx_word' id='word_1_708' title='bbox 1929 4538 2205 4614; x_wconf 67' lang='lat' dir='ltr'><strong>[Auum]</strong></span> <span class='ocrx_word' id='word_1_709' title='bbox 2249 4536 2364 4610; x_wconf 92' lang='lat' dir='ltr'><strong>regi</strong></span> <span class='ocrx_word' id='word_1_710' title='bbox 2398 4532 2745 4592; x_wconf 81' lang='lat' dir='ltr'><strong>Mauritania</strong></span> <span class='ocrx_word' id='word_1_711' title='bbox 2786 4527 3111 4601; x_wconf 90' lang='lat' dir='ltr'><strong>Sitiphensis</strong></span> <span class='ocrx_word' id='word_1_712' title='bbox 3143 4525 3437 4599; x_wconf 90' lang='lat' dir='ltr'><strong>provincia</strong></span> <span class='ocrx_word' id='word_1_713' title='bbox 3463 4526 3521 4582; x_wconf 94' lang='lat' dir='ltr'><strong>in</strong></span> 
     </span>
    </p>
   </div>
   <div class='ocr_carea' id='block_1_108' title="bbox 1925 4620 3375 4703">
    <p class='ocr_par' dir='ltr' id='par_1_108' title="bbox 1925 4620 3375 4703">
     <span class='ocr_line' id='line_1_109' title="bbox 1925 4620 3375 4703; baseline -0.012 -11"><span class='ocrx_word' id='word_1_714' title='bbox 1925 4634 2127 4703; x_wconf 86' lang='lat' dir='ltr'><strong>Africa,</strong></span> <span class='ocrx_word' id='word_1_715' title='bbox 2159 4633 2396 4689; x_wconf 90' lang='lat' dir='ltr'><strong>salutem</strong></span> <span class='ocrx_word' id='word_1_716' title='bbox 2431 4637 2488 4686; x_wconf 90' lang='lat' dir='ltr'><strong>et</strong></span> <span class='ocrx_word' id='word_1_717' title='bbox 2525 4625 2888 4700; x_wconf 88' lang='lat' dir='ltr'><strong>apostolicam</strong></span> <span class='ocrx_word' id='word_1_718' title='bbox 2914 4620 3375 4678; x_wconf 89' lang='lat' dir='ltr'><strong>benedictionem.</strong></span> 
     </span>
    </p>
   </div>
   <div class='ocr_carea' id='block_1_109' title="bbox 1998 4713 3523 4785">
    <p class='ocr_par' dir='ltr' id='par_1_109' title="bbox 1998 4713 3523 4785">
     <span class='ocr_line' id='line_1_110' title="bbox 1998 4713 3523 4785; baseline -0.01 -1"><span class='ocrx_word' id='word_1_719' title='bbox 1998 4726 2268 4785; x_wconf 88' lang='lat' dir='ltr'><strong>Nobilitas</strong></span> <span class='ocrx_word' id='word_1_720' title='bbox 2286 4732 2379 4780; x_wconf 90' lang='lat' dir='ltr'><strong>tua</strong></span> <span class='ocrx_word' id='word_1_721' title='bbox 2409 4722 2515 4779; x_wconf 91' lang='lat' dir='ltr'><strong>hoc</strong></span> <span class='ocrx_word' id='word_1_722' title='bbox 2543 4721 2603 4776; x_wconf 94' lang='lat' dir='ltr'><strong>in</strong></span> <span class='ocrx_word' id='word_1_723' title='bbox 2625 4734 2770 4776; x_wconf 87' lang='lat' dir='ltr'><strong>anno</strong></span> <span class='ocrx_word' id='word_1_724' title='bbox 2794 4718 3003 4774; x_wconf 88' lang='lat' dir='ltr'><strong>litteras</strong></span> <span class='ocrx_word' id='word_1_725' title='bbox 3031 4731 3162 4772; x_wconf 89' lang='lat' dir='ltr'><strong>suas</strong></span> <span class='ocrx_word' id='word_1_726' title='bbox 3182 4714 3344 4770; x_wconf 92' lang='lat' dir='ltr'><strong>nobis</strong></span> <span class='ocrx_word' id='word_1_727' title='bbox 3370 4713 3523 4770; x_wconf 91' lang='lat' dir='ltr'><strong>misit</strong></span> 
     </span>
    </p>
   </div>
   <div class='ocr_carea' id='block_1_110' title="bbox 1923 4809 3522 4896">
    <p class='ocr_par' dir='ltr' id='par_1_110' title="bbox 1923 4809 3522 4896">
     <span class='ocr_line' id='line_1_111' title="bbox 1923 4809 3522 4896; baseline -0.01 -16"><span class='ocrx_word' id='word_1_728' title='bbox 1923 4829 2194 4896; x_wconf 88' lang='lat' dir='ltr'><strong>quatenus</strong></span> <span class='ocrx_word' id='word_1_729' title='bbox 2233 4815 2578 4876; x_wconf 88' lang='lat' dir='ltr'><strong>Servandum</strong></span> <span class='ocrx_word' id='word_1_730' title='bbox 2625 4813 3005 4887; x_wconf 86' lang='lat' dir='ltr'><strong>presbyterum</strong></span> <span class='ocrx_word' id='word_1_731' title='bbox 3047 4809 3390 4883; x_wconf 91' lang='lat' dir='ltr'><strong>episcopum,</strong></span> <span class='ocrx_word' id='word_1_732' title='bbox 3435 4822 3522 4864; x_wconf 88' lang='lat' dir='ltr'><strong>se-</strong></span> 
     </span>
    </p>
   </div>
   <div class='ocr_carea' id='block_1_111' title="bbox 1924 4903 3518 4974">
    <p class='ocr_par' dir='ltr' id='par_1_111' title="bbox 1924 4903 3518 4974">
     <span class='ocr_line' id='line_1_112' title="bbox 1924 4903 3518 4974; baseline -0.011 0"><span class='ocrx_word' id='word_1_733' title='bbox 1924 4915 2170 4974; x_wconf 89' lang='lat' dir='ltr'><strong>cundum</strong></span> <span class='ocrx_word' id='word_1_734' title='bbox 2196 4911 2567 4970; x_wconf 87' lang='lat' dir='ltr'><strong>Christianam</strong></span> <span class='ocrx_word' id='word_1_735' title='bbox 2591 4904 3071 4973; x_wconf 88' lang='lat' dir='ltr'><strong>constitutionem,</strong></span> <span class='ocrx_word' id='word_1_736' title='bbox 3096 4903 3518 4971; x_wconf 79' lang='lat' dir='ltr'><strong>ordinaremus;</strong></span> 
     </span>
    </p>
   </div>
   <div class='ocr_carea' id='block_1_112' title="bbox 1925 4995 3520 5083">
    <p class='ocr_par' dir='ltr' id='par_1_112' title="bbox 1925 4995 3520 5083">
     <span class='ocr_line' id='line_1_113' title="bbox 1925 4995 3520 5083; baseline -0.011 -17"><span class='ocrx_word' id='word_1_737' title='bbox 1925 5009 2094 5083; x_wconf 89' lang='lat' dir='ltr'><strong>quod,</strong></span> <span class='ocrx_word' id='word_1_738' title='bbox 2120 5008 2250 5082; x_wconf 89' lang='lat' dir='ltr'><strong>quia</strong></span> <span class='ocrx_word' id='word_1_739' title='bbox 2287 5004 2475 5079; x_wconf 90' lang='lat' dir='ltr'><strong>petitio</strong></span> <span class='ocrx_word' id='word_1_740' title='bbox 2522 5012 2620 5060; x_wconf 90' lang='lat' dir='ltr'><strong>tua</strong></span> <span class='ocrx_word' id='word_1_741' title='bbox 2659 5002 2809 5075; x_wconf 90' lang='lat' dir='ltr'><strong>justa</strong></span> <span class='ocrx_word' id='word_1_742' title='bbox 2854 5006 2908 5055; x_wconf 87' lang='lat' dir='ltr'><strong>et</strong></span> <span class='ocrx_word' id='word_1_743' title='bbox 2946 4998 3160 5069; x_wconf 90' lang='lat' dir='ltr'><strong>optima</strong></span> <span class='ocrx_word' id='word_1_744' title='bbox 3207 4995 3520 5064; x_wconf 90' lang='lat' dir='ltr'><strong>videbatur,</strong></span> 
     </span>
    </p>
   </div>
   <div class='ocr_carea' id='block_1_113' title="bbox 1925 5088 3519 5162">
    <p class='ocr_par' dir='ltr' id='par_1_113' title="bbox 1925 5088 3519 5162">
     <span class='ocr_line' id='line_1_114' title="bbox 1925 5088 3519 5162; baseline -0.011 0"><span class='ocrx_word' id='word_1_745' title='bbox 1925 5102 2105 5162; x_wconf 81' lang='lat' dir='ltr'><strong>facere</strong></span> <span class='ocrx_word' id='word_1_746' title='bbox 2150 5100 2483 5158; x_wconf 87' lang='lat' dir='ltr'><strong>studuimus.</strong></span> <span class='ocrx_word' id='word_1_747' title='bbox 2526 5096 2715 5154; x_wconf 91' lang='lat' dir='ltr'><strong>Missis</strong></span> <span class='ocrx_word' id='word_1_748' title='bbox 2741 5094 2913 5151; x_wconf 89' lang='lat' dir='ltr'><strong>etiam</strong></span> <span class='ocrx_word' id='word_1_749' title='bbox 2941 5091 3011 5149; x_wconf 90' lang='lat' dir='ltr'><strong>ad</strong></span> <span class='ocrx_word' id='word_1_750' title='bbox 3046 5107 3151 5148; x_wconf 91' lang='lat' dir='ltr'><strong>nos</strong></span> <span class='ocrx_word' id='word_1_751' title='bbox 3174 5088 3519 5160; x_wconf 90' lang='lat' dir='ltr'><strong>muneribus,</strong></span> 
     </span>
    </p>
   </div>
   <div class='ocr_carea' id='block_1_114' title="bbox 1927 5184 3523 5266">
    <p class='ocr_par' dir='ltr' id='par_1_114' title="bbox 1927 5184 3523 5266">
     <span class='ocr_line' id='line_1_115' title="bbox 1927 5184 3523 5266; baseline -0.009 -11"><span class='ocrx_word' id='word_1_752' title='bbox 1927 5197 2287 5266; x_wconf 88' lang='lat' dir='ltr'><strong>Christianos,</strong></span> <span class='ocrx_word' id='word_1_753' title='bbox 2329 5192 2422 5265; x_wconf 92' lang='lat' dir='ltr'><strong>qui</strong></span> <span class='ocrx_word' id='word_1_754' title='bbox 2452 5190 2597 5266; x_wconf 89' lang='lat' dir='ltr'><strong>apud</strong></span> <span class='ocrx_word' id='word_1_755' title='bbox 2635 5206 2731 5246; x_wconf 89' lang='lat' dir='ltr'><strong>vos</strong></span> <span class='ocrx_word' id='word_1_756' title='bbox 2761 5186 2960 5260; x_wconf 87' lang='lat' dir='ltr'><strong>captivi</strong></span> <span class='ocrx_word' id='word_1_757' title='bbox 2987 5184 3337 5251; x_wconf 90' lang='lat' dir='ltr'><strong>tenebantur,</strong></span> <span class='ocrx_word' id='word_1_758' title='bbox 3368 5197 3523 5240; x_wconf 91' lang='lat' dir='ltr'><strong>reve-</strong></span> 
     </span>
    </p>
   </div>
   <div class='ocr_carea' id='block_1_115' title="bbox 1929 5279 3527 5358">
    <p class='ocr_par' dir='ltr' id='par_1_115' title="bbox 1929 5279 3527 5358">
     <span class='ocr_line' id='line_1_116' title="bbox 1929 5279 3527 5358; baseline -0.009 -9"><span class='ocrx_word' id='word_1_759' title='bbox 1929 5291 2107 5349; x_wconf 88' lang='lat' dir='ltr'><strong>rentia</strong></span> <span class='ocrx_word' id='word_1_760' title='bbox 2136 5289 2283 5348; x_wconf 87' lang='lat' dir='ltr'><strong>beati</strong></span> <span class='ocrx_word' id='word_1_761' title='bbox 2322 5286 2467 5345; x_wconf 88' lang='lat' dir='ltr'><strong>Petri</strong></span> <span class='ocrx_word' id='word_1_762' title='bbox 2511 5281 2777 5358; x_wconf 90' lang='lat' dir='ltr'><strong>principis</strong></span> <span class='ocrx_word' id='word_1_763' title='bbox 2811 5279 3220 5353; x_wconf 82' lang='lat' dir='ltr'><strong>apostolorum,</strong></span> <span class='ocrx_word' id='word_1_764' title='bbox 3256 5282 3310 5333; x_wconf 90' lang='lat' dir='ltr'><strong>et</strong></span> <span class='ocrx_word' id='word_1_765' title='bbox 3334 5292 3527 5334; x_wconf 89' lang='lat' dir='ltr'><strong>amore</strong></span> 
     </span>
    </p>
   </div>
   <div class='ocr_carea' id='block_1_116' title="bbox 1929 5370 3528 5450">
    <p class='ocr_par' dir='ltr' id='par_1_116' title="bbox 1929 5370 3528 5450">
     <span class='ocr_line' id='line_1_117' title="bbox 1929 5370 3528 5450; baseline -0.009 -8"><span class='ocrx_word' id='word_1_766' title='bbox 1929 5394 2122 5443; x_wconf 91' lang='lat' dir='ltr'><strong>nostro</strong></span> <span class='ocrx_word' id='word_1_767' title='bbox 2159 5380 2435 5450; x_wconf 88' lang='lat' dir='ltr'><strong>dimisisti,</strong></span> <span class='ocrx_word' id='word_1_768' title='bbox 2462 5379 2599 5436; x_wconf 91' lang='lat' dir='ltr'><strong>alios</strong></span> <span class='ocrx_word' id='word_1_769' title='bbox 2647 5391 2865 5450; x_wconf 89' lang='lat' dir='ltr'><strong>quoque</strong></span> <span class='ocrx_word' id='word_1_770' title='bbox 2892 5374 3139 5447; x_wconf 87' lang='lat' dir='ltr'><strong>captivos</strong></span> <span class='ocrx_word' id='word_1_771' title='bbox 3170 5379 3226 5427; x_wconf 92' lang='lat' dir='ltr'><strong>te</strong></span> <span class='ocrx_word' id='word_1_772' title='bbox 3260 5370 3528 5427; x_wconf 81' lang='lat' dir='ltr'><strong>dimissu-</strong></span> 
     </span>
    </p>
   </div>
   <div class='ocr_carea' id='block_1_117' title="bbox 1930 5465 3531 5549">
    <p class='ocr_par' dir='ltr' id='par_1_117' title="bbox 1930 5465 3531 5549">
     <span class='ocr_line' id='line_1_118' title="bbox 1930 5465 3531 5549; baseline -0.012 -13"><span class='ocrx_word' id='word_1_773' title='bbox 1930 5493 2058 5535; x_wconf 90' lang='lat' dir='ltr'><strong>rum</strong></span> <span class='ocrx_word' id='word_1_774' title='bbox 2103 5472 2428 5549; x_wconf 89' lang='lat' dir='ltr'><strong>promisisti.</strong></span> <span class='ocrx_word' id='word_1_775' title='bbox 2472 5475 2631 5529; x_wconf 83' lang='lat' dir='ltr'><strong>Hanc</strong></span> <span class='ocrx_word' id='word_1_776' title='bbox 2678 5470 2919 5543; x_wconf 86' lang='lat' dir='ltr'><strong>denique</strong></span> <span class='ocrx_word' id='word_1_777' title='bbox 2966 5466 3273 5524; x_wconf 88' lang='lat' dir='ltr'><strong>bonitatem</strong></span> <span class='ocrx_word' id='word_1_778' title='bbox 3299 5465 3531 5523; x_wconf 88' lang='lat' dir='ltr'><strong>Creator</strong></span> 
     </span>
    </p>
   </div>
   <div class='ocr_carea' id='block_1_118' title="bbox 1933 5559 3531 5637">
    <p class='ocr_par' dir='ltr' id='par_1_118' title="bbox 1933 5559 3531 5637">
     <span class='ocr_line' id='line_1_119' title="bbox 1933 5559 3531 5637; baseline -0.014 -7"><span class='ocrx_word' id='word_1_779' title='bbox 1933 5572 2189 5630; x_wconf 90' lang='lat' dir='ltr'><strong>omnium</strong></span> <span class='ocrx_word' id='word_1_780' title='bbox 2217 5572 2387 5636; x_wconf 90' lang='lat' dir='ltr'><strong>Deus,</strong></span> <span class='ocrx_word' id='word_1_781' title='bbox 2413 5567 2529 5623; x_wconf 91' lang='lat' dir='ltr'><strong>sine</strong></span> <span class='ocrx_word' id='word_1_782' title='bbox 2557 5579 2666 5637; x_wconf 93' lang='lat' dir='ltr'><strong>quo</strong></span> <span class='ocrx_word' id='word_1_783' title='bbox 2691 5563 2833 5619; x_wconf 89' lang='lat' dir='ltr'><strong>nihil</strong></span> <span class='ocrx_word' id='word_1_784' title='bbox 2869 5562 3005 5620; x_wconf 87' lang='lat' dir='ltr'><strong>boni</strong></span> <span class='ocrx_word' id='word_1_785' title='bbox 3045 5559 3249 5627; x_wconf 89' lang='lat' dir='ltr'><strong>facere,</strong></span> <span class='ocrx_word' id='word_1_786' title='bbox 3282 5560 3398 5615; x_wconf 92' lang='lat' dir='ltr'><strong>imo</strong></span> <span class='ocrx_word' id='word_1_787' title='bbox 3425 5566 3531 5611; x_wconf 82' lang='lat' dir='ltr'><strong>nec</strong></span> 
     </span>
    </p>
   </div>
   <div class='ocr_carea' id='block_1_119' title="bbox 1935 5638 3537 5739">
    <p class='ocr_par' dir='ltr' id='par_1_119' title="bbox 1935 5638 3537 5739">
     <span class='ocr_line' id='line_1_120' title="bbox 1935 5638 3537 5739; baseline -0.012 -14"><span class='ocrx_word' id='word_1_788' title='bbox 1935 5666 2177 5739; x_wconf 89' lang='lat' dir='ltr'><strong>cogitare</strong></span> <span class='ocrx_word' id='word_1_789' title='bbox 2212 5676 2528 5737; x_wconf 88' lang='lat' dir='ltr'><strong>possumus,</strong></span> <span class='ocrx_word' id='word_1_790' title='bbox 2571 5654 2731 5713; x_wconf 91' lang='lat' dir='ltr'><strong>cordi</strong></span> <span class='ocrx_word' id='word_1_791' title='bbox 2773 5664 2874 5712; x_wconf 88' lang='lat' dir='ltr'><strong>tuo</strong></span> <span class='ocrx_word' id='word_1_792' title='bbox 2902 5651 3223 5727; x_wconf 85' lang='lat' dir='ltr'><strong>inspiravit;</strong></span> <span class='ocrx_word' id='word_1_793' title='bbox 3271 5652 3390 5725; x_wconf 90' lang='lat' dir='ltr'><strong>ipse</strong></span> <span class='ocrx_word' id='word_1_794' title='bbox 3432 5638 3537 5717; x_wconf 81' lang='lat' dir='ltr'><strong>qui</strong></span> 
     </span>
    </p>
   </div>
   <div class='ocr_carea' id='block_1_120' title="bbox 1935 5739 3552 5818">
    <p class='ocr_par' dir='ltr' id='par_1_120' title="bbox 1935 5739 3552 5818">
     <span class='ocr_line' id='line_1_121' title="bbox 1935 5739 3552 5818; baseline -0.012 -1"><span class='ocrx_word' id='word_1_795' title='bbox 1935 5759 2211 5818; x_wconf 86' lang='lat' dir='ltr'><strong>illuminat</strong></span> <span class='ocrx_word' id='word_1_796' title='bbox 2226 5770 2452 5815; x_wconf 89' lang='lat' dir='ltr'><strong>omnem</strong></span> <span class='ocrx_word' id='word_1_797' title='bbox 2465 5748 2763 5809; x_wconf 87' lang='lat' dir='ltr'><strong>hominem</strong></span> <span class='ocrx_word' id='word_1_798' title='bbox 2788 5750 3097 5807; x_wconf 90' lang='lat' dir='ltr'><strong>venientem</strong></span> <span class='ocrx_word' id='word_1_799' title='bbox 3116 5742 3170 5797; x_wconf 90' lang='lat' dir='ltr'><strong>in</strong></span> <span class='ocrx_word' id='word_1_800' title='bbox 3196 5739 3355 5805; x_wconf 90' lang='lat' dir='ltr'><strong>hunc</strong></span> <span class='ocrx_word' id='word_1_801' title='bbox 3367 5747 3552 5799; x_wconf 76' lang='lat' dir='ltr'><strong>mun&quot;</strong></span> 
     </span>
    </p>
   </div>
  </div>
