4074 6172
533 244 627 305 451
1213 246 1271 304 S.
1310 238 1630 302 GREGORJI
1671 244 1756 298 Vll
1796 233 1991 297 ΡΑΡᾹΞ
2029 234 2303 297 OPERUM
2340 234 2513 297 PARS
2552 242 2594 297 l.
2631 269 2700 281 --
2738 232 3137 297 REGISTRUM.

3707 236 3810 295 452

530 373 663 429 dum
692 374 865 447 (Joan.
905 378 950 441 ι)
974 373 1033 427 in
1059 372 1160 427 hac
1179 370 1487 425 intentione
1524 374 1774 423 mentem
1800 373 1957 422 tuam
1998 366 2114 421 illu-
2139 371 2193 433 Α
2222 369 2473 422 Romano
2514 364 2717 436 palatio
2745 365 3036 421 nobiscum
3056 363 3304 430 enutriti,
3328 365 3565 419 multum
3596 363 3813 419 deside-

530 467 777 524 minavit.
808 470 945 523 Nam
971 464 1316 533 omnipotens
1341 464 1502 529 Deus,
1524 461 1617 532 qui
1647 476 1837 516 omnes
1865 459 2116 516 homines

533 560 648 616 vult
685 560 861 615 salvos
900 556 1099 625 facere,
1119 564 1175 611 et
1214 556 1494 610 neminem
1526 554 1699 625 perire
1729 556 1788 621 (Ι
1835 556 1971 608 Tim.
2013 559 2116 623 ιι),

528 652 657 708 nihil
713 658 798 706 est
839 648 987 720 quod
1028 648 1087 704 in
1127 648 1287 704 nobis
1333 648 1507 719 magis
1547 647 1812 718 approbet
1848 662 2018 716 quam
2058 655 2117 701 ut

528 745 697 800 homo
725 747 846 814 post
881 740 1231 798 dilectionem
1270 756 1429 798 suam
1472 740 1758 796 hominem
1804 738 2021 811 diligat,
2060 747 2119 796 et

528 835 673 906 quod
702 835 803 889 sibi
830 850 946 889 non
975 835 1093 890 vult
1116 834 1258 903 ﬁeri,
1284 834 1376 889 alii
1397 849 1507 889 non
1531 832 1701 889 faciat
1721 834 1947 901 (Matth.
1976 836 2114 899 v11).

525 930 683 985 Hanc
708 928 890 1000 itaque
911 927 1228 984 charitatem
1266 943 1368 983 nos
1395 935 1451 982 et
1477 942 1573 982 vos
1602 926 1929 998 specialibus
1954 924 2117 981 nobis

524 1038 688 1093 quam
728 1023 937 1078 caeteris
963 1021 1217 1094 gentibus
1245 1019 1537 1086 debemus,
1566 1019 1657 1090 qui
1696 1035 1868 1075 unum
1912 1023 2112 1085 Deum,

521 1114 648 1171 licet
666 1115 877 1172 diverso
904 1115 1091 1180 modo,
1114 1112 1388 1169 credimus
1416 1121 1470 1169 et
1492 1112 1846 1179 conﬁtemur,
1875 1112 1966 1184 qui
1986 1127 2114 1169 eum

522 1209 842 1277 Creatorem
860 1209 1192 1264 saeculorum
1215 1215 1271 1263 et
1289 1207 1709 1279 gubernatorem
1735 1204 1898 1277 hujus
1919 1204 2113 1262 mundi

520 1300 766 1373 quotidie
804 1301 1094 1357 laudamus
1133 1309 1188 1355 et
1216 1315 1562 1356 veneramur.
1595 1303 1741 1355 Nam
1779 1298 1923 1355 sicut
1963 1302 2112 1370 Apo-

520 1396 693 1450 stolus
733 1393 916 1449 dicit:
957 1397 1076 1466 Ipse
1102 1400 1179 1450 est
1202 1410 1323 1465 'paa:
1367 1398 1563 1449 nostra
1588 1396 1688 1463 qui
1719 1395 1850 1461 fecit
1883 1398 2115 1463 utraque

520 1504 685 1543 unum
708 1488 921 1558 (Ephes.
964 1494 1057 1553 ιι).
1089 1487 1199 1543 Sed
1231 1488 1373 1543 hanc
1396 1487 1495 1541 tibi
1519 1487 1752 1558 gratiam
1772 1502 1804 1541 a
1850 1490 1966 1543 Deo
1991 1503 2115 1543 con-

517 1596 733 1637 cessam
755 1582 934 1651 plures
963 1580 1230 1636 nobilium
1258 1584 1640 1636 Romanorum
1664 1595 1761 1652 per
1787 1596 1889 1637 nos
1916 1596 2109 1653 cogno-

520 1682 757 1739 scentes,
793 1673 1095 1729 bonitatem
1126 1682 1182 1729 et
1226 1673 1464 1729 virtutes
1487 1682 1610 1729 tuas
1647 1673 1875 1729 omnino
1924 1672 2111 1729 admi-

2224 467 2411 515 rantes
2437 459 2495 515 in
2514 458 2813 515 amicitiam
2836 466 2891 513 et
2908 474 3159 515 amorem
3178 466 3338 513 tuum
3359 457 3633 523 devenire,
3666 465 3721 512 et
3745 456 3817 513 de
3906 496 3909 499 ι

2225 552 2309 609 his
2349 568 2472 625 qua:
2508 553 2585 608 ini
2629 552 2873 623 patribus
2900 552 3106 608 nostris
3144 551 3410 623 placuerit
3452 549 3551 605 tibi
3592 550 3821 605 libenter

2224 647 2448 717 servire,
2473 647 2703 701 mittunt
2725 645 2796 701 ad
2820 653 2875 701 te
2903 645 3156 701 homines
3184 660 3336 712 suos,
3364 653 3428 699 ut
3471 660 3570 715 per
3599 659 3693 699 eos
3722 644 3809 697 in—

2225 740 2434 813 telligas
2460 748 2734 811 quantum
2755 747 2809 795 te
2831 739 3155 810 prudentem
3188 747 3242 794 et
3272 738 3520 794 nobilem
3551 737 3811 804 habeant,

2222 843 2278 889 et
2322 842 2591 905 quantum
2636 833 2738 889 tibi
2787 834 3019 888 libenter
3068 833 3273 888 servire
3304 832 3469 887 velint
3488 839 3543 886 et
3571 831 3811 886 valeant.

2222 928 2375 996 Quos
2421 926 2848 998 magniﬁcentiae
2888 935 3003 982 tua;
3027 924 3489 981 commendantes
3522 939 3809 994 rogamus,

2222 1028 2285 1075 ut
2305 1036 2428 1075 eam
2449 1019 2799 1084 charitatem,
2820 1035 2989 1090 quam
3015 1019 3116 1073 tibi
3137 1019 3359 1089 tuisque
3379 1017 3639 1072 omnibus
3663 1032 3814 1071 sem—

2224 1128 2318 1184 per
2332 1112 2657 1184 impendere
2673 1112 3074 1178 desideramus,
3103 1112 3183 1167 eis
3208 1124 3309 1182 pro
3334 1126 3522 1167 amore
3544 1119 3734 1165 nostro
3759 1119 3817 1166 et

2221 1206 2733 1277 recompensatione
2784 1205 3056 1261 ﬁdelitatis
3116 1204 3509 1276 praedictorum
3564 1203 3813 1259 virorum

2220 1298 2544 1371 impendere
2586 1298 2827 1355 studeas.
2872 1298 2986 1354 Scit
3010 1297 3160 1352 enim
3204 1300 3353 1352 Deus
3394 1298 3519 1369 quia
3565 1314 3697 1369 pure
3745 1297 3815 1354 ad

2221 1392 2492 1449 honorem
2533 1392 2635 1448 Dei
2662 1400 2718 1448 te
2746 1391 3061 1464 diligimus,
3095 1400 3152 1446 et
3196 1392 3433 1447 salutem
3462 1400 3517 1446 et
3544 1390 3815 1448 honorem

2220 1494 2381 1541 tuum
2414 1486 2473 1541 in
2499 1486 2756 1557 praesenti
2782 1493 2837 1540 et
2861 1484 2917 1539 in
2934 1484 3120 1540 futura
3148 1484 3261 1540 vita
3290 1483 3683 1540 desideramus.
3717 1490 3816 1539 At-

2221 1595 2327 1651 que
2356 1587 2419 1634 ut
2446 1579 2560 1650 ipse
2597 1582 2744 1635 Deus
2772 1578 2829 1633 in
2871 1578 3053 1634 sinum
3096 1577 3455 1634 beatitudinis
3482 1578 3816 1634 sanctissimi

2218 1672 2543 1744 patriarcha:
2577 1672 2812 1729 Abrahae
2843 1678 2967 1744 post
2997 1672 3160 1744 longa
3204 1670 3370 1745 hujus
3400 1672 3525 1728 vita:
3552 1671 3725 1743 spatia
3750 1679 3811 1727 te

514 1774 710 1823 rantur
726 1775 783 1822 et
801 1765 1117 1838 pradicant.
1150 1770 1297 1822 Inter
1322 1782 1462 1838 quos
1490 1766 1601 1823 duo
1620 1764 1911 1822 familiares
1931 1766 2107 1821 nostri
2135 1758 2183 1821 Β
2216 1766 2481 1838 perducat
2512 1766 2678 1823 corde
2702 1775 2761 1824 et
2787 1782 2881 1822 ore
2926 1780 3206 1837 rogamus.

516 1859 804 1915 Albericus
833 1868 890 1915 et
914 1860 1155 1928 Cincius,
1176 1868 1230 1915 et
1251 1858 1320 1916 ab
1345 1858 1457 1931 ipsa
1481 1875 1619 1932 pene
1646 1858 2017 1916 adolescentia
2048 1860 2108 1915 in

1328 2118 1687 2209 LIBER
1754 2120 2313 2226 QUARTUS
2382 2120 2985 2211 REGISTRI.

560 2284 726 2346 Anno
765 2280 1099 2346 Dominth
1140 2278 1596 2341 Incarnattonis
1634 2254 1959 2342 millesimo
2005 2282 2443 2363 septuagesimo
2482 2290 2673 2354 sexto,
2716 2258 3040 2343 indictione
3077 2282 3305 2342 decima
3336 2290 3553 2362 quarta
3575 2281 3764 2362 (387).

987 2415 1340 2470 EPISTOLA
1378 2415 1635 2470 PRIMA.

838 2537 921 2578 ΔΙ)
960 2536 1311 2578 UNIVBBSOS
1351 2536 1783 2597 CHRISTIANOS.

1103 2625 1293 2695 (Anno
1334 2626 1516 2695 1076.)

517 2727 774 2795 Queritur
797 2726 863 2781 de
885 2727 1104 2781 Henrtcz'
1133 2726 1276 2795 regis
1301 2728 1555 2796 perﬁdia,
1591 2732 1641 2781 et
1668 2728 1825 2780 malis
1855 2742 1975 2796 quce
2003 2729 2106 2782 Ec-

583 2799 741 2852 clesia
775 2798 844 2851 ab
896 2813 953 2852 eo
989 2799 1321 2869 patiebatur.
1367 2801 1542 2854 Monet
1569 2803 1633 2852 ut
1676 2814 1793 2853 eum
1822 2799 1895 2852 ad
1922 2813 2107 2852 veram

577 2871 953 2939 pamitenttam
991 2875 1294 2937 provocent;
1353 2870 1497 2938 quod
1543 2872 1595 2923 si
1628 2870 1823 2923 aud-tre
1850 2870 2099 2936 noluerit,

581 2941 823 2993 viriliter
868 2940 952 2992 illi
992 2942 1263 2993 resistant.
1296 2944 1399 2995 Eos
1422 2956 1543 2994 vero
1580 2942 1677 3009 qui
1701 2942 1819 3008 regi
1862 2942 2101 2995 adhaese-

578 3016 727 3072 rant,
760 3013 810 3065 si
837 3012 1146 3079 resipiscere
1166 3012 1450 3073 voluerint,
1474 3011 1546 3063 ad
1571 3010 1821 3065 Ecclesiae
1842 3014 2101 3080 gremium

580 3083 894 3135 admittant.
932 3083 1054 3136 Illos
1081 3088 1259 3135 autem
1285 3084 1383 3150 qui
1418 3099 1452 3135 a
1485 3085 1840 3135 communione
1877 3085 2019 3151 regis
2047 3096 2102 3135 se

576 3169 688 3207 non
723 3154 1117 3227 subtramertnt,
1149 3153 1402 3208 vitandos
1427 3167 1535 3207 esse
1562 3153 1913 3227 demonstrat.

574 3256 949 3320 Gnnoonws,
974 3253 1283 3325 episcopus,
1307 3267 1494 3308 servus
1521 3268 1804 3308 servorum
1830 3252 1951 3320 Dei,
1976 3269 2104 3308 om-

507 3348 667 3404 nibus
696 3347 754 3402 in
783 3346 1001 3403 Christo
1022 3345 1311 3414 fratribus,
1335 3346 1605 3418 episcopis
1634 3345 1906 3413 videlicet,
1935 3345 2102 3403 abba-

502 3441 651 3497 tibus
676 3450 839 3513 atque
859 3439 1261 3508 sacerdotibus,
1286 3440 1519 3496 ducibus
1542 3440 1732 3508 etiam,
1750 3439 2102 3512 'principibus

503 3543 668 3607 atque
705 3534 993 3603 militibus,
1026 3535 1395 3606 omnibusque
1421 3534 1790 3591 Christianam
1833 3532 2001 3589 ﬁdem
2044 3540 2102 3589 et

504 3627 653 3683 beati
684 3629 829 3682 Petri
855 3628 1123 3683 honorem
1155 3644 1343 3683 revera
1366 3626 1739 3698 diligentibus,
1764 3626 1824 3680 in
1843 3628 2099 3683 Romano

504 3718 736 3789 imperio
767 3719 1164 3787 habitantibus,
1193 3719 1425 3775 salutem
1466 3729 1520 3775 et
1546 3719 1903 3791 apostolicam
1925 3719 2098 3775 bene-

501 3812 821 3867 dictionem.
2042 3824 2049 3831 ‘

569 3905 789 3961 Gratias
816 3904 1035 3976 agimus
1064 3905 1431 3977 omnipotenti
1458 3908 1599 3977 Deo,
1637 3907 1730 3978 qui
1757 3912 1979 3976 propter
2013 3906 2097 3960 ni-

501 3998 672 4054 miam
692 3997 1023 4054 charitatem
1052 4014 1208 4053 suam
1228 4014 1333 4070 qua
1353 3998 1543 4054 dilexit
1572 4014 1676 4054 nos
1709 3998 1930 4070 proprio
1961 3998 2096 4054 Filio

503 4100 615 4147 suo‘
641 4108 752 4146 non
792 4092 1054 4164 pepercit,
1107 4093 1201 4148 sed
1250 4107 1349 4163 pro
1379 4091 1542 4147 nobis
1583 4091 1840 4147 omnibus
1863 4089 2097 4146 tradidit

504 4186 687 4241 illum:
718 4184 813 4257 qui
846 4186 995 4241 ultra
1036 4184 1321 4253 meritum,
1348 4185 1492 4241 ultra
1523 4201 1677 4257 spem
1718 4184 1889 4241 etiam
1928 4184 2093 4240 bono-

502 4295 625 4334 rum
652 4278 943 4334 hominum
975 4278 1137 4351 [forte
1157 4277 1433 4351 omnium]
1455 4278 1758 4335 Ecelesiam
1785 4293 1941 4334 suam
1963 4294 2090 4351 pro-

502 4372 658 4444 tegit,
686 4372 955 4445 gubernat
979 4380 1032 4428 et
1058 4370 1325 4429 defendit.
1349 4373 1515 4428 Scitis
1539 4373 1709 4441 enim,
1739 4371 1936 4428 fratres
1958 4371 2086 4427 cha-

2214 2416 2285 2471 tis
2310 2436 2323 2473 :
2353 2419 2533 2474 Genus
2565 2417 2808 2480 electum,
2837 2415 3020 2485 regale
3048 2416 3423 2481 sacerdotium
3444 2418 3473 2471 Ι
3496 2420 3638 2471 Petr.
3669 2416 3757 2487 ιι)
3796 2433 3811 2471 :

2218 2511 2439 2566 Obedz're
2461 2513 2635 2579 magis
2655 2515 2858 2580 oportet
2886 2513 2993 2564 Deo
3023 2526 3189 2579 quam
3217 2510 3519 2563 hominibus
3549 2511 3690 2574 (Act.
3724 2515 3809 2574 ν).

2215 2605 2359 2659 Nam
2392 2613 2579 2660 vestra
2608 2603 2925 2676 fraternitas
2946 2602 3178 2658 minime
3202 2601 3419 2674 ignorat
3437 2610 3640 2672 quanto
3667 2610 3811 2657 tem-

2215 2714 2351 2768 pore
2376 2706 2566 2753 sancta
2598 2697 2837 2752 Ecclesia
2860 2696 3132 2751 inauditas
3154 2696 3451 2766 pravitates
3482 2704 3537 2750 et
3560 2694 3813 2752 diversas

2214 2791 2717 2871 iniquitatesregis,
2740 2799 2794 2844 et
2818 2790 3032 2845 utinam
3061 2788 3382 2863 Christiani,
3414 2797 3469 2843 et
3503 2789 3664 2843 vestri
3685 2805 3807 2844 sus-

2212 2885 2401 2951 tinuit,
2430 2893 2486 2939 et
2517 2892 2736 2954 quantae
2774 2885 2951 2939 ruina
2980 2892 3313 2954 quantaeque
3338 2881 3653 2946 calamitati,
3684 2882 3807 2952 ipso

2211 2978 2439 3049 antiquo
2470 2977 2627 3033 hoste
2674 2985 2895 3032 auctore
2940 2976 3302 3048 praecedente,
3348 2976 3544 3048 patuit.
3574 2976 3671 3031 Cui
3700 2992 3809 3030 nos

2209 3069 2453 3127 fraterna
2491 3070 2787 3126 dilectione
2828 3078 2883 3125 et
2929 3086 3119 3126 amore
3158 3070 3330 3141 patris
3359 3081 3410 3127 et
3454 3069 3644 3125 matris
3686 3068 3810 3138 ejus

2132 3153 2177 3217 C
2205 3162 2378 3227 ducti,
2404 3165 2580 3219 adhuc
2608 3164 2663 3218 in
2693 3163 2986 3219 diaconatu
3017 3164 3179 3233 positi
3209 3163 3609 3219 admonitionis
3639 3162 3808 3218 verba

2212 3257 2636 3323 transmisimus,
2682 3264 2737 3311 et
2764 3265 3060 3329 postquam
3101 3256 3169 3312 ad
3194 3256 3442 3313 ofﬁcium
3489 3255 3803 3322 sacerdotii,

2212 3350 2337 3405 licet
2358 3349 2586 3422 indigni,
2614 3350 2886 3418 venimus,
2911 3358 2972 3404 ut
3011 3350 3305 3421 respiceret
3342 3358 3716 3421 summopere,
3748 3357 3813 3403 et

2208 3442 2526 3515 frequenter
2569 3458 2665 3514 per
2694 3443 2839 3498 viros
2880 3443 3161 3515 religiosos
3204 3444 3636 3514 procuravimus.
3682 3444 3811 3513 Ipse

2208 3552 2336 3592 vero
2377 3535 2510 3607 quid
2537 3544 2728 3592 contra
2772 3536 2969 3608 egerit,
3019 3544 3074 3591 et
3116 3536 3396 3608 quomodo
3439 3536 3648 3592 malum
3698 3551 3809 3606 pro

2207 3628 2356 3685 bono
2379 3627 2700 3694 reddiderit,
2724 3629 2802 3684 vel
2826 3629 3061 3701 qualiter
3079 3628 3398 3685 calcaneum
3421 3645 3582 3685 suum
3608 3636 3807 3685 contra

2206 3721 2435 3778 beatum
2456 3723 2683 3776 Petrum
2703 3721 2979 3793 erigendo,
3002 3730 3255 3777 sanctam
3278 3723 3600 3791 Ecclesiam,
3630 3737 3809 3793 quam

2205 3815 2311 3871 sibi
2336 3814 2686 3884 omnipotens
2716 3816 2866 3869 Deus
2903 3816 3209 3883 commisit,
3258 3815 3507 3871 scindere
3539 3829 3809 3885 procura-

2206 3907 2361 3975 verit,
2395 3915 2573 3963 vestra
2598 3908 2752 3962 novit
2775 3907 3036 3975 Charitas,
3065 3916 3121 3963 et
3150 3925 3243 3979 per
3259 3909 3445 3964 omnia
3468 3907 3661 3963 mundi
3682 3907 3811 3980 jam

2206 4001 2492 4073 personuit
2530 4000 2766 4057 climata.
2797 4000 2903 4055 Sed
2932 4001 3058 4072 quia
3102 4002 3277 4057 nostri
3319 4010 3400 4057 est
3428 4000 3594 4057 ofﬁcii
3622 4000 3810 4055 homi-

2204 4110 2323 4163 nes,
2352 4078 2466 4150 non
2495 4094 2624 4150 vitia
2660 4093 2908 4166 diligere,
2936 4103 2991 4149 et
3019 4095 3222 4165 pravis,
3262 4103 3324 4150 ut
3347 4094 3675 4166 resipiscant
3712 4109 3807 4149 re-

2206 4187 2417 4254 sistere,
2442 4196 2494 4242 et
2523 4169 2855 4257 impietates,
2907 4203 3020 4241 non
3061 4187 3315 4243 homines
3353 4187 3666 4253 abhorrere,
3695 4202 3805 4242 au-

2203 4281 2461 4337 ctoritate
2482 4279 2629 4335 beati
2652 4280 2799 4335 Petri
2823 4280 3203 4351 apostolorum
3225 4281 3487 4353 principis
3506 4295 3807 4336 monemus

2197 4380 2318 4441 Vos,
2366 4382 2419 4427 et
2438 4381 2498 4426 ut
2525 4371 2881 4427 charissimos
2910 4371 3102 4429 fratres
3126 4390 3406 4446 rogamus,
3436 4372 3640 4429 amodo
3683 4381 3809 4428 stu-

498 4466 725 4535 rissimi,
757 4466 884 4538 quia
912 4465 1016 4521 hoc
1043 4466 1346 4537 periculoso
1372 4474 1640 4538 tempore,
1671 4465 1891 4538 quando
1929 4464 2090 4520 Anti-
2203 4465 2327 4521 dete
2352 4465 2508 4519 illum
2529 4463 2597 4519 de
2621 4480 2791 4520 manu
2820 4464 3027 4521 diaboli
3057 4483 3268 4535 eruere,
3298 4475 3352 4522 et
3379 4465 3448 4522 ad
3481 4466 3663 4521 veram
3693 4482 3808 4537 pa:-

501 4560 740 4616 christus
767 4560 828 4615 in
855 4560 970 4614 suis
1002 4558 1268 4615 membris
1302 4559 1426 4633 jam
1461 4568 1745 4631 operatur,
1774 4558 1980 4629 ubique
2006 4558 2087 4613 vix

500 4652 697 4725 aliquis
736 4655 879 4709 solet
920 4653 1177 4721 inveniri,
1211 4653 1309 4725 qui
1330 4669 1515 4709 revera
1544 4660 1600 4708 et
1627 4654 1804 4707 Deum
1834 4658 1889 4706 et
1918 4650 2093 4705 hono-

501 4761 621 4802 rem
666 4746 781 4816 ejus
808 4745 1023 4818 diligat,
1055 4747 1171 4818 ejus
1211 4754 1482 4819 praecepta
1512 4744 1757 4803 saeculari
1795 4743 2092 4799 commodo

500 4846 557 4894 et
582 4838 776 4911 gratiae
802 4847 1151 4894 terrenorum
1186 4840 1502 4911 principum
1528 4845 1828 4911 praeponat.
1870 4836 1977 4892 Sed
2007 4837 2095 4892 ille

500 4933 591 5005 qui
604 4948 714 4989 non
735 4931 949 5001 repellit
973 4931 1187 5002 plebem
1222 4946 1404 4999 suam,
1426 4940 1480 4986 et
1511 4930 1757 5002 quotidie
1780 4937 2095 5001 peccatores

501 5042 532 5081 a
571 5026 809 5097 sinistra
838 5024 894 5078 in
934 5023 1217 5081 dexteram
1260 5031 1599 5091 commutat,
1629 5039 1727 5079 vos
1755 5022 1993 5095 propitio
2030 5040 2094 5079 ac

499 5132 691 5173 sereno
730 5117 881 5171 vultu
929 5118 1180 5187 respexit,
1236 5126 1290 5173 et
1330 5126 1523 5173 contra
1571 5134 1705 5173 suos
1738 5116 1994 5173 inimicos
2023 5116 2093 5172 ad

499 5206 729 5263 salutem
760 5204 1063 5261 multarum
1101 5205 1350 5277 gentium
1384 5206 1583 5271 erexit,
1612 5214 1675 5261 ut
1712 5206 1890 5278 magis
1939 5206 2093 5263 vobis

497 5299 663 5356 libeat
690 5300 745 5354 in
777 5298 1014 5370 periculo
1067 5298 1407 5355 transitoria
1430 5298 1557 5354 vitae
1586 5300 1894 5377 consistere
1924 5316 2092 5372 quam

498 5393 685 5450 mterni
745 5393 908 5466 Regis
948 5392 1184 5465 gloriam
1212 5401 1265 5439 0*
1300 5392 1571 5449 honorem
1598 5391 1858 5450 humanae
1903 5393 2090 5466 gratiae

496 5495 847 5560 postponere.
891 5488 1025 5543 Haec
1054 5486 1240 5557 itaque
1282 5483 1567 5554 facientes,
1600 5503 1713 5563 non
1754 5501 1889 5549 aure
1918 5484 2085 5542 surda

496 5580 875 5654 apostolorum
901 5580 1207 5653 principem
1232 5578 1513 5637 dicentem
1547 5580 1796 5637 transitis
1816 5582 1911 5650 [f.,
1939 5578 2091 5637 audi-

544 5808 545 5811 η
575 5764 713 5831 ῑ387)
742 5767 1000 5821 Attamen
1019 5776 1211 5820 omnes
1237 5759 1349 5819 fere
1370 5761 1441 5819 ad
1468 5776 1549 5819 xv
1578 5763 1851 5834 pertinent

2202 4558 2497 4613 nitentiam
2518 4573 2837 4629 provocare,
2860 4568 2923 4615 ut
2936 4576 3061 4614 eum
3090 4559 3386 4630 possimus,
3411 4564 3531 4617 Deo
3554 4559 3803 4630 favente,

2201 4650 2268 4707 ad
2311 4651 2494 4706 sinum
2523 4650 2834 4707 communis
2879 4651 3074 4707 matris
3100 4661 3325 4729 nostrae,
3370 4668 3535 4724 quam
3564 4660 3805 4708 conatus

2200 4751 2283 4799 est
2318 4743 2601 4811 scindere,
2633 4741 2872 4799 fraterna
2903 4743 3055 4799 ducti
3106 4744 3372 4801 charitate
3411 4761 3688 4813 revocare,
3719 4745 3803 4801 ita

2201 4844 2390 4892 tamen
2428 4844 2491 4891 ut
2538 4837 2691 4891 nulla
2722 4836 2896 4908 possit
2937 4834 3128 4893 fraude
3169 4838 3406 4894 recidiva
3450 4837 3603 4894 clade
3631 4836 3803 4891 Chri-

2203 4930 2442 4984 stianam
2486 4929 2807 5001 religionem
2840 4929 3199 5000 confundere,
3236 4938 3291 4987 et
3328 4939 3580 4987 sanctam
3609 4928 3775 4985 Eccle

2201 5023 2339 5078 siam
2366 5021 2598 5094 pedibus
2626 5022 2739 5076 suis
2769 5024 3111 5079 conculcare.

2272 5116 2431 5185 Quod
2482 5116 2525 5170 si
2563 5130 2658 5168 vos
2700 5130 2813 5168 non
2868 5115 3130 5183 audierit,
3183 5125 3238 5173 et
3288 5117 3569 5175 diabolum
3602 5113 3800 5188 potius

2200 5224 2372 5281 quam
2406 5208 2687 5264 Christum
2737 5208 2894 5279 sequi
2936 5209 3175 5280 elegerit,
3224 5219 3277 5265 et
3319 5228 3508 5267 eorum
3556 5212 3647 5283 qui
3693 5224 3797 5281 pro

2199 5302 2511 5359 Simoniaca
2558 5301 2755 5358 haeresi
2775 5301 2896 5373 jam
2944 5302 3229 5374 perlonga
3274 5311 3524 5376 tempora
3554 5318 3796 5360 excom-

2199 5395 2468 5449 municati
2488 5403 2628 5449 sunt
2657 5396 2946 5451 consilium
2969 5396 3119 5451 vobis
3142 5400 3468 5469 praetulerit,
3499 5400 3679 5458 divina
3709 5404 3797 5460 inc

2200 5487 2434 5557 spirante
2472 5488 2738 5557 potentia,
2770 5489 2935 5559 simul
2974 5489 3343 5560 inveniamus,
3373 5493 3643 5567 simulque
3673 5504 3794 5555 sta-

2196 5585 2439 5648 tuamus,
2464 5587 2527 5634 ut
2555 5570 2862 5639 Dominum
2895 5581 3108 5639 homini
3136 5596 3539 5658 preponentes,
3570 5588 3795 5647 univer-
