4144 6184
245 167 349 228 453

242 296 345 353 sali
385 295 649 353 Ecclesiae
667 294 903 368 jamjam
945 312 1082 368 pene
1112 297 1314 354 labenti
1347 314 1733 357 succurramus
1761 301 1839 356 vi-
1869 306 1923 368 Α

240 389 435 445 riliter.
486 390 813 462 Quicunque
857 405 921 444 ex
950 389 1036 445 his
1062 392 1354 461 resipuerit
1399 392 1488 464 qui
1516 393 1842 464 praedictum

237 498 434 552 regem
456 498 567 537 non
598 483 935 538 erubuerunt
958 483 1319 554 omnipotenti
1352 489 1469 541 Deo
1497 502 1842 558 praeponere,

239 584 295 632 et
332 575 706 631 Christianam
726 577 924 648 legem,
952 576 995 631 si
1022 592 1131 632 non
1152 578 1350 649 verbis,
1376 580 1633 649 operibus
1659 590 1845 636 tamen

236 683 465 739 negare,
517 669 660 724 sicut
686 669 817 724 dicit
847 670 1139 741 Apostolus
1173 688 1186 726 :
1220 672 1322 728 Ore
1345 673 1559 742 quidem
1596 676 1844 741 fatentur

236 766 437 825 Deum,
472 763 640 829 factis
666 767 851 817 autem
881 770 1085 833 negant
1107 767 1235 830 (Tit.
1266 770 1309 831 ι)
1334 784 1349 833 ;
1380 782 1477 820 vos
1517 765 1708 821 fratres
1734 768 1844 824 mei

235 864 291 910 et
335 855 768 911 consacerdotes
796 855 918 911 illos
962 858 1293 914 auctoritate
1324 858 1467 915 beati
1495 860 1637 914 Petri
1676 860 1844 917 susci-

233 948 365 1020 pite,
403 958 460 1004 et
486 948 556 1005 ad
583 949 857 1021 gremium
888 950 1084 1007 matris
1112 961 1319 1009 nostra:
1352 962 1561 1009 sancta
1590 953 1845 1011 Ecclesiae

231 1040 512 1108 reducite,
539 1051 602 1099 ut
628 1042 950 1099 mereamini
980 1043 1241 1117 gaudium
1273 1046 1325 1100 in
1347 1045 1488 1101 coelo
1517 1046 1723 1117 angelis
1747 1047 1844 1103 Dei

233 1134 528 1190 innovare.
547 1138 612 1191 in
626 1135 886 1193 omnibus
906 1145 1114 1205 tamen,
1139 1138 1279 1193 sicut
1302 1137 1462 1194 decet
1489 1138 1845 1197 charissimos

230 1227 399 1295 ﬁlios,
427 1228 696 1285 honorem
744 1230 819 1301 pii
852 1231 1025 1286 Patris
1057 1231 1220 1286 vestri
1265 1232 1649 1303 apostolorum
1690 1233 1843 1305 prin-

229 1320 367 1393 cipis
394 1337 510 1393 praa
538 1322 713 1378 oculis
742 1323 960 1378 habete.
986 1323 1312 1395 Quicunque
1355 1333 1542 1381 autem
1563 1326 1845 1398 episcopo-

231 1430 355 1470 rum
388 1416 473 1470 vel
502 1416 765 1472 laicorum
793 1416 991 1473 timore
1018 1417 1099 1473 vel
1147 1418 1317 1490 gratia
1348 1419 1588 1474 humana
1631 1419 1844 1476 seducti

232 1524 261 1563 a
301 1510 706 1565 communione
737 1509 880 1579 regis
903 1526 961 1565 se
991 1527 1100 1566 non
1129 1512 1539 1574 subtraxerunt,
1566 1513 1659 1569 sed
1686 1514 1732 1568 ei
1761 1512 1842 1570 fa-

232 1611 431 1658 ventes
465 1602 710 1659 animam
751 1619 910 1659 suam
948 1613 1005 1660 et
1043 1604 1186 1659 illius
1220 1604 1438 1660 diabolo
1474 1607 1690 1662 tradere
1730 1623 1842 1663 non

1396 168 1593 231 LIBER
1631 177 1962 243 QUARTUS.
2002 196 2074 219 -=
2112 166 2318 235 EPIST.
2358 168 2427 235 ιι.

3447 172 3551 239 454

2019 319 2151 372 pum
2199 304 2493 359 Tullensem
2520 302 2589 357 ab
2617 292 3014 371 archiepiscopo
3049 301 3372 365 Treverensi,
3402 319 3466 357 ne
3492 307 3553 359 in

2020 377 2256 446 negotiis
2284 374 2564 442 cujusdam
2605 375 2916 446 monasterii
2937 389 2991 446 se
3025 375 3367 446 interponat.
3397 375 3551 440 Quas-

2021 445 2155 499 dam
2182 450 2446 515 praeterea
2476 446 2540 499 de
2560 445 2823 499 Mathilde
2868 448 2918 497 et
2948 445 3228 510 Gotifredo
3249 445 3550 513 subjungit.

2020 561 2377 639 Gnsconws
2415 560 2725 631 episcopus,
2756 576 2947 615 servus
2970 574 3256 615 servorum
3287 560 3403 628 Dei,
3438 562 3552 616 Hs-

1951 668 2227 709 smmuo
2260 652 2491 708 Metensi
2511 654 2791 724 episcopo,
2818 653 3052 709 salutem
3100 661 3156 708 et
3191 653 3552 724 apostolicam

1953 746 2415 803 benedictionem.

2020 862 2199 919 Multa
2217 862 2611 935 interrogando
2640 879 2669 918 a
2692 878 2783 918 me
2807 862 2964 918 valde
2996 871 3264 933 occupato
3292 863 3547 935 requiris,

1951 964 2006 1012 et
2034 956 2295 1011 nuntium
2323 957 2418 1028 qui
2460 973 2550 1012 me
2578 956 2746 1012 nimis
2772 956 3021 1027 impellat
3045 955 3118 1011 ad
3152 957 3235 1011 sui
3265 957 3548 1013 licentiam

1950 1050 2307 1106 transmittis.
2328 1050 2596 1119 Quocirca
2639 1048 2685 1103 si
2731 1065 2848 1104 non
2878 1048 3012 1104 satis
3068 1049 3393 1121 respondeo,
3446 1066 3548 1121 pa-

1950 1143 2155 1198 tienter
2181 1140 2329 1199 feras
2367 1159 2523 1215 rogo.
2568 1143 2817 1213 Qualiter
2847 1142 3037 1213 itaque
3088 1141 3145 1196 in
3170 1158 3399 1213 corpore
3419 1159 3547 1199 meo

1951 1252 2043 1292 me
2070 1236 2327 1305 habeam,
2360 1237 2439 1291 vel
2483 1236 2720 1308 qualiter
2766 1235 3014 1291 Romani
3063 1250 3162 1290 seu
3207 1235 3547 1292 Nortmanni

1951 1330 2098 1385 circa
2128 1346 2219 1387 me
2243 1344 2374 1385 suos
2404 1346 2589 1385 mores
2611 1328 2931 1394 ostendant,
2950 1327 3151 1384 borum
3180 1328 3419 1399 portitor
3445 1325 3548 1384 tibi

1951 1422 2120 1480 dicat.
2155 1428 2237 1480 De
2263 1423 2384 1481 aliis
2412 1432 2599 1479 autem
2624 1423 2809 1488 rebus,
2834 1438 2998 1494 super
3021 1422 3221 1493 quibus
3261 1438 3352 1478 me
3380 1422 3548 1479 inter-

1951 1518 2179 1589 rogasti,
2227 1518 2447 1574 utinam
2477 1517 2671 1573 beatus
2720 1520 2913 1571 Petrus
2949 1532 3044 1586 per
3071 1531 3162 1570 me
3197 1515 3546 1587 respondeat,

1951 1611 2045 1682 qui
2070 1626 2215 1683 saepe
2250 1611 2313 1665 in
2358 1627 2449 1667 me
2474 1611 2843 1683 qualicunque
2867 1625 2967 1664 suo
2996 1607 3209 1665 famulo
3239 1608 3548 1665 honoratur

231 1696 575 1762 timuerunt,
609 1696 658 1751 si
686 1712 800 1751 non
835 1697 1165 1768 resipuerint
1196 1705 1254 1753 et
1300 1697 1631 1770 condignam
1677 1700 1845 1771 poeni-
1874 1684 1924 1751 Β
1952 1705 2030 1760 vel
2059 1704 2326 1775 injuriam
2352 1704 2580 1775 patitur.
2632 1702 2888 1773 Episcopi
2912 1716 3154 1772 namque
3181 1700 3275 1771 qui
3308 1701 3421 1756 sint
3448 1716 3547 1756 ex-

237 1789 473 1844 tentiam
514 1789 749 1862 egerint,
779 1790 990 1847 nullam
1011 1805 1142 1847 cum
1167 1790 1247 1847 eis
1276 1791 1727 1849 communionem
1760 1794 1841 1850 vel

232 1882 542 1938 amicitiam
560 1882 823 1939 habeatis.
845 1884 941 1940 Isti
962 1883 1107 1940 enim
1130 1893 1257 1940 sunt
1281 1884 1377 1957 qui
1403 1885 1654 1942 animam
1682 1902 1840 1943 suam

233 1984 282 2029 et
293 1975 443 2047 regis
461 1974 596 2031 odio
615 1975 819 2031 habent
837 1985 893 2032 et
911 1976 1185 2043 occidunt,
1214 1986 1270 2033 et
1300 1993 1557 2051 regnum,
1580 1979 1840 2050 patriam,

232 2067 716 2140 Christianamque
754 2069 1077 2142 religionem
1127 2069 1470 2127 confundere
1512 2087 1624 2129 non
1654 2073 1840 2129 erube-

231 2170 408 2217 scunt.
442 2162 596 2217 Sicut
624 2163 770 2218 enim
810 2163 969 2218 nobis
1012 2163 1268 2220 imminet
1295 2164 1441 2235 quod
1470 2181 1563 2236 per
1605 2166 1839 2237 prophe-

232 2262 341 2309 tam
367 2254 611 2310 dicitur:
637 2257 697 2312 Si
720 2272 827 2311 non
839 2259 1247 2313 annuntiaveris
1272 2259 1461 2328 iniquo
1490 2260 1836 2328 iniquitatem

232 2364 404 2411 suam,
423 2351 669 2403 animam
684 2352 798 2421 ejus
812 2350 877 2405 de
890 2367 1058 2406 manu
1074 2357 1167 2405 tua
1180 2354 1452 2421 requiram
1470 2355 1681 2420 (Ezech.
1699 2352 1802 2423 ιιι)
1817 2373 1832 2416 ;

236 2449 287 2495 et
314 2442 656 2497 Maledictus
676 2445 775 2512 qui
784 2444 1038 2515 prohibet
1065 2445 1308 2513 gladium
1328 2462 1491 2499 suum
1516 2449 1837 2514 asanguine

239 2536 356 2597 (Jer.
400 2539 657 2601 xnvm),
686 2536 742 2590 id
766 2544 850 2591 est
872 2536 1093 2592 verbum
1124 2538 1483 2593 correctionis
1511 2554 1541 2593 a
1572 2553 1736 2609 prave
1760 2540 1835 2593 vi-‘

237 2628 478 2685 vectium
507 2629 921 2700 increpatione;
949 2631 1027 2687 ita
1058 2631 1161 2687 illis
1192 2631 1470 2699 imminet,
1503 2632 1550 2687 si
1580 2648 1693 2688 non
1712 2633 1836 2689 obe-

236 2720 457 2789 dierint,
489 2722 571 2778 ira
598 2723 765 2779 divini
790 2723 979 2796 judicii
1003 2732 1058 2783 et
1082 2724 1242 2792 ultio,
1272 2732 1513 2780 testante
1554 2725 1829 2793 Samuele,

237 2812 565 2871 idololatria
588 2816 768 2872 scelus
800 2816 1143 2884 [idololatriae
1172 2818 1436 2886 sceleris].
1468 2818 1642 2873 Testis
1668 2818 1832 2874 nobis

237 2917 311 2963 est
332 2911 521 2975 Deus,
556 2908 685 2981 quia
716 2910 862 2965 nulla
902 2926 1003 2967 nos
1038 2911 1333 2967 commoda
1380 2911 1721 2968 saecularisve
1746 2927 1829 2967 re-

1950 1797 2372 1863 communicati,
2404 1795 2738 1863 sacerdotes,
2770 1796 2848 1850 vel
2878 1794 3037 1861 laici,
3070 1810 3185 1848 non
3210 1801 3295 1849 est
3317 1809 3456 1864 opus
3482 1800 3547 1850 ut

1949 1907 1981 1946 a
2021 1906 2114 1946 me
2142 1889 2426 1962 quaeratis,
2453 1889 2580 1959 quia
2632 1886 3017 1944 indubitanter
3046 1885 3123 1941 illi
3150 1894 3282 1942 sunt
3316 1885 3413 1957 qui
3445 1901 3545 1942 ex-

1947 1983 2363 2039 communicato
2380 1982 2496 2055 regi
2519 1981 2760 2038 Henrico
2792 1981 2858 2046 (si
2884 1978 2969 2036 fas
2998 1987 3082 2035 est
3108 1978 3219 2035 dici
3243 1985 3367 2045 rex)
3393 1994 3545 2035 com-

1945 2075 2235 2149 munic'are
2254 2082 2687 2148 cognoscuntur.
2720 2075 2846 2129 Non
2868 2073 3021 2128 enim
3052 2079 3311 2127 verentur
3340 2070 3545 2129 huma-

1944 2185 2078 2225 nam
2126 2168 2365 2239 gratiam
2418 2168 2496 2223 vel
2543 2167 2810 2224 timorem
2848 2165 2993 2237 regis
3030 2164 3227 2221 aeterni
3265 2172 3542 2236 praecepto

1944 2276 2283 2333 praeponere,
2338 2276 2516 2333 neque
2544 2260 2745 2315 timent
2772 2274 2872 2314 suo
2918 2256 3109 2314 favore
3146 2256 3221 2314 ad
3264 2256 3410 2314 iram
3437 2256 3543 2314 Del

1945 2355 2347 2427 omnipotentis
2374 2353 2635 2411 eumdem
2662 2368 2853 2427 regem
2880 2350 3287 2423 impellere.llle
3315 2350 3543 2423 quidem

1944 2449 2058 2504 suis
2115 2447 2588 2504 communicando
2631 2445 3001 2502 familiaribus
3042 2443 3543 2501 excommunicatis

1942 2557 2042 2611 pro
2070 2540 2387 2597 Simoniaca
2441 2538 2636 2596 haeresi
2674 2538 3321 2595 excommunicatiunem
3348 2538 3541 2594 incur-

1940 2648 2061 2689 rere
2091 2649 2205 2688 non
2248 2631 2457 2699 timuit,
2508 2639 2563 2687 et
2602 2638 2664 2686 ut
2703 2630 2797 2685 alii
2827 2646 3017 2685 secum
3064 2629 3539 2687 communicando

1940 2726 2494 2783 excommunicentur
2525 2723 2804 2779 attrahere
2831 2738 2947 2778 non
2984 2723 3277 2779 erubescit.
3308 2728 3392 2779 De
3420 2718 3542 2781 tali-

1938 2819 2041 2875 bus
2077 2818 2210 2891 quid
2239 2826 2411 2874 restat
2437 2824 2501 2875 ut
2550 2816 2876 2883 sentiamus,
2910 2815 3018 2870 nis'i
3049 2815 3196 2887 quod
3222 2816 3282 2871 in
3312 2816 3541 2887 psalmis

1937 2910 2235 2967 didicimus
2288 2913 2444 2966 Dicit
2490 2911 2755 2979 insipiens
2808 2910 2867 2963 in
2894 2908 3067 2963 'corde
3111 2923 3231 2973 suo
3260 2925 3282 2960 ,ο
3305 2908 3424 2968 Non
3466 2912 3544 2965 est

232 3010 448 3072 spectus
478 3010 671 3057 contra
704 3018 898 3074 pravos
925 3004 1189 3076 principes
1210 3014 1266 3060 et
1289 3005 1491 3076 impios
1519 3004 1828 3062 sacerdotes
1864 3030 1915 3097 ο
1940 3009 2081 3061 Deus
2110 3005 2273 3071 (Psal.
2308 3002 2473 3074 xm),
2523 3010 2579 3057 et
2617 3002 2821 3056 iterum
2851 3018 2864 3055 :
2899 3002 3087 3057 Omnes
3116 3002 3281 3055 simul
3322 3003 3540 3067 inutiles

236 3094 481 3166 impellit,
514 3095 609 3151 sed
640 3097 1005 3154 consideratio
1048 3099 1225 3154 nostri
1251 3098 1432 3167 ofﬁcii,
1478 3107 1535 3154 et
1561 3107 1827 3172 potestas,
1880 3092 1915 3123 ³
1937 3100 2077 3165 facti
2102 3102 2226 3153 sunt
2249 3097 2691 3152 involuntatibus
2707 3096 2820 3149 suis
2838 3095 3005 3160 (Psal.
3049 3100 3177 3161 ιιι).
3204 3092 3297 3149 Eis
3325 3101 3537 3162 autem,

234 3204 333 3260 qua
364 3188 617 3260 quotidie
656 3200 1036 3262 angustamur,
1087 3192 1401 3264 apostolicae
1437 3192 1601 3248 sedis.
1632 3192 1830 3249 Melius

235 3291 313 3336 est
368 3281 540 3337 nobis
588 3280 836 3339 debitam
885 3292 1127 3340 mortem
1173 3286 1354 3340 carnis
1404 3272 1501 3355 per
1542 3294 1825 3356 tyrannos,

234 3374 275 3430 si
297 3374 609 3446 Oportuerit
629 3415 649 3445 ,
673 3376 880 3445 subire,
920 3393 1087 3449 quam
1113 3386 1302 3433 nostro
1332 3377 1569 3446 silentio,
1604 3378 1827 3448 timore,

232 3467 310 3523 vel
332 3468 636 3524 commodo
678 3469 1006 3526 Christianas
1036 3470 1170 3543 legis
1195 3470 1550 3528 destructioni
1589 3486 1825 3527 consen-

231 3561 344 3616 tire.
377 3564 611 3619 Sanctos
634 3561 859 3634 quidem
887 3572 1073 3635 patres
1100 3571 1320 3631 nostros
1347 3563 1553 3620 dixisse
1582 3565 1823 3620 scimus:

228 3654 331 3723 Qui
361 3656 541 3727 pravis
567 3656 883 3712 hominibus
920 3655 1002 3712 sui
1033 3656 1479 3715 consideratione
1504 3656 1671 3713 ofﬁcii
1714 3673 1827 3713 non

228 3748 578 3817 contradicit,
601 3750 912 3817 consentit;
964 3758 1019 3806 et
1046 3751 1137 3823 qui
1167 3751 1461 3808 resecanda
1489 3767 1601 3807 non
1629 3750 1828 3820 aufert,

223 3841 550 3898 committit.
600 3842 971 3914 Omnipotens
1030 3846 1256 3910 Deus,a
1309 3860 1421 3916 quo
1461 3853 1655 3901 cuncta
1684 3845 1827 3901 bona

225 3936 558 4006 procedunt,
593 3935 801 3991 meritis
827 3935 1072 3993 domina
1116 3945 1320 4013 nostrae
1358 3938 1597 3993 cmlestis
1625 3938 1827 4010 reginae

224 4043 292 4083 ac
334 4028 630 4085 beatorum
684 4030 1058 4101 apostolorum
1096 4030 1241 4087 Petri
1278 4039 1333 4085 et
1387 4030 1537 4086 Pauli
1570 4031 1828 4087 interces-

222 4121 379 4177 sione
406 4122 574 4178 corda
598 4130 773 4178 vestra
796 4122 1087 4180 conﬁrmet
1105 4130 1160 4179 et
1188 4123 1485 4191 custodiat,
1516 4133 1572 4179 et
1591 4124 1827 4195 Spiritus

224 4216 308 4269 sui
351 4216 585 4287 gratiam
634 4216 1074 4287 superinfundat,
1116 4226 1178 4272 ut
1223 4232 1346 4290 quae
1381 4227 1513 4273 sunt
1541 4216 1592 4273 ei
1627 4217 1823 4289 placita

220 4307 492 4364 facientes
518 4309 841 4365 mereamini
886 4326 1151 4382 sponsam
1190 4312 1328 4382 ejus,
1370 4319 1606 4367 matrem
1633 4310 1821 4367 videli-

1934 3192 2031 3261 qui
2082 3190 2278 3247 dicunt
2317 3193 2566 3262 :Regem
2616 3205 2733 3245 non
2760 3195 2980 3259 oportet
3027 3186 3535 3255 excommunicari;

1935 3283 2062 3339 licet
2096 3299 2196 3355 pro
2219 3298 2426 3355 magna
2454 3280 2714 3339 fatuitate
2748 3296 2852 3337 nec
2881 3280 3050 3337 etiam
3078 3279 3157 3336 eis
3197 3280 3535 3352 respondere

1935 3376 2258 3444 debeamus,
2299 3384 2492 3431 tamen
2522 3390 2593 3430 ne
2620 3373 2980 3444 impatienter
3013 3374 3237 3430 illorum
3263 3374 3534 3445 insipien-

1935 3470 2075 3525 tiam
2123 3468 2406 3540 przeterire
2448 3467 2759 3533 videamur,
2817 3467 2890 3523 ad
2940 3475 3265 3523 sanctorum
3308 3470 3539 3525 Patrum

1935 3563 2084 3619 dicta
2113 3563 2194 3617 vel
2224 3560 2371 3618 facta
2398 3561 2525 3617 illos
2551 3560 2858 3628 mittimus,
2888 3568 2953 3616 ut
2979 3576 3075 3616 eos
3112 3559 3183 3617 ad
3217 3576 3417 3619 sanam
3447 3561 3541 3618 do-

1938 3655 2180 3712 ctrinam
2238 3669 2581 3711 revocemus.
2638 3653 2856 3725 Legant
2917 3653 3103 3725 itaque
3148 3654 3282 3725 quid
3344 3655 3540 3712 beatus

1937 3750 2134 3805 Petrus
2171 3748 2232 3804 in
2259 3748 2613 3805 ordinatione
2632 3747 2809 3803 sancti
2833 3748 3139 3803 Clementis
3161 3749 3364 3819 populo
3385 3748 3541 3805 Chri-

1938 3842 2122 3899 stiano
2151 3842 2415 3913 praecepit
2431 3841 2499 3898 de
2526 3856 2591 3897 eo
2625 3856 2793 3913 quem
2822 3841 3030 3896 scirent
3053 3857 3168 3897 non
3194 3842 3395 3898 habere
3415 3858 3540 3914 gra-

1940 3936 2077 3993 tiam
2094 3935 2393 4007 pontiﬁcis.
2426 3934 2737 3991 Addiscant
2759 3950 2859 3990 cur
2888 3934 3183 4005 Apostolus
3210 3935 3360 3991 dicat
3388 3956 3401 3991 :
3430 3938 3541 3993 Ha-

1938 4032 2117 4087 bentes
2164 4034 2221 4086 in
2296 4036 2554 4101 promptu
2602 4031 2828 4094 ulcisci
2873 4045 3078 4085 omnem
3120 4030 3540 4086 inobedientiam

1935 4125 2018 4196 (II
2043 4127 2159 4182 Cor.
2192 4131 2289 4192 x);
2330 4132 2385 4181 et
2406 4123 2475 4180 de
2502 4123 2704 4194 quibus
2734 4123 2870 4179 dicit
2901 4142 2914 4178 :
2944 4124 3075 4180 Cum
3105 4124 3415 4193 hujusmodi
3444 4141 3537 4180 nec

1931 4219 2108 4273 cibum
2133 4234 2337 4273 sumere
2365 4220 2415 4283 (Ι
2463 4218 2579 4274 Cor.
2610 4221 2687 4282 v).
2718 4216 3083 4273 Considerent
3110 4232 3209 4271 cur
3237 4215 3537 4273 Zacharias

1938 4326 2078 4382 papa
2110 4326 2298 4382 regem
2319 4311 2663 4365 Francorum
2685 4307 3024 4379 deposuerit,
3055 4316 3111 4362 et
3137 4324 3336 4365 omnes
3365 4310 3537 4366 Fran-

219 4408 312 4456 cct
352 4408 629 4468 nostram,
659 4401 729 4457 de
754 4401 1000 4459 faucibus
1020 4404 1273 4475 luporum
1296 4404 1519 4476 eripere,
1559 4413 1720 4477 atque
1760 4403 1830 4460 ad
1858 4403 1910 4477 D
1957 4405 2176 4477 cigenas
2205 4421 2235 4459 a
2267 4403 2484 4459 vinculo
2504 4401 2812 4475 juramenti
2841 4399 2989 4473 quod
3018 4400 3123 4455 sibi
3161 4399 3408 4457 fecerant
3437 4402 3537 4458 ab—

220 4509 527 4565 supernam
566 4495 712 4552 illius
736 4494 962 4568 gloriam
993 4496 1064 4553 ab
1101 4497 1358 4553 omnibus
1406 4499 1639 4570 peccatis
1667 4498 1836 4554 abso-

220 4587 328 4643 luti
360 4588 667 4660 pervenire.

295 4683 443 4736 Data
453 4682 738 4754 Laurenti,
759 4692 951 4742 octavo
966 4683 1242 4742 Kalendas
1260 4685 1513 4757 Augusti,
1536 4683 1837 4742 indictione

219 4774 441 4831 decima
464 4785 681 4849 quarta.

801 4870 1153 4925 EPISTOLA
1200 4869 1290 4942 ίιι.

389 4978 478 5023 ΔΙ)
509 4970 932 5019 ΗΒΗΙΠΔΠΝΠΜ
975 4977 1319 5020 EPISCOPUH
1350 4976 1695 5020 MBTBNSIM.

837 5057 1020 5118 (Anno
1048 5056 1229 5119 1076.)

225 5145 483 5208 Ostendit
523 5147 822 5217 quicunque
877 5147 1103 5200 Henrico
1150 5148 1271 5215 regi
1301 5147 1832 5209 communicaverint,

294 5224 417 5277 sive
464 5221 697 5289 episcopi
716 5220 826 5272 sive
856 5218 991 5270 laici
1016 5219 1144 5285 sint,
1178 5221 1661 5272 exeommunicatos
1690 5233 1835 5285 esse;

295 5305 491 5348 errare
520 5294 697 5342 autem
724 5304 807 5343 eos
821 5290 921 5357 qui
935 5293 1179 5343 asserunt
1202 5304 1349 5357 reges
1369 5291 1834 5343 emcommunicari

292 5378 412 5418 non
448 5375 602 5429 posse
620 5363 939 5415 auctoritate
984 5362 1035 5414 et
1076 5362 1329 5429 exemtis
1352 5366 1654 5414 sanctorum
1698 5376 1835 5429 pon-

295 5436 547 5503 tiﬁcum;
585 5433 687 5485 imo
721 5434 989 5502 pontifices
1016 5432 1222 5499 regibus
1250 5432 1397 5500 longe
1420 5436 1685 5501 praestare
1734 5433 1827 5486 de-

300 5507 595 5560 monstrat.
628 5504 833 5558 Asserit
860 5504 1118 5572 episcOpis
1144 5503 1420 5557 licentiam
1444 5518 1497 5556 se
1528 5504 1835 5572 impartisse

295 5591 390 5632 eos
432 5574 741 5629 absolvendi
784 5576 879 5643 qui
922 5577 1040 5643 regi
1066 5576 1613 5636 communicaverunt;
1656 5589 1831 5643 regem

292 5652 509 5716 autem,
530 5645 764 5717 πίειδίὁί
774 5646 938 5717 prius
952 5644 1144 5715 deejus
1162 5647 1485 5717 pwniteutia
1510 5646 1823 5717 constiterit,

292 5734 359 5781 se
377 5733 489 5775 non
509 5715 893 5775 absonum-um.
920 5718 1134 5774 umeri
1163 5715 1433 5790 praeterea
1460 5715 1581 5772 uult
1624 5718 1827 5787 episco-

1947 4497 2190 4553 solverit.
2223 4499 2287 4551 ln
2310 4496 2564 4569 Registro
2582 4493 3299 4566 beatiGregoriiaddiscant
3324 4494 3452 4565 quia
3477 4495 3539 4551 in

1946 4590 2262 4663 privilegiis,
2294 4605 2421 4663 qua:
2446 4588 2809 4660 quisbusdam
2848 4586 3091 4642 ecclesiis
3118 4584 3270 4656 fecit,
3302 4604 3459 4661 reges
3482 4597 3537 4645 et

1946 4685 2117 4742 duces
2134 4692 2329 4740 contra
2350 4699 2448 4738 sua
2478 4681 2629 4738 dicta
2650 4681 2954 4746 venientes,
2972 4696 3088 4735 non
3108 4681 3290 4737 solum
3309 4697 3536 4740 excom-

1944 4777 2267 4842 municavit,
2295 4775 2392 4833 sed
2419 4776 2589 4832 etiam
2618 4782 2681 4830 ut
2708 4774 2981 4846 dignitate
3003 4783 3229 4831 careant
3239 4775 3531 4847 judicavit.

1947 4875 2063 4929 Nec
2090 4870 2521 4944 praetermittam
2540 4869 2687 4941 quod
2714 4869 2908 4926 beatus
2940 4868 3270 4925 Ambrosius
3298 4886 3412 4926 non
3442 4887 3533 4928 so-

1946 4967 2063 5023 lum
2099 4981 2309 5038 regem,
2339 4964 2433 5022 sed
2452 4964 2623 5021 etiam
2642 4979 2831 5021 revera
2860 4963 3257 5034 imperatorem
3284 4964 3538 5023 Theodo-

1944 5059 2093 5116 sium
2119 5059 2371 5115 moribus
2390 5066 2444 5115 et
2470 5065 2742 5130 potestate
2769 5073 2886 5113 non
2908 5064 3131 5113 tantum
3161 5056 3539 5114 excommuni-

1944 5152 2109 5221 cavit,
2144 5152 2239 5210 sed
2275 5152 2446 5209 etiam
2477 5168 2548 5208 ne
2579 5165 2913 5224 praesumere
2938 5150 2995 5205 in
3024 5150 3146 5207 loco
3181 5150 3535 5209 sacerdotum

1944 5248 2005 5303 in
2029 5247 2257 5304 ecclesia
2293 5262 2519 5303 manere
2550 5245 2856 5303 interdixit.
2896 5244 3001 5300 Sed
3028 5242 3170 5300 forte
3214 5244 3321 5300 hoc
3346 5246 3537 5303 volunt

1944 5342 2193 5414 praedicti
2224 5340 2325 5395 viri
2351 5339 2679 5412 intelligere,
2713 5337 2861 5410 quod
2889 5338 3114 5410 quando
3169 5340 3318 5394 Deus
3344 5340 3536 5397 Eccle-

1944 5435 2087 5491 siam
2106 5450 2267 5491 suam
2296 5442 2381 5489 ter
2408 5434 2570 5490 beato
2598 5434 2760 5497 Petro
2782 5432 3088 5500 commisit,
3111 5430 3300 5487 dicens
3331 5449 3345 5488 :
3370 5434 3534 5493 Pasce

1944 5544 2061 5585 oves
2089 5544 2237 5583 meas
2258 5530 2434 5593 (Joan.
2458 5527 2604 5597 xxi),
2631 5541 2786 5597 reges
2814 5527 3109 5597 exceperit.
3142 5527 3253 5581 Cur
3290 5541 3409 5584 non
3447 5536 3539 5586 at—

1944 5622 2205 5690 tendunt,
2234 5620 2315 5676 vel
2367 5620 2552 5692 potius
2594 5619 2967 5675 erubescendo
3004 5617 3361 5690 conﬁtentur,
3402 5620 3537 5695 quia

1943 5715 2042 5773 ubi
2067 5717 2220 5773 Deus
2240 5712 2409 5771 beato
2435 5717 2597 5772 Petro
2621 5694 2999 5781 principaliter
3023 5710 3175 5771 dedit
3202 5694 3538 5780 potestatem
