4074 6172
571 268 675 325 455

1254 266 1310 322 S.
1351 263 1671 321 GREGORII
1704 265 1799 320 ΝΠ
1836 262 2032 319 ΡΑΡΑΞ
2069 263 2179 319 0Ρί

2283 263 2343 318 ῘΜ
2379 264 2553 320 PARS
2590 266 2631 320 Ι.
2672 291 2744 306 —-
2779 264 3179 324 REGISTRUM.

3754 265 3856 319 456

569 394 772 468 ligandi
802 402 859 452 et
883 392 1127 451 solvendi
1151 393 1209 447 in
1235 392 1378 447 caelo
1410 398 1465 446 et
1502 391 1562 446 in
1585 396 1732 447 terra
1763 390 1981 456 (Matth.
2011 391 2165 455 xw),
2193 389 2248 451 Α
2272 389 2492 455 dicitur,
2535 390 2629 462 qui
2679 389 2751 446 ad
2791 389 3043 446 ferienda
3088 389 3223 445 vitia
3273 388 3391 446 zelo
3440 387 3612 444 divini
3652 387 3860 446 amoris

571 489 783 546 nullum
815 489 1048 559 excepit,
1078 484 1210 540 nihil
1242 484 1311 539 ab
1357 483 1475 556 ejus
1517 491 1783 556 potestate
1835 481 2153 539 subtraxit?

573 584 712 639 Nam
739 581 829 653 qui
852 596 913 636 se
943 586 1105 650 negat
1136 592 1248 633 non
1298 592 1460 648 posse
1511 575 1765 633 Ecclesia).
1796 575 2010 631 vinculo
2040 575 2161 631 alli-

572 675 710 747 gari,
735 680 906 729 restat
933 679 994 728 ut
1019 680 1183 742 neget
1205 684 1316 725 non
1338 685 1494 741 posse
1518 670 1586 727 ab
1617 670 1737 742 ejus
1765 677 2039 742 potestate
2068 666 2165 724 ab-

2268 484 2551 551 excitatur,
2584 482 2829 554 profecto
2858 499 2975 539 esse
2990 498 3050 539 se
3081 483 3183 538 Dei
3213 480 3464 553 denegat,
3487 480 3578 552 qui
3606 481 3665 534 in
3683 495 3859 550 quan-

2268 585 2391 633 tum
2426 576 2633 633 sufficit
2660 578 2943 649 increpare
2990 576 3165 632 vitam
3195 574 3495 630 carnalium
3523 576 3770 629 recusat.‘
3789 574 3862 627 Et

2272 671 2314 726 si
2344 670 2434 726 ille
2484 670 2805 727 maledictus
2845 678 2925 727 est
2951 671 3045 743 qui
3078 669 3334 741 prohibet
3365 666 3616 741 gladium
3638 682 3802 722 suum
3825 683 3857 722 a

573 766 729 824 solvi.
769 767 840 820 Et
876 764 972 836 qui
1014 763 1117 819 hoc
1147 761 1502 834 impudenter
1546 770 1730 834 negat,
1768 766 1833 818 ‘se
1869 776 1901 817 a
1939 760 2162 817 Christo
2269 764 2527 837 sanguine
2555 768 2680 830 (Jer.
2713 769 2958 832 XLVIII),
2988 763 3041 819 id
3089 771 3172 819 est
3198 761 3602 835 praedicationis
3632 760 3861 815 verbum

573 857 802 915 omnino
830 863 1149 929 sequestrat.
1200 855 1362 925 Quod
1380 855 1426 911 si
1455 864 1637 911 sancta
1667 854 1824 911 sedes
1866 852 2165 926 apostolica

572 948 830 1008 divinitus
856 948 963 1005 sibi
1004 949 1204 1005 collata
1240 947 1523 1021 principali
1554 955 1823 1021 potestate
1863 945 2169 1017 spiritualia

572 1043 871 1100 decernens
910 1041 1191 1114 dijudicat,
1243 1056 1341 1097 cur
1386 1058 1498 1097 non
1527 1050 1583 1098 et
1609 1039 1934 1098 saecularia?
1984 1042 2167 1112 Reges

575 1135 799 1209 quidem
850 1144 907 1193 et
957 1136 1227 1207 principes
1272 1134 1435 1208 hujus
1486 1134 1692 1203 saeculi,
1748 1134 1840 1208 qui
1893 1133 2168 1190 honorem

574 1244 737 1291 suum
784 1238 841 1286 et
867 1230 1021 1285 lucra
1046 1228 1375 1302 temporalia
1396 1227 1628 1300 justitiaa
1656 1229 1762 1283 Dei
1817 1234 2167 1300 prmponunt,

575 1324 799 1397 ejusque
846 1322 1119 1379 honorem
1160 1322 1485 1394 negligendo
1533 1321 1816 1394 proprium
1873 1329 2165 1394 quaerunt,

576 1417 732 1489 cujus
782 1417 896 1474 sint
948 1416 1222 1481 membra,
1251 1414 1404 1472 cuive
1452 1414 1791 1484 adhaereant,
1826 1423 2008 1472 vestra
2055 1430 2167 1471 non

575 1511 795 1582 ignorat
818 1510 1077 1566 charitas.
1109 1513 1253 1566 Nam
1294 1510 1441 1565 sicut
1476 1508 1553 1565 illi
1581 1509 1673 1582 qui
1723 1510 1879 1565 omni
1933 1523 2047 1566 suae
2070 1524 2167 1565 vo-

575 1604 769 1661 luntati
795 1607 973 1660 Deum
1024 1613 1372 1675 prmponunt,
1422 1602 1647 1674 ejusque
1699 1612 1973 1675 praecepto
2010 1603 2162 1675 plus-

576 1711 740 1769 quam
790 1696 1109 1754 hominibus
1136 1696 1423 1765 obediunt,
1476 1696 1729 1753 membra
1753 1706 1887 1753 sunt
1928 1694 2166 1763 Christi;

577 1761 659 1848 ita
689 1800 747 1848 et
774 1790 874 1857 illi,
926 1789 997 1847 de
1038 1790 1238 1864 quibus
1264 1761 1427 1863 supra
1454 1789 1715 1859 diximus,
1754 1789 2010 1848 membra
2040 1761 2170 1847 sunt
2198 1761 2249 1824 Β

577 1884 918 1942 Antichristi.

649 1979 705 2035 Si
752 1995 882 2052 ergo
917 1979 1229 2052 spirituales
1255 1978 1382 2048 viri,
1412 1994 1542 2035 cum
1571 1986 1810 2052 oportet,
1830 1977 2169 2052 judicantur,

577 2085 676 2128 cur
723 2087 836 2127 non
863 2072 1153 2129 saeculares
1201 2071 1439 2142 amplius
1480 2071 1549 2128 de
1595 2072 1711 2128 suis
1748 2072 1929 2143 pravis
1958 2071 2171 2128 actibus

577 2165 995 2236 constringunt?
1024 2164 1135 2221 Sed
1164 2162 1304 2222 forte
1350 2171 1549 2236 putant
1572 2164 1721 2237 quod
1754 2164 1903 2237 regia
1931 2162 2172 2236 dignitas

577 2258 949 2332 episcopalem
974 2256 1265 2330 praecellat.
1298 2260 1378 2313 Ex
1392 2272 1584 2314 eorum
1613 2257 1893 2330 principiis
1919 2256 2174 2327 colligere

577 2358 807 2425 possunt
842 2360 1113 2424 quantum
1140 2368 1171 2407 a
1200 2366 1259 2407 se
1288 2359 1518 2423 utraque
1541 2349 1825 2406 differunt.
1868 2350 2027 2406 Illam
2051 2350 2171 2421 qui-

576 2445 705 2503 dem
731 2445 991 2518 superbia
1045 2445 1288 2501 bumana
1316 2444 1543 2516 reperit,
1597 2444 1741 2500 hanc
1788 2443 1970 2500 divina
2001 2444 2172 2515 pietas

578 2538 845 2608 instituit;
886 2539 977 2595 illa
1032 2554 1231 2595 vanam
1277 2538 1509 2611 gloriam
1560 2538 1899 2595 incessanter
1965 2544 2168 2608 captat,

576 2632 693 2690 haec
719 2632 792 2689 ad
815 2632 1100 2689 cmlestem
1140 2632 1307 2688 vitam
1357 2646 1574 2703 semper
1619 2631 1842 2702 aspirat.
1893 2632 1959 2686 Et
1989 2629 2173 2687 addis-

577 2735 704 2783 cant
733 2724 869 2799 quid
899 2725 1090 2783 beatus
1110 2725 1436 2781 Anastasius
1459 2740 1601 2797 papa
1620 2726 1905 2780 Anastasio
1933 2724 2174 2795 impera-

575 2820 682 2877 tori
713 2819 781 2877 de
809 2818 895 2876 his
944 2818 1299 2892 dignitatibus
1349 2818 1675 2890 scripserit,
1707 2826 1762 2873 et
1801 2817 1931 2889 quid
1954 2830 1959 2877 ζ
1984 2816 2176 2873 beatus

576 2913 906 2970 Ambrosius
955 2913 1015 2967 in
1069 2927 1170 2969 suo
1217 2911 1477 2967 Pastorali
1529 2911 1675 2967 inter
1728 2910 1829 2966 has
1885 2909 2176 2982 dignitates

576 3006 899 3065 decreverit.
952 3008 1168 3074 Honor,
1219 3006 1490 3077 inquiens,
1521 3011 1575 3061 et
1614 3002 1927 3060 sublimitas
1964 3005 2174 3075 episco-

578 3100 733 3173 palis,
777 3100 826 3156 si
878 3114 1112 3172 regnum
1159 3096 1365 3170 fulgori
1413 3112 1719 3169 compares,
1767 3105 1819 3153 et
1863 3097 2170 3168 principum

577 3192 897 3262 diademati,
946 3192 1107 3264 longe
1143 3191 1251 3247 erit
1298 3188 1525 3247 inferius
1551 3205 1718 3262 quam
1752 3189 1795 3245 si
1822 3188 2035 3261 plumbi
2065 3205 2173 3246 me-

580 3287 773 3343 tallum
794 3285 861 3342 ad
871 3286 991 3342 auri
1015 3283 1284 3357 fulgorem
1304 3299 1610 3356 compares.
1626 3285 1766 3339 Haec
1780 3296 1891 3339 non
1917 3283 2173 3355 ignorans

579 3380 972 3437 Constantinus
990 3380 1221 3451 Magnus
1250 3379 1571 3449 imperator,
1620 3393 1753 3445 non,
1783 3377 2027 3449 primum
2064 3392 2174 3434 ses-

580 3473 769 3543 sionis,
800 3473 900 3531 sed
950 3473 1212 3529 ultimum
1238 3472 1384 3529 inter
1426 3472 1712 3544 episcopos
1753 3471 1918 3543 elegit
1964 3471 2169 3526 locum.

581 3569 748 3625 Scivit
782 3567 931 3623 enim
966 3567 1095 3639 quia
1130 3567 1380 3637 superbis
1416 3569 1555 3621 Deus
1620 3566 1843 3633 resistit,
1884 3566 2174 3620 humilibus

582 3662 681 3716 dat
717 3665 954 3730 gratiam
994 3664 1123 3726 (Jac.
1153 3661 1259 3728 1v).
1291 3661 1503 3715 Interea
1533 3665 1729 3713 uotum
1749 3657 1820 3713 sit
1836 3655 2173 3713 fraternitati

580 3759 694 3809 tua:
755 3752 880 3824 quia
953 3751 1148 3807 litteris
1219 3750 1455 3822 acceptis
1520 3750 1887 3824 quorumdam
1937 3750 2174 3807 fratrum

582 3852 903 3901 nostrorum
929 3844 1223 3916 praesulum
1272 3852 1328 3899 et
1351 3842 1557 3900 ducum
1594 3844 1927 3899 auctoritate
1951 3852 2175 3915 aposto-

583 3938 702 3994 lica:
732 3936 876 3993 sedis
902 3936 1177 3993 licentiam
1228 3934 1485 3993 dedimus
1513 3936 1601 3992 his
1648 3935 1918 4007 episcopis
1959 3952 2179 3993 excom-

584 4031 900 4087 municatos
928 4046 958 4085 a
999 4028 1166 4085 nobis
1201 4029 1506 4098 absolvere,
1537 4028 1628 4101 qui
1655 4044 1767 4084 non
1790 4029 2095 4085 timuerunt
2121 4044 2181 4086 se

504 4128 509 4133 ‘
583 4142 616 4182 a
642 4125 1033 4181 communione
1058 4124 1201 4195 regis
1230 4122 1524 4178 abstinere.
1564 4125 1648 4178 De
1676 4121 1795 4193 ipso
1827 4130 2015 4178 autem
2048 4138 2179 4195 rege

588 4219 811 4277 omnino
855 4216 1289 4274 contradiximus
1342 4224 1405 4272 ut
1449 4215 1638 4272 nullus
1682 4230 1811 4272 eum
1878 4224 2180 4289 prmsumat

588 4314 889 4382 absolvere,
920 4328 1205 4385 quousque
1241 4310 1387 4367 illius
1423 4319 1572 4369 certa
1618 4312 1938 4382 paenitentia
1980 4320 2036 4369 et
2074 4312 2182 4367 sin-

591 4428 713 4469 cera
785 4409 1080 4467 satisfactio
1127 4409 1287 4466 nobis
1347 4425 1443 4482 per
1513 4408 1738 4466 idoneos
1793 4416 1961 4466 testes
2018 4408 2187 4465 fuerit

591 4505 914 4563 notificata:
963 4512 1024 4560 ut
1069 4503 1232 4560 simul
1254 4502 1601 4559 inveniamus
1651 4502 1903 4573 qualiter,
1950 4503 1999 4559 si
2052 4517 2178 4557 eum
2215 4515 2267 4580 ι)

591 4599 775 4656 divina
812 4599 986 4671 pietas
1018 4597 1341 4671 respexerit,
1382 4596 1449 4653 ad
1486 4596 1759 4654 honorem
1800 4595 1901 4651 Dei
1939 4604 1995 4651 et
2036 4596 2182 4652 illius

591 4693 823 4748 salutem
887 4706 1014 4747 eum
1077 4690 1451 4751 absolvamus.
1510 4691 1634 4745 Non
1697 4690 1844 4745 enim
1901 4704 2005 4744 nos
2051 4689 2184 4744 latet

593 4783 744 4857 quod
798 4785 912 4839 sint
965 4784 1131 4856 aliqui
1184 4794 1450 4851 vestrum,
1499 4784 1595 4853 qui
1643 4782 1823 4856 aliqua
1896 4783 2187 4839 occasione

593 4877 749 4950 quasi
799 4893 830 4932 a
875 4877 1031 4933 nobis
1059 4887 1298 4949 accepta,
1328 4878 1552 4940 timore,
1596 4878 1680 4932 vel
1718 4875 1959 4933 humana
2013 4877 2186 4949 gratia

595 4970 827 5037 seducti,
863 4979 1258 5044 praesumerent
1284 4985 1434 5038 eum,
1459 4971 1502 5025 si
1520 4985 1636 5025 non
1660 4969 2184 5038 contradiceremus,

601 5063 882 5120 absolvere
938 5064 1262 5135 vulnerique
1309 5079 1410 5134 pro
1468 5062 1741 5118 medicina
1795 5062 1988 5119 vulnus
2033 5062 2191 5118 adhi-

595 5156 766 5225 bere;
809 5157 1009 5230 quibus
1046 5158 1094 5213 si
1134 5156 1301 5227 aliqui
1339 5170 1528 5211 revera
1565 5154 1805 5226 episcopi
1846 5156 2187 5212 contradice-

596 5258 742 5319 rent,
781 5267 897 5307 non
942 5266 1037 5306 eos
1089 5248 1359 5322 justitiam
1400 5246 1713 5316 defendere,
1747 5247 1841 5304 sed
1878 5248 2191 5307 inimicitias

595 5358 848 5401 exercere
869 5343 1203 5417 judicarent.
1254 5341 1654 5414 Episcoporum
1706 5349 1927 5411 autem,
1957 5342 2051 5415 qui
2091 5359 2194 5400 ex-

598 5437 1008 5493 communicato
1043 5436 1155 5511 regi
1181 5435 1597 5492 communicare
1630 5445 1995 5507 praesumunt,
2045 5436 2193 5493 ordi-

600 5529 751 5586 natio
782 5539 840 5587 et
865 5529 1211 5588 consecratio
1253 5527 1400 5601 apud
1446 5531 1654 5597 Deum,
1681 5537 1818 5585 teste
1859 5529 2019 5586 beato
2056 5531 2193 5588 Gre-

601 5622 758 5694 gorio
786 5624 849 5679 ﬁt
891 5624 1217 5681 exsecratio.
1246 5623 1387 5679 Cum
1443 5621 1591 5678 enim
1621 5621 1847 5680 obedire
1880 5624 2198 5696 apostolicae

601 5715 721 5773 sedi
763 5717 997 5790 superbe
1031 5725 1422 5787 contemnunt,
1459 5717 1636 5774 scelus
1676 5716 2020 5786 idololatriae,
2063 5726 2201 5773 teste

605 5809 860 5871 Samuele
910 5811 963 5884 (Ι
984 5813 1113 5883 Reg.
1176 5815 1302 5880 xv),
1351 5809 1844 5879 incurr’nntham
1884 5809 2210 5874 sia’fille

2199 3150 2247 3215 C

2272 872 2304 912 a
2326 858 2561 913 carnalis
2606 858 2733 914 vitae
2775 857 3152 913 interiectione
3175 896 3190 923 ,
3241 863 3451 929 quanto
3489 853 3726 925 amplius
3770 853 3864 909 ille

2275 950 2596 1007 maledictus
2644 960 2757 1019 est,
2816 952 2912 1023 qui
2956 952 3193 1019 timore,
3246 949 3327 1005 vel
3393 946 3584 1004 favore
3629 944 3867 1017 impellit

2277 1045 2516 1100 animam
2569 1043 2750 1100 fratris
2792 1045 2874 1100 sui
2920 1045 2979 1099 in
3016 1052 3283 1100 aeternam
3329 1041 3733 1113 perditionem?
3785 1040 3866 1096 Ut

2276 1145 2460 1194 autem
2490 1136 2767 1194 maledicti
2808 1146 2863 1194 et
2885 1135 3349 1194 excommunicati
3387 1135 3599 1206 possint
3635 1131 3864 1189 benedi-

2276 1247 2419 1300 cere,
2448 1240 2503 1288 et
2525 1230 2768 1288 divinam
2784 1233 3042 1305 gratiam,
3059 1246 3225 1303 quam
3252 1245 3364 1285 non
3382 1229 3584 1285 timent
3605 1228 3866 1299 operibus

2275 1324 2546 1398 denegare
2604 1326 2763 1381 alicui
2839 1326 3058 1397 largiri,
3132 1324 3191 1379 in
3259 1323 3465 1379 nullius
3542 1329 3864 1378 sanctorum

2274 1421 2503 1475 Patrum
2531 1428 2803 1492 pracepto
2829 1426 3010 1491 potest
3062 1417 3318 1473 inveniri.
3352 1420 3566 1472 Interea
3600 1414 3865 1488 jubemus

2275 1521 2337 1568 ut
2362 1512 2717 1585 alloquamini
2750 1512 3113 1569 venerabilem
3143 1510 3621 1582 archiepiscopum
3674 1512 3867 1565 Treve‘

2275 1621 2516 1675 rensem,
2578 1606 2804 1662 fratrem
2851 1604 3103 1661 videlicet
3149 1611 3403 1660 nostrum
3427 1642 3443 1670 ,
3492 1611 3555 1657 ut
3618 1601 3867 1659 Tullensi

2276 1700 2554 1772 episcopo,
2575 1715 2647 1755 ne
2673 1715 2731 1755 se
2756 1699 3091 1755 iutromittat
3114 1698 3183 1754 de
3220 1697 3496 1753 abbatissa
3540 1695 3866 1752 monasterii

2280 1794 2484 1851 Montis
2534 1793 2835 1861 Romarici,
2878 1791 3186 1859 interdicat,
3242 1799 3298 1847 et
3341 1788 3609 1862 quidquid
3674 1797 3867 1845 contra

2279 1902 2401 1943 eam
2429 1888 2623 1943 statuit
2650 1902 2760 1943 una
2789 1895 2974 1942 tecum
3004 1885 3221 1941 irritum
3254 1882 3434 1940 ducat.
3476 1886 3564 1938 De
3596 1880 3864 1938 Mathilda

2279 1996 2407 2039 vero
2452 1981 2738 2037 communi
2804 1987 2991 2035 notra
3033 1978 3143 2035 filia
3189 1985 3245 2034 et
3304 1977 3453 2034 beati
3520 1976 3665 2032 Petri
3719 1973 3871 2031 ﬁdeli

2279 2074 2494 2144 ancilla,
2537 2074 2686 2146 quod
2713 2073 2794 2128 vis
2819 2074 2963 2141 volo,
3010 2070 3109 2129 sed
3159 2072 3219 2127 in
3267 2086 3376 2142 quo
3423 2079 3572 2127 statu
3599 2070 3671 2126 sit
3696 2084 3867 2125 man-

2278 2183 2427 2237 sura,
2473 2171 2592 2223 Deo
2626 2168 2988 2240 gubernante,
3028 2166 3206 2222 adhuc
3240 2173 3458 2221 certum
3507 2179 3621 2220 non
3670 2171 3854 2219 teneo.

2281 2258 2553 2317 Gotifredi
2592 2268 2777 2316 autem
2824 2258 3102 2332 quondam
3147 2258 3295 2313 illius
3342 2257 3447 2313 viri
3495 2256 3871 2313 indubitanter

2280 2356 2418 2410 scias
2442 2353 2589 2426 quod
2605 2351 2918 2424 frequenter
2931 2351 3079 2423 apud
3094 2350 3425 2419 Dominum,
3447 2349 3574 2405 licet
3598 2356 3872 2421 peccator,

2281 2447 2511 2504 habeam
2538 2447 2904 2514 memoriam;
2946 2444 3070 2517 quia
3108 2460 3221 2500 non
3270 2459 3363 2500 me
3404 2442 3546 2499 illius
3568 2442 3867 2498 inimicitia

2281 2542 2363 2596 vel
2400 2542 2580 2613 aliqua
2601 2539 2850 2612 {impedit
2876 2538 3113 2606 vanitas,
3143 2537 3239 2595 sed
3283 2546 3473 2594 motus
3498 2536 3740 2593 fraterna
3775 2534 3873 2591 di-

2282 2634 2511 2691 lectione
2536 2642 2630 2691 tua
2654 2642 2711 2689 et
2749 2632 3032 2690 Mathildaa
3075 2632 3454 2704 deprecatione
3489 2630 3635 2686 illius
3666 2636 3869 2700 exopto

2283 2729 2536 2784 salutem.
2574 2728 2941 2799 Omnipotens
2988 2729 3141 2782 Deus
3191 2726 3577 2781 intercessione
3630 2723 3874 2779 caelestis

2281 2823 2486 2895 reginae
2526 2837 2747 2893 semper
2770 2820 2992 2892 virginis
3033 2817 3211 2876 Maria:
3236 2861 3252 2888 ,
3303 2827 3358 2875 et
3388 2818 3712 2875 auctoritate
3745 2815 3879 2871 bea-

2284 2925 2470 2972 torum
2515 2914 2890 2987 apostolorum
2939 2914 3084 2969 Petri
3131 2920 3186 2970 et
3210 2912 3387 2980 Pauli,
3418 2927 3450 2967 a
3500 2927 3557 2967 se
3597 2911 3704 2965 illis
3730 2925 3872 2965 con-

2283 3025 2456 3078 cessa,
2496 3018 2550 3065 te
2596 3016 2921 3080 nostrosque
2958 3023 3156 3064 omnes
3199 3006 3395 3062 fratres
3432 3006 3491 3061 in
3533 3019 3871 3077 quocunque

2280 3112 2409 3162 sunt
2432 3102 2643 3170 ordine,
2671 3102 2767 3173 qui
2804 3101 3175 3157 Christianam
3210 3099 3518 3156 defendunt
3542 3098 3869 3170 religionem

2281 3207 2335 3254 et
2361 3196 2677 3268 apostolica
2718 3195 2863 3251 sedis
2903 3193 3253 3267 dignitatem,
3308 3209 3341 3249 a
3381 3193 3593 3249 cunctis
3631 3191 3876 3263 peccatis

2280 3291 2546 3359 absolvat,
2583 3289 2852 3360 vobisque
2887 3303 3092 3361 augens
3130 3288 3323 3355 ﬁdem,
3349 3301 3503 3358 spem
3536 3294 3592 3343 et
3625 3285 3875 3341 charita-

2280 3394 2417 3453 tem,
2464 3385 2523 3439 in
2566 3398 2681 3440 sum
2719 3382 2849 3455 legis
2898 3381 3214 3438 defensione
3256 3382 3595 3449 corroboret,
3641 3388 3706 3435 ut
3759 3395 3878 3436 me-

2281 3477 2509 3535 reamini
2535 3476 2605 3533 ad
2630 3484 2894 3532 aeternam
2921 3476 3206 3547 pervenire
3256 3474 3515 3531 salutem.

2355 3575 2496 3627 Data
2531 3570 2746 3637 Tiburi,
2791 3578 2978 3626 octavo
3022 3567 3296 3625 Kalendas
3322 3567 3683 3640 Septembris,
3725 3563 3882 3622 indi-

2285 3666 2467 3721 ctione
2511 3663 2723 3721 decima
2748 3672 2960 3735 quarta.

2822 3764 3179 3820 EPISTOLA
3238 3763 3339 3819 III.

2791 3875 2883 3917 Αι)
2932 3875 3364 3917 GBBHANOS.

2883 3957 3065 4021 (Anno
3109 3958 3287 4021 1076.)

2297 4050 2364 4105 Ut
2398 4066 2573 4120 regem
2610 4050 2901 4104 Henricum
2921 4051 2979 4102 in
3011 4048 3215 4117 synodo
3269 4047 3794 4120 excommunicatum,
3828 4049 3884 4100 et

2359 4119 2508 4190 regia
2535 4122 2801 4190 dignitate
2823 4122 3119 4189 privatum,
3145 4122 3196 4173 si
3216 4134 3337 4174 vere
3356 4121 3688 4189 paenituerit,
3721 4119 3880 4171 beni-

2360 4209 2458 4261 gne
2504 4195 2827 4262 suscipiant,
2859 4192 3074 4246 remotis
3102 4190 3173 4244 ab
3220 4206 3276 4244 eo
3316 4192 3503 4260 pravis
3529 4190 3880 4262 consiliariis,

2366 4260 2510 4318 bonis
2566 4260 2857 4325 adhibitis;
2900 4277 2956 4316 eo
2985 4263 3148 4315 etiam
3194 4264 3413 4324 monito,
3444 4278 3510 4315 ne
3530 4262 3772 4315 Ecclesia
3807 4260 3884 4312 li-

2364 4336 2627 4389 bertatem
2650 4337 2949 4402 impugnet.
2970 4335 3185 4388 Interim
3202 4347 3265 4387 ne
3294 4335 3578 4402 quisquam
3604 4334 3884 4400 episcopus

2363 4422 2481 4461 eum
2509 4405 2771 4470 absolvat,
2798 4419 3072 4474 quousque
3099 4405 3399 4473 apostolicae
3436 4403 3581 4458 sedis
3600 4417 3884 4457 consensus

2366 4477 2601 4531 accedat.
2631 4476 2847 4543 Quodsi
2868 4490 2985 4530 vere
3002 4490 3105 4529 non
3120 4476 3455 4544 paenituerit,
3486 4475 3684 4542 eligant
3712 4474 3885 4526 alium

2368 4549 2611 4601 idoneum
2650 4563 2844 4615 regem,
2882 4562 3038 4616 quem
3073 4561 3127 4601 se
3173 4549 3612 4615 confirmaturum
3656 4546 3768 4616 ait,
3815 4544 3890 4595 de

2347 4620 2560 4674 consilio
2607 4624 2795 4673 tamen
2839 4615 3064 4687 Agnetis
3109 4619 3500 4687 imperatricis,
3531 4617 3618 4670 cui
3643 4630 3697 4669 se
3735 4615 3896 4683 jure-

2350 4691 2591 4761 jurando
2627 4691 3050 4745 obstrinxerant.

2363 4791 2719 4845 Gnsooams
2747 4788 3057 4861 episcopus,
3083 4802 3269 4842 servus
3292 4801 3582 4843 servorum
3612 4784 3736 4852 Dei,
3758 4798 3889 4841 om-

2293 4883 2454 4939 nibus
2481 4882 2698 4939 dilectis
2731 4882 2791 4937 in
2839 4881 3060 4938 Christo
3088 4880 3372 4948 fratribus,
3414 4888 3472 4936 et
3520 4879 3891 4951 coepiscOpis,

2294 4976 2544 5044 ducibus,
2593 4975 2921 5043 comitibus,
2972 4971 3239 5031 universis
3275 4989 3495 5046 quoque
3519 4971 3688 5028 fidem
3717 4971 3894 5028 Chri-

2297 5069 2535 5126 stianam
2559 5067 2989 5134 defendentibus,
3018 5067 3074 5122 in
3105 5084 3271 5141 regno
3302 5066 3551 5123 videlicet
3576 5064 3893 5122 Teutonico

2295 5163 2691 5231 habitantibus,
2722 5161 2957 5218 salutem
2980 5168 3037 5216 et
3064 5162 3320 5218 omnium
3339 5168 3693 5233 peccatorum
3731 5158 3897 5215 abso.

2298 5255 2565 5314 lutionem
2588 5270 2686 5327 per
2721 5254 3083 5326 apostolicam
3131 5255 3601 5312 benedictionem.

2372 5352 2430 5407 Si
2471 5349 2681 5405 litteras
2707 5346 2907 5421 quibus
2944 5346 3215 5406 Henricus
3244 5347 3427 5404 dictus
3460 5362 3556 5404 rex
3610 5344 3669 5402 in
3696 5353 3895 5402 sancta

2303 5441 2515 5515 synodo
2554 5440 2759 5512 judicio
2803 5440 2978 5496 sancti
3003 5440 3242 5512 Spiritus
3269 5438 3783 5496 excommunicatus
3810 5445 3903 5494 est

2302 5533 2593 5605 diligenter
2615 5532 2964 5603 perpenditis,
2994 5532 3127 5606 quid
3156 5531 3223 5589 de
3254 5547 3318 5588 eo
3346 5530 3546 5588 debeat
3574 5530 3688 5587 fieri
3726 5530 3899 5586 indu-

2304 5625 2539 5680 bitanter
2569 5625 2930 5696 cognoscetis.
2984 5628 3072 5681 Ex
3100 5624 3210 5703 illis
3234 5624 3389 5681 enim
3443 5622 3763 5695 intelligitur
3797 5637 3903 5691 cur

2303 5718 2375 5775 sit
2404 5716 2778 5774 anathematis
2810 5718 3021 5774 vinculo
3068 5718 3340 5789 alligatus,
3371 5727 3427 5774 et
3456 5734 3490 5774 a
3518 5717 3665 5790 regia
3705 5714 3901 5787 digni-

2252 5818 2418 5869 ..tate
2471 5809 2768 5884 depositus,
2813 5809 3313 5882 et.quod.‘~umnis
3340 5810 3572 5883 populus
3612 5807 3907 5882 quondam
