  <div class='ocr_page' id='page_1' title='image "/cluster/home/n/w/nwhite01/storage/ocr_20150623/148/hvd.32044054760061/234.png"; bbox 0 0 4074 6172; ppageno 0'>
   <div class='ocr_carea' id='block_1_1' title="bbox 285 356 387 409">
    <p class='ocr_par' dir='ltr' id='par_1_1' title="bbox 285 356 387 409">
     <span class='ocr_line' id='line_1_1' title="bbox 285 356 387 409; baseline 0 -1"><span class='ocrx_word' id='word_1_1' title='bbox 285 356 387 409; x_wconf 68' lang='grc'><strong>467</strong></span> 
     </span>
    </p>
   </div>
   <div class='ocr_carea' id='block_1_2' title="bbox 1422 356 2449 426">
    <p class='ocr_par' dir='ltr' id='par_1_2' title="bbox 1422 356 2449 426">
     <span class='ocr_line' id='line_1_2' title="bbox 1422 356 2449 426; baseline 0.003 -12"><span class='ocrx_word' id='word_1_2' title='bbox 1422 356 1617 414; x_wconf 84' lang='lat' dir='ltr'><strong>LIBER</strong></span> <span class='ocrx_word' id='word_1_3' title='bbox 1655 357 1989 426; x_wconf 82' lang='lat' dir='ltr'><strong>QUARTUS.</strong></span> <span class='ocrx_word' id='word_1_4' title='bbox 2029 388 2099 400; x_wconf 93' lang='lat'><strong>—</strong></span> <span class='ocrx_word' id='word_1_5' title='bbox 2138 360 2344 420; x_wconf 84' lang='lat' dir='ltr'><strong>EPIST.</strong></span> <span class='ocrx_word' id='word_1_6' title='bbox 2384 362 2449 417; x_wconf 85' lang='lat' dir='ltr'><strong>V.</strong></span> 
     </span>
    </p>
   </div>
   <div class='ocr_carea' id='block_1_3' title="bbox 3458 332 3585 426">
    <p class='ocr_par' dir='ltr' id='par_1_3' title="bbox 3458 332 3585 426">
     <span class='ocr_line' id='line_1_3' title="bbox 3458 332 3585 426; baseline 0.016 -2"><span class='ocrx_word' id='word_1_7' title='bbox 3458 332 3585 426; x_wconf 30' lang='lat'><strong>[458</strong></span> 
     </span>
    </p>
   </div>
   <div class='ocr_carea' id='block_1_4' title="bbox 285 470 3587 557">
    <p class='ocr_par' dir='ltr' id='par_1_4' title="bbox 285 470 3587 557">
     <span class='ocr_line' id='line_1_4' title="bbox 285 470 3587 557; baseline 0.005 -26"><span class='ocrx_word' id='word_1_8' title='bbox 285 478 392 534; x_wconf 86' lang='lat' dir='ltr'><strong>sibi</strong></span> <span class='ocrx_word' id='word_1_9' title='bbox 436 478 721 551; x_wconf 82' lang='lat' dir='ltr'><strong>subjectus</strong></span> <span class='ocrx_word' id='word_1_10' title='bbox 758 496 789 536; x_wconf 88' lang='lat' dir='ltr'><strong>a</strong></span> <span class='ocrx_word' id='word_1_11' title='bbox 818 480 1033 537; x_wconf 88' lang='lat' dir='ltr'><strong>vinculo</strong></span> <span class='ocrx_word' id='word_1_12' title='bbox 1054 480 1353 553; x_wconf 88' lang='lat' dir='ltr'><strong>juramenti</strong></span> <span class='ocrx_word' id='word_1_13' title='bbox 1399 483 1581 540; x_wconf 78' lang='lat' dir='ltr'><strong>eidem</strong></span> <span class='ocrx_word' id='word_1_14' title='bbox 1619 484 1874 555; x_wconf 84' lang='lat' dir='ltr'><strong>promissi</strong></span> <span class='ocrx_word' id='word_1_15' title='bbox 1904 489 1954 551; x_wconf 85' lang='lat' dir='ltr'><strong>A</strong></span> <span class='ocrx_word' id='word_1_16' title='bbox 1983 495 2163 541; x_wconf 91' lang='lat' dir='ltr'><strong>autem</strong></span> <span class='ocrx_word' id='word_1_17' title='bbox 2217 486 2361 557; x_wconf 82' lang='lat' dir='ltr'><strong>quod</strong></span> <span class='ocrx_word' id='word_1_18' title='bbox 2409 485 2617 543; x_wconf 83' lang='lat' dir='ltr'><strong>factum</strong></span> <span class='ocrx_word' id='word_1_19' title='bbox 2669 496 2752 544; x_wconf 90' lang='lat' dir='ltr'><strong>est</strong></span> <span class='ocrx_word' id='word_1_20' title='bbox 2806 470 3141 546; x_wconf 83' lang='lat' dir='ltr'><strong>charissima</strong></span> <span class='ocrx_word' id='word_1_21' title='bbox 3198 491 3327 547; x_wconf 89' lang='lat' dir='ltr'><strong>ﬁlia</strong></span> <span class='ocrx_word' id='word_1_22' title='bbox 3381 500 3587 549; x_wconf 83' lang='lat' dir='ltr'><strong>nostra</strong></span> 
     </span>
    </p>
   </div>
   <div class='ocr_carea' id='block_1_5' title="bbox 284 572 1876 647">
    <p class='ocr_par' dir='ltr' id='par_1_5' title="bbox 284 572 1876 647">
     <span class='ocr_line' id='line_1_5' title="bbox 284 572 1876 647; baseline 0.004 -21"><span class='ocrx_word' id='word_1_23' title='bbox 284 573 358 627; x_wconf 88' lang='lat' dir='ltr'><strong>sit</strong></span> <span class='ocrx_word' id='word_1_24' title='bbox 380 573 686 628; x_wconf 89' lang='lat' dir='ltr'><strong>absolutus.</strong></span> <span class='ocrx_word' id='word_1_25' title='bbox 716 572 825 629; x_wconf 85' lang='lat' dir='ltr'><strong>Sed</strong></span> <span class='ocrx_word' id='word_1_26' title='bbox 856 574 983 646; x_wconf 83' lang='lat' dir='ltr'><strong>quia</strong></span> <span class='ocrx_word' id='word_1_27' title='bbox 1012 591 1114 630; x_wconf 90' lang='lat' dir='ltr'><strong>nos</strong></span> <span class='ocrx_word' id='word_1_28' title='bbox 1155 586 1344 632; x_wconf 87' lang='lat' dir='ltr'><strong>contra</strong></span> <span class='ocrx_word' id='word_1_29' title='bbox 1373 593 1502 633; x_wconf 90' lang='lat' dir='ltr'><strong>eum</strong></span> <span class='ocrx_word' id='word_1_30' title='bbox 1535 594 1649 633; x_wconf 92' lang='lat' dir='ltr'><strong>non</strong></span> <span class='ocrx_word' id='word_1_31' title='bbox 1683 578 1876 647; x_wconf 85' lang='lat' dir='ltr'><strong>movit,</strong></span> 
     </span>
    </p>
   </div>
   <div class='ocr_carea' id='block_1_6' title="bbox 286 668 1876 740">
    <p class='ocr_par' dir='ltr' id='par_1_6' title="bbox 286 668 1876 740">
     <span class='ocr_line' id='line_1_6' title="bbox 286 668 1876 740; baseline 0.004 -20"><span class='ocrx_word' id='word_1_32' title='bbox 286 669 407 720; x_wconf 90' lang='lat' dir='ltr'><strong>Deo</strong></span> <span class='ocrx_word' id='word_1_33' title='bbox 452 674 617 733; x_wconf 89' lang='lat' dir='ltr'><strong>teste,</strong></span> <span class='ocrx_word' id='word_1_34' title='bbox 677 668 953 724; x_wconf 78' lang='lat' dir='ltr'><strong>saecularis</strong></span> <span class='ocrx_word' id='word_1_35' title='bbox 1008 670 1284 740; x_wconf 81' lang='lat' dir='ltr'><strong>superbia,</strong></span> <span class='ocrx_word' id='word_1_36' title='bbox 1337 687 1441 727; x_wconf 92' lang='lat' dir='ltr'><strong>nec</strong></span> <span class='ocrx_word' id='word_1_37' title='bbox 1494 687 1631 727; x_wconf 86' lang='lat' dir='ltr'><strong>vana</strong></span> <span class='ocrx_word' id='word_1_38' title='bbox 1678 672 1876 727; x_wconf 90' lang='lat' dir='ltr'><strong>mundi</strong></span> 
     </span>
    </p>
   </div>
   <div class='ocr_carea' id='block_1_7' title="bbox 284 759 1877 829">
    <p class='ocr_par' dir='ltr' id='par_1_7' title="bbox 284 759 1877 829">
     <span class='ocr_line' id='line_1_7' title="bbox 284 759 1877 829; baseline 0.004 -16"><span class='ocrx_word' id='word_1_39' title='bbox 284 759 576 829; x_wconf 85' lang='lat' dir='ltr'><strong>cupiditas,</strong></span> <span class='ocrx_word' id='word_1_40' title='bbox 625 760 721 815; x_wconf 90' lang='lat' dir='ltr'><strong>sed</strong></span> <span class='ocrx_word' id='word_1_41' title='bbox 773 771 980 819; x_wconf 85' lang='lat' dir='ltr'><strong>sancta</strong></span> <span class='ocrx_word' id='word_1_42' title='bbox 1009 763 1153 818; x_wconf 91' lang='lat' dir='ltr'><strong>sedis</strong></span> <span class='ocrx_word' id='word_1_43' title='bbox 1204 772 1259 819; x_wconf 91' lang='lat' dir='ltr'><strong>et</strong></span> <span class='ocrx_word' id='word_1_44' title='bbox 1309 765 1638 821; x_wconf 84' lang='lat' dir='ltr'><strong>universalis</strong></span> <span class='ocrx_word' id='word_1_45' title='bbox 1690 765 1877 820; x_wconf 83' lang='lat' dir='ltr'><strong>matris</strong></span> 
     </span>
    </p>
   </div>
   <div class='ocr_carea' id='block_1_8' title="bbox 284 854 1878 927">
    <p class='ocr_par' dir='ltr' id='par_1_8' title="bbox 284 854 1878 927">
     <span class='ocr_line' id='line_1_8' title="bbox 284 854 1878 927; baseline 0.003 -19"><span class='ocrx_word' id='word_1_46' title='bbox 284 854 545 910; x_wconf 68' lang='lat' dir='ltr'><strong>Ecclesia</strong></span> <span class='ocrx_word' id='word_1_47' title='bbox 570 854 882 911; x_wconf 90' lang='lat' dir='ltr'><strong>sollicitudo</strong></span> <span class='ocrx_word' id='word_1_48' title='bbox 924 864 980 911; x_wconf 92' lang='lat' dir='ltr'><strong>et</strong></span> <span class='ocrx_word' id='word_1_49' title='bbox 1004 855 1308 927; x_wconf 83' lang='lat' dir='ltr'><strong>disciplina,</strong></span> <span class='ocrx_word' id='word_1_50' title='bbox 1352 874 1646 915; x_wconf 91' lang='lat' dir='ltr'><strong>monemus</strong></span> <span class='ocrx_word' id='word_1_51' title='bbox 1688 874 1784 914; x_wconf 90' lang='lat' dir='ltr'><strong>vos</strong></span> <span class='ocrx_word' id='word_1_52' title='bbox 1822 859 1878 913; x_wconf 92' lang='lat' dir='ltr'><strong>in</strong></span> 
     </span>
    </p>
   </div>
   <div class='ocr_carea' id='block_1_9' title="bbox 285 949 1874 1022">
    <p class='ocr_par' dir='ltr' id='par_1_9' title="bbox 285 949 1874 1022">
     <span class='ocr_line' id='line_1_9' title="bbox 285 949 1874 1022; baseline 0.003 -18"><span class='ocrx_word' id='word_1_53' title='bbox 285 949 529 1004; x_wconf 91' lang='lat' dir='ltr'><strong>Domino</strong></span> <span class='ocrx_word' id='word_1_54' title='bbox 557 950 689 1005; x_wconf 88' lang='lat' dir='ltr'><strong>Jesu</strong></span> <span class='ocrx_word' id='word_1_55' title='bbox 707 957 763 1005; x_wconf 87' lang='lat' dir='ltr'><strong>et</strong></span> <span class='ocrx_word' id='word_1_56' title='bbox 790 965 1072 1022; x_wconf 84' lang='lat' dir='ltr'><strong>rogamus,</strong></span> <span class='ocrx_word' id='word_1_57' title='bbox 1104 952 1249 1007; x_wconf 81' lang='lat' dir='ltr'><strong>sicut</strong></span> <span class='ocrx_word' id='word_1_58' title='bbox 1275 952 1627 1008; x_wconf 89' lang='lat' dir='ltr'><strong>charissimos</strong></span> <span class='ocrx_word' id='word_1_59' title='bbox 1652 951 1874 1021; x_wconf 84' lang='lat' dir='ltr'><strong>fratres,</strong></span> 
     </span>
    </p>
   </div>
   <div class='ocr_carea' id='block_1_10' title="bbox 284 1043 1872 1115">
    <p class='ocr_par' dir='ltr' id='par_1_10' title="bbox 284 1043 1872 1115">
     <span class='ocr_line' id='line_1_10' title="bbox 284 1043 1872 1115; baseline 0.004 -18"><span class='ocrx_word' id='word_1_60' title='bbox 284 1050 346 1097; x_wconf 90' lang='lat' dir='ltr'><strong>ut</strong></span> <span class='ocrx_word' id='word_1_61' title='bbox 384 1058 515 1097; x_wconf 91' lang='lat' dir='ltr'><strong>eum</strong></span> <span class='ocrx_word' id='word_1_62' title='bbox 557 1043 815 1115; x_wconf 86' lang='lat' dir='ltr'><strong>benigne,</strong></span> <span class='ocrx_word' id='word_1_63' title='bbox 858 1045 902 1098; x_wconf 91' lang='lat' dir='ltr'><strong>si</strong></span> <span class='ocrx_word' id='word_1_64' title='bbox 942 1062 1007 1101; x_wconf 86' lang='lat' dir='ltr'><strong>ex</strong></span> <span class='ocrx_word' id='word_1_65' title='bbox 1036 1054 1152 1103; x_wconf 91' lang='lat' dir='ltr'><strong>toto</strong></span> <span class='ocrx_word' id='word_1_66' title='bbox 1198 1046 1361 1102; x_wconf 90' lang='lat' dir='ltr'><strong>corde</strong></span> <span class='ocrx_word' id='word_1_67' title='bbox 1402 1046 1473 1102; x_wconf 90' lang='lat' dir='ltr'><strong>ad</strong></span> <span class='ocrx_word' id='word_1_68' title='bbox 1520 1050 1706 1103; x_wconf 89' lang='lat' dir='ltr'><strong>Deum</strong></span> <span class='ocrx_word' id='word_1_69' title='bbox 1736 1064 1872 1103; x_wconf 92' lang='lat' dir='ltr'><strong>con-</strong></span> 
     </span>
    </p>
   </div>
   <div class='ocr_carea' id='block_1_11' title="bbox 283 1135 1878 1209">
    <p class='ocr_par' dir='ltr' id='par_1_11' title="bbox 283 1135 1878 1209">
     <span class='ocr_line' id='line_1_11' title="bbox 283 1135 1878 1209; baseline 0.003 -19"><span class='ocrx_word' id='word_1_70' title='bbox 283 1152 472 1191; x_wconf 85' lang='lat' dir='ltr'><strong>versus</strong></span> <span class='ocrx_word' id='word_1_71' title='bbox 502 1135 686 1205; x_wconf 90' lang='lat' dir='ltr'><strong>fuerit,</strong></span> <span class='ocrx_word' id='word_1_72' title='bbox 720 1138 1047 1209; x_wconf 82' lang='lat' dir='ltr'><strong>suscipiatis,</strong></span> <span class='ocrx_word' id='word_1_73' title='bbox 1077 1147 1133 1195; x_wconf 91' lang='lat' dir='ltr'><strong>et</strong></span> <span class='ocrx_word' id='word_1_74' title='bbox 1160 1140 1303 1195; x_wconf 90' lang='lat' dir='ltr'><strong>circa</strong></span> <span class='ocrx_word' id='word_1_75' title='bbox 1340 1156 1467 1196; x_wconf 90' lang='lat' dir='ltr'><strong>eum</strong></span> <span class='ocrx_word' id='word_1_76' title='bbox 1509 1157 1623 1196; x_wconf 91' lang='lat' dir='ltr'><strong>non</strong></span> <span class='ocrx_word' id='word_1_77' title='bbox 1660 1149 1878 1196; x_wconf 89' lang='lat' dir='ltr'><strong>tantum</strong></span> 
     </span>
    </p>
   </div>
   <div class='ocr_carea' id='block_1_12' title="bbox 271 1228 1877 1306">
    <p class='ocr_par' dir='ltr' id='par_1_12' title="bbox 271 1228 1877 1306">
     <span class='ocr_line' id='line_1_12' title="bbox 271 1228 1877 1306; baseline 0.002 -21"><span class='ocrx_word' id='word_1_78' title='bbox 271 1228 578 1300; x_wconf 77' lang='lat' dir='ltr'><strong>justitiam,</strong></span> <span class='ocrx_word' id='word_1_79' title='bbox 605 1246 730 1302; x_wconf 86' lang='lat' dir='ltr'><strong>qua</strong></span> <span class='ocrx_word' id='word_1_80' title='bbox 770 1231 928 1287; x_wconf 90' lang='lat' dir='ltr'><strong>illum</strong></span> <span class='ocrx_word' id='word_1_81' title='bbox 977 1249 1206 1304; x_wconf 87' lang='lat' dir='ltr'><strong>regnare</strong></span> <span class='ocrx_word' id='word_1_82' title='bbox 1244 1234 1515 1306; x_wconf 76' lang='lat' dir='ltr'><strong>prohibet,</strong></span> <span class='ocrx_word' id='word_1_83' title='bbox 1546 1235 1643 1290; x_wconf 89' lang='lat' dir='ltr'><strong>sed</strong></span> <span class='ocrx_word' id='word_1_84' title='bbox 1669 1234 1877 1289; x_wconf 84' lang='lat' dir='ltr'><strong>miseri-</strong></span> 
     </span>
    </p>
   </div>
   <div class='ocr_carea' id='block_1_13' title="bbox 279 1324 1877 1398">
    <p class='ocr_par' dir='ltr' id='par_1_13' title="bbox 279 1324 1877 1398">
     <span class='ocr_line' id='line_1_13' title="bbox 279 1324 1877 1398; baseline 0.002 -17"><span class='ocrx_word' id='word_1_85' title='bbox 279 1324 690 1398; x_wconf 86' lang='lat' dir='ltr'><strong>cordiam,qua</strong></span> <span class='ocrx_word' id='word_1_86' title='bbox 714 1327 882 1383; x_wconf 90' lang='lat' dir='ltr'><strong>multa</strong></span> <span class='ocrx_word' id='word_1_87' title='bbox 902 1327 1048 1384; x_wconf 87' lang='lat' dir='ltr'><strong>delet</strong></span> <span class='ocrx_word' id='word_1_88' title='bbox 1071 1329 1294 1393; x_wconf 88' lang='lat' dir='ltr'><strong>scelera,</strong></span> <span class='ocrx_word' id='word_1_89' title='bbox 1312 1328 1636 1385; x_wconf 88' lang='lat' dir='ltr'><strong>ostendatis.</strong></span> <span class='ocrx_word' id='word_1_90' title='bbox 1666 1332 1877 1396; x_wconf 89' lang='lat' dir='ltr'><strong>Estote,</strong></span> 
     </span>
    </p>
   </div>
   <div class='ocr_carea' id='block_1_14' title="bbox 279 1420 1879 1491">
    <p class='ocr_par' dir='ltr' id='par_1_14' title="bbox 279 1420 1879 1491">
     <span class='ocr_line' id='line_1_14' title="bbox 279 1420 1879 1491; baseline 0.002 -17"><span class='ocrx_word' id='word_1_91' title='bbox 279 1434 493 1491; x_wconf 89' lang='lat' dir='ltr'><strong>quaso,</strong></span> <span class='ocrx_word' id='word_1_92' title='bbox 523 1436 797 1475; x_wconf 88' lang='lat' dir='ltr'><strong>memores</strong></span> <span class='ocrx_word' id='word_1_93' title='bbox 840 1420 1100 1478; x_wconf 87' lang='lat' dir='ltr'><strong>humana</strong></span> <span class='ocrx_word' id='word_1_94' title='bbox 1134 1421 1465 1478; x_wconf 88' lang='lat' dir='ltr'><strong>conditionis</strong></span> <span class='ocrx_word' id='word_1_95' title='bbox 1493 1430 1545 1477; x_wconf 87' lang='lat' dir='ltr'><strong>et</strong></span> <span class='ocrx_word' id='word_1_96' title='bbox 1570 1422 1879 1477; x_wconf 89' lang='lat' dir='ltr'><strong>communis</strong></span> 
     </span>
    </p>
   </div>
   <div class='ocr_carea' id='block_1_15' title="bbox 278 1512 1875 1587">
    <p class='ocr_par' dir='ltr' id='par_1_15' title="bbox 278 1512 1875 1587">
     <span class='ocr_line' id='line_1_15' title="bbox 278 1512 1875 1587; baseline 0.002 -19"><span class='ocrx_word' id='word_1_97' title='bbox 278 1512 615 1585; x_wconf 77' lang='lat' dir='ltr'><strong>fragilitatis,</strong></span> <span class='ocrx_word' id='word_1_98' title='bbox 645 1529 747 1570; x_wconf 89' lang='lat' dir='ltr'><strong>nec</strong></span> <span class='ocrx_word' id='word_1_99' title='bbox 780 1530 878 1569; x_wconf 91' lang='lat' dir='ltr'><strong>vos</strong></span> <span class='ocrx_word' id='word_1_100' title='bbox 904 1524 1194 1586; x_wconf 88' lang='lat' dir='ltr'><strong>pratereat</strong></span> <span class='ocrx_word' id='word_1_101' title='bbox 1222 1516 1307 1587; x_wconf 92' lang='lat' dir='ltr'><strong>pia</strong></span> <span class='ocrx_word' id='word_1_102' title='bbox 1349 1524 1405 1572; x_wconf 92' lang='lat' dir='ltr'><strong>et</strong></span> <span class='ocrx_word' id='word_1_103' title='bbox 1434 1515 1629 1571; x_wconf 89' lang='lat' dir='ltr'><strong>nobilis</strong></span> <span class='ocrx_word' id='word_1_104' title='bbox 1662 1531 1875 1571; x_wconf 84' lang='lat' dir='ltr'><strong>memo-</strong></span> 
     </span>
    </p>
   </div>
   <div class='ocr_carea' id='block_1_16' title="bbox 280 1600 1879 1681">
    <p class='ocr_par' dir='ltr' id='par_1_16' title="bbox 280 1600 1879 1681">
     <span class='ocr_line' id='line_1_16' title="bbox 280 1600 1879 1681; baseline 0.001 -19"><span class='ocrx_word' id='word_1_105' title='bbox 280 1606 359 1662; x_wconf 86' lang='lat' dir='ltr'><strong>ria</strong></span> <span class='ocrx_word' id='word_1_106' title='bbox 399 1608 570 1678; x_wconf 87' lang='lat' dir='ltr'><strong>patris</strong></span> <span class='ocrx_word' id='word_1_107' title='bbox 599 1608 715 1679; x_wconf 90' lang='lat' dir='ltr'><strong>ejus</strong></span> <span class='ocrx_word' id='word_1_108' title='bbox 744 1616 800 1663; x_wconf 93' lang='lat' dir='ltr'><strong>et</strong></span> <span class='ocrx_word' id='word_1_109' title='bbox 827 1610 1037 1676; x_wconf 87' lang='lat' dir='ltr'><strong>matris,</strong></span> <span class='ocrx_word' id='word_1_110' title='bbox 1067 1609 1264 1680; x_wconf 87' lang='lat' dir='ltr'><strong>quibus</strong></span> <span class='ocrx_word' id='word_1_111' title='bbox 1294 1625 1402 1665; x_wconf 90' lang='lat' dir='ltr'><strong>non</strong></span> <span class='ocrx_word' id='word_1_112' title='bbox 1434 1600 1664 1681; x_wconf 84' lang='lat' dir='ltr'><strong>possunt</strong></span> <span class='ocrx_word' id='word_1_113' title='bbox 1690 1620 1879 1665; x_wconf 87' lang='lat' dir='ltr'><strong>nostra</strong></span> 
     </span>
    </p>
   </div>
   <div class='ocr_carea' id='block_1_17' title="bbox 278 1699 1879 1775">
    <p class='ocr_par' dir='ltr' id='par_1_17' title="bbox 278 1699 1879 1775">
     <span class='ocr_line' id='line_1_17' title="bbox 278 1699 1879 1775; baseline 0.001 -21"><span class='ocrx_word' id='word_1_114' title='bbox 278 1706 446 1754; x_wconf 84' lang='lat' dir='ltr'><strong>atate</strong></span> <span class='ocrx_word' id='word_1_115' title='bbox 473 1700 544 1755; x_wconf 89' lang='lat' dir='ltr'><strong>ad</strong></span> <span class='ocrx_word' id='word_1_116' title='bbox 574 1699 783 1770; x_wconf 90' lang='lat' dir='ltr'><strong>imperii</strong></span> <span class='ocrx_word' id='word_1_117' title='bbox 815 1702 1185 1771; x_wconf 88' lang='lat' dir='ltr'><strong>gubernacula</strong></span> <span class='ocrx_word' id='word_1_118' title='bbox 1231 1704 1457 1758; x_wconf 84' lang='lat' dir='ltr'><strong>inveniri</strong></span> <span class='ocrx_word' id='word_1_119' title='bbox 1490 1705 1748 1775; x_wconf 76' lang='lat' dir='ltr'><strong>aequales.</strong></span> <span class='ocrx_word' id='word_1_120' title='bbox 1794 1703 1879 1757; x_wconf 90' lang='lat' dir='ltr'><strong>Sic</strong></span> 
     </span>
    </p>
   </div>
   <div class='ocr_carea' id='block_1_18' title="bbox 281 1792 1879 1869">
    <p class='ocr_par' dir='ltr' id='par_1_18' title="bbox 281 1792 1879 1869">
     <span class='ocr_line' id='line_1_18' title="bbox 281 1792 1879 1869; baseline 0.002 -22"><span class='ocrx_word' id='word_1_121' title='bbox 281 1801 471 1851; x_wconf 87' lang='lat' dir='ltr'><strong>tamen</strong></span> <span class='ocrx_word' id='word_1_122' title='bbox 513 1792 768 1849; x_wconf 87' lang='lat' dir='ltr'><strong>adhibete</strong></span> <span class='ocrx_word' id='word_1_123' title='bbox 804 1796 1115 1852; x_wconf 87' lang='lat' dir='ltr'><strong>vulneribus</strong></span> <span class='ocrx_word' id='word_1_124' title='bbox 1157 1797 1272 1869; x_wconf 85' lang='lat' dir='ltr'><strong>ejus</strong></span> <span class='ocrx_word' id='word_1_125' title='bbox 1317 1796 1503 1852; x_wconf 91' lang='lat' dir='ltr'><strong>oleum</strong></span> <span class='ocrx_word' id='word_1_126' title='bbox 1547 1797 1779 1868; x_wconf 90' lang='lat' dir='ltr'><strong>pietatis,</strong></span> <span class='ocrx_word' id='word_1_127' title='bbox 1812 1811 1879 1850; x_wconf 92' lang='lat' dir='ltr'><strong>ne</strong></span> 
     </span>
    </p>
   </div>
   <div class='ocr_carea' id='block_1_19' title="bbox 282 1868 1952 1962">
    <p class='ocr_par' dir='ltr' id='par_1_19' title="bbox 282 1868 1952 1962">
     <span class='ocr_line' id='line_1_19' title="bbox 282 1868 1952 1962; baseline 0.002 -21"><span class='ocrx_word' id='word_1_128' title='bbox 282 1886 412 1942; x_wconf 84' lang='lat' dir='ltr'><strong>vino</strong></span> <span class='ocrx_word' id='word_1_129' title='bbox 462 1886 761 1958; x_wconf 84' lang='lat' dir='ltr'><strong>disciplina</strong></span> <span class='ocrx_word' id='word_1_130' title='bbox 814 1891 1064 1961; x_wconf 88' lang='lat' dir='ltr'><strong>neglecto</strong></span> <span class='ocrx_word' id='word_1_131' title='bbox 1114 1868 1392 1946; x_wconf 82' lang='lat' dir='ltr'><strong>cicatrices</strong></span> <span class='ocrx_word' id='word_1_132' title='bbox 1452 1891 1570 1962; x_wconf 89' lang='lat' dir='ltr'><strong>ejus</strong></span> <span class='ocrx_word' id='word_1_133' title='bbox 1622 1890 1676 1945; x_wconf 89' lang='lat' dir='ltr'><strong>iu</strong></span> <span class='ocrx_word' id='word_1_134' title='bbox 1724 1868 1952 1961; x_wconf 85' lang='lat' dir='ltr'><strong>pejusB</strong></span> 
     </span>
    </p>
   </div>
   <div class='ocr_carea' id='block_1_20' title="bbox 284 1979 1877 2053">
    <p class='ocr_par' dir='ltr' id='par_1_20' title="bbox 284 1979 1877 2053">
     <span class='ocr_line' id='line_1_20' title="bbox 284 1979 1877 2053; baseline 0.003 -19"><span class='ocrx_word' id='word_1_135' title='bbox 284 1979 457 2051; x_wconf 90' lang='lat' dir='ltr'><strong>(quod</strong></span> <span class='ocrx_word' id='word_1_136' title='bbox 497 1981 675 2043; x_wconf 85' lang='lat' dir='ltr'><strong>absit!)</strong></span> <span class='ocrx_word' id='word_1_137' title='bbox 707 1992 1038 2053; x_wconf 87' lang='lat' dir='ltr'><strong>putrescant,</strong></span> <span class='ocrx_word' id='word_1_138' title='bbox 1066 1993 1122 2039; x_wconf 91' lang='lat' dir='ltr'><strong>et</strong></span> <span class='ocrx_word' id='word_1_139' title='bbox 1155 1984 1334 2040; x_wconf 91' lang='lat' dir='ltr'><strong>honor</strong></span> <span class='ocrx_word' id='word_1_140' title='bbox 1364 1994 1571 2040; x_wconf 83' lang='lat' dir='ltr'><strong>sancta</strong></span> <span class='ocrx_word' id='word_1_141' title='bbox 1621 1985 1877 2040; x_wconf 84' lang='lat' dir='ltr'><strong>Ecclesiae</strong></span> 
     </span>
    </p>
   </div>
   <div class='ocr_carea' id='block_1_21' title="bbox 280 2075 1873 2150">
    <p class='ocr_par' dir='ltr' id='par_1_21' title="bbox 280 2075 1873 2150">
     <span class='ocr_line' id='line_1_21' title="bbox 280 2075 1873 2150; baseline 0.004 -23"><span class='ocrx_word' id='word_1_142' title='bbox 280 2075 633 2145; x_wconf 81' lang='lat' dir='ltr'><strong>Romanique</strong></span> <span class='ocrx_word' id='word_1_143' title='bbox 653 2075 869 2146; x_wconf 87' lang='lat' dir='ltr'><strong>imperii</strong></span> <span class='ocrx_word' id='word_1_144' title='bbox 900 2087 1090 2133; x_wconf 87' lang='lat' dir='ltr'><strong>nostra</strong></span> <span class='ocrx_word' id='word_1_145' title='bbox 1115 2079 1443 2150; x_wconf 78' lang='lat' dir='ltr'><strong>negligentia</strong></span> <span class='ocrx_word' id='word_1_146' title='bbox 1466 2094 1682 2150; x_wconf 84' lang='lat' dir='ltr'><strong>magna</strong></span> <span class='ocrx_word' id='word_1_147' title='bbox 1701 2078 1873 2133; x_wconf 84' lang='lat' dir='ltr'><strong>ruina</strong></span> 
     </span>
    </p>
   </div>
   <div class='ocr_carea' id='block_1_22' title="bbox 283 2169 1874 2241">
    <p class='ocr_par' dir='ltr' id='par_1_22' title="bbox 283 2169 1874 2241">
     <span class='ocr_line' id='line_1_22' title="bbox 283 2169 1874 2241; baseline 0.003 -20"><span class='ocrx_word' id='word_1_148' title='bbox 283 2176 545 2238; x_wconf 86' lang='lat' dir='ltr'><strong>patescat.</strong></span> <span class='ocrx_word' id='word_1_149' title='bbox 577 2169 775 2224; x_wconf 90' lang='lat' dir='ltr'><strong>Procul</strong></span> <span class='ocrx_word' id='word_1_150' title='bbox 796 2169 866 2224; x_wconf 93' lang='lat' dir='ltr'><strong>ab</strong></span> <span class='ocrx_word' id='word_1_151' title='bbox 888 2185 952 2225; x_wconf 93' lang='lat' dir='ltr'><strong>eo</strong></span> <span class='ocrx_word' id='word_1_152' title='bbox 977 2171 1125 2241; x_wconf 85' lang='lat' dir='ltr'><strong>pravi</strong></span> <span class='ocrx_word' id='word_1_153' title='bbox 1146 2179 1536 2227; x_wconf 87' lang='lat' dir='ltr'><strong>removeantur</strong></span> <span class='ocrx_word' id='word_1_154' title='bbox 1559 2171 1874 2237; x_wconf 89' lang='lat' dir='ltr'><strong>consiliarii,</strong></span> 
     </span>
    </p>
   </div>
   <div class='ocr_carea' id='block_1_23' title="bbox 285 2262 1877 2333">
    <p class='ocr_par' dir='ltr' id='par_1_23' title="bbox 285 2262 1877 2333">
     <span class='ocr_line' id='line_1_23' title="bbox 285 2262 1877 2333; baseline 0.003 -18"><span class='ocrx_word' id='word_1_155' title='bbox 285 2262 379 2333; x_wconf 91' lang='lat' dir='ltr'><strong>qui</strong></span> <span class='ocrx_word' id='word_1_156' title='bbox 458 2276 560 2332; x_wconf 92' lang='lat' dir='ltr'><strong>pro</strong></span> <span class='ocrx_word' id='word_1_157' title='bbox 616 2262 923 2318; x_wconf 88' lang='lat' dir='ltr'><strong>Simoniaca</strong></span> <span class='ocrx_word' id='word_1_158' title='bbox 978 2263 1174 2321; x_wconf 83' lang='lat' dir='ltr'><strong>haresi</strong></span> <span class='ocrx_word' id='word_1_159' title='bbox 1237 2265 1688 2321; x_wconf 86' lang='lat' dir='ltr'><strong>excommunicati</strong></span> <span class='ocrx_word' id='word_1_160' title='bbox 1760 2282 1877 2322; x_wconf 90' lang='lat' dir='ltr'><strong>non</strong></span> 
     </span>
    </p>
   </div>
   <div class='ocr_carea' id='block_1_24' title="bbox 283 2354 1875 2432">
    <p class='ocr_par' dir='ltr' id='par_1_24' title="bbox 283 2354 1875 2432">
     <span class='ocr_line' id='line_1_24' title="bbox 283 2354 1875 2432; baseline -0.001 -19"><span class='ocrx_word' id='word_1_161' title='bbox 283 2354 626 2413; x_wconf 86' lang='lat' dir='ltr'><strong>erubuerunt</strong></span> <span class='ocrx_word' id='word_1_162' title='bbox 652 2355 941 2412; x_wconf 90' lang='lat' dir='ltr'><strong>dominum</strong></span> <span class='ocrx_word' id='word_1_163' title='bbox 976 2373 1139 2414; x_wconf 90' lang='lat' dir='ltr'><strong>suum</strong></span> <span class='ocrx_word' id='word_1_164' title='bbox 1177 2360 1395 2430; x_wconf 89' lang='lat' dir='ltr'><strong>propria</strong></span> <span class='ocrx_word' id='word_1_165' title='bbox 1426 2360 1575 2432; x_wconf 91' lang='lat' dir='ltr'><strong>lepra</strong></span> <span class='ocrx_word' id='word_1_166' title='bbox 1606 2359 1875 2415; x_wconf 88' lang='lat' dir='ltr'><strong>contami—</strong></span> 
     </span>
    </p>
   </div>
   <div class='ocr_carea' id='block_1_25' title="bbox 282 2450 1879 2521">
    <p class='ocr_par' dir='ltr' id='par_1_25' title="bbox 282 2450 1879 2521">
     <span class='ocr_line' id='line_1_25' title="bbox 282 2450 1879 2521; baseline 0.003 -18"><span class='ocrx_word' id='word_1_167' title='bbox 282 2465 443 2515; x_wconf 86' lang='lat' dir='ltr'><strong>nare,</strong></span> <span class='ocrx_word' id='word_1_168' title='bbox 498 2460 553 2504; x_wconf 91' lang='lat' dir='ltr'><strong>et</strong></span> <span class='ocrx_word' id='word_1_169' title='bbox 598 2465 696 2521; x_wconf 89' lang='lat' dir='ltr'><strong>per</strong></span> <span class='ocrx_word' id='word_1_170' title='bbox 742 2450 958 2505; x_wconf 88' lang='lat' dir='ltr'><strong>diversa</strong></span> <span class='ocrx_word' id='word_1_171' title='bbox 1007 2451 1238 2509; x_wconf 88' lang='lat' dir='ltr'><strong>crimina</strong></span> <span class='ocrx_word' id='word_1_172' title='bbox 1281 2469 1411 2509; x_wconf 91' lang='lat' dir='ltr'><strong>eum</strong></span> <span class='ocrx_word' id='word_1_173' title='bbox 1452 2452 1765 2509; x_wconf 89' lang='lat' dir='ltr'><strong>seducendo</strong></span> <span class='ocrx_word' id='word_1_174' title='bbox 1807 2451 1879 2507; x_wconf 90' lang='lat' dir='ltr'><strong>ad</strong></span> 
     </span>
    </p>
   </div>
   <div class='ocr_carea' id='block_1_26' title="bbox 278 2541 1874 2616">
    <p class='ocr_par' dir='ltr' id='par_1_26' title="bbox 278 2541 1874 2616">
     <span class='ocr_line' id='line_1_26' title="bbox 278 2541 1874 2616; baseline 0.002 -20"><span class='ocrx_word' id='word_1_175' title='bbox 278 2541 649 2597; x_wconf 84' lang='lat' dir='ltr'><strong>scindendum</strong></span> <span class='ocrx_word' id='word_1_176' title='bbox 702 2552 945 2599; x_wconf 89' lang='lat' dir='ltr'><strong>sanctam</strong></span> <span class='ocrx_word' id='word_1_177' title='bbox 1000 2546 1295 2600; x_wconf 89' lang='lat' dir='ltr'><strong>Ecclesiam</strong></span> <span class='ocrx_word' id='word_1_178' title='bbox 1338 2562 1657 2616; x_wconf 87' lang='lat' dir='ltr'><strong>provocare,</strong></span> <span class='ocrx_word' id='word_1_179' title='bbox 1714 2554 1769 2601; x_wconf 88' lang='lat' dir='ltr'><strong>et</strong></span> <span class='ocrx_word' id='word_1_180' title='bbox 1818 2545 1874 2599; x_wconf 90' lang='lat' dir='ltr'><strong>in</strong></span> 
     </span>
    </p>
   </div>
   <div class='ocr_carea' id='block_1_27' title="bbox 280 2635 1874 2710">
    <p class='ocr_par' dir='ltr' id='par_1_27' title="bbox 280 2635 1874 2710">
     <span class='ocr_line' id='line_1_27' title="bbox 280 2635 1874 2710; baseline 0.002 -20"><span class='ocrx_word' id='word_1_181' title='bbox 280 2635 422 2691; x_wconf 88' lang='lat' dir='ltr'><strong>iram</strong></span> <span class='ocrx_word' id='word_1_182' title='bbox 461 2637 563 2691; x_wconf 90' lang='lat' dir='ltr'><strong>Dei</strong></span> <span class='ocrx_word' id='word_1_183' title='bbox 590 2645 644 2692; x_wconf 89' lang='lat' dir='ltr'><strong>et</strong></span> <span class='ocrx_word' id='word_1_184' title='bbox 682 2637 856 2692; x_wconf 86' lang='lat' dir='ltr'><strong>sancti</strong></span> <span class='ocrx_word' id='word_1_185' title='bbox 883 2638 1027 2692; x_wconf 91' lang='lat' dir='ltr'><strong>Petri</strong></span> <span class='ocrx_word' id='word_1_186' title='bbox 1067 2638 1361 2710; x_wconf 90' lang='lat' dir='ltr'><strong>impellere.</strong></span> <span class='ocrx_word' id='word_1_187' title='bbox 1391 2640 1771 2695; x_wconf 83' lang='lat' dir='ltr'><strong>Adhibeantur</strong></span> <span class='ocrx_word' id='word_1_188' title='bbox 1798 2638 1874 2693; x_wconf 87' lang='lat' dir='ltr'><strong>illi</strong></span> 
     </span>
    </p>
   </div>
   <div class='ocr_carea' id='block_1_28' title="bbox 280 2730 1871 2804">
    <p class='ocr_par' dir='ltr' id='par_1_28' title="bbox 280 2730 1871 2804">
     <span class='ocr_line' id='line_1_28' title="bbox 280 2730 1871 2804; baseline 0.001 -19"><span class='ocrx_word' id='word_1_189' title='bbox 280 2730 583 2785; x_wconf 86' lang='lat' dir='ltr'><strong>consiliarii</strong></span> <span class='ocrx_word' id='word_1_190' title='bbox 627 2731 724 2802; x_wconf 91' lang='lat' dir='ltr'><strong>qui</strong></span> <span class='ocrx_word' id='word_1_191' title='bbox 766 2747 879 2786; x_wconf 91' lang='lat' dir='ltr'><strong>non</strong></span> <span class='ocrx_word' id='word_1_192' title='bbox 909 2748 1009 2787; x_wconf 89' lang='lat' dir='ltr'><strong>sua</strong></span> <span class='ocrx_word' id='word_1_193' title='bbox 1048 2738 1284 2801; x_wconf 88' lang='lat' dir='ltr'><strong>tantum,</strong></span> <span class='ocrx_word' id='word_1_194' title='bbox 1323 2733 1417 2789; x_wconf 86' lang='lat' dir='ltr'><strong>sed</strong></span> <span class='ocrx_word' id='word_1_195' title='bbox 1464 2750 1591 2789; x_wconf 84' lang='lat' dir='ltr'><strong>eum</strong></span> <span class='ocrx_word' id='word_1_196' title='bbox 1622 2733 1871 2804; x_wconf 83' lang='lat' dir='ltr'><strong>diligant,</strong></span> 
     </span>
    </p>
   </div>
   <div class='ocr_carea' id='block_1_29' title="bbox 276 2823 1883 2898">
    <p class='ocr_par' dir='ltr' id='par_1_29' title="bbox 276 2823 1883 2898">
     <span class='ocr_line' id='line_1_29' title="bbox 276 2823 1883 2898; baseline 0.001 -19"><span class='ocrx_word' id='word_1_197' title='bbox 276 2832 337 2879; x_wconf 89' lang='lat' dir='ltr'><strong>et</strong></span> <span class='ocrx_word' id='word_1_198' title='bbox 368 2823 618 2879; x_wconf 83' lang='lat' dir='ltr'><strong>saculari</strong></span> <span class='ocrx_word' id='word_1_199' title='bbox 650 2824 801 2879; x_wconf 91' lang='lat' dir='ltr'><strong>lucro</strong></span> <span class='ocrx_word' id='word_1_200' title='bbox 833 2840 930 2896; x_wconf 90' lang='lat' dir='ltr'><strong>per</strong></span> <span class='ocrx_word' id='word_1_201' title='bbox 956 2827 1155 2881; x_wconf 86' lang='lat' dir='ltr'><strong>omnia</strong></span> <span class='ocrx_word' id='word_1_202' title='bbox 1175 2830 1354 2882; x_wconf 90' lang='lat' dir='ltr'><strong>Deum</strong></span> <span class='ocrx_word' id='word_1_203' title='bbox 1386 2835 1724 2898; x_wconf 87' lang='lat' dir='ltr'><strong>praponant.</strong></span> <span class='ocrx_word' id='word_1_204' title='bbox 1758 2828 1883 2881; x_wconf 86' lang='lat' dir='ltr'><strong>Non</strong></span> 
     </span>
    </p>
   </div>
   <div class='ocr_carea' id='block_1_30' title="bbox 276 2920 1884 2992">
    <p class='ocr_par' dir='ltr' id='par_1_30' title="bbox 276 2920 1884 2992">
     <span class='ocr_line' id='line_1_30' title="bbox 276 2920 1884 2992; baseline 0.001 -19"><span class='ocrx_word' id='word_1_205' title='bbox 276 2920 431 2973; x_wconf 88' lang='lat' dir='ltr'><strong>ultra</strong></span> <span class='ocrx_word' id='word_1_206' title='bbox 472 2926 628 2989; x_wconf 91' lang='lat' dir='ltr'><strong>putet</strong></span> <span class='ocrx_word' id='word_1_207' title='bbox 667 2928 918 2974; x_wconf 81' lang='lat' dir='ltr'><strong>sanctam</strong></span> <span class='ocrx_word' id='word_1_208' title='bbox 966 2920 1270 2976; x_wconf 85' lang='lat' dir='ltr'><strong>Ecclesiam</strong></span> <span class='ocrx_word' id='word_1_209' title='bbox 1322 2921 1429 2976; x_wconf 88' lang='lat' dir='ltr'><strong>sibi</strong></span> <span class='ocrx_word' id='word_1_210' title='bbox 1476 2921 1775 2992; x_wconf 89' lang='lat' dir='ltr'><strong>subjectam</strong></span> <span class='ocrx_word' id='word_1_211' title='bbox 1824 2927 1884 2975; x_wconf 92' lang='lat' dir='ltr'><strong>ut</strong></span> 
     </span>
    </p>
   </div>
   <div class='ocr_carea' id='block_1_31' title="bbox 273 3012 1885 3084">
    <p class='ocr_par' dir='ltr' id='par_1_31' title="bbox 273 3012 1885 3084">
     <span class='ocr_line' id='line_1_31' title="bbox 273 3012 1885 3084; baseline 0 -17"><span class='ocrx_word' id='word_1_212' title='bbox 273 3012 570 3079; x_wconf 86' lang='lat' dir='ltr'><strong>ancillam,</strong></span> <span class='ocrx_word' id='word_1_213' title='bbox 615 3012 711 3068; x_wconf 90' lang='lat' dir='ltr'><strong>sed</strong></span> <span class='ocrx_word' id='word_1_214' title='bbox 741 3012 1021 3084; x_wconf 86' lang='lat' dir='ltr'><strong>pralatam</strong></span> <span class='ocrx_word' id='word_1_215' title='bbox 1051 3022 1113 3069; x_wconf 90' lang='lat' dir='ltr'><strong>ut</strong></span> <span class='ocrx_word' id='word_1_216' title='bbox 1149 3012 1461 3070; x_wconf 90' lang='lat' dir='ltr'><strong>dominam.</strong></span> <span class='ocrx_word' id='word_1_217' title='bbox 1505 3016 1633 3069; x_wconf 89' lang='lat' dir='ltr'><strong>Non</strong></span> <span class='ocrx_word' id='word_1_218' title='bbox 1662 3014 1885 3069; x_wconf 87' lang='lat' dir='ltr'><strong>inflatus</strong></span> 
     </span>
    </p>
   </div>
   <div class='ocr_carea' id='block_1_32' title="bbox 270 3104 1905 3179">
    <p class='ocr_par' dir='ltr' id='par_1_32' title="bbox 270 3104 1905 3179">
     <span class='ocr_line' id='line_1_32' title="bbox 270 3104 1905 3179; baseline 0 -19"><span class='ocrx_word' id='word_1_219' title='bbox 270 3105 478 3178; x_wconf 79' lang='lat' dir='ltr'><strong>spiritu</strong></span> <span class='ocrx_word' id='word_1_220' title='bbox 522 3106 777 3162; x_wconf 88' lang='lat' dir='ltr'><strong>elationis</strong></span> <span class='ocrx_word' id='word_1_221' title='bbox 818 3106 1240 3163; x_wconf 88' lang='lat' dir='ltr'><strong>consuetudines</strong></span> <span class='ocrx_word' id='word_1_222' title='bbox 1278 3108 1549 3179; x_wconf 86' lang='lat' dir='ltr'><strong>superbia</strong></span> <span class='ocrx_word' id='word_1_223' title='bbox 1591 3115 1798 3172; x_wconf 67' lang='lat' dir='ltr'><strong>contra,</strong></span> <span class='ocrx_word' id='word_1_224' title='bbox 1826 3104 1905 3161; x_wconf 79' lang='lat' dir='ltr'><strong>li-&#39;</strong></span> 
     </span>
    </p>
   </div>
   <div class='ocr_carea' id='block_1_33' title="bbox 270 3199 1964 3307">
    <p class='ocr_par' dir='ltr' id='par_1_33' title="bbox 270 3199 1964 3307">
     <span class='ocr_line' id='line_1_33' title="bbox 270 3199 1964 3307; baseline 0.001 -54"><span class='ocrx_word' id='word_1_225' title='bbox 270 3199 559 3254; x_wconf 86' lang='lat' dir='ltr'><strong>bertatem</strong></span> <span class='ocrx_word' id='word_1_226' title='bbox 605 3208 811 3255; x_wconf 84' lang='lat' dir='ltr'><strong>sancta</strong></span> <span class='ocrx_word' id='word_1_227' title='bbox 846 3200 1105 3256; x_wconf 88' lang='lat' dir='ltr'><strong>Ecclesia</strong></span> <span class='ocrx_word' id='word_1_228' title='bbox 1158 3201 1407 3257; x_wconf 90' lang='lat' dir='ltr'><strong>inventas</strong></span> <span class='ocrx_word' id='word_1_229' title='bbox 1454 3199 1736 3267; x_wconf 90' lang='lat' dir='ltr'><strong>defendat,</strong></span> <span class='ocrx_word' id='word_1_230' title='bbox 1786 3199 1964 3307; x_wconf 47' lang='lat' dir='ltr'><strong>sedlc</strong></span> 
     </span>
    </p>
   </div>
   <div class='ocr_carea' id='block_1_34' title="bbox 271 3291 1933 3364">
    <p class='ocr_par' dir='ltr' id='par_1_34' title="bbox 271 3291 1933 3364">
     <span class='ocr_line' id='line_1_34' title="bbox 271 3291 1933 3364; baseline -0.001 -16"><span class='ocrx_word' id='word_1_231' title='bbox 271 3291 545 3348; x_wconf 86' lang='lat' dir='ltr'><strong>observet</strong></span> <span class='ocrx_word' id='word_1_232' title='bbox 586 3301 904 3347; x_wconf 87' lang='lat' dir='ltr'><strong>sanctorum</strong></span> <span class='ocrx_word' id='word_1_233' title='bbox 930 3296 1155 3348; x_wconf 88' lang='lat' dir='ltr'><strong>Patrum</strong></span> <span class='ocrx_word' id='word_1_234' title='bbox 1198 3292 1531 3362; x_wconf 89' lang='lat' dir='ltr'><strong>doctrinam,</strong></span> <span class='ocrx_word' id='word_1_235' title='bbox 1573 3308 1737 3364; x_wconf 90' lang='lat' dir='ltr'><strong>quam</strong></span> <span class='ocrx_word' id='word_1_236' title='bbox 1786 3291 1933 3363; x_wconf 64' lang='lat' dir='ltr'><strong>pro”</strong></span> 
     </span>
    </p>
   </div>
   <div class='ocr_carea' id='block_1_35' title="bbox 270 3384 1885 3458">
    <p class='ocr_par' dir='ltr' id='par_1_35' title="bbox 270 3384 1885 3458">
     <span class='ocr_line' id='line_1_35' title="bbox 270 3384 1885 3458; baseline 0 -17"><span class='ocrx_word' id='word_1_237' title='bbox 270 3384 464 3441; x_wconf 86' lang='lat' dir='ltr'><strong>salute</strong></span> <span class='ocrx_word' id='word_1_238' title='bbox 491 3392 680 3449; x_wconf 84' lang='lat' dir='ltr'><strong>nostra</strong></span> <span class='ocrx_word' id='word_1_239' title='bbox 709 3401 802 3441; x_wconf 91' lang='lat' dir='ltr'><strong>eos</strong></span> <span class='ocrx_word' id='word_1_240' title='bbox 830 3385 1022 3441; x_wconf 89' lang='lat' dir='ltr'><strong>docuit</strong></span> <span class='ocrx_word' id='word_1_241' title='bbox 1048 3395 1290 3458; x_wconf 85' lang='lat' dir='ltr'><strong>potestas</strong></span> <span class='ocrx_word' id='word_1_242' title='bbox 1319 3387 1523 3442; x_wconf 89' lang='lat' dir='ltr'><strong>divina.</strong></span> <span class='ocrx_word' id='word_1_243' title='bbox 1556 3386 1718 3455; x_wconf 85' lang='lat' dir='ltr'><strong>Quod</strong></span> <span class='ocrx_word' id='word_1_244' title='bbox 1750 3386 1793 3440; x_wconf 93' lang='lat' dir='ltr'><strong>si</strong></span> <span class='ocrx_word' id='word_1_245' title='bbox 1817 3385 1885 3441; x_wconf 92' lang='lat' dir='ltr'><strong>de</strong></span> 
     </span>
    </p>
   </div>
   <div class='ocr_carea' id='block_1_36' title="bbox 271 3478 1884 3551">
    <p class='ocr_par' dir='ltr' id='par_1_36' title="bbox 271 3478 1884 3551">
     <span class='ocr_line' id='line_1_36' title="bbox 271 3478 1884 3551; baseline 0 -16"><span class='ocrx_word' id='word_1_246' title='bbox 271 3479 370 3535; x_wconf 85' lang='lat' dir='ltr'><strong>his</strong></span> <span class='ocrx_word' id='word_1_247' title='bbox 403 3485 454 3532; x_wconf 85' lang='lat' dir='ltr'><strong>et</strong></span> <span class='ocrx_word' id='word_1_248' title='bbox 484 3478 603 3533; x_wconf 87' lang='lat' dir='ltr'><strong>aliis</strong></span> <span class='ocrx_word' id='word_1_249' title='bbox 630 3478 757 3549; x_wconf 88' lang='lat' dir='ltr'><strong>jure</strong></span> <span class='ocrx_word' id='word_1_250' title='bbox 784 3480 853 3535; x_wconf 90' lang='lat' dir='ltr'><strong>ab</strong></span> <span class='ocrx_word' id='word_1_251' title='bbox 898 3494 963 3535; x_wconf 93' lang='lat' dir='ltr'><strong>eo</strong></span> <span class='ocrx_word' id='word_1_252' title='bbox 1006 3480 1288 3551; x_wconf 81' lang='lat' dir='ltr'><strong>exigendis</strong></span> <span class='ocrx_word' id='word_1_253' title='bbox 1316 3497 1415 3536; x_wconf 91' lang='lat' dir='ltr'><strong>nos</strong></span> <span class='ocrx_word' id='word_1_254' title='bbox 1460 3495 1684 3536; x_wconf 90' lang='lat' dir='ltr'><strong>securos</strong></span> <span class='ocrx_word' id='word_1_255' title='bbox 1704 3478 1884 3535; x_wconf 89' lang='lat' dir='ltr'><strong>modis</strong></span> 
     </span>
    </p>
   </div>
   <div class='ocr_carea' id='block_1_37' title="bbox 274 3571 1885 3644">
    <p class='ocr_par' dir='ltr' id='par_1_37' title="bbox 274 3571 1885 3644">
     <span class='ocr_line' id='line_1_37' title="bbox 274 3571 1885 3644; baseline -0.001 -16"><span class='ocrx_word' id='word_1_256' title='bbox 274 3571 492 3644; x_wconf 89' lang='lat' dir='ltr'><strong>quibus</strong></span> <span class='ocrx_word' id='word_1_257' title='bbox 561 3581 778 3643; x_wconf 84' lang='lat' dir='ltr'><strong>oportet</strong></span> <span class='ocrx_word' id='word_1_258' title='bbox 828 3572 1147 3641; x_wconf 84' lang='lat' dir='ltr'><strong>reddiderit,</strong></span> <span class='ocrx_word' id='word_1_259' title='bbox 1225 3575 1414 3629; x_wconf 89' lang='lat' dir='ltr'><strong>statim</strong></span> <span class='ocrx_word' id='word_1_260' title='bbox 1469 3574 1725 3629; x_wconf 90' lang='lat' dir='ltr'><strong>volumus</strong></span> <span class='ocrx_word' id='word_1_261' title='bbox 1788 3588 1885 3644; x_wconf 87' lang='lat' dir='ltr'><strong>per</strong></span> 
     </span>
    </p>
   </div>
   <div class='ocr_carea' id='block_1_38' title="bbox 244 3665 1887 3739">
    <p class='ocr_par' dir='ltr' id='par_1_38' title="bbox 244 3665 1887 3739">
     <span class='ocr_line' id='line_1_38' title="bbox 244 3665 1887 3739; baseline 0.001 -20"><span class='ocrx_word' id='word_1_262' title='bbox 244 3677 508 3729; x_wconf 50' lang='lat' dir='ltr'><strong>rastros</strong></span> <span class='ocrx_word' id='word_1_263' title='bbox 550 3666 777 3721; x_wconf 86' lang='lat' dir='ltr'><strong>idoneos</strong></span> <span class='ocrx_word' id='word_1_264' title='bbox 820 3669 1025 3739; x_wconf 91' lang='lat' dir='ltr'><strong>legatos</strong></span> <span class='ocrx_word' id='word_1_265' title='bbox 1072 3667 1140 3724; x_wconf 89' lang='lat' dir='ltr'><strong>de</strong></span> <span class='ocrx_word' id='word_1_266' title='bbox 1186 3669 1447 3723; x_wconf 89' lang='lat' dir='ltr'><strong>omnibus</strong></span> <span class='ocrx_word' id='word_1_267' title='bbox 1490 3665 1787 3735; x_wconf 88' lang='lat' dir='ltr'><strong>informari,</strong></span> <span class='ocrx_word' id='word_1_268' title='bbox 1828 3674 1887 3722; x_wconf 90' lang='lat' dir='ltr'><strong>ut</strong></span> 
     </span>
    </p>
   </div>
   <div class='ocr_carea' id='block_1_39' title="bbox 272 3758 1883 3832">
    <p class='ocr_par' dir='ltr' id='par_1_39' title="bbox 272 3758 1883 3832">
     <span class='ocr_line' id='line_1_39' title="bbox 272 3758 1883 3832; baseline 0.001 -19"><span class='ocrx_word' id='word_1_269' title='bbox 272 3758 426 3831; x_wconf 87' lang='lat' dir='ltr'><strong>quid</strong></span> <span class='ocrx_word' id='word_1_270' title='bbox 452 3758 647 3815; x_wconf 85' lang='lat' dir='ltr'><strong>debeat</strong></span> <span class='ocrx_word' id='word_1_271' title='bbox 690 3760 805 3815; x_wconf 91' lang='lat' dir='ltr'><strong>ﬁeri</strong></span> <span class='ocrx_word' id='word_1_272' title='bbox 835 3762 1118 3817; x_wconf 90' lang='lat' dir='ltr'><strong>communi</strong></span> <span class='ocrx_word' id='word_1_273' title='bbox 1161 3762 1408 3828; x_wconf 85' lang='lat' dir='ltr'><strong>consilio,</strong></span> <span class='ocrx_word' id='word_1_274' title='bbox 1445 3763 1561 3816; x_wconf 92' lang='lat' dir='ltr'><strong>Deo</strong></span> <span class='ocrx_word' id='word_1_275' title='bbox 1591 3760 1883 3832; x_wconf 89' lang='lat' dir='ltr'><strong>aspirante,</strong></span> 
     </span>
    </p>
   </div>
   <div class='ocr_carea' id='block_1_40' title="bbox 271 3853 1888 3926">
    <p class='ocr_par' dir='ltr' id='par_1_40' title="bbox 271 3853 1888 3926">
     <span class='ocr_line' id='line_1_40' title="bbox 271 3853 1888 3926; baseline 0.002 -18"><span class='ocrx_word' id='word_1_276' title='bbox 271 3854 472 3908; x_wconf 74' lang='lat' dir='ltr'><strong>valeat</strong></span> <span class='ocrx_word' id='word_1_277' title='bbox 524 3853 767 3910; x_wconf 87' lang='lat' dir='ltr'><strong>inveniri.</strong></span> <span class='ocrx_word' id='word_1_278' title='bbox 813 3855 953 3910; x_wconf 91' lang='lat' dir='ltr'><strong>lllud</strong></span> <span class='ocrx_word' id='word_1_279' title='bbox 1005 3864 1187 3911; x_wconf 86' lang='lat' dir='ltr'><strong>autem</strong></span> <span class='ocrx_word' id='word_1_280' title='bbox 1237 3857 1378 3911; x_wconf 89' lang='lat' dir='ltr'><strong>inter</strong></span> <span class='ocrx_word' id='word_1_281' title='bbox 1425 3856 1611 3911; x_wconf 91' lang='lat' dir='ltr'><strong>omnia</strong></span> <span class='ocrx_word' id='word_1_282' title='bbox 1640 3871 1706 3910; x_wconf 91' lang='lat' dir='ltr'><strong>ex</strong></span> <span class='ocrx_word' id='word_1_283' title='bbox 1737 3864 1888 3926; x_wconf 84' lang='lat' dir='ltr'><strong>parte</strong></span> 
     </span>
    </p>
   </div>
   <div class='ocr_carea' id='block_1_41' title="bbox 270 3945 1889 4019">
    <p class='ocr_par' dir='ltr' id='par_1_41' title="bbox 270 3945 1889 4019">
     <span class='ocr_line' id='line_1_41' title="bbox 270 3945 1889 4019; baseline -0.001 -15"><span class='ocrx_word' id='word_1_284' title='bbox 270 3945 441 4004; x_wconf 82' lang='lat' dir='ltr'><strong>beati</strong></span> <span class='ocrx_word' id='word_1_285' title='bbox 486 3949 628 4003; x_wconf 88' lang='lat' dir='ltr'><strong>Petri</strong></span> <span class='ocrx_word' id='word_1_286' title='bbox 671 3948 1077 4019; x_wconf 87' lang='lat' dir='ltr'><strong>interdicimus,</strong></span> <span class='ocrx_word' id='word_1_287' title='bbox 1119 3959 1180 4005; x_wconf 86' lang='lat' dir='ltr'><strong>ut</strong></span> <span class='ocrx_word' id='word_1_288' title='bbox 1227 3951 1415 4006; x_wconf 91' lang='lat' dir='ltr'><strong>nullus</strong></span> <span class='ocrx_word' id='word_1_289' title='bbox 1466 3959 1703 4006; x_wconf 90' lang='lat' dir='ltr'><strong>vestrum</strong></span> <span class='ocrx_word' id='word_1_290' title='bbox 1760 3964 1889 4004; x_wconf 91' lang='lat' dir='ltr'><strong>eum</strong></span> 
     </span>
    </p>
   </div>
   <div class='ocr_carea' id='block_1_42' title="bbox 272 4042 1886 4117">
    <p class='ocr_par' dir='ltr' id='par_1_42' title="bbox 272 4042 1886 4117">
     <span class='ocr_line' id='line_1_42' title="bbox 272 4042 1886 4117; baseline -0.001 -18"><span class='ocrx_word' id='word_1_291' title='bbox 272 4051 594 4117; x_wconf 62' lang='lat' dir='ltr'><strong>praesumat</strong></span> <span class='ocrx_word' id='word_1_292' title='bbox 631 4042 699 4097; x_wconf 91' lang='lat' dir='ltr'><strong>ab</strong></span> <span class='ocrx_word' id='word_1_293' title='bbox 733 4045 1308 4099; x_wconf 87' lang='lat' dir='ltr'><strong>excommunicatione</strong></span> <span class='ocrx_word' id='word_1_294' title='bbox 1334 4044 1632 4111; x_wconf 90' lang='lat' dir='ltr'><strong>absolvere,</strong></span> <span class='ocrx_word' id='word_1_295' title='bbox 1677 4059 1886 4114; x_wconf 92' lang='lat' dir='ltr'><strong>quous-</strong></span> 
     </span>
    </p>
   </div>
   <div class='ocr_carea' id='block_1_43' title="bbox 275 4136 1884 4211">
    <p class='ocr_par' dir='ltr' id='par_1_43' title="bbox 275 4136 1884 4211">
     <span class='ocr_line' id='line_1_43' title="bbox 275 4136 1884 4211; baseline 0.001 -20"><span class='ocrx_word' id='word_1_296' title='bbox 275 4151 432 4211; x_wconf 84' lang='lat' dir='ltr'><strong>que,</strong></span> <span class='ocrx_word' id='word_1_297' title='bbox 448 4136 527 4191; x_wconf 88' lang='lat' dir='ltr'><strong>eis</strong></span> <span class='ocrx_word' id='word_1_298' title='bbox 541 4152 664 4208; x_wconf 89' lang='lat' dir='ltr'><strong>qua</strong></span> <span class='ocrx_word' id='word_1_299' title='bbox 692 4137 1047 4208; x_wconf 82' lang='lat' dir='ltr'><strong>pradiximus</strong></span> <span class='ocrx_word' id='word_1_300' title='bbox 1074 4138 1236 4194; x_wconf 92' lang='lat' dir='ltr'><strong>nobis</strong></span> <span class='ocrx_word' id='word_1_301' title='bbox 1264 4136 1531 4202; x_wconf 89' lang='lat' dir='ltr'><strong>indicatis,</strong></span> <span class='ocrx_word' id='word_1_302' title='bbox 1565 4136 1884 4207; x_wconf 85' lang='lat' dir='ltr'><strong>apostolica</strong></span> 
     </span>
    </p>
   </div>
   <div class='ocr_carea' id='block_1_44' title="bbox 274 4229 1881 4302">
    <p class='ocr_par' dir='ltr' id='par_1_44' title="bbox 274 4229 1881 4302">
     <span class='ocr_line' id='line_1_44' title="bbox 274 4229 1881 4302; baseline -0.002 -14"><span class='ocrx_word' id='word_1_303' title='bbox 274 4229 449 4288; x_wconf 84' lang='lat' dir='ltr'><strong>sedis</strong></span> <span class='ocrx_word' id='word_1_304' title='bbox 475 4245 801 4287; x_wconf 88' lang='lat' dir='ltr'><strong>consensum</strong></span> <span class='ocrx_word' id='word_1_305' title='bbox 843 4239 899 4287; x_wconf 90' lang='lat' dir='ltr'><strong>et</strong></span> <span class='ocrx_word' id='word_1_306' title='bbox 940 4232 1193 4286; x_wconf 91' lang='lat' dir='ltr'><strong>iteratum</strong></span> <span class='ocrx_word' id='word_1_307' title='bbox 1238 4246 1563 4302; x_wconf 89' lang='lat' dir='ltr'><strong>responsum</strong></span> <span class='ocrx_word' id='word_1_308' title='bbox 1592 4229 1881 4301; x_wconf 90' lang='lat' dir='ltr'><strong>recipiatis.</strong></span> 
     </span>
    </p>
   </div>
   <div class='ocr_carea' id='block_1_45' title="bbox 269 4320 1893 4396">
    <p class='ocr_par' dir='ltr' id='par_1_45' title="bbox 269 4320 1893 4396">
     <span class='ocr_line' id='line_1_45' title="bbox 269 4320 1893 4396; baseline -0.002 -15"><span class='ocrx_word' id='word_1_309' title='bbox 269 4330 373 4381; x_wconf 88' lang='lat' dir='ltr'><strong>De</strong></span> <span class='ocrx_word' id='word_1_310' title='bbox 404 4320 744 4379; x_wconf 88' lang='lat' dir='ltr'><strong>diversorum</strong></span> <span class='ocrx_word' id='word_1_311' title='bbox 772 4324 994 4396; x_wconf 90' lang='lat' dir='ltr'><strong>quidem</strong></span> <span class='ocrx_word' id='word_1_312' title='bbox 1024 4324 1249 4381; x_wconf 90' lang='lat' dir='ltr'><strong>diversis</strong></span> <span class='ocrx_word' id='word_1_313' title='bbox 1290 4324 1529 4381; x_wconf 88' lang='lat' dir='ltr'><strong>consiliis</strong></span> <span class='ocrx_word' id='word_1_314' title='bbox 1555 4323 1893 4390; x_wconf 88' lang='lat' dir='ltr'><strong>dubitamus,</strong></span> 
     </span>
    </p>
   </div>
   <div class='ocr_carea' id='block_1_46' title="bbox 272 4414 1894 4490">
    <p class='ocr_par' dir='ltr' id='par_1_46' title="bbox 272 4414 1894 4490">
     <span class='ocr_line' id='line_1_46' title="bbox 272 4414 1894 4490; baseline -0.002 -15"><span class='ocrx_word' id='word_1_315' title='bbox 272 4428 341 4475; x_wconf 88' lang='lat' dir='ltr'><strong>et</strong></span> <span class='ocrx_word' id='word_1_316' title='bbox 394 4414 693 4472; x_wconf 86' lang='lat' dir='ltr'><strong>humanam</strong></span> <span class='ocrx_word' id='word_1_317' title='bbox 740 4418 968 4489; x_wconf 86' lang='lat' dir='ltr'><strong>gratiam</strong></span> <span class='ocrx_word' id='word_1_318' title='bbox 1020 4418 1100 4473; x_wconf 89' lang='lat' dir='ltr'><strong>vel</strong></span> <span class='ocrx_word' id='word_1_319' title='bbox 1145 4417 1405 4473; x_wconf 90' lang='lat' dir='ltr'><strong>timorem</strong></span> <span class='ocrx_word' id='word_1_320' title='bbox 1457 4417 1752 4490; x_wconf 90' lang='lat' dir='ltr'><strong>suspicioni</strong></span> <span class='ocrx_word' id='word_1_321' title='bbox 1803 4416 1894 4472; x_wconf 88' lang='lat' dir='ltr'><strong>ha-</strong></span> 
     </span>
    </p>
   </div>
   <div class='ocr_carea' id='block_1_47' title="bbox 268 4510 1894 4583">
    <p class='ocr_par' dir='ltr' id='par_1_47' title="bbox 268 4510 1894 4583">
     <span class='ocr_line' id='line_1_47' title="bbox 268 4510 1894 4583; baseline -0.002 -14"><span class='ocrx_word' id='word_1_322' title='bbox 268 4514 513 4569; x_wconf 83' lang='lat' dir='ltr'><strong>bemus.</strong></span> <span class='ocrx_word' id='word_1_323' title='bbox 566 4510 727 4581; x_wconf 90' lang='lat' dir='ltr'><strong>Quod</strong></span> <span class='ocrx_word' id='word_1_324' title='bbox 780 4510 849 4579; x_wconf 89' lang='lat' dir='ltr'><strong>si,</strong></span> <span class='ocrx_word' id='word_1_325' title='bbox 906 4511 1249 4583; x_wconf 80' lang='lat' dir='ltr'><strong>exigentibus</strong></span> <span class='ocrx_word' id='word_1_326' title='bbox 1303 4512 1609 4567; x_wconf 91' lang='lat' dir='ltr'><strong>multorum</strong></span> <span class='ocrx_word' id='word_1_327' title='bbox 1658 4511 1894 4583; x_wconf 89' lang='lat' dir='ltr'><strong>peccatis</strong></span> 
     </span>
    </p>
   </div>
   <div class='ocr_carea' id='block_1_48' title="bbox 1989 581 3584 655">
    <p class='ocr_par' dir='ltr' id='par_1_48' title="bbox 1989 581 3584 655">
     <span class='ocr_line' id='line_1_48' title="bbox 1989 581 3584 655; baseline 0.003 -20"><span class='ocrx_word' id='word_1_328' title='bbox 1989 581 2187 650; x_wconf 83' lang='lat' dir='ltr'><strong>Agneti</strong></span> <span class='ocrx_word' id='word_1_329' title='bbox 2232 581 2558 651; x_wconf 89' lang='lat' dir='ltr'><strong>imperatrici</strong></span> <span class='ocrx_word' id='word_1_330' title='bbox 2606 586 2891 652; x_wconf 86' lang='lat' dir='ltr'><strong>Augusta,</strong></span> <span class='ocrx_word' id='word_1_331' title='bbox 2936 583 2981 637; x_wconf 90' lang='lat' dir='ltr'><strong>si</strong></span> <span class='ocrx_word' id='word_1_332' title='bbox 3030 583 3174 638; x_wconf 88' lang='lat' dir='ltr'><strong>ﬁlius</strong></span> <span class='ocrx_word' id='word_1_333' title='bbox 3211 584 3329 655; x_wconf 90' lang='lat' dir='ltr'><strong>ejus</strong></span> <span class='ocrx_word' id='word_1_334' title='bbox 3368 601 3434 640; x_wconf 88' lang='lat' dir='ltr'><strong>ex</strong></span> <span class='ocrx_word' id='word_1_335' title='bbox 3482 585 3584 641; x_wconf 89' lang='lat' dir='ltr'><strong>hac</strong></span> 
     </span>
    </p>
   </div>
   <div class='ocr_carea' id='block_1_49' title="bbox 1986 673 3586 748">
    <p class='ocr_par' dir='ltr' id='par_1_49' title="bbox 1986 673 3586 748">
     <span class='ocr_line' id='line_1_49' title="bbox 1986 673 3586 748; baseline 0.006 -24"><span class='ocrx_word' id='word_1_336' title='bbox 1986 673 2092 727; x_wconf 88' lang='lat' dir='ltr'><strong>vita</strong></span> <span class='ocrx_word' id='word_1_337' title='bbox 2121 682 2247 728; x_wconf 90' lang='lat' dir='ltr'><strong>ante</strong></span> <span class='ocrx_word' id='word_1_338' title='bbox 2283 674 2460 743; x_wconf 88' lang='lat' dir='ltr'><strong>ipsam</strong></span> <span class='ocrx_word' id='word_1_339' title='bbox 2500 673 2785 745; x_wconf 87' lang='lat' dir='ltr'><strong>migraret,</strong></span> <span class='ocrx_word' id='word_1_340' title='bbox 2812 692 2927 730; x_wconf 91' lang='lat' dir='ltr'><strong>non</strong></span> <span class='ocrx_word' id='word_1_341' title='bbox 2969 684 3051 731; x_wconf 91' lang='lat' dir='ltr'><strong>est</strong></span> <span class='ocrx_word' id='word_1_342' title='bbox 3096 691 3234 748; x_wconf 90' lang='lat' dir='ltr'><strong>opus</strong></span> <span class='ocrx_word' id='word_1_343' title='bbox 3272 676 3451 733; x_wconf 91' lang='lat' dir='ltr'><strong>adhuc</strong></span> <span class='ocrx_word' id='word_1_344' title='bbox 3481 678 3586 734; x_wconf 86' lang='lat' dir='ltr'><strong>du-</strong></span> 
     </span>
    </p>
   </div>
   <div class='ocr_carea' id='block_1_50' title="bbox 1984 764 3585 837">
    <p class='ocr_par' dir='ltr' id='par_1_50' title="bbox 1984 764 3585 837">
     <span class='ocr_line' id='line_1_50' title="bbox 1984 764 3585 837; baseline 0.004 -18"><span class='ocrx_word' id='word_1_345' title='bbox 1984 764 2158 820; x_wconf 89' lang='lat' dir='ltr'><strong>bitare</strong></span> <span class='ocrx_word' id='word_1_346' title='bbox 2209 766 2365 836; x_wconf 88' lang='lat' dir='ltr'><strong>quia,</strong></span> <span class='ocrx_word' id='word_1_347' title='bbox 2413 766 2455 821; x_wconf 81' lang='lat' dir='ltr'><strong>si</strong></span> <span class='ocrx_word' id='word_1_348' title='bbox 2514 766 2677 823; x_wconf 88' lang='lat' dir='ltr'><strong>nimia</strong></span> <span class='ocrx_word' id='word_1_349' title='bbox 2738 768 2935 837; x_wconf 85' lang='lat' dir='ltr'><strong>pietate</strong></span> <span class='ocrx_word' id='word_1_350' title='bbox 2984 768 3129 823; x_wconf 90' lang='lat' dir='ltr'><strong>circa</strong></span> <span class='ocrx_word' id='word_1_351' title='bbox 3187 771 3363 826; x_wconf 86' lang='lat' dir='ltr'><strong>ﬁlium</strong></span> <span class='ocrx_word' id='word_1_352' title='bbox 3417 771 3585 827; x_wconf 90' lang='lat' dir='ltr'><strong>ducta</strong></span> 
     </span>
    </p>
   </div>
   <div class='ocr_carea' id='block_1_51' title="bbox 1977 856 3587 935">
    <p class='ocr_par' dir='ltr' id='par_1_51' title="bbox 1977 856 3587 935">
     <span class='ocr_line' id='line_1_51' title="bbox 1977 856 3587 935; baseline 0.004 -20"><span class='ocrx_word' id='word_1_353' title='bbox 1977 856 2207 929; x_wconf 87' lang='lat' dir='ltr'><strong>justitia</strong></span> <span class='ocrx_word' id='word_1_354' title='bbox 2252 860 2541 928; x_wconf 88' lang='lat' dir='ltr'><strong>restiterit,</strong></span> <span class='ocrx_word' id='word_1_355' title='bbox 2589 861 2670 916; x_wconf 90' lang='lat' dir='ltr'><strong>vel</strong></span> <span class='ocrx_word' id='word_1_356' title='bbox 2694 861 2923 933; x_wconf 90' lang='lat' dir='ltr'><strong>justitia</strong></span> <span class='ocrx_word' id='word_1_357' title='bbox 2966 860 3153 918; x_wconf 82' lang='lat' dir='ltr'><strong>favens</strong></span> <span class='ocrx_word' id='word_1_358' title='bbox 3185 872 3243 918; x_wconf 91' lang='lat' dir='ltr'><strong>ut</strong></span> <span class='ocrx_word' id='word_1_359' title='bbox 3293 863 3587 935; x_wconf 87' lang='lat' dir='ltr'><strong>abjiciatur</strong></span> 
     </span>
    </p>
   </div>
   <div class='ocr_carea' id='block_1_52' title="bbox 1986 954 3587 1028">
    <p class='ocr_par' dir='ltr' id='par_1_52' title="bbox 1986 954 3587 1028">
     <span class='ocr_line' id='line_1_52' title="bbox 1986 954 3587 1028; baseline 0.003 -20"><span class='ocrx_word' id='word_1_360' title='bbox 1986 969 2017 1008; x_wconf 89' lang='lat' dir='ltr'><strong>a</strong></span> <span class='ocrx_word' id='word_1_361' title='bbox 2062 969 2234 1024; x_wconf 84' lang='lat' dir='ltr'><strong>regno</strong></span> <span class='ocrx_word' id='word_1_362' title='bbox 2262 954 2622 1022; x_wconf 90' lang='lat' dir='ltr'><strong>consenserit,</strong></span> <span class='ocrx_word' id='word_1_363' title='bbox 2666 955 2803 1025; x_wconf 90' lang='lat' dir='ltr'><strong>quid</strong></span> <span class='ocrx_word' id='word_1_364' title='bbox 2832 963 3019 1022; x_wconf 87' lang='lat' dir='ltr'><strong>restet,</strong></span> <span class='ocrx_word' id='word_1_365' title='bbox 3052 972 3147 1011; x_wconf 86' lang='lat' dir='ltr'><strong>vos</strong></span> <span class='ocrx_word' id='word_1_366' title='bbox 3193 956 3292 1028; x_wconf 91' lang='lat' dir='ltr'><strong>ipsi</strong></span> <span class='ocrx_word' id='word_1_367' title='bbox 3338 973 3587 1028; x_wconf 89' lang='lat' dir='ltr'><strong>compre-</strong></span> 
     </span>
    </p>
   </div>
   <div class='ocr_carea' id='block_1_53' title="bbox 1985 1046 3581 1121">
    <p class='ocr_par' dir='ltr' id='par_1_53' title="bbox 1985 1046 3581 1121">
     <span class='ocr_line' id='line_1_53' title="bbox 1985 1046 3581 1121; baseline 0.002 -19"><span class='ocrx_word' id='word_1_368' title='bbox 1985 1046 2225 1102; x_wconf 89' lang='lat' dir='ltr'><strong>hendite.</strong></span> <span class='ocrx_word' id='word_1_369' title='bbox 2280 1049 2400 1101; x_wconf 84' lang='lat' dir='ltr'><strong>Hoc</strong></span> <span class='ocrx_word' id='word_1_370' title='bbox 2452 1051 2637 1101; x_wconf 89' lang='lat' dir='ltr'><strong>tamen</strong></span> <span class='ocrx_word' id='word_1_371' title='bbox 2688 1047 2903 1103; x_wconf 88' lang='lat' dir='ltr'><strong>videtur</strong></span> <span class='ocrx_word' id='word_1_372' title='bbox 2950 1048 3235 1114; x_wconf 89' lang='lat' dir='ltr'><strong>laudabile,</strong></span> <span class='ocrx_word' id='word_1_373' title='bbox 3290 1060 3581 1121; x_wconf 88' lang='lat' dir='ltr'><strong>postquam</strong></span> 
     </span>
    </p>
   </div>
   <div class='ocr_carea' id='block_1_54' title="bbox 1985 1139 3583 1214">
    <p class='ocr_par' dir='ltr' id='par_1_54' title="bbox 1985 1139 3583 1214">
     <span class='ocr_line' id='line_1_54' title="bbox 1985 1139 3583 1214; baseline 0.002 -18"><span class='ocrx_word' id='word_1_374' title='bbox 1985 1150 2197 1196; x_wconf 90' lang='lat' dir='ltr'><strong>certum</strong></span> <span class='ocrx_word' id='word_1_375' title='bbox 2227 1140 2389 1195; x_wconf 89' lang='lat' dir='ltr'><strong>fuerit</strong></span> <span class='ocrx_word' id='word_1_376' title='bbox 2431 1139 2574 1211; x_wconf 90' lang='lat' dir='ltr'><strong>apud</strong></span> <span class='ocrx_word' id='word_1_377' title='bbox 2606 1155 2699 1195; x_wconf 90' lang='lat' dir='ltr'><strong>vos</strong></span> <span class='ocrx_word' id='word_1_378' title='bbox 2730 1146 2811 1205; x_wconf 88' lang='lat' dir='ltr'><strong>(ut</strong></span> <span class='ocrx_word' id='word_1_379' title='bbox 2850 1141 3077 1195; x_wconf 89' lang='lat' dir='ltr'><strong>omnino</strong></span> <span class='ocrx_word' id='word_1_380' title='bbox 3107 1142 3407 1209; x_wconf 90' lang='lat' dir='ltr'><strong>ﬁrmatum)</strong></span> <span class='ocrx_word' id='word_1_381' title='bbox 3435 1143 3583 1214; x_wconf 92' lang='lat' dir='ltr'><strong>quod</strong></span> 
     </span>
    </p>
   </div>
   <div class='ocr_carea' id='block_1_55' title="bbox 1986 1234 3583 1306">
    <p class='ocr_par' dir='ltr' id='par_1_55' title="bbox 1986 1234 3583 1306">
     <span class='ocr_line' id='line_1_55' title="bbox 1986 1234 3583 1306; baseline 0.002 -17"><span class='ocrx_word' id='word_1_382' title='bbox 1986 1234 2104 1306; x_wconf 89' lang='lat' dir='ltr'><strong>ejus</strong></span> <span class='ocrx_word' id='word_1_383' title='bbox 2133 1234 2278 1288; x_wconf 90' lang='lat' dir='ltr'><strong>ﬁlius</strong></span> <span class='ocrx_word' id='word_1_384' title='bbox 2304 1249 2334 1288; x_wconf 89' lang='lat' dir='ltr'><strong>a</strong></span> <span class='ocrx_word' id='word_1_385' title='bbox 2377 1248 2553 1303; x_wconf 89' lang='lat' dir='ltr'><strong>regno</strong></span> <span class='ocrx_word' id='word_1_386' title='bbox 2600 1241 2972 1299; x_wconf 90' lang='lat' dir='ltr'><strong>removeatur,</strong></span> <span class='ocrx_word' id='word_1_387' title='bbox 3002 1234 3292 1289; x_wconf 90' lang='lat' dir='ltr'><strong>consilium</strong></span> <span class='ocrx_word' id='word_1_388' title='bbox 3324 1236 3394 1290; x_wconf 89' lang='lat' dir='ltr'><strong>ab</strong></span> <span class='ocrx_word' id='word_1_389' title='bbox 3424 1252 3484 1291; x_wconf 89' lang='lat' dir='ltr'><strong>ea</strong></span> <span class='ocrx_word' id='word_1_390' title='bbox 3529 1245 3583 1292; x_wconf 91' lang='lat' dir='ltr'><strong>et</strong></span> 
     </span>
    </p>
   </div>
   <div class='ocr_carea' id='block_1_56' title="bbox 1985 1326 3583 1399">
    <p class='ocr_par' dir='ltr' id='par_1_56' title="bbox 1985 1326 3583 1399">
     <span class='ocr_line' id='line_1_56' title="bbox 1985 1326 3583 1399; baseline 0 -16"><span class='ocrx_word' id='word_1_391' title='bbox 1985 1344 2017 1383; x_wconf 88' lang='lat' dir='ltr'><strong>a</strong></span> <span class='ocrx_word' id='word_1_392' title='bbox 2072 1328 2232 1382; x_wconf 92' lang='lat' dir='ltr'><strong>nobis</strong></span> <span class='ocrx_word' id='word_1_393' title='bbox 2289 1326 2598 1398; x_wconf 87' lang='lat' dir='ltr'><strong>requiratur</strong></span> <span class='ocrx_word' id='word_1_394' title='bbox 2649 1326 2716 1382; x_wconf 90' lang='lat' dir='ltr'><strong>de</strong></span> <span class='ocrx_word' id='word_1_395' title='bbox 2763 1326 2985 1382; x_wconf 88' lang='lat' dir='ltr'><strong>inventa</strong></span> <span class='ocrx_word' id='word_1_396' title='bbox 3030 1342 3259 1398; x_wconf 85' lang='lat' dir='ltr'><strong>persona</strong></span> <span class='ocrx_word' id='word_1_397' title='bbox 3314 1327 3382 1382; x_wconf 91' lang='lat' dir='ltr'><strong>ad</strong></span> <span class='ocrx_word' id='word_1_398' title='bbox 3429 1330 3583 1399; x_wconf 88' lang='lat' dir='ltr'><strong>regni</strong></span> 
     </span>
    </p>
   </div>
   <div class='ocr_carea' id='block_1_57' title="bbox 1986 1420 3584 1493">
    <p class='ocr_par' dir='ltr' id='par_1_57' title="bbox 1986 1420 3584 1493">
     <span class='ocr_line' id='line_1_57' title="bbox 1986 1420 3584 1493; baseline 0 -17"><span class='ocrx_word' id='word_1_399' title='bbox 1986 1421 2375 1493; x_wconf 86' lang='lat' dir='ltr'><strong>gubernacula.</strong></span> <span class='ocrx_word' id='word_1_400' title='bbox 2431 1422 2585 1475; x_wconf 91' lang='lat' dir='ltr'><strong>Tunc</strong></span> <span class='ocrx_word' id='word_1_401' title='bbox 2633 1427 2728 1476; x_wconf 91' lang='lat' dir='ltr'><strong>aut</strong></span> <span class='ocrx_word' id='word_1_402' title='bbox 2777 1430 2971 1475; x_wconf 90' lang='lat' dir='ltr'><strong>nostro</strong></span> <span class='ocrx_word' id='word_1_403' title='bbox 3020 1420 3302 1476; x_wconf 91' lang='lat' dir='ltr'><strong>communi</strong></span> <span class='ocrx_word' id='word_1_404' title='bbox 3357 1421 3584 1476; x_wconf 90' lang='lat' dir='ltr'><strong>consilio</strong></span> 
     </span>
    </p>
   </div>
   <div class='ocr_carea' id='block_1_58' title="bbox 1984 1513 3583 1583">
    <p class='ocr_par' dir='ltr' id='par_1_58' title="bbox 1984 1513 3583 1583">
     <span class='ocr_line' id='line_1_58' title="bbox 1984 1513 3583 1583; baseline 0.001 -15"><span class='ocrx_word' id='word_1_405' title='bbox 1984 1529 2270 1569; x_wconf 90' lang='lat' dir='ltr'><strong>assensum</strong></span> <span class='ocrx_word' id='word_1_406' title='bbox 2314 1514 2598 1583; x_wconf 79' lang='lat' dir='ltr'><strong>praebebit,</strong></span> <span class='ocrx_word' id='word_1_407' title='bbox 2643 1520 2737 1569; x_wconf 88' lang='lat' dir='ltr'><strong>aut</strong></span> <span class='ocrx_word' id='word_1_408' title='bbox 2763 1514 3075 1583; x_wconf 87' lang='lat' dir='ltr'><strong>apostolica</strong></span> <span class='ocrx_word' id='word_1_409' title='bbox 3102 1514 3243 1569; x_wconf 88' lang='lat' dir='ltr'><strong>sedis</strong></span> <span class='ocrx_word' id='word_1_410' title='bbox 3286 1513 3583 1569; x_wconf 88' lang='lat' dir='ltr'><strong>auctoritas</strong></span> 
     </span>
    </p>
   </div>
   <div class='ocr_carea' id='block_1_59' title="bbox 1986 1606 3586 1678">
    <p class='ocr_par' dir='ltr' id='par_1_59' title="bbox 1986 1606 3586 1678">
     <span class='ocr_line' id='line_1_59' title="bbox 1986 1606 3586 1678; baseline -0.001 -15"><span class='ocrx_word' id='word_1_411' title='bbox 1986 1608 2170 1663; x_wconf 91' lang='lat' dir='ltr'><strong>omnia</strong></span> <span class='ocrx_word' id='word_1_412' title='bbox 2222 1606 2437 1662; x_wconf 90' lang='lat' dir='ltr'><strong>vincula</strong></span> <span class='ocrx_word' id='word_1_413' title='bbox 2482 1622 2606 1678; x_wconf 85' lang='lat' dir='ltr'><strong>qua</strong></span> <span class='ocrx_word' id='word_1_414' title='bbox 2643 1606 2901 1662; x_wconf 89' lang='lat' dir='ltr'><strong>videntur</strong></span> <span class='ocrx_word' id='word_1_415' title='bbox 2927 1607 3151 1678; x_wconf 89' lang='lat' dir='ltr'><strong>justitia</strong></span> <span class='ocrx_word' id='word_1_416' title='bbox 3203 1606 3586 1662; x_wconf 89' lang='lat' dir='ltr'><strong>contradicere</strong></span> 
     </span>
    </p>
   </div>
   <div class='ocr_carea' id='block_1_60' title="bbox 1986 1700 3585 1772">
    <p class='ocr_par' dir='ltr' id='par_1_60' title="bbox 1986 1700 3585 1772">
     <span class='ocr_line' id='line_1_60' title="bbox 1986 1700 3585 1772; baseline 0.001 -17"><span class='ocrx_word' id='word_1_417' title='bbox 1986 1700 2307 1756; x_wconf 89' lang='lat' dir='ltr'><strong>removebit.</strong></span> <span class='ocrx_word' id='word_1_418' title='bbox 2338 1702 2418 1754; x_wconf 93' lang='lat' dir='ltr'><strong>De</strong></span> <span class='ocrx_word' id='word_1_419' title='bbox 2446 1700 2937 1755; x_wconf 85' lang='lat' dir='ltr'><strong>excommunicatis</strong></span> <span class='ocrx_word' id='word_1_420' title='bbox 2956 1711 3140 1755; x_wconf 89' lang='lat' dir='ltr'><strong>autem</strong></span> <span class='ocrx_word' id='word_1_421' title='bbox 3164 1701 3280 1772; x_wconf 90' lang='lat' dir='ltr'><strong>jam</strong></span> <span class='ocrx_word' id='word_1_422' title='bbox 3311 1716 3403 1755; x_wconf 91' lang='lat' dir='ltr'><strong>me</strong></span> <span class='ocrx_word' id='word_1_423' title='bbox 3433 1701 3585 1756; x_wconf 77' lang='lat' dir='ltr'><strong>vobis</strong></span> 
     </span>
    </p>
   </div>
   <div class='ocr_carea' id='block_1_61' title="bbox 1986 1792 3586 1864">
    <p class='ocr_par' dir='ltr' id='par_1_61' title="bbox 1986 1792 3586 1864">
     <span class='ocr_line' id='line_1_61' title="bbox 1986 1792 3586 1864; baseline -0.001 -15"><span class='ocrx_word' id='word_1_424' title='bbox 1986 1793 2197 1849; x_wconf 90' lang='lat' dir='ltr'><strong>dedisse</strong></span> <span class='ocrx_word' id='word_1_425' title='bbox 2225 1794 2518 1855; x_wconf 84' lang='lat' dir='ltr'><strong>licentiam,</strong></span> <span class='ocrx_word' id='word_1_426' title='bbox 2561 1794 2655 1864; x_wconf 91' lang='lat' dir='ltr'><strong>qui</strong></span> <span class='ocrx_word' id='word_1_427' title='bbox 2697 1792 2864 1848; x_wconf 90' lang='lat' dir='ltr'><strong>ﬁdem</strong></span> <span class='ocrx_word' id='word_1_428' title='bbox 2902 1793 3263 1848; x_wconf 84' lang='lat' dir='ltr'><strong>Christianam</strong></span> <span class='ocrx_word' id='word_1_429' title='bbox 3308 1793 3389 1864; x_wconf 89' lang='lat' dir='ltr'><strong>(ut</strong></span> <span class='ocrx_word' id='word_1_430' title='bbox 3429 1793 3586 1849; x_wconf 89' lang='lat' dir='ltr'><strong>decet</strong></span> 
     </span>
    </p>
   </div>
   <div class='ocr_carea' id='block_1_62' title="bbox 1987 1885 3586 1958">
    <p class='ocr_par' dir='ltr' id='par_1_62' title="bbox 1987 1885 3586 1958">
     <span class='ocr_line' id='line_1_62' title="bbox 1987 1885 3586 1958; baseline -0.001 -16"><span class='ocrx_word' id='word_1_431' title='bbox 1987 1889 2290 1958; x_wconf 81' lang='lat' dir='ltr'><strong>episcOpos)</strong></span> <span class='ocrx_word' id='word_1_432' title='bbox 2341 1886 2650 1954; x_wconf 86' lang='lat' dir='ltr'><strong>defenditis,</strong></span> <span class='ocrx_word' id='word_1_433' title='bbox 2710 1896 2773 1941; x_wconf 93' lang='lat' dir='ltr'><strong>ut</strong></span> <span class='ocrx_word' id='word_1_434' title='bbox 2828 1886 3142 1955; x_wconf 91' lang='lat' dir='ltr'><strong>absolvatis,</strong></span> <span class='ocrx_word' id='word_1_435' title='bbox 3193 1885 3474 1955; x_wconf 88' lang='lat' dir='ltr'><strong>recordor,</strong></span> <span class='ocrx_word' id='word_1_436' title='bbox 3530 1895 3586 1941; x_wconf 90' lang='lat' dir='ltr'><strong>et</strong></span> 
     </span>
    </p>
   </div>
   <div class='ocr_carea' id='block_1_63' title="bbox 1987 1979 3586 2050">
    <p class='ocr_par' dir='ltr' id='par_1_63' title="bbox 1987 1979 3586 2050">
     <span class='ocr_line' id='line_1_63' title="bbox 1987 1979 3586 2050; baseline -0.001 -16"><span class='ocrx_word' id='word_1_437' title='bbox 1987 1980 2165 2036; x_wconf 84' lang='lat' dir='ltr'><strong>adhuc</strong></span> <span class='ocrx_word' id='word_1_438' title='bbox 2211 1980 2315 2034; x_wconf 91' lang='lat' dir='ltr'><strong>hoc</strong></span> <span class='ocrx_word' id='word_1_439' title='bbox 2344 1980 2490 2035; x_wconf 89' lang='lat' dir='ltr'><strong>idem</strong></span> <span class='ocrx_word' id='word_1_440' title='bbox 2519 1979 2810 2047; x_wconf 62' lang='lat' dir='ltr'><strong>cmﬁrmo,</strong></span> <span class='ocrx_word' id='word_1_441' title='bbox 2861 1980 2905 2033; x_wconf 90' lang='lat' dir='ltr'><strong>si</strong></span> <span class='ocrx_word' id='word_1_442' title='bbox 2931 1995 3116 2034; x_wconf 88' lang='lat' dir='ltr'><strong>revera</strong></span> <span class='ocrx_word' id='word_1_443' title='bbox 3164 1979 3487 2050; x_wconf 90' lang='lat' dir='ltr'><strong>resipuerint</strong></span> <span class='ocrx_word' id='word_1_444' title='bbox 3533 1987 3586 2035; x_wconf 90' lang='lat' dir='ltr'><strong>et</strong></span> 
     </span>
    </p>
   </div>
   <div class='ocr_carea' id='block_1_64' title="bbox 1986 2073 2923 2144">
    <p class='ocr_par' dir='ltr' id='par_1_64' title="bbox 1986 2073 2923 2144">
     <span class='ocr_line' id='line_1_64' title="bbox 1986 2073 2923 2144; baseline -0.001 -16"><span class='ocrx_word' id='word_1_445' title='bbox 1986 2073 2265 2129; x_wconf 87' lang='lat' dir='ltr'><strong>humiliter</strong></span> <span class='ocrx_word' id='word_1_446' title='bbox 2292 2073 2672 2144; x_wconf 66' lang='lat' dir='ltr'><strong>paenitentiam</strong></span> <span class='ocrx_word' id='word_1_447' title='bbox 2699 2073 2923 2143; x_wconf 87' lang='lat' dir='ltr'><strong>egerint.</strong></span> 
     </span>
    </p>
   </div>
   <div class='ocr_carea' id='block_1_65' title="bbox 2058 2163 3584 2237">
    <p class='ocr_par' dir='ltr' id='par_1_65' title="bbox 2058 2163 3584 2237">
     <span class='ocr_line' id='line_1_65' title="bbox 2058 2163 3584 2237; baseline -0.002 -15"><span class='ocrx_word' id='word_1_448' title='bbox 2058 2170 2199 2222; x_wconf 88' lang='lat' dir='ltr'><strong>Data</strong></span> <span class='ocrx_word' id='word_1_449' title='bbox 2250 2167 2530 2235; x_wconf 88' lang='lat' dir='ltr'><strong>Laurenti,</strong></span> <span class='ocrx_word' id='word_1_450' title='bbox 2588 2166 2756 2221; x_wconf 89' lang='lat' dir='ltr'><strong>tertio</strong></span> <span class='ocrx_word' id='word_1_451' title='bbox 2806 2169 2997 2222; x_wconf 88' lang='lat' dir='ltr'><strong>Nonas</strong></span> <span class='ocrx_word' id='word_1_452' title='bbox 3042 2164 3399 2237; x_wconf 89' lang='lat' dir='ltr'><strong>Septembris,</strong></span> <span class='ocrx_word' id='word_1_453' title='bbox 3449 2163 3584 2221; x_wconf 89' lang='lat' dir='ltr'><strong>indi-</strong></span> 
     </span>
    </p>
   </div>
   <div class='ocr_carea' id='block_1_66' title="bbox 1985 2259 2976 2332">
    <p class='ocr_par' dir='ltr' id='par_1_66' title="bbox 1985 2259 2976 2332">
     <span class='ocr_line' id='line_1_66' title="bbox 1985 2259 2976 2332; baseline -0.002 -17"><span class='ocrx_word' id='word_1_454' title='bbox 1985 2260 2167 2317; x_wconf 90' lang='lat' dir='ltr'><strong>ctione</strong></span> <span class='ocrx_word' id='word_1_455' title='bbox 2204 2260 2497 2332; x_wconf 87' lang='lat' dir='ltr'><strong>incipiente</strong></span> <span class='ocrx_word' id='word_1_456' title='bbox 2526 2261 2736 2316; x_wconf 92' lang='lat' dir='ltr'><strong>decima</strong></span> <span class='ocrx_word' id='word_1_457' title='bbox 2767 2259 2976 2330; x_wconf 91' lang='lat' dir='ltr'><strong>quinta.</strong></span> 
     </span>
    </p>
   </div>
   <div class='ocr_carea' id='block_1_67' title="bbox 2556 2353 3015 2409">
    <p class='ocr_par' dir='ltr' id='par_1_67' title="bbox 2556 2353 3015 2409">
     <span class='ocr_line' id='line_1_67' title="bbox 2556 2353 3015 2409; baseline 0 0"><span class='ocrx_word' id='word_1_458' title='bbox 2556 2353 2900 2409; x_wconf 78' lang='lat' dir='ltr'><strong>EPISTOLA</strong></span> <span class='ocrx_word' id='word_1_459' title='bbox 2921 2355 3015 2409; x_wconf 88' lang='lat' dir='ltr'><strong>1V.</strong></span> 
     </span>
    </p>
   </div>
   <div class='ocr_carea' id='block_1_68' title="bbox 2523 2456 3038 2498">
    <p class='ocr_par' dir='ltr' id='par_1_68' title="bbox 2523 2456 3038 2498">
     <span class='ocr_line' id='line_1_68' title="bbox 2523 2456 3038 2498; baseline 0.002 -1"><span class='ocrx_word' id='word_1_460' title='bbox 2523 2457 2617 2497; x_wconf 81' lang='grc' dir='ltr'><strong>ΔΙ)</strong></span> <span class='ocrx_word' id='word_1_461' title='bbox 2654 2456 3038 2498; x_wconf 74' lang='lat' dir='ltr'><strong>DOLENSRS.</strong></span> 
     </span>
    </p>
   </div>
   <div class='ocr_carea' id='block_1_69' title="bbox 2588 2539 2991 2601">
    <p class='ocr_par' dir='ltr' id='par_1_69' title="bbox 2588 2539 2991 2601">
     <span class='ocr_line' id='line_1_69' title="bbox 2588 2539 2991 2601; baseline -0.005 -11"><span class='ocrx_word' id='word_1_462' title='bbox 2588 2540 2772 2601; x_wconf 78' lang='lat' dir='ltr'><strong>(Anno</strong></span> <span class='ocrx_word' id='word_1_463' title='bbox 2810 2539 2991 2600; x_wconf 76' lang='grc'><strong>1876.)</strong></span> 
     </span>
    </p>
   </div>
   <div class='ocr_carea' id='block_1_70' title="bbox 1991 2628 3583 2698">
    <p class='ocr_par' dir='ltr' id='par_1_70' title="bbox 1991 2628 3583 2698">
     <span class='ocr_line' id='line_1_70' title="bbox 1991 2628 3583 2698; baseline -0.002 -13"><span class='ocrx_word' id='word_1_464' title='bbox 1991 2632 2119 2687; x_wconf 88' lang='lat' dir='ltr'><strong>Cum</strong></span> <span class='ocrx_word' id='word_1_465' title='bbox 2161 2647 2264 2684; x_wconf 88' lang='lat' dir='ltr'><strong>non</strong></span> <span class='ocrx_word' id='word_1_466' title='bbox 2285 2632 2524 2698; x_wconf 84' lang='lat' dir='ltr'><strong>potuerit</strong></span> <span class='ocrx_word' id='word_1_467' title='bbox 2560 2645 2740 2683; x_wconf 88' lang='lat' dir='ltr'><strong>eorum</strong></span> <span class='ocrx_word' id='word_1_468' title='bbox 2782 2630 3054 2697; x_wconf 72' lang='lat' dir='ltr'><strong>petitioni,</strong></span> <span class='ocrx_word' id='word_1_469' title='bbox 3100 2628 3583 2683; x_wconf 69' lang='lat' dir='ltr'><strong>contradicentibus</strong></span> 
     </span>
    </p>
   </div>
   <div class='ocr_carea' id='block_1_71' title="bbox 2061 2698 3576 2767">
    <p class='ocr_par' dir='ltr' id='par_1_71' title="bbox 2061 2698 3576 2767">
     <span class='ocr_line' id='line_1_71' title="bbox 2061 2698 3576 2767; baseline -0.001 -12"><span class='ocrx_word' id='word_1_470' title='bbox 2061 2702 2363 2765; x_wconf 79' lang='lat' dir='ltr'><strong>canonlbus,</strong></span> <span class='ocrx_word' id='word_1_471' title='bbox 2387 2702 2705 2766; x_wconf 71' lang='lat' dir='ltr'><strong>satisfacere</strong></span> <span class='ocrx_word' id='word_1_472' title='bbox 2732 2702 2789 2752; x_wconf 83' lang='lat' dir='ltr'><strong>in.</strong></span> <span class='ocrx_word' id='word_1_473' title='bbox 2827 2698 3141 2751; x_wconf 71' lang='lat' dir='ltr'><strong>ordinando</strong></span> <span class='ocrx_word' id='word_1_474' title='bbox 3176 2701 3576 2767; x_wconf 72' lang='lat' dir='ltr'><strong>archiepiscopo</strong></span> 
     </span>
    </p>
   </div>
   <div class='ocr_carea' id='block_1_72' title="bbox 2060 2770 3582 2841">
    <p class='ocr_par' dir='ltr' id='par_1_72' title="bbox 2060 2770 3582 2841">
     <span class='ocr_line' id='line_1_72' title="bbox 2060 2770 3582 2841; baseline -0.002 -16"><span class='ocrx_word' id='word_1_475' title='bbox 2060 2773 2289 2841; x_wconf 82' lang='lat' dir='ltr'><strong>quodam</strong></span> <span class='ocrx_word' id='word_1_476' title='bbox 2311 2772 2507 2839; x_wconf 78' lang='lat' dir='ltr'><strong>juvene</strong></span> <span class='ocrx_word' id='word_1_477' title='bbox 2537 2771 2606 2823; x_wconf 85' lang='lat' dir='ltr'><strong>ab</strong></span> <span class='ocrx_word' id='word_1_478' title='bbox 2657 2772 2730 2824; x_wconf 83' lang='lat' dir='ltr'><strong>eis</strong></span> <span class='ocrx_word' id='word_1_479' title='bbox 2773 2770 2952 2834; x_wconf 85' lang='lat' dir='ltr'><strong>electo,</strong></span> <span class='ocrx_word' id='word_1_480' title='bbox 2984 2770 3221 2837; x_wconf 83' lang='lat' dir='ltr'><strong>ejusdem</strong></span> <span class='ocrx_word' id='word_1_481' title='bbox 3250 2771 3464 2837; x_wconf 81' lang='lat' dir='ltr'><strong>juvenis</strong></span> <span class='ocrx_word' id='word_1_482' title='bbox 3496 2786 3582 2822; x_wconf 80' lang='lat' dir='ltr'><strong>ro-</strong></span> 
     </span>
    </p>
   </div>
   <div class='ocr_carea' id='block_1_73' title="bbox 2063 2841 3587 2913">
    <p class='ocr_par' dir='ltr' id='par_1_73' title="bbox 2063 2841 3587 2913">
     <span class='ocr_line' id='line_1_73' title="bbox 2063 2841 3587 2913; baseline -0.002 -16"><span class='ocrx_word' id='word_1_483' title='bbox 2063 2849 2196 2913; x_wconf 87' lang='lat' dir='ltr'><strong>gatu</strong></span> <span class='ocrx_word' id='word_1_484' title='bbox 2217 2843 2461 2896; x_wconf 82' lang='lat' dir='ltr'><strong>abbatem</strong></span> <span class='ocrx_word' id='word_1_485' title='bbox 2484 2843 2668 2896; x_wconf 82' lang='lat' dir='ltr'><strong>Sancti</strong></span> <span class='ocrx_word' id='word_1_486' title='bbox 2690 2841 2921 2913; x_wconf 14' lang='lat' dir='ltr'><strong>Melarii,</strong></span> <span class='ocrx_word' id='word_1_487' title='bbox 2937 2841 3214 2913; x_wconf 67' lang='lat' dir='ltr'><strong>[Melanii]</strong></span> <span class='ocrx_word' id='word_1_488' title='bbox 3241 2842 3587 2909; x_wconf 68' lang='lat' dir='ltr'><strong>archiepisco-</strong></span> 
     </span>
    </p>
   </div>
   <div class='ocr_carea' id='block_1_74' title="bbox 2058 2911 3296 2984">
    <p class='ocr_par' dir='ltr' id='par_1_74' title="bbox 2058 2911 3296 2984">
     <span class='ocr_line' id='line_1_74' title="bbox 2058 2911 3296 2984; baseline -0.003 -16"><span class='ocrx_word' id='word_1_489' title='bbox 2058 2911 2189 2984; x_wconf 76' lang='lat' dir='ltr'><strong>pum</strong></span> <span class='ocrx_word' id='word_1_490' title='bbox 2217 2913 2489 2967; x_wconf 74' lang='lat' dir='ltr'><strong>ordinasse</strong></span> <span class='ocrx_word' id='word_1_491' title='bbox 2510 2914 2612 2975; x_wconf 83' lang='lat' dir='ltr'><strong>ait;</strong></span> <span class='ocrx_word' id='word_1_492' title='bbox 2645 2914 2730 2964; x_wconf 85' lang='lat' dir='ltr'><strong>cui</strong></span> <span class='ocrx_word' id='word_1_493' title='bbox 2759 2925 2841 2964; x_wconf 87' lang='lat' dir='ltr'><strong>eos</strong></span> <span class='ocrx_word' id='word_1_494' title='bbox 2872 2911 3085 2963; x_wconf 84' lang='lat' dir='ltr'><strong>obedire</strong></span> <span class='ocrx_word' id='word_1_495' title='bbox 3104 2916 3296 2964; x_wconf 83' lang='lat' dir='ltr'><strong>monet.</strong></span> 
     </span>
    </p>
   </div>
   <div class='ocr_carea' id='block_1_75' title="bbox 2064 3003 3585 3075">
    <p class='ocr_par' dir='ltr' id='par_1_75' title="bbox 2064 3003 3585 3075">
     <span class='ocr_line' id='line_1_75' title="bbox 2064 3003 3585 3075; baseline -0.004 -11"><span class='ocrx_word' id='word_1_496' title='bbox 2064 3009 2419 3064; x_wconf 77' lang='lat' dir='ltr'><strong>GBEGOBIUS</strong></span> <span class='ocrx_word' id='word_1_497' title='bbox 2443 3004 2752 3075; x_wconf 90' lang='lat' dir='ltr'><strong>episcopus,</strong></span> <span class='ocrx_word' id='word_1_498' title='bbox 2781 3017 3262 3057; x_wconf 86' lang='lat' dir='ltr'><strong>servusservorum</strong></span> <span class='ocrx_word' id='word_1_499' title='bbox 3288 3003 3407 3071; x_wconf 90' lang='lat' dir='ltr'><strong>Dei,</strong></span> <span class='ocrx_word' id='word_1_500' title='bbox 3440 3003 3585 3059; x_wconf 90' lang='lat' dir='ltr'><strong>clero</strong></span> 
     </span>
    </p>
   </div>
   <div class='ocr_carea' id='block_1_76' title="bbox 1998 3093 3591 3172">
    <p class='ocr_par' dir='ltr' id='par_1_76' title="bbox 1998 3093 3591 3172">
     <span class='ocr_line' id='line_1_76' title="bbox 1998 3093 3591 3172; baseline -0.003 -16"><span class='ocrx_word' id='word_1_501' title='bbox 1998 3109 2051 3157; x_wconf 89' lang='lat' dir='ltr'><strong>et</strong></span> <span class='ocrx_word' id='word_1_502' title='bbox 2088 3100 2287 3172; x_wconf 92' lang='lat' dir='ltr'><strong>populo</strong></span> <span class='ocrx_word' id='word_1_503' title='bbox 2316 3098 2540 3154; x_wconf 92' lang='lat' dir='ltr'><strong>Dolensi</strong></span> <span class='ocrx_word' id='word_1_504' title='bbox 2572 3097 2628 3151; x_wconf 90' lang='lat' dir='ltr'><strong>in</strong></span> <span class='ocrx_word' id='word_1_505' title='bbox 2670 3094 2971 3165; x_wconf 88' lang='lat' dir='ltr'><strong>Britannia,</strong></span> <span class='ocrx_word' id='word_1_506' title='bbox 3004 3093 3237 3152; x_wconf 91' lang='lat' dir='ltr'><strong>salutem</strong></span> <span class='ocrx_word' id='word_1_507' title='bbox 3265 3104 3320 3151; x_wconf 92' lang='lat' dir='ltr'><strong>et</strong></span> <span class='ocrx_word' id='word_1_508' title='bbox 3365 3105 3591 3168; x_wconf 90' lang='lat' dir='ltr'><strong>aposto-</strong></span> 
     </span>
    </p>
   </div>
   <div class='ocr_carea' id='block_1_77' title="bbox 1997 3190 2631 3250">
    <p class='ocr_par' dir='ltr' id='par_1_77' title="bbox 1997 3190 2631 3250">
     <span class='ocr_line' id='line_1_77' title="bbox 1997 3190 2631 3250; baseline -0.008 -1"><span class='ocrx_word' id='word_1_509' title='bbox 1997 3195 2156 3250; x_wconf 89' lang='lat' dir='ltr'><strong>licam</strong></span> <span class='ocrx_word' id='word_1_510' title='bbox 2175 3190 2631 3248; x_wconf 85' lang='lat' dir='ltr'><strong>benedictionem.</strong></span> 
     </span>
    </p>
   </div>
   <div class='ocr_carea' id='block_1_78' title="bbox 2063 3280 3592 3356">
    <p class='ocr_par' dir='ltr' id='par_1_78' title="bbox 2063 3280 3592 3356">
     <span class='ocr_line' id='line_1_78' title="bbox 2063 3280 3592 3356; baseline -0.003 -15"><span class='ocrx_word' id='word_1_511' title='bbox 2063 3287 2283 3341; x_wconf 90' lang='lat' dir='ltr'><strong>Misistis</strong></span> <span class='ocrx_word' id='word_1_512' title='bbox 2310 3284 2381 3340; x_wconf 86' lang='lat' dir='ltr'><strong>ad</strong></span> <span class='ocrx_word' id='word_1_513' title='bbox 2404 3300 2505 3340; x_wconf 91' lang='lat' dir='ltr'><strong>nos</strong></span> <span class='ocrx_word' id='word_1_514' title='bbox 2534 3281 2829 3356; x_wconf 88' lang='lat' dir='ltr'><strong>quemdam</strong></span> <span class='ocrx_word' id='word_1_515' title='bbox 2851 3282 3139 3355; x_wconf 89' lang='lat' dir='ltr'><strong>juvenem,</strong></span> <span class='ocrx_word' id='word_1_516' title='bbox 3164 3290 3409 3353; x_wconf 85' lang='lat' dir='ltr'><strong>petentes</strong></span> <span class='ocrx_word' id='word_1_517' title='bbox 3438 3280 3592 3337; x_wconf 89' lang='lat' dir='ltr'><strong>vobis</strong></span> 
     </span>
    </p>
   </div>
   <div class='ocr_carea' id='block_1_79' title="bbox 1993 3375 3590 3448">
    <p class='ocr_par' dir='ltr' id='par_1_79' title="bbox 1993 3375 3590 3448">
     <span class='ocr_line' id='line_1_79' title="bbox 1993 3375 3590 3448; baseline -0.005 -11"><span class='ocrx_word' id='word_1_518' title='bbox 1993 3399 2023 3437; x_wconf 90' lang='lat' dir='ltr'><strong>a</strong></span> <span class='ocrx_word' id='word_1_519' title='bbox 2094 3380 2250 3436; x_wconf 88' lang='lat' dir='ltr'><strong>nobis</strong></span> <span class='ocrx_word' id='word_1_520' title='bbox 2304 3379 2455 3433; x_wconf 92' lang='lat' dir='ltr'><strong>illum</strong></span> <span class='ocrx_word' id='word_1_521' title='bbox 2523 3377 2761 3433; x_wconf 90' lang='lat' dir='ltr'><strong>ordinari</strong></span> <span class='ocrx_word' id='word_1_522' title='bbox 2832 3376 3163 3448; x_wconf 85' lang='lat' dir='ltr'><strong>pontiﬁcem;</strong></span> <span class='ocrx_word' id='word_1_523' title='bbox 3229 3376 3315 3431; x_wconf 92' lang='lat' dir='ltr'><strong>cui</strong></span> <span class='ocrx_word' id='word_1_524' title='bbox 3367 3375 3590 3447; x_wconf 91' lang='lat' dir='ltr'><strong>quidem</strong></span> 
     </span>
    </p>
   </div>
   <div class='ocr_carea' id='block_1_80' title="bbox 1995 3468 3589 3547">
    <p class='ocr_par' dir='ltr' id='par_1_80' title="bbox 1995 3468 3589 3547">
     <span class='ocr_line' id='line_1_80' title="bbox 1995 3468 3589 3547; baseline -0.004 -18"><span class='ocrx_word' id='word_1_525' title='bbox 1995 3473 2258 3547; x_wconf 89' lang='lat' dir='ltr'><strong>petitioni,</strong></span> <span class='ocrx_word' id='word_1_526' title='bbox 2339 3471 2604 3542; x_wconf 90' lang='lat' dir='ltr'><strong>quoniam</strong></span> <span class='ocrx_word' id='word_1_527' title='bbox 2673 3469 2813 3525; x_wconf 87' lang='lat' dir='ltr'><strong>sacri</strong></span> <span class='ocrx_word' id='word_1_528' title='bbox 2877 3485 3117 3524; x_wconf 88' lang='lat' dir='ltr'><strong>canones</strong></span> <span class='ocrx_word' id='word_1_529' title='bbox 3189 3468 3589 3534; x_wconf 88' lang='lat' dir='ltr'><strong>contradicunt,</strong></span> 
     </span>
    </p>
   </div>
   <div class='ocr_carea' id='block_1_81' title="bbox 1993 3560 3588 3635">
    <p class='ocr_par' dir='ltr' id='par_1_81' title="bbox 1993 3560 3588 3635">
     <span class='ocr_line' id='line_1_81' title="bbox 1993 3560 3588 3635; baseline -0.004 -12"><span class='ocrx_word' id='word_1_530' title='bbox 1993 3582 2275 3623; x_wconf 89' lang='lat' dir='ltr'><strong>assensum</strong></span> <span class='ocrx_word' id='word_1_531' title='bbox 2327 3564 2573 3635; x_wconf 75' lang='lat' dir='ltr'><strong>praebere</strong></span> <span class='ocrx_word' id='word_1_532' title='bbox 2619 3578 2958 3633; x_wconf 88' lang='lat' dir='ltr'><strong>nequaquam</strong></span> <span class='ocrx_word' id='word_1_533' title='bbox 3008 3562 3309 3632; x_wconf 87' lang='lat' dir='ltr'><strong>potuimus.</strong></span> <span class='ocrx_word' id='word_1_534' title='bbox 3354 3564 3465 3616; x_wconf 82' lang='lat' dir='ltr'><strong>Nos</strong></span> <span class='ocrx_word' id='word_1_535' title='bbox 3486 3560 3588 3616; x_wconf 88' lang='lat' dir='ltr'><strong>de-</strong></span> 
     </span>
    </p>
   </div>
   <div class='ocr_carea' id='block_1_82' title="bbox 1991 3654 3593 3733">
    <p class='ocr_par' dir='ltr' id='par_1_82' title="bbox 1991 3654 3593 3733">
     <span class='ocr_line' id='line_1_82' title="bbox 1991 3654 3593 3733; baseline -0.007 -15"><span class='ocrx_word' id='word_1_536' title='bbox 1991 3662 2155 3733; x_wconf 87' lang='lat' dir='ltr'><strong>nique</strong></span> <span class='ocrx_word' id='word_1_537' title='bbox 2219 3665 2578 3731; x_wconf 84' lang='lat' dir='ltr'><strong>cognoceutes</strong></span> <span class='ocrx_word' id='word_1_538' title='bbox 2658 3656 2957 3711; x_wconf 85' lang='lat' dir='ltr'><strong>Ecclesiam</strong></span> <span class='ocrx_word' id='word_1_539' title='bbox 3030 3665 3265 3709; x_wconf 89' lang='lat' dir='ltr'><strong>vestram</strong></span> <span class='ocrx_word' id='word_1_540' title='bbox 3340 3654 3432 3708; x_wconf 85' lang='lat' dir='ltr'><strong>diu</strong></span> <span class='ocrx_word' id='word_1_541' title='bbox 3491 3670 3593 3708; x_wconf 89' lang='lat' dir='ltr'><strong>ne-</strong></span> 
     </span>
    </p>
   </div>
   <div class='ocr_carea' id='block_1_83' title="bbox 1992 3746 3589 3829">
    <p class='ocr_par' dir='ltr' id='par_1_83' title="bbox 1992 3746 3589 3829">
     <span class='ocr_line' id='line_1_83' title="bbox 1992 3746 3589 3829; baseline -0.007 -18"><span class='ocrx_word' id='word_1_542' title='bbox 1992 3754 2238 3829; x_wconf 89' lang='lat' dir='ltr'><strong>quissimi</strong></span> <span class='ocrx_word' id='word_1_543' title='bbox 2268 3750 2573 3825; x_wconf 89' lang='lat' dir='ltr'><strong>pervasoris</strong></span> <span class='ocrx_word' id='word_1_544' title='bbox 2603 3749 2887 3822; x_wconf 88' lang='lat' dir='ltr'><strong>tyrannide</strong></span> <span class='ocrx_word' id='word_1_545' title='bbox 2917 3764 3253 3819; x_wconf 88' lang='lat' dir='ltr'><strong>oppressam,</strong></span> <span class='ocrx_word' id='word_1_546' title='bbox 3299 3764 3365 3802; x_wconf 87' lang='lat' dir='ltr'><strong>ex</strong></span> <span class='ocrx_word' id='word_1_547' title='bbox 3405 3746 3589 3802; x_wconf 89' lang='lat' dir='ltr'><strong>debito</strong></span> 
     </span>
    </p>
   </div>
   <div class='ocr_carea' id='block_1_84' title="bbox 1994 3839 3594 3911">
    <p class='ocr_par' dir='ltr' id='par_1_84' title="bbox 1994 3839 3594 3911">
     <span class='ocr_line' id='line_1_84' title="bbox 1994 3839 3594 3911; baseline -0.008 -6"><span class='ocrx_word' id='word_1_548' title='bbox 1994 3858 2052 3905; x_wconf 90' lang='lat' dir='ltr'><strong>et</strong></span> <span class='ocrx_word' id='word_1_549' title='bbox 2096 3846 2268 3904; x_wconf 91' lang='lat' dir='ltr'><strong>nostri</strong></span> <span class='ocrx_word' id='word_1_550' title='bbox 2339 3844 2505 3902; x_wconf 88' lang='lat' dir='ltr'><strong>ofﬁcii</strong></span> <span class='ocrx_word' id='word_1_551' title='bbox 2574 3843 3034 3909; x_wconf 90' lang='lat' dir='ltr'><strong>consideratione,</strong></span> <span class='ocrx_word' id='word_1_552' title='bbox 3100 3840 3401 3911; x_wconf 88' lang='lat' dir='ltr'><strong>apostolico</strong></span> <span class='ocrx_word' id='word_1_553' title='bbox 3472 3839 3594 3894; x_wconf 86' lang='lat' dir='ltr'><strong>fulti</strong></span> 
     </span>
    </p>
   </div>
   <div class='ocr_carea' id='block_1_85' title="bbox 1995 3932 3593 4016">
    <p class='ocr_par' dir='ltr' id='par_1_85' title="bbox 1995 3932 3593 4016">
     <span class='ocr_line' id='line_1_85' title="bbox 1995 3932 3593 4016; baseline -0.008 -17"><span class='ocrx_word' id='word_1_554' title='bbox 1995 3940 2268 4016; x_wconf 79' lang='lat' dir='ltr'><strong>praesidio,</strong></span> <span class='ocrx_word' id='word_1_555' title='bbox 2327 3947 2491 4011; x_wconf 91' lang='lat' dir='ltr'><strong>prout</strong></span> <span class='ocrx_word' id='word_1_556' title='bbox 2558 3937 2803 3992; x_wconf 89' lang='lat' dir='ltr'><strong>valemus</strong></span> <span class='ocrx_word' id='word_1_557' title='bbox 2855 3936 2908 3991; x_wconf 91' lang='lat' dir='ltr'><strong>in</strong></span> <span class='ocrx_word' id='word_1_558' title='bbox 2964 3934 3229 4004; x_wconf 91' lang='lat' dir='ltr'><strong>Domino,</strong></span> <span class='ocrx_word' id='word_1_559' title='bbox 3290 3932 3593 3989; x_wconf 89' lang='lat' dir='ltr'><strong>reformare</strong></span> 
     </span>
    </p>
   </div>
   <div class='ocr_carea' id='block_1_86' title="bbox 1993 4028 3594 4108">
    <p class='ocr_par' dir='ltr' id='par_1_86' title="bbox 1993 4028 3594 4108">
     <span class='ocr_line' id='line_1_86' title="bbox 1993 4028 3594 4108; baseline -0.008 -15"><span class='ocrx_word' id='word_1_560' title='bbox 1993 4037 2263 4108; x_wconf 90' lang='lat' dir='ltr'><strong>cupimus.</strong></span> <span class='ocrx_word' id='word_1_561' title='bbox 2309 4037 2673 4106; x_wconf 89' lang='lat' dir='ltr'><strong>Quapropter,</strong></span> <span class='ocrx_word' id='word_1_562' title='bbox 2725 4028 2967 4102; x_wconf 90' lang='lat' dir='ltr'><strong>ejusdem</strong></span> <span class='ocrx_word' id='word_1_563' title='bbox 3007 4028 3226 4099; x_wconf 90' lang='lat' dir='ltr'><strong>juvenis</strong></span> <span class='ocrx_word' id='word_1_564' title='bbox 3272 4034 3466 4097; x_wconf 90' lang='lat' dir='ltr'><strong>rogatu</strong></span> <span class='ocrx_word' id='word_1_565' title='bbox 3508 4042 3594 4081; x_wconf 87' lang='lat' dir='ltr'><strong>as-</strong></span> 
     </span>
    </p>
   </div>
   <div class='ocr_carea' id='block_1_87' title="bbox 1993 4118 3589 4201">
    <p class='ocr_par' dir='ltr' id='par_1_87' title="bbox 1993 4118 3589 4201">
     <span class='ocr_line' id='line_1_87' title="bbox 1993 4118 3589 4201; baseline -0.008 -14"><span class='ocrx_word' id='word_1_566' title='bbox 1993 4144 2261 4201; x_wconf 89' lang='lat' dir='ltr'><strong>sensuque</strong></span> <span class='ocrx_word' id='word_1_567' title='bbox 2326 4127 2605 4184; x_wconf 91' lang='lat' dir='ltr'><strong>sociorum</strong></span> <span class='ocrx_word' id='word_1_568' title='bbox 2652 4124 2791 4195; x_wconf 91' lang='lat' dir='ltr'><strong>ejus,</strong></span> <span class='ocrx_word' id='word_1_569' title='bbox 2845 4121 3025 4178; x_wconf 91' lang='lat' dir='ltr'><strong>Sancti</strong></span> <span class='ocrx_word' id='word_1_570' title='bbox 3072 4120 3279 4176; x_wconf 89' lang='lat' dir='ltr'><strong>Melarii</strong></span> <span class='ocrx_word' id='word_1_571' title='bbox 3327 4118 3589 4189; x_wconf 87' lang='lat' dir='ltr'><strong>[Melanii,</strong></span> 
     </span>
    </p>
   </div>
   <div class='ocr_carea' id='block_1_88' title="bbox 1992 4212 3595 4285">
    <p class='ocr_par' dir='ltr' id='par_1_88' title="bbox 1992 4212 3595 4285">
     <span class='ocr_line' id='line_1_88' title="bbox 1992 4212 3595 4285; baseline -0.006 -6"><span class='ocrx_word' id='word_1_572' title='bbox 1992 4227 2066 4280; x_wconf 83' lang='lat' dir='ltr'><strong>sic</strong></span> <span class='ocrx_word' id='word_1_573' title='bbox 2087 4228 2137 4279; x_wconf 86' lang='lat' dir='ltr'><strong>et</strong></span> <span class='ocrx_word' id='word_1_574' title='bbox 2161 4227 2221 4278; x_wconf 77' lang='lat' dir='ltr'><strong>in</strong></span> <span class='ocrx_word' id='word_1_575' title='bbox 2246 4222 2357 4277; x_wconf 87' lang='lat' dir='ltr'><strong>cod.</strong></span> <span class='ocrx_word' id='word_1_576' title='bbox 2387 4217 2874 4285; x_wconf 81' lang='lat' dir='ltr'><strong>Mutin.]abbatem</strong></span> <span class='ocrx_word' id='word_1_577' title='bbox 2905 4219 3132 4272; x_wconf 88' lang='lat' dir='ltr'><strong>Ivouem</strong></span> <span class='ocrx_word' id='word_1_578' title='bbox 3161 4212 3404 4281; x_wconf 87' lang='lat' dir='ltr'><strong>nomine,</strong></span> <span class='ocrx_word' id='word_1_579' title='bbox 3431 4228 3595 4285; x_wconf 89' lang='lat' dir='ltr'><strong>quem</strong></span> 
     </span>
    </p>
   </div>
   <div class='ocr_carea' id='block_1_89' title="bbox 2000 4306 3595 4383">
    <p class='ocr_par' dir='ltr' id='par_1_89' title="bbox 2000 4306 3595 4383">
     <span class='ocr_line' id='line_1_89' title="bbox 2000 4306 3595 4383; baseline -0.008 -10"><span class='ocrx_word' id='word_1_580' title='bbox 2000 4318 2069 4373; x_wconf 91' lang='lat' dir='ltr'><strong>ad</strong></span> <span class='ocrx_word' id='word_1_581' title='bbox 2104 4332 2205 4372; x_wconf 91' lang='lat' dir='ltr'><strong>nos</strong></span> <span class='ocrx_word' id='word_1_582' title='bbox 2245 4323 2422 4370; x_wconf 88' lang='lat' dir='ltr'><strong>vestra</strong></span> <span class='ocrx_word' id='word_1_583' title='bbox 2452 4312 2721 4383; x_wconf 87' lang='lat' dir='ltr'><strong>legatione</strong></span> <span class='ocrx_word' id='word_1_584' title='bbox 2770 4308 3015 4375; x_wconf 90' lang='lat' dir='ltr'><strong>misistis,</strong></span> <span class='ocrx_word' id='word_1_585' title='bbox 3070 4308 3247 4364; x_wconf 90' lang='lat' dir='ltr'><strong>virum</strong></span> <span class='ocrx_word' id='word_1_586' title='bbox 3296 4306 3485 4378; x_wconf 90' lang='lat' dir='ltr'><strong>utique</strong></span> <span class='ocrx_word' id='word_1_587' title='bbox 3516 4310 3595 4374; x_wconf 86' lang='lat' dir='ltr'><strong>(ut</strong></span> 
     </span>
    </p>
   </div>
   <div class='ocr_carea' id='block_1_90' title="bbox 2002 4402 3595 4476">
    <p class='ocr_par' dir='ltr' id='par_1_90' title="bbox 2002 4402 3595 4476">
     <span class='ocr_line' id='line_1_90' title="bbox 2002 4402 3595 4476; baseline -0.01 -9"><span class='ocrx_word' id='word_1_588' title='bbox 2002 4427 2099 4467; x_wconf 92' lang='lat' dir='ltr'><strong>vos</strong></span> <span class='ocrx_word' id='word_1_589' title='bbox 2126 4410 2264 4465; x_wconf 90' lang='lat' dir='ltr'><strong>bene</strong></span> <span class='ocrx_word' id='word_1_590' title='bbox 2292 4406 2482 4473; x_wconf 92' lang='lat' dir='ltr'><strong>nostis)</strong></span> <span class='ocrx_word' id='word_1_591' title='bbox 2529 4403 2869 4476; x_wconf 88' lang='lat' dir='ltr'><strong>prudentem,</strong></span> <span class='ocrx_word' id='word_1_592' title='bbox 2911 4402 3137 4464; x_wconf 89' lang='lat' dir='ltr'><strong>bonum,</strong></span> <span class='ocrx_word' id='word_1_593' title='bbox 3185 4408 3439 4455; x_wconf 89' lang='lat' dir='ltr'><strong>ornatum</strong></span> <span class='ocrx_word' id='word_1_594' title='bbox 3470 4414 3595 4452; x_wconf 91' lang='lat' dir='ltr'><strong>mo-</strong></span> 
     </span>
    </p>
   </div>
   <div class='ocr_carea' id='block_1_91' title="bbox 2001 4491 3594 4573">
    <p class='ocr_par' dir='ltr' id='par_1_91' title="bbox 2001 4491 3594 4573">
     <span class='ocr_line' id='line_1_91' title="bbox 2001 4491 3594 4573; baseline -0.011 -12"><span class='ocrx_word' id='word_1_595' title='bbox 2001 4505 2174 4573; x_wconf 90' lang='lat' dir='ltr'><strong>ribus,</strong></span> <span class='ocrx_word' id='word_1_596' title='bbox 2214 4501 2469 4573; x_wconf 90' lang='lat' dir='ltr'><strong>omnique</strong></span> <span class='ocrx_word' id='word_1_597' title='bbox 2493 4497 2757 4569; x_wconf 89' lang='lat' dir='ltr'><strong>religione</strong></span> <span class='ocrx_word' id='word_1_598' title='bbox 2801 4494 3052 4565; x_wconf 89' lang='lat' dir='ltr'><strong>dignum,</strong></span> <span class='ocrx_word' id='word_1_599' title='bbox 3087 4491 3233 4547; x_wconf 88' lang='lat' dir='ltr'><strong>vobis</strong></span> <span class='ocrx_word' id='word_1_600' title='bbox 3280 4492 3335 4545; x_wconf 93' lang='lat' dir='ltr'><strong>in</strong></span> <span class='ocrx_word' id='word_1_601' title='bbox 3372 4493 3594 4545; x_wconf 89' lang='lat' dir='ltr'><strong>Patrem</strong></span> 
     </span>
    </p>
   </div>
   <div class='ocr_carea' id='block_1_92' title="bbox 265 4584 3598 4678">
    <p class='ocr_par' dir='ltr' id='par_1_92' title="bbox 265 4584 3598 4678">
     <span class='ocr_line' id='line_1_92' title="bbox 265 4584 3598 4678; baseline -0.005 -20"><span class='ocrx_word' id='word_1_602' title='bbox 265 4602 472 4678; x_wconf 86' lang='lat' dir='ltr'><strong>(quod</strong></span> <span class='ocrx_word' id='word_1_603' title='bbox 516 4620 630 4659; x_wconf 88' lang='lat' dir='ltr'><strong>non</strong></span> <span class='ocrx_word' id='word_1_604' title='bbox 658 4611 961 4675; x_wconf 82' lang='lat' dir='ltr'><strong>Optamus),</strong></span> <span class='ocrx_word' id='word_1_605' title='bbox 998 4622 1063 4660; x_wconf 80' lang='lat' dir='ltr'><strong>ex</strong></span> <span class='ocrx_word' id='word_1_606' title='bbox 1091 4606 1255 4661; x_wconf 88' lang='lat' dir='ltr'><strong>corde</strong></span> <span class='ocrx_word' id='word_1_607' title='bbox 1285 4622 1398 4661; x_wconf 91' lang='lat' dir='ltr'><strong>non</strong></span> <span class='ocrx_word' id='word_1_608' title='bbox 1427 4604 1589 4661; x_wconf 87' lang='lat' dir='ltr'><strong>fuerit</strong></span> <span class='ocrx_word' id='word_1_609' title='bbox 1615 4604 1685 4661; x_wconf 89' lang='lat' dir='ltr'><strong>ad</strong></span> <span class='ocrx_word' id='word_1_610' title='bbox 1710 4608 1889 4660; x_wconf 91' lang='lat' dir='ltr'><strong>Deum</strong></span> <span class='ocrx_word' id='word_1_611' title='bbox 1915 4608 1967 4671; x_wconf 79' lang='grc' dir='ltr'><strong>Β</strong></span> <span class='ocrx_word' id='word_1_612' title='bbox 1997 4607 2052 4655; x_wconf 91' lang='lat' dir='ltr'><strong>et</strong></span> <span class='ocrx_word' id='word_1_613' title='bbox 2111 4596 2584 4667; x_wconf 88' lang='lat' dir='ltr'><strong>archiepiscopum</strong></span> <span class='ocrx_word' id='word_1_614' title='bbox 2650 4584 3113 4652; x_wconf 88' lang='lat' dir='ltr'><strong>consecravimus,</strong></span> <span class='ocrx_word' id='word_1_615' title='bbox 3190 4591 3481 4678; x_wconf 74' lang='lat' dir='ltr'><strong>monentes</strong></span> <span class='ocrx_word' id='word_1_616' title='bbox 3542 4588 3598 4637; x_wconf 84' lang='lat' dir='ltr'><strong>et</strong></span> 
     </span>
    </p>
   </div>
   <div class='ocr_carea' id='block_1_93' title="bbox 268 4696 1889 4772">
    <p class='ocr_par' dir='ltr' id='par_1_93' title="bbox 268 4696 1889 4772">
     <span class='ocr_line' id='line_1_93' title="bbox 268 4696 1889 4772; baseline -0.002 -16"><span class='ocrx_word' id='word_1_617' title='bbox 268 4712 613 4766; x_wconf 80' lang='lat' dir='ltr'><strong>conversus,</strong></span> <span class='ocrx_word' id='word_1_618' title='bbox 647 4698 768 4754; x_wconf 88' lang='lat' dir='ltr'><strong>talis</strong></span> <span class='ocrx_word' id='word_1_619' title='bbox 803 4697 873 4753; x_wconf 92' lang='lat' dir='ltr'><strong>ad</strong></span> <span class='ocrx_word' id='word_1_620' title='bbox 905 4699 1059 4770; x_wconf 90' lang='lat' dir='ltr'><strong>regni</strong></span> <span class='ocrx_word' id='word_1_621' title='bbox 1087 4699 1477 4772; x_wconf 87' lang='lat' dir='ltr'><strong>gubernacula,</strong></span> <span class='ocrx_word' id='word_1_622' title='bbox 1515 4702 1627 4754; x_wconf 89' lang='lat' dir='ltr'><strong>Deo</strong></span> <span class='ocrx_word' id='word_1_623' title='bbox 1655 4696 1889 4764; x_wconf 74' lang='lat' dir='ltr'><strong>favente,</strong></span> 
     </span>
    </p>
   </div>
   <div class='ocr_carea' id='block_1_94' title="bbox 266 4792 1979 4864">
    <p class='ocr_par' dir='ltr' id='par_1_94' title="bbox 266 4792 1979 4864">
     <span class='ocr_line' id='line_1_94' title="bbox 266 4792 1979 4864; baseline -0.001 -13"><span class='ocrx_word' id='word_1_624' title='bbox 266 4792 602 4851; x_wconf 83' lang='lat' dir='ltr'><strong>inveniatur</strong></span> <span class='ocrx_word' id='word_1_625' title='bbox 641 4792 736 4863; x_wconf 92' lang='lat' dir='ltr'><strong>qui</strong></span> <span class='ocrx_word' id='word_1_626' title='bbox 781 4808 843 4847; x_wconf 90' lang='lat' dir='ltr'><strong>ea</strong></span> <span class='ocrx_word' id='word_1_627' title='bbox 877 4808 1000 4863; x_wconf 82' lang='lat' dir='ltr'><strong>qua</strong></span> <span class='ocrx_word' id='word_1_628' title='bbox 1032 4792 1406 4864; x_wconf 84' lang='lat' dir='ltr'><strong>pradiximus,</strong></span> <span class='ocrx_word' id='word_1_629' title='bbox 1450 4801 1507 4847; x_wconf 88' lang='lat' dir='ltr'><strong>et</strong></span> <span class='ocrx_word' id='word_1_630' title='bbox 1545 4800 1739 4847; x_wconf 78' lang='lat' dir='ltr'><strong>caetera</strong></span> <span class='ocrx_word' id='word_1_631' title='bbox 1769 4807 1892 4862; x_wconf 87' lang='lat' dir='ltr'><strong>qua</strong></span> <span class='ocrx_word' id='word_1_632' title='bbox 1962 4844 1979 4850; x_wconf 89' lang='lat'><strong>-</strong></span> 
     </span>
    </p>
   </div>
   <div class='ocr_carea' id='block_1_95' title="bbox 267 4884 1892 4958">
    <p class='ocr_par' dir='ltr' id='par_1_95' title="bbox 267 4884 1892 4958">
     <span class='ocr_line' id='line_1_95' title="bbox 267 4884 1892 4958; baseline -0.001 -17"><span class='ocrx_word' id='word_1_633' title='bbox 267 4885 567 4946; x_wconf 76' lang='lat' dir='ltr'><strong>videntur</strong></span> <span class='ocrx_word' id='word_1_634' title='bbox 592 4885 912 4941; x_wconf 89' lang='lat' dir='ltr'><strong>Christiana</strong></span> <span class='ocrx_word' id='word_1_635' title='bbox 944 4886 1186 4958; x_wconf 86' lang='lat' dir='ltr'><strong>religioni</strong></span> <span class='ocrx_word' id='word_1_636' title='bbox 1212 4894 1266 4941; x_wconf 92' lang='lat' dir='ltr'><strong>et</strong></span> <span class='ocrx_word' id='word_1_637' title='bbox 1303 4886 1469 4941; x_wconf 91' lang='lat' dir='ltr'><strong>totius</strong></span> <span class='ocrx_word' id='word_1_638' title='bbox 1499 4885 1707 4956; x_wconf 90' lang='lat' dir='ltr'><strong>imperii</strong></span> <span class='ocrx_word' id='word_1_639' title='bbox 1731 4884 1892 4940; x_wconf 90' lang='lat' dir='ltr'><strong>saluti</strong></span> 
     </span>
    </p>
   </div>
   <div class='ocr_carea' id='block_1_96' title="bbox 267 4978 1892 5051">
    <p class='ocr_par' dir='ltr' id='par_1_96' title="bbox 267 4978 1892 5051">
     <span class='ocr_line' id='line_1_96' title="bbox 267 4978 1892 5051; baseline -0.003 -14"><span class='ocrx_word' id='word_1_640' title='bbox 267 4978 624 5048; x_wconf 83' lang='lat' dir='ltr'><strong>necessaria,</strong></span> <span class='ocrx_word' id='word_1_641' title='bbox 668 4989 870 5035; x_wconf 90' lang='lat' dir='ltr'><strong>secreta</strong></span> <span class='ocrx_word' id='word_1_642' title='bbox 899 4995 963 5035; x_wconf 88' lang='lat' dir='ltr'><strong>ac</strong></span> <span class='ocrx_word' id='word_1_643' title='bbox 1002 4978 1346 5035; x_wconf 88' lang='lat' dir='ltr'><strong>indubitabili</strong></span> <span class='ocrx_word' id='word_1_644' title='bbox 1394 4978 1752 5051; x_wconf 88' lang='lat' dir='ltr'><strong>promissione</strong></span> <span class='ocrx_word' id='word_1_645' title='bbox 1797 4978 1892 5034; x_wconf 92' lang='lat' dir='ltr'><strong>ob-</strong></span> 
     </span>
    </p>
   </div>
   <div class='ocr_carea' id='block_1_97' title="bbox 266 5071 1889 5145">
    <p class='ocr_par' dir='ltr' id='par_1_97' title="bbox 266 5071 1889 5145">
     <span class='ocr_line' id='line_1_97' title="bbox 266 5071 1889 5145; baseline -0.003 -12"><span class='ocrx_word' id='word_1_646' title='bbox 266 5079 645 5133; x_wconf 70' lang='lat' dir='ltr'><strong>servaturum</strong></span> <span class='ocrx_word' id='word_1_647' title='bbox 690 5072 995 5145; x_wconf 89' lang='lat' dir='ltr'><strong>promittat.</strong></span> <span class='ocrx_word' id='word_1_648' title='bbox 1028 5076 1107 5130; x_wconf 91' lang='lat' dir='ltr'><strong>Ut</strong></span> <span class='ocrx_word' id='word_1_649' title='bbox 1151 5082 1335 5130; x_wconf 87' lang='lat' dir='ltr'><strong>autem</strong></span> <span class='ocrx_word' id='word_1_650' title='bbox 1384 5081 1621 5128; x_wconf 88' lang='lat' dir='ltr'><strong>vestram</strong></span> <span class='ocrx_word' id='word_1_651' title='bbox 1667 5071 1889 5128; x_wconf 89' lang='lat' dir='ltr'><strong>electio-</strong></span> 
     </span>
    </p>
   </div>
   <div class='ocr_carea' id='block_1_98' title="bbox 268 5164 1893 5241">
    <p class='ocr_par' dir='ltr' id='par_1_98' title="bbox 268 5164 1893 5241">
     <span class='ocr_line' id='line_1_98' title="bbox 268 5164 1893 5241; baseline -0.002 -17"><span class='ocrx_word' id='word_1_652' title='bbox 268 5182 455 5231; x_wconf 84' lang='lat' dir='ltr'><strong>nem,</strong></span> <span class='ocrx_word' id='word_1_653' title='bbox 484 5164 528 5220; x_wconf 87' lang='lat' dir='ltr'><strong>si</strong></span> <span class='ocrx_word' id='word_1_654' title='bbox 570 5166 720 5222; x_wconf 87' lang='lat' dir='ltr'><strong>valde</strong></span> <span class='ocrx_word' id='word_1_655' title='bbox 750 5174 964 5238; x_wconf 89' lang='lat' dir='ltr'><strong>oportet</strong></span> <span class='ocrx_word' id='word_1_656' title='bbox 986 5175 1050 5222; x_wconf 91' lang='lat' dir='ltr'><strong>ut</strong></span> <span class='ocrx_word' id='word_1_657' title='bbox 1076 5166 1190 5229; x_wconf 89' lang='lat' dir='ltr'><strong>ﬁat,</strong></span> <span class='ocrx_word' id='word_1_658' title='bbox 1231 5167 1528 5241; x_wconf 88' lang='lat' dir='ltr'><strong>apostolica</strong></span> <span class='ocrx_word' id='word_1_659' title='bbox 1571 5165 1893 5221; x_wconf 89' lang='lat' dir='ltr'><strong>auctoritate</strong></span> 
     </span>
    </p>
   </div>
   <div class='ocr_carea' id='block_1_99' title="bbox 268 5260 1893 5331">
    <p class='ocr_par' dir='ltr' id='par_1_99' title="bbox 268 5260 1893 5331">
     <span class='ocr_line' id='line_1_99' title="bbox 268 5260 1893 5331; baseline -0.001 -14"><span class='ocrx_word' id='word_1_660' title='bbox 268 5262 586 5317; x_wconf 80' lang='lat' dir='ltr'><strong>ﬁrmemus</strong></span> <span class='ocrx_word' id='word_1_661' title='bbox 608 5268 663 5315; x_wconf 87' lang='lat' dir='ltr'><strong>et</strong></span> <span class='ocrx_word' id='word_1_662' title='bbox 682 5275 881 5316; x_wconf 89' lang='lat' dir='ltr'><strong>novam</strong></span> <span class='ocrx_word' id='word_1_663' title='bbox 901 5260 1297 5317; x_wconf 89' lang='lat' dir='ltr'><strong>ordinationem</strong></span> <span class='ocrx_word' id='word_1_664' title='bbox 1324 5261 1527 5325; x_wconf 90' lang='lat' dir='ltr'><strong>nostris</strong></span> <span class='ocrx_word' id='word_1_665' title='bbox 1553 5260 1893 5331; x_wconf 89' lang='lat' dir='ltr'><strong>temporibus</strong></span> 
     </span>
    </p>
   </div>
   <div class='ocr_carea' id='block_1_100' title="bbox 269 5350 1894 5423">
    <p class='ocr_par' dir='ltr' id='par_1_100' title="bbox 269 5350 1894 5423">
     <span class='ocr_line' id='line_1_100' title="bbox 269 5350 1894 5423; baseline -0.002 -10"><span class='ocrx_word' id='word_1_666' title='bbox 269 5351 741 5423; x_wconf 81' lang='lat' dir='ltr'><strong>corroboremus,</strong></span> <span class='ocrx_word' id='word_1_667' title='bbox 813 5350 955 5411; x_wconf 90' lang='lat' dir='ltr'><strong>sicut</strong></span> <span class='ocrx_word' id='word_1_668' title='bbox 1018 5370 1049 5410; x_wconf 89' lang='lat' dir='ltr'><strong>a</strong></span> <span class='ocrx_word' id='word_1_669' title='bbox 1103 5354 1300 5411; x_wconf 87' lang='lat' dir='ltr'><strong>sanctis</strong></span> <span class='ocrx_word' id='word_1_670' title='bbox 1368 5354 1573 5411; x_wconf 88' lang='lat' dir='ltr'><strong>nostris</strong></span> <span class='ocrx_word' id='word_1_671' title='bbox 1644 5353 1894 5409; x_wconf 89' lang='lat' dir='ltr'><strong>Patribus</strong></span> 
     </span>
    </p>
   </div>
   <div class='ocr_carea' id='block_1_101' title="bbox 270 5449 1894 5522">
    <p class='ocr_par' dir='ltr' id='par_1_101' title="bbox 270 5449 1894 5522">
     <span class='ocr_line' id='line_1_101' title="bbox 270 5449 1894 5522; baseline -0.003 -15"><span class='ocrx_word' id='word_1_672' title='bbox 270 5449 519 5507; x_wconf 74' lang='lat' dir='ltr'><strong>factum</strong></span> <span class='ocrx_word' id='word_1_673' title='bbox 560 5464 678 5508; x_wconf 88' lang='lat' dir='ltr'><strong>esse</strong></span> <span class='ocrx_word' id='word_1_674' title='bbox 718 5449 1119 5521; x_wconf 87' lang='lat' dir='ltr'><strong>cognoscimus,</strong></span> <span class='ocrx_word' id='word_1_675' title='bbox 1152 5450 1456 5522; x_wconf 90' lang='lat' dir='ltr'><strong>negotium,</strong></span> <span class='ocrx_word' id='word_1_676' title='bbox 1498 5463 1791 5521; x_wconf 83' lang='lat' dir='ltr'><strong>personam</strong></span> <span class='ocrx_word' id='word_1_677' title='bbox 1838 5454 1894 5503; x_wconf 90' lang='lat' dir='ltr'><strong>et</strong></span> 
     </span>
    </p>
   </div>
   <div class='ocr_carea' id='block_1_102' title="bbox 271 5541 1895 5616">
    <p class='ocr_par' dir='ltr' id='par_1_102' title="bbox 271 5541 1895 5616">
     <span class='ocr_line' id='line_1_102' title="bbox 271 5541 1895 5616; baseline -0.005 -13"><span class='ocrx_word' id='word_1_678' title='bbox 271 5556 489 5603; x_wconf 79' lang='lat' dir='ltr'><strong>mores</strong></span> <span class='ocrx_word' id='word_1_679' title='bbox 532 5542 671 5616; x_wconf 86' lang='lat' dir='ltr'><strong>ejus,</strong></span> <span class='ocrx_word' id='word_1_680' title='bbox 713 5544 1049 5614; x_wconf 86' lang='lat' dir='ltr'><strong>quantocius</strong></span> <span class='ocrx_word' id='word_1_681' title='bbox 1094 5544 1324 5615; x_wconf 90' lang='lat' dir='ltr'><strong>potestis</strong></span> <span class='ocrx_word' id='word_1_682' title='bbox 1350 5542 1511 5599; x_wconf 89' lang='lat' dir='ltr'><strong>nobis</strong></span> <span class='ocrx_word' id='word_1_683' title='bbox 1539 5541 1795 5608; x_wconf 90' lang='lat' dir='ltr'><strong>indicate,</strong></span> <span class='ocrx_word' id='word_1_684' title='bbox 1835 5549 1895 5597; x_wconf 92' lang='lat' dir='ltr'><strong>ut</strong></span> 
     </span>
    </p>
   </div>
   <div class='ocr_carea' id='block_1_103' title="bbox 270 5635 1893 5703">
    <p class='ocr_par' dir='ltr' id='par_1_103' title="bbox 270 5635 1893 5703">
     <span class='ocr_line' id='line_1_103' title="bbox 270 5635 1893 5703; baseline -0.005 -6"><span class='ocrx_word' id='word_1_685' title='bbox 270 5643 489 5697; x_wconf 74' lang='lat' dir='ltr'><strong>sancta</strong></span> <span class='ocrx_word' id='word_1_686' title='bbox 549 5645 603 5691; x_wconf 89' lang='lat' dir='ltr'><strong>et</strong></span> <span class='ocrx_word' id='word_1_687' title='bbox 655 5636 773 5693; x_wconf 91' lang='lat' dir='ltr'><strong>utili</strong></span> <span class='ocrx_word' id='word_1_688' title='bbox 826 5636 1126 5693; x_wconf 88' lang='lat' dir='ltr'><strong>intentione</strong></span> <span class='ocrx_word' id='word_1_689' title='bbox 1180 5636 1496 5693; x_wconf 90' lang='lat' dir='ltr'><strong>incedentes</strong></span> <span class='ocrx_word' id='word_1_690' title='bbox 1550 5635 1893 5703; x_wconf 88' lang='lat' dir='ltr'><strong>mereamini,</strong></span> 
     </span>
    </p>
   </div>
   <div class='ocr_carea' id='block_1_104' title="bbox 270 5729 1896 5800">
    <p class='ocr_par' dir='ltr' id='par_1_104' title="bbox 270 5729 1896 5800">
     <span class='ocr_line' id='line_1_104' title="bbox 270 5729 1896 5800; baseline -0.004 -10"><span class='ocrx_word' id='word_1_691' title='bbox 270 5734 449 5790; x_wconf 68' lang='lat' dir='ltr'><strong>sicut</strong></span> <span class='ocrx_word' id='word_1_692' title='bbox 487 5730 645 5786; x_wconf 89' lang='lat' dir='ltr'><strong>nobis</strong></span> <span class='ocrx_word' id='word_1_693' title='bbox 681 5738 827 5787; x_wconf 84' lang='lat' dir='ltr'><strong>nota</strong></span> <span class='ocrx_word' id='word_1_694' title='bbox 864 5746 1064 5797; x_wconf 89' lang='lat' dir='ltr'><strong>causa,</strong></span> <span class='ocrx_word' id='word_1_695' title='bbox 1108 5731 1423 5800; x_wconf 85' lang='lat' dir='ltr'><strong>apostolica</strong></span> <span class='ocrx_word' id='word_1_696' title='bbox 1465 5730 1608 5786; x_wconf 89' lang='lat' dir='ltr'><strong>sedis</strong></span> <span class='ocrx_word' id='word_1_697' title='bbox 1655 5729 1896 5785; x_wconf 85' lang='lat' dir='ltr'><strong>favorem</strong></span> 
     </span>
    </p>
   </div>
   <div class='ocr_carea' id='block_1_105' title="bbox 273 5821 1894 5899">
    <p class='ocr_par' dir='ltr' id='par_1_105' title="bbox 273 5821 1894 5899">
     <span class='ocr_line' id='line_1_105' title="bbox 273 5821 1894 5899; baseline -0.001 -19"><span class='ocrx_word' id='word_1_698' title='bbox 273 5840 397 5899; x_wconf 82' lang='lat' dir='ltr'><strong>per</strong></span> <span class='ocrx_word' id='word_1_699' title='bbox 446 5821 689 5880; x_wconf 86' lang='lat' dir='ltr'><strong>divinam</strong></span> <span class='ocrx_word' id='word_1_700' title='bbox 733 5825 986 5897; x_wconf 87' lang='lat' dir='ltr'><strong>gratiam,</strong></span> <span class='ocrx_word' id='word_1_701' title='bbox 1032 5832 1090 5880; x_wconf 92' lang='lat' dir='ltr'><strong>et</strong></span> <span class='ocrx_word' id='word_1_702' title='bbox 1134 5824 1277 5880; x_wconf 88' lang='lat' dir='ltr'><strong>beati</strong></span> <span class='ocrx_word' id='word_1_703' title='bbox 1324 5824 1472 5880; x_wconf 88' lang='lat' dir='ltr'><strong>Petri</strong></span> <span class='ocrx_word' id='word_1_704' title='bbox 1521 5824 1894 5895; x_wconf 87' lang='lat' dir='ltr'><strong>apostolorum</strong></span> 
     </span>
    </p>
   </div>
   <div class='ocr_carea' id='block_1_106' title="bbox 274 5915 1897 5993">
    <p class='ocr_par' dir='ltr' id='par_1_106' title="bbox 274 5915 1897 5993">
     <span class='ocr_line' id='line_1_106' title="bbox 274 5915 1897 5993; baseline 0.001 -22"><span class='ocrx_word' id='word_1_705' title='bbox 274 5915 559 5993; x_wconf 75' lang='lat' dir='ltr'><strong>principis</strong></span> <span class='ocrx_word' id='word_1_706' title='bbox 604 5932 699 5989; x_wconf 88' lang='lat' dir='ltr'><strong>per</strong></span> <span class='ocrx_word' id='word_1_707' title='bbox 743 5918 927 5973; x_wconf 88' lang='lat' dir='ltr'><strong>omnia</strong></span> <span class='ocrx_word' id='word_1_708' title='bbox 972 5915 1429 5973; x_wconf 87' lang='lat' dir='ltr'><strong>benedictionem.</strong></span> <span class='ocrx_word' id='word_1_709' title='bbox 1476 5919 1560 5973; x_wconf 93' lang='lat' dir='ltr'><strong>De</strong></span> <span class='ocrx_word' id='word_1_710' title='bbox 1580 5916 1897 5988; x_wconf 87' lang='lat' dir='ltr'><strong>juramento</strong></span> 
     </span>
    </p>
   </div>
   <div class='ocr_carea' id='block_1_107' title="bbox 586 6006 1131 6062">
    <p class='ocr_par' dir='ltr' id='par_1_107' title="bbox 586 6006 1131 6062">
     <span class='ocr_line' id='line_1_107' title="bbox 586 6006 1131 6062; baseline 0.006 -3"><span class='ocrx_word' id='word_1_711' title='bbox 586 6006 828 6062; x_wconf 57' lang='lat' dir='ltr'><strong>Pauor&quot;</strong></span> <span class='ocrx_word' id='word_1_712' title='bbox 873 6006 1131 6062; x_wconf 81' lang='lat' dir='ltr'><strong>CXLVlll.</strong></span> 
     </span>
    </p>
   </div>
   <div class='ocr_carea' id='block_1_108' title="bbox 2000 4675 3595 4757">
    <p class='ocr_par' dir='ltr' id='par_1_108' title="bbox 2000 4675 3595 4757">
     <span class='ocr_line' id='line_1_108' title="bbox 2000 4675 3595 4757; baseline -0.012 -7"><span class='ocrx_word' id='word_1_713' title='bbox 2000 4694 2371 4757; x_wconf 88' lang='lat' dir='ltr'><strong>obsecrantes,</strong></span> <span class='ocrx_word' id='word_1_714' title='bbox 2420 4696 2480 4743; x_wconf 93' lang='lat' dir='ltr'><strong>ut</strong></span> <span class='ocrx_word' id='word_1_715' title='bbox 2506 4686 2645 4741; x_wconf 89' lang='lat' dir='ltr'><strong>sicut</strong></span> <span class='ocrx_word' id='word_1_716' title='bbox 2674 4680 2816 4736; x_wconf 89' lang='lat' dir='ltr'><strong>beati</strong></span> <span class='ocrx_word' id='word_1_717' title='bbox 2853 4678 2994 4733; x_wconf 90' lang='lat' dir='ltr'><strong>Petri</strong></span> <span class='ocrx_word' id='word_1_718' title='bbox 3027 4676 3278 4749; x_wconf 91' lang='lat' dir='ltr'><strong>apostoli,</strong></span> <span class='ocrx_word' id='word_1_719' title='bbox 3310 4675 3595 4748; x_wconf 89' lang='lat' dir='ltr'><strong>nostrique</strong></span> 
     </span>
    </p>
   </div>
   <div class='ocr_carea' id='block_1_109' title="bbox 2000 4770 3596 4851">
    <p class='ocr_par' dir='ltr' id='par_1_109' title="bbox 2000 4770 3596 4851">
     <span class='ocr_line' id='line_1_109' title="bbox 2000 4770 3596 4851; baseline -0.012 -8"><span class='ocrx_word' id='word_1_720' title='bbox 2000 4788 2143 4843; x_wconf 93' lang='lat' dir='ltr'><strong>illius</strong></span> <span class='ocrx_word' id='word_1_721' title='bbox 2184 4786 2309 4841; x_wconf 89' lang='lat' dir='ltr'><strong>licet</strong></span> <span class='ocrx_word' id='word_1_722' title='bbox 2352 4779 2553 4851; x_wconf 87' lang='lat' dir='ltr'><strong>indigni</strong></span> <span class='ocrx_word' id='word_1_723' title='bbox 2586 4773 2774 4831; x_wconf 90' lang='lat' dir='ltr'><strong>famuli</strong></span> <span class='ocrx_word' id='word_1_724' title='bbox 2821 4772 3053 4844; x_wconf 88' lang='lat' dir='ltr'><strong>gratiam</strong></span> <span class='ocrx_word' id='word_1_725' title='bbox 3082 4770 3311 4841; x_wconf 89' lang='lat' dir='ltr'><strong>optatis,</strong></span> <span class='ocrx_word' id='word_1_726' title='bbox 3354 4770 3430 4825; x_wconf 91' lang='lat' dir='ltr'><strong>sic</strong></span> <span class='ocrx_word' id='word_1_727' title='bbox 3459 4770 3505 4824; x_wconf 91' lang='lat' dir='ltr'><strong>ei</strong></span> <span class='ocrx_word' id='word_1_728' title='bbox 3535 4778 3596 4825; x_wconf 93' lang='lat' dir='ltr'><strong>ut</strong></span> 
     </span>
    </p>
   </div>
   <div class='ocr_carea' id='block_1_110' title="bbox 1999 4862 3522 4953">
    <p class='ocr_par' dir='ltr' id='par_1_110' title="bbox 1999 4862 3522 4953">
     <span class='ocr_line' id='line_1_110' title="bbox 1999 4862 3522 4953; baseline -0.012 -18"><span class='ocrx_word' id='word_1_729' title='bbox 1999 4880 2137 4953; x_wconf 87' lang='lat' dir='ltr'><strong>patri</strong></span> <span class='ocrx_word' id='word_1_730' title='bbox 2168 4887 2225 4933; x_wconf 89' lang='lat' dir='ltr'><strong>et</strong></span> <span class='ocrx_word' id='word_1_731' title='bbox 2250 4872 2447 4931; x_wconf 87' lang='lat' dir='ltr'><strong>rectori</strong></span> <span class='ocrx_word' id='word_1_732' title='bbox 2480 4887 2575 4943; x_wconf 90' lang='lat' dir='ltr'><strong>per</strong></span> <span class='ocrx_word' id='word_1_733' title='bbox 2597 4868 2782 4925; x_wconf 89' lang='lat' dir='ltr'><strong>omnia</strong></span> <span class='ocrx_word' id='word_1_734' title='bbox 2809 4864 3174 4922; x_wconf 87' lang='lat' dir='ltr'><strong>obedientiam</strong></span> <span class='ocrx_word' id='word_1_735' title='bbox 3202 4862 3522 4919; x_wconf 85' lang='lat' dir='ltr'><strong>exhibeatis.</strong></span> 
     </span>
    </p>
   </div>
   <div class='ocr_carea' id='block_1_111' title="bbox 2070 4954 3594 5035">
    <p class='ocr_par' dir='ltr' id='par_1_111' title="bbox 2070 4954 3594 5035">
     <span class='ocr_line' id='line_1_111' title="bbox 2070 4954 3594 5035; baseline -0.013 -7"><span class='ocrx_word' id='word_1_736' title='bbox 2070 4977 2207 5029; x_wconf 89' lang='lat' dir='ltr'><strong>Data</strong></span> <span class='ocrx_word' id='word_1_737' title='bbox 2238 4974 2454 5035; x_wconf 83' lang='lat' dir='ltr'><strong>Roma,</strong></span> <span class='ocrx_word' id='word_1_738' title='bbox 2486 4981 2523 5023; x_wconf 78' lang='grc' dir='ltr'><strong><em>ν</em></strong></span> <span class='ocrx_word' id='word_1_739' title='bbox 2553 4960 2831 5019; x_wconf 74' lang='lat' dir='ltr'><strong>Kalendas</strong></span> <span class='ocrx_word' id='word_1_740' title='bbox 2857 4957 3138 5026; x_wconf 89' lang='lat' dir='ltr'><strong>Octobris,</strong></span> <span class='ocrx_word' id='word_1_741' title='bbox 3172 4956 3477 5013; x_wconf 87' lang='lat' dir='ltr'><strong>indictione</strong></span> <span class='ocrx_word' id='word_1_742' title='bbox 3503 4954 3594 5011; x_wconf 84' lang='lat' dir='ltr'><strong>in-</strong></span> 
     </span>
    </p>
   </div>
   <div class='ocr_carea' id='block_1_112' title="bbox 1999 5067 2487 5139">
    <p class='ocr_par' dir='ltr' id='par_1_112' title="bbox 1999 5067 2487 5139">
     <span class='ocr_line' id='line_1_112' title="bbox 1999 5067 2487 5139; baseline -0.004 -16"><span class='ocrx_word' id='word_1_743' title='bbox 1999 5067 2232 5139; x_wconf 88' lang='lat' dir='ltr'><strong>cipiente</strong></span> <span class='ocrx_word' id='word_1_744' title='bbox 2262 5077 2363 5121; x_wconf 80' lang='lat' dir='ltr'><strong>xv.</strong></span> <span class='ocrx_word' id='word_1_745' title='bbox 2474 5110 2487 5121; x_wconf 49' lang='grc' dir='ltr'><em>ι</em></span> 
     </span>
    </p>
   </div>
   <div class='ocr_carea' id='block_1_113' title="bbox 2567 5122 3019 5185">
    <p class='ocr_par' dir='ltr' id='par_1_113' title="bbox 2567 5122 3019 5185">
     <span class='ocr_line' id='line_1_113' title="bbox 2567 5122 3019 5185; baseline -0.011 0"><span class='ocrx_word' id='word_1_746' title='bbox 2567 5125 2915 5185; x_wconf 81' lang='lat' dir='ltr'><strong>EPISTOLA</strong></span> <span class='ocrx_word' id='word_1_747' title='bbox 2950 5122 3019 5180; x_wconf 85' lang='lat' dir='ltr'><strong>V.</strong></span> 
     </span>
    </p>
   </div>
   <div class='ocr_carea' id='block_1_114' title="bbox 2259 5224 3335 5279">
    <p class='ocr_par' dir='ltr' id='par_1_114' title="bbox 2259 5224 3335 5279">
     <span class='ocr_line' id='line_1_114' title="bbox 2259 5224 3335 5279; baseline -0.009 0"><span class='ocrx_word' id='word_1_748' title='bbox 2259 5238 2327 5279; x_wconf 75' lang='lat' dir='ltr'><strong>AD</strong></span> <span class='ocrx_word' id='word_1_749' title='bbox 2362 5234 2638 5277; x_wconf 81' lang='lat' dir='ltr'><strong>EPISCOPOS</strong></span> <span class='ocrx_word' id='word_1_750' title='bbox 2683 5225 2993 5270; x_wconf 64' lang='lat' dir='ltr'><strong>BRITLNNIJE</strong></span> <span class='ocrx_word' id='word_1_751' title='bbox 3028 5224 3335 5269; x_wconf 67' lang='lat' dir='ltr'><strong>ARMORICE.</strong></span> 
     </span>
    </p>
   </div>
   <div class='ocr_carea' id='block_1_115' title="bbox 2603 5306 2989 5373">
    <p class='ocr_par' dir='ltr' id='par_1_115' title="bbox 2603 5306 2989 5373">
     <span class='ocr_line' id='line_1_115' title="bbox 2603 5306 2989 5373; baseline -0.013 -13"><span class='ocrx_word' id='word_1_752' title='bbox 2603 5309 2780 5373; x_wconf 78' lang='lat' dir='ltr'><strong>(Auno</strong></span> <span class='ocrx_word' id='word_1_753' title='bbox 2810 5306 2989 5368; x_wconf 87' lang='lat'><strong>1076.)</strong></span> 
     </span>
    </p>
   </div>
   <div class='ocr_carea' id='block_1_116' title="bbox 1998 5385 3597 5471">
    <p class='ocr_par' dir='ltr' id='par_1_116' title="bbox 1998 5385 3597 5471">
     <span class='ocr_line' id='line_1_116' title="bbox 1998 5385 3597 5471; baseline -0.015 -3"><span class='ocrx_word' id='word_1_754' title='bbox 1998 5410 2197 5471; x_wconf 79' lang='lat' dir='ltr'><strong>Scribit</strong></span> <span class='ocrx_word' id='word_1_755' title='bbox 2219 5422 2272 5464; x_wconf 90' lang='lat' dir='ltr'><strong>se</strong></span> <span class='ocrx_word' id='word_1_756' title='bbox 2300 5405 2547 5462; x_wconf 84' lang='lat' dir='ltr'><strong>abbatem</strong></span> <span class='ocrx_word' id='word_1_757' title='bbox 2583 5400 2774 5457; x_wconf 87' lang='lat' dir='ltr'><strong>Sancti</strong></span> <span class='ocrx_word' id='word_1_758' title='bbox 2804 5395 3021 5471; x_wconf 72' lang='lat' dir='ltr'><strong>Melarii</strong></span> <span class='ocrx_word' id='word_1_759' title='bbox 3045 5394 3305 5471; x_wconf 49' lang='lat' dir='ltr'><strong>[Melania</strong></span> <span class='ocrx_word' id='word_1_760' title='bbox 3351 5391 3512 5471; x_wconf 82' lang='lat' dir='ltr'><strong>sic_et_</strong></span> <span class='ocrx_word' id='word_1_761' title='bbox 3539 5385 3597 5446; x_wconf 92' lang='lat' dir='ltr'><strong>in</strong></span> 
     </span>
    </p>
   </div>
   <div class='ocr_carea' id='block_1_117' title="bbox 2071 5466 3598 5547">
    <p class='ocr_par' dir='ltr' id='par_1_117' title="bbox 2071 5466 3598 5547">
     <span class='ocr_line' id='line_1_117' title="bbox 2071 5466 3598 5547; baseline -0.014 -8"><span class='ocrx_word' id='word_1_762' title='bbox 2071 5483 2175 5539; x_wconf 92' lang='lat' dir='ltr'><strong>cod</strong></span> <span class='ocrx_word' id='word_1_763' title='bbox 2212 5478 2459 5547; x_wconf 84' lang='lat' dir='ltr'><strong>Mutiu.],</strong></span> <span class='ocrx_word' id='word_1_764' title='bbox 2491 5489 2596 5529; x_wconf 88' lang='lat' dir='ltr'><strong>non</strong></span> <span class='ocrx_word' id='word_1_765' title='bbox 2637 5469 2930 5547; x_wconf 62' lang='lat' dir='ltr'><strong>approbato</strong></span> <span class='ocrx_word' id='word_1_766' title='bbox 2960 5467 3024 5520; x_wconf 90' lang='lat' dir='ltr'><strong>ob</strong></span> <span class='ocrx_word' id='word_1_767' title='bbox 3044 5466 3339 5547; x_wconf 71' lang='lat' dir='ltr'><strong>juvenilem</strong></span> <span class='ocrx_word' id='word_1_768' title='bbox 3382 5467 3598 5545; x_wconf 68' lang='lat' dir='ltr'><strong>aetatem</strong></span> 
     </span>
    </p>
   </div>
   <div class='ocr_carea' id='block_1_118' title="bbox 2073 5538 3600 5610">
    <p class='ocr_par' dir='ltr' id='par_1_118' title="bbox 2073 5538 3600 5610">
     <span class='ocr_line' id='line_1_118' title="bbox 2073 5538 3600 5610; baseline -0.016 0"><span class='ocrx_word' id='word_1_769' title='bbox 2073 5538 2107 5609; x_wconf 83' lang='lat' dir='ltr'><strong>a</strong></span> <span class='ocrx_word' id='word_1_770' title='bbox 2152 5538 2462 5610; x_wconf 76' lang='lat' dir='ltr'><strong>Dolensibus</strong></span> <span class='ocrx_word' id='word_1_771' title='bbox 2508 5538 2786 5605; x_wconf 42' lang='lat' dir='ltr'><strong>electofin</strong></span> <span class='ocrx_word' id='word_1_772' title='bbox 2826 5540 3099 5596; x_wconf 84' lang='lat' dir='ltr'><strong>Dolensem</strong></span> <span class='ocrx_word' id='word_1_773' title='bbox 3144 5538 3600 5604; x_wconf 80' lang='lat' dir='ltr'><strong>archiepiscopum</strong></span> 
     </span>
    </p>
   </div>
   <div class='ocr_carea' id='block_1_119' title="bbox 2071 5610 3602 5687">
    <p class='ocr_par' dir='ltr' id='par_1_119' title="bbox 2071 5610 3602 5687">
     <span class='ocr_line' id='line_1_119' title="bbox 2071 5610 3602 5687; baseline -0.016 -7"><span class='ocrx_word' id='word_1_774' title='bbox 2071 5636 2407 5683; x_wconf 82' lang='lat' dir='ltr'><strong>consecrasse,</strong></span> <span class='ocrx_word' id='word_1_775' title='bbox 2434 5624 2484 5673; x_wconf 88' lang='lat' dir='ltr'><strong>et</strong></span> <span class='ocrx_word' id='word_1_776' title='bbox 2501 5616 2733 5687; x_wconf 84' lang='lat' dir='ltr'><strong>pallium</strong></span> <span class='ocrx_word' id='word_1_777' title='bbox 2762 5611 2931 5687; x_wconf 81' lang='lat' dir='ltr'><strong>eidem</strong></span> <span class='ocrx_word' id='word_1_778' title='bbox 2952 5610 3279 5687; x_wconf 78' lang='lat' dir='ltr'><strong>concessisse,</strong></span> <span class='ocrx_word' id='word_1_779' title='bbox 3333 5622 3393 5659; x_wconf 80' lang='lat' dir='ltr'><strong>ea</strong></span> <span class='ocrx_word' id='word_1_780' title='bbox 3424 5610 3602 5658; x_wconf 86' lang='lat' dir='ltr'><strong>tamen</strong></span> 
     </span>
    </p>
   </div>
   <div class='ocr_carea' id='block_1_120' title="bbox 2072 5680 3602 5754">
    <p class='ocr_par' dir='ltr' id='par_1_120' title="bbox 2072 5680 3602 5754">
     <span class='ocr_line' id='line_1_120' title="bbox 2072 5680 3602 5754; baseline -0.016 -4"><span class='ocrx_word' id='word_1_781' title='bbox 2072 5680 2472 5750; x_wconf 25' lang='lat' dir='ltr'><strong>conditione&#39;ut</strong></span> <span class='ocrx_word' id='word_1_782' title='bbox 2501 5680 2876 5741; x_wconf 36' lang='lat' dir='ltr'><strong>“controversia</strong></span> <span class='ocrx_word' id='word_1_783' title='bbox 2930 5680 3429 5754; x_wconf 71' lang='lat' dir='ltr'><strong>discutiaturqu</strong></span> <span class='ocrx_word' id='word_1_784' title='bbox 3474 5688 3602 5754; x_wconf 63' lang='lat' dir='ltr'><strong>cum</strong></span> 
     </span>
    </p>
   </div>
   <div class='ocr_carea' id='block_1_121' title="bbox 2077 5745 3602 5830">
    <p class='ocr_par' dir='ltr' id='par_1_121' title="bbox 2077 5745 3602 5830">
     <span class='ocr_line' id='line_1_121' title="bbox 2077 5745 3602 5830; baseline -0.012 -10"><span class='ocrx_word' id='word_1_785' title='bbox 2077 5745 2367 5823; x_wconf 43' lang='lat' dir='ltr'><strong>anienem</strong></span> <span class='ocrx_word' id='word_1_786' title='bbox 2427 5763 2666 5830; x_wconf 81' lang='lat' dir='ltr'><strong>episcopo</strong></span> <span class='ocrx_word' id='word_1_787' title='bbox 2722 5756 2787 5808; x_wconf 86' lang='lat' dir='ltr'><strong>de</strong></span> <span class='ocrx_word' id='word_1_788' title='bbox 2863 5751 3288 5830; x_wconf 55' lang='lat' dir='ltr'><strong>subiectionemth</strong></span> <span class='ocrx_word' id='word_1_789' title='bbox 3358 5745 3602 5830; x_wconf 43' lang='lat' dir='ltr'><strong>ollede-</strong></span> 
     </span>
    </p>
   </div>
   <div class='ocr_carea' id='block_1_122' title="bbox 2077 5818 3598 5905">
    <p class='ocr_par' dir='ltr' id='par_1_122' title="bbox 2077 5818 3598 5905">
     <span class='ocr_line' id='line_1_122' title="bbox 2077 5818 3598 5905; baseline 0.02 -13"><span class='ocrx_word' id='word_1_790' title='bbox 2077 5818 2167 5894; x_wconf 66' lang='lat' dir='ltr'><strong>ea&#39;</strong></span> <span class='ocrx_word' id='word_1_791' title='bbox 2195 5818 2482 5905; x_wconf 56' lang='lat' dir='ltr'><strong>agebatur;</strong></span> <span class='ocrx_word' id='word_1_792' title='bbox 2538 5818 2695 5883; x_wconf 79' lang='lat' dir='ltr'><strong><em>us&#39;um</em></strong></span> <span class='ocrx_word' id='word_1_793' title='bbox 2744 5831 2930 5905; x_wconf 72' lang='lat' dir='ltr'><strong>tamen.</strong></span> <span class='ocrx_word' id='word_1_794' title='bbox 2960 5818 3598 5905; x_wconf 32' lang='lat' dir='ltr'><strong>ralléi.,,&#39;€’ltf?:iti’33¥2</strong></span> 
     </span>
    </p>
   </div>
   <div class='ocr_carea' id='block_1_123' title="bbox 2077 5885 3609 5980">
    <p class='ocr_par' dir='ltr' id='par_1_123' title="bbox 2077 5885 3609 5980">
     <span class='ocr_line' id='line_1_123' title="bbox 2077 5885 3609 5980; baseline -0.022 -11"><span class='ocrx_word' id='word_1_795' title='bbox 2343 5885 2496 5963; x_wconf 50' lang='lat' dir='ltr'><strong>ille?</strong></span> <span class='ocrx_word' id='word_1_796' title='bbox 2536 5906 2791 5969; x_wconf 81' lang='lat' dir='ltr'><strong>tanquam</strong></span> <span class='ocrx_word' id='word_1_797' title='bbox 2816 5885 3609 5980; x_wconf 37' lang='lat' dir='ltr'><strong>archiepiswpohobedientiam</strong></span> 
     </span>
    </p>
   </div>
  </div>
