4074 6172
567 327 671 381 459

1246 320 1301 373 S.
1344 316 1661 372 GREGORII
1706 315 1791 370 VII
1832 314 2023 370 ΡΑΡᾸΞ
2062 314 2334 371 OPERUM
2372 316 2544 371 PARS
2584 318 2621 371 Ι.
2664 345 2734 356 -
2772 317 3179 373 REGISTRUM.

3752 320 3853 373 460

639 450 943 514 exhibeant,
973 450 1024 501 et
1060 443 1139 499 ad
1169 443 1303 498 bona
1343 443 1568 497 ecclesia:
1596 441 1965 511 recuperanda
1996 442 2164 494 aumi—
2192 444 2246 507 Α
2272 440 2364 506 sti,
2394 450 2475 507 ut,
2522 441 2569 495 si
2599 440 2655 496 in
2703 457 2933 514 corpore
2962 426 3147 497 dilecti
3179 440 3305 497 Filii
3350 441 3435 497 sui
3476 440 3857 498 membrorum

640 523 773 577 lium
785 522 1065 593 praestent.

642 649 997 705 Gnscoaws
1027 639 1336 712 episcopus,
1363 653 1551 697 servus
1570 653 1855 694 servorum
1889 637 2013 705 Dei,
2043 654 2161 694 om-

568 742 731 797 nibus
771 734 1038 810 episcOpis
1070 734 1391 802 Britannia,
1422 733 1655 790 salutem
1698 741 1755 788 et
1800 732 2161 805 apostolicam

567 831 1025 890 benedictionem.

638 928 762 984 Non
815 926 1071 998 ignorare
1124 939 1219 979 vos
1283 920 1559 978 credimus
1618 921 1846 992 qualiter
1904 918 2162 976 Dolensis

454 1088 469 1099 1
567 1023 744 1079 clerus
773 1029 829 1076 et
858 1019 1086 1092 populus
1110 1016 1182 1072 ad
1210 1032 1311 1072 nos
1340 1015 1535 1072 direxit
1557 1015 1819 1085 juvenem
1847 1012 2159 1085 quemdam,

2265 534 2586 605 dignitatem
2615 536 2867 591 obtinere
2910 536 3183 607 cupimus,
3216 534 3521 591 adinvicem
3551 535 3717 592 etiam
3748 534 3857 592 fra-

2267 629 2438 684 ternis
2483 628 2773 685 affectibus
2823 638 2878 685 et
2926 628 3120 685 ofﬁciis
3164 628 3351 685 intimi
3380 628 3587 685 amoris
3624 629 3859 685 connexi

2270 723 2465 779 simus.
2515 723 2678 795 Agite
2716 739 2845 795 ergo
2894 732 2955 779 ut
2985 730 3165 779 vestra
3203 722 3515 779 fraternitas
3560 738 3683 791 erga
3710 722 3861 778 hunc

2270 816 2497 903 fratrem
2524 824 2580 872 et
2610 818 2908 873 Ecclesiam
2958 817 3057 872 sibi
3103 817 3462 874 commissam
3492 817 3612 872 talis
3640 816 3857 885 existat,

2270 919 2537 982 quatenus
2565 919 2621 966 et
2648 912 2792 983 apud
2822 912 3125 967 Dominum
3167 912 3607 983 omnipotentem
3635 927 3735 984 pro
3764 926 3861 966 ve-

2271 1014 2397 1061 stra
2420 1004 2775 1061 beatitudinis
2803 1006 3033 1077 praemio
3061 1005 3382 1079 gloriemur,
3405 1015 3459 1060 et
3486 1004 3625 1060 inter
3653 1013 3735 1061 tot
3762 1005 3862 1060 hu-

572 1116 706 1173 satis
744 1114 1068 1186 praclarum
1096 1126 1313 1183 genere,
1346 1118 1407 1165 ut
1449 1108 1778 1175 audivimus,
1823 1108 2161 1179 postulantes
2262 1098 2356 1170 jus
2386 1099 2570 1156 δειξοοιί
2596 1115 2833 1172 nequam
2872 1100 3220 1172 conﬂigentes
3260 1099 3524 1163 turbines,
3557 1099 3625 1155 de
3668 1114 3865 1155 conso-

480 1270 481 1273 η
571 1220 632 1267 ut
696 1226 822 1265 eum
880 1207 987 1264 illis
1048 1206 1107 1261 in
1162 1205 1479 1276 episcopum
1536 1189 1939 1259 ordinaremus.
1997 1201 2166 1274 Cujus

573 1320 798 1361 causam
868 1302 1030 1369 (sicut
1096 1298 1359 1372 oportuit)
1426 1297 1819 1364 examinantes,
1901 1293 2167 1352 honestos

574 1398 801 1473 quidem
831 1411 1014 1453 mores
1042 1410 1140 1467 pro
1178 1391 1403 1448 modulo
1425 1390 1603 1448 atatis
1629 1406 1762 1461 sua,
1795 1388 1893 1445 sed
1921 1394 2165 1445 nondum

574 1494 707 1550 satis
731 1498 980 1548 maturos
1022 1497 1119 1545 aut
1157 1487 1453 1543 instructos
1486 1485 1554 1542 ad
1583 1484 1913 1556 portandum
1957 1483 2168 1556 episco-

575 1587 695 1660 pale
722 1584 955 1657 pondus,
985 1584 1041 1638 in
1080 1598 1145 1639 eo
1176 1579 1564 1655 probavimus;
1598 1586 1821 1651 propter
1854 1576 2003 1649 quod
2042 1592 2170 1634 one-

576 1696 697 1738 rare
743 1695 873 1736 eum
928 1686 1043 1732 tam
1091 1675 1239 1748 gravi
1290 1673 1497 1730 sarcina
1546 1688 1647 1728 nec
1692 1672 1794 1728 sibi
1853 1687 1954 1727 nec
2008 1671 2169 1729 nobis

576 1781 801 1832 cautum
866 1770 981 1827 fore
1042 1768 1395 1841 pervidimus.
1453 1766 1570 1823 Deo
1643 1774 1826 1821 autem
1896 1765 2168 1836 aspirante

574 1866 951 1924 adinvenimus
1000 1863 1057 1919 in
1111 1862 1371 1918 comitatu
1422 1877 1523 1917 suo
1575 1876 1869 1932 personam
1923 1859 2052 1916 huic
2091 1859 2169 1915 di-
2206 1840 2255 1906 Β

574 1960 788 2035 gnitati,
835 1968 1017 2025 atate,
1061 1956 1281 2013 scientia
1327 1963 1381 2011 et
1430 1969 1650 2010 morum
1693 1954 1953 2027 gravitate
2001 1952 2172 2009 multo

575 2056 747 2129 magis
787 2067 1107 2126 congruam,
1141 2049 1388 2106 videlicet
1424 2052 1648 2104 Ivonem
1692 2048 1943 2103 abbatem
1987 2047 2172 2104 Sancti

578 2148 784 2206 Melarii
814 2146 1097 2216 [Melanii],
1143 2160 1326 2216 quem,
1377 2143 1500 2199 licet
1540 2142 1775 2198 invitum
1826 2150 1988 2214 atque
2036 2141 2173 2198 obe-

576 2243 777 2300 dientia
800 2236 1109 2305 astrictum,
1151 2255 1280 2294 cum
1311 2241 1483 2293 multa
1529 2237 1788 2308 petitione
1818 2245 1873 2291 et
1909 2235 2171 2291 electione

575 2336 723 2393 illius
763 2344 819 2391 et
845 2334 1077 2390 aliorum
1125 2330 1215 2403 qui
1260 2346 1389 2387 cum
1433 2346 1499 2386 eo
1528 2337 1806 2396 venerant,
1855 2328 2169 2401 episcopum

577 2429 966 2487 ordinavimus.
1019 2428 1303 2481 Honorem
1340 2440 1559 2496 quoque
1600 2432 1656 2479 et
1684 2439 1844 2479 usum
1896 2422 2043 2494 pallii
2072 2438 2171 2495 pro

575 2529 751 2579 vestra
780 2529 835 2577 et
863 2520 1030 2577 totius
1056 2517 1351 2589 provincia
1371 2517 1673 2573 directione
1702 2518 1746 2572 ei
1778 2518 2169 2584 concessimus,

576 2634 642 2676 eo
675 2615 897 2689 quidem
934 2622 1124 2668 tenore
1155 2620 1217 2667 ut
1246 2620 1557 2683 opportuno
1584 2620 1834 2682 tempore
1860 2611 2174 2667 nullatenus

575 2726 634 2768 se
661 2709 917 2765 exhibere
957 2714 1169 2763 recuset
1218 2705 1289 2761 ad
1328 2704 1731 2761 discutiendam
1772 2704 2170 2776 querimoniam

575 2820 742 2878 quam
780 2800 1052 2859 confrater
1081 2808 1268 2856 noster
1314 2799 1666 2871 Rodulphus,
1714 2798 2044 2854 Turonensis
2081 2813 2169 2852 ar-

575 2898 965 2970 chiepiscopus,
998 2894 1068 2951 de
1099 2893 1435 2967 subiectione
1463 2893 1604 2949 sedis
1631 2893 1795 2960 illius,
1830 2901 1885 2947 et
1908 2891 2170 2965 denegata

578 2994 685 3051 sibi
720 2990 1043 3056 obedientia,
1061 2989 1275 3062 jamdiu
1313 2987 1457 3059 apud
1498 2996 1745 3043 nostram
1785 2996 1840 3042 et
1865 2995 2171 3042 antecesso-

576 3105 700 3144 rum
731 3095 1047 3142 nostrorum
1076 3082 1204 3137 fecit
1226 3072 1580 3136 audientiam.
1609 3079 1766 3150 Quod
1788 3080 1855 3148 si,
1888 3080 2099 3136 ratione
2120 3087 2173 3135 et

2272 1193 2473 1249 latione
2514 1202 2704 1249 vestra
2743 1194 3139 1265 cooperationis
3175 1209 3274 1248 nos
3318 1209 3429 1249 non
3474 1201 3714 1259 tantum,
3766 1191 3866 1249 sed

2274 1296 2331 1345 et
2385 1296 2555 1344 mater
2608 1298 2786 1346 vestra
2827 1297 3012 1345 sancta
3055 1297 3110 1345 et
3156 1287 3452 1361 apostolica
3495 1286 3709 1344 latetur
3759 1288 3866 1343 Ec-

2273 1382 2454 1439 clesia.

2343 1478 2489 1535 Data
2519 1480 2732 1549 Roma,
2775 1478 2966 1551 quinto
2996 1474 3280 1535 Kalendas
3313 1474 3589 1542 Octobris,
3618 1473 3871 1533 indictio-

2274 1586 2345 1627 ne
2366 1586 2468 1629 XV.

2844 1668 3195 1725 EPISTOLA
3208 1665 3307 1722 Vl.

2514 1786 2582 1823 AD
2611 1783 2888 1825 HBNRICUM
2936 1785 3278 1826 LBODIENSEM
3315 1782 3632 1823 EPISCOPUH.

2874 1868 3056 1932 (Anno
3088 1867 3277 1929 1076.)

2277 1967 2559 2032 Rescribt't,
2592 1969 2645 2023 si
2690 1982 3146 2024 exeommumcato
3174 1968 3294 2037 regi
3342 1964 3697 2034 Trajectensis
3748 1978 3865 2033 ep:-

2349 2054 2535 2109 scopus
2561 2042 2788 2095 scienter
2809 2036 3247 2102 communicarit,
3268 2042 3319 2092 et
3343 2039 3455 2092 sine
3500 2036 3873 2109 satisfactione

2352 2108 2560 2179 obierat,
2594 2128 2713 2166 cum
2741 2128 2796 2167 eo
2820 2128 2912 2167 nec
2948 2118 3156 2167 mortuo
3176 2125 3330 2182 posse
3353 2108 3751 2182 communicari;
3772 2108 3869 2182 sin

2353 2184 2548 2246 minus,
2598 2184 2752 2238 illum
2780 2184 3035 2245 absolvit,
3092 2189 3146 2237 et
3176 2178 3461 2248 sacriﬁcia
3504 2194 3604 2249 pro
3659 2193 3733 2249 eo,
3756 2178 3883 2244 ﬁeri

2347 2258 2517 2322 optat.
2547 2257 2722 2324 Rogat
2754 2261 3022 2324 postremo
3059 2269 3161 2323 pro
3190 2253 3440 2309 Ecclesia
3472 2248 3877 2319 tranquillitate

2345 2340 2528 2395 preces
2553 2327 2625 2380 ad
2655 2329 2820 2381 Deum
2845 2326 3071 2395 effundi.

2349 2429 2705 2485 Gneeontus
2730 2427 3034 2500 episcopus,
3058 2441 3244 2482 servus
3263 2439 3547 2480 servorum
3562 2421 3685 2489 Dei,
3709 2422 3877 2478 Herr-

2279 2536 2424 2579 nIco
2453 2521 2741 2577 Leodiensi
2765 2523 3042 2594 episcopo,
3063 2522 3300 2577 salutem
3328 2526 3382 2574 et
3402 2515 3762 2589 apostolicam
3782 2513 3880 2572 be-

2278 2615 2673 2673 nedictionem.

2352 2716 2500 2778 (388)
2551 2709 2713 2780 Quod
2744 2708 2813 2765 de
2853 2725 3013 2765 causa
3057 2707 3322 2767 Willelmi
3368 2704 3723 2775 Trajectensis
3760 2699 3877 2776 epi-

2277 2805 2425 2876 scopi
2457 2820 2560 2860 nos
2588 2803 2927 2870 consuluisti,
2967 2802 3253 2875 prudentia
3280 2810 3374 2857 tua
3420 2816 3531 2855 non
3572 2808 3684 2854 tam
3714 2814 3742 2852 a
3774 2813 3882 2853 no-

2278 2898 2364 2954 bis
2409 2915 2577 2970 quam
2608 2915 2637 2954 a
2684 2897 2970 2954 communi
2995 2906 3312 2952 sanctorum
3356 2897 3578 2950 Patrum
3606 2890 3881 2949 sententia

2279 2992 2650 3048 indubitanter
2690 3008 3007 3064 expressum
3036 2990 3319 3047 addiscere
3349 2998 3402 3044 et
3426 2987 3728 3059 intelligere
3772 3001 3879 3057 po-

2279 3095 2406 3154 test;
2446 3102 2679 3158 quorum
2712 3095 2914 3142 statuta
2960 3093 3233 3141 servantes
3279 3091 3373 3139 aut
3404 3080 3779 3147 defendentes,
3832 3078 3882 3135 si

568 3181 786 3255 justitia
810 3180 1244 3284 ἀθωοῐιεῐΐδῐξῒθ,
1275 3184 1335 3229 ut
1362 3175 1411 3228 εἰ
1441 3174 1682 3250 SUbjecta
1709 3189 1825 3228 esse
1852 3173 2053 3229 debeat
2078 3189 2167 3245 ap-
2205 3217 2251 3284 α
2280 3181 2499 3252 quando
2530 3180 2799 3252 judicium
2840 3181 2907 3237 de
2955 3179 3181 3253 negotiis
3212 3175 3595 3233 ecclesiasticis
3644 3173 3881 3230 fecimus

575 3273 833 3348 paruerit,
888 3288 987 3327 nos
1036 3268 1264 3341 quidem
1311 3277 1512 3323 sancta
1564 3266 1868 3322 Turonensi
1916 3267 2168 3324 Ecclesia

567 3371 662 3443 jus
682 3383 845 3424 suum
869 3364 1207 3430 conservari,
1230 3362 1278 3419 ei
1305 3362 1551 3418 debitam
1577 3360 1976 3433 subjectionem
2007 3378 2035 3416 a
2062 3364 2175 3417 Do-

575 3463 713 3519 lensi
764 3460 1001 3517 Ecclesia
1029 3457 1272 3515 exhiberi
1322 3457 1595 3525 volumus,
1635 3466 1689 3512 et
1733 3456 2031 3528 apostolica
2079 3472 2174 3512 au-

577 3556 830 3614 ctoritate
873 3570 1183 3621 censemus;
1208 3569 1366 3609 usum
1410 3561 1597 3607 tamen
1638 3550 1781 3623 pallii
1828 3566 1940 3605 non
1990 3549 2175 3605 minus

577 3651 705 3706 huic
744 3650 967 3720 suisque
1012 3647 1440 3712 successoribus,
1468 3645 1644 3700 donec
1685 3660 1878 3699 eorum
1923 3644 2178 3699 introitus

581 3753 635 3799 et
665 3742 774 3797 vita
825 3741 1118 3812 probabilis
1170 3740 1349 3803 fuerit,
1380 3738 1730 3793 concedimus
1782 3746 1944 3809 atque
1982 3737 2178 3792 .ﬁrma-

580 3850 731 3891 mus.
778 3834 874 3889 Sin
904 3848 1041 3889 vero
1071 3832 1139 3888 ab
1178 3831 1340 3902 hujus
1368 3830 1721 3902 subjectionis
1753 3831 1889 3903 jugo
1919 3848 2040 3887 eam
2079 3830 2175 3885 ab-

578 3929 817 3985 solutam
868 3941 987 3982 esse
1030 3924 1183 3995 legali
1214 3922 1527 3979 defensione
1570 3924 1896 3991 constiterit,
1924 3939 2180 3994 quacun-

580 4038 685 4095 que
730 4020 834 4076 sibi
877 4017 1154 4090 dignitatis
1186 4016 1463 4089 privilegia
1506 4016 1573 4071 de
1618 4024 1817 4072 catero
1873 4026 2181 4087 competere

582 4116 695 4171 visa
752 4114 971 4181 fuerint,
1025 4110 1317 4184 apostolica
1368 4125 1479 4164 non
1525 4110 1811 4179 denegabit
1862 4112 2176 4179 auctoritas,

582 4219 742 4281 atque
780 4208 1022 4272 interim,
1072 4213 1130 4261 ut
1174 4204 1220 4259 ei
1263 4204 1405 4259 sicut
1431 4194 1838 4275 archiepiscopo
1884 4204 2182 4275 subjectio-

581 4319 707 4360 nem
744 4310 800 4358 et
827 4299 1197 4357 obedientiam
1223 4298 1542 4366 exhibeatis,
1576 4298 1831 4370 prasenti
1860 4300 2183 4357 auctoritate

584 4395 989 4455 constituimus.
1040 4395 1161 4448 Hoc
1186 4392 1371 4465 itaque
1417 4399 1577 4463 pacto
1622 4407 1748 4447 eum
1798 4402 2179 4449 consecratum

584 4499 639 4548 et
665 4498 920 4547 ornatum
962 4488 1031 4544 ad
1061 4487 1246 4543 sedem
1276 4502 1386 4542 non
1435 4484 1679 4541 humano
1708 4486 1936 4543 consilio
1966 4488 2062 4543 sed
2098 4487 2180 4543 di-

2280 3276 2362 3331 vel
2402 3274 2656 3343 facimus,
2696 3291 2806 3330 non
2835 3290 2976 3329 nova
3018 3283 3111 3329 aut
3138 3280 3323 3328 nostra
3369 3267 3720 3343 proferimus,
3780 3264 3885 3323 sed

2280 3371 2349 3426 ab
2392 3369 2468 3425 eis
2518 3385 2612 3440 per
2651 3369 2914 3440 Spiritum
2958 3376 3210 3423 sanctum
3252 3365 3469 3437 prolata
3520 3362 3802 3435 sequimur
3821 3367 3885 3417 et

2281 3480 2619 3520 exercemus.
2652 3463 2788 3522 Vide
2815 3477 2946 3535 ergo
2976 3470 3032 3517 et
3056 3461 3338 3532 diligenter
3365 3457 3584 3513 attende
3629 3454 3763 3527 quid
3793 3468 3881 3511 eo-

2278 3574 2399 3615 rum
2434 3556 2732 3613 auctoritas
2778 3556 2833 3612 in
2865 3572 2960 3611 eos
2986 3553 3283 3611 decreverit
3310 3552 3426 3625 qui,
3456 3550 3525 3605 ad
3556 3550 3885 3605 subverten-

2281 3652 2379 3708 das
2402 3668 2581 3708 sacras
2611 3651 2843 3724 regulas,
2891 3649 2959 3705 ad
3003 3647 3363 3704 scindendam
3403 3644 3665 3701 unitatem
3694 3657 3884 3715 corpo-

2283 3747 2357 3802 ris
2405 3745 2624 3813 Christi,
2684 3744 2830 3815 quod
2870 3751 2950 3798 est
3005 3740 3265 3809 Ecclesia,
3312 3737 3669 3795 schismaticis
3715 3743 3885 3808 atque

2283 3839 2550 3895 haereticis
2597 3836 2983 3892 calliditatibus
3019 3835 3221 3891 armati
3267 3834 3413 3890 ultro
3459 3841 3649 3887 contra
3700 3838 3885 3902 patres

2286 3934 2596 4005 insurgunt,
2627 3941 2725 3986 aut
2770 3932 3003 3986 scienter
3038 3946 3165 3985 cum
3204 3925 3699 3983 excommunicatis
3722 3939 3886 3979 com-

2286 4027 2588 4093 municant;
2628 4033 2682 4080 et
2706 4041 2818 4081 non
2858 4024 3041 4079 solum
3084 4038 3250 4094 super
3277 4020 3381 4077 hoc
3424 4020 3491 4077 de
3550 4033 3659 4089 quo
3691 4016 3890 4073 frater-

2288 4121 2431 4177 nitas
2458 4129 2547 4177 tua
2576 4120 2847 4193 quasivit,
2873 4118 2967 4173 sed
2995 4132 3159 4188 super
3188 4114 3452 4171 omnibus
3480 4113 3573 4184 qui
3605 4114 3659 4168 in
3682 4110 3886 4167 eadem

2288 4231 2452 4271 causa
2478 4223 2752 4282 tenentur,
2782 4228 2975 4269 eorum
3011 4226 3248 4283 quorum
3280 4208 3524 4279 vestigia,
3557 4209 3675 4262 Deo
3703 4213 3869 4261 aucto

2288 4326 2368 4377 re,
2401 4308 2805 4381 perpendimus,
2844 4321 2942 4378 pro
2969 4305 3131 4360 nobis
3161 4318 3420 4374 responsa
3450 4302 3684 4371 suscipe.
3717 4296 3888 4367 Quod

2288 4403 2335 4459 si
2353 4401 2504 4459 nullo
2554 4401 2871 4464 schismate,
2903 4399 3051 4471 quod
3082 4406 3270 4454 contra
3301 4404 3550 4453 sanctam
3581 4401 3634 4448 et
3670 4400 3889 4463 aposto-

2289 4496 2452 4551 licam
2473 4496 2769 4550 Ecclesiam
2787 4501 3185 4565 prasumptum
3203 4499 3393 4546 contra
3414 4488 3675 4545 ultimum
3695 4501 3893 4558 quem-

584 4585 785 4640 vinitus
822 4583 873 4638 ei
902 4581 1231 4654 assignatam
1260 4578 1622 4647 remittentes,
1657 4579 1811 4636 vobis
1839 4580 1993 4637 valde
2034 4596 2176 4636 com-

2296 4589 2428 4645 libet
2465 4589 2727 4645 Ecclesia
2756 4588 3077 4643 ministrum
3103 4585 3221 4641 ﬁeri
3246 4584 3555 4640 nullatenus
3582 4579 3889 4646 debuisset,

586 4677 906 4734 mendatum
934 4691 1057 4731 esse
1109 4675 1381 4740 volumus,
1408 4680 1471 4729 ut
1491 4673 1634 4729 sicut
1648 4688 1749 4729 nos
1776 4674 1834 4728 in
1859 4690 1924 4730 eo
1951 4674 2186 4731 charita-

591 4780 708 4828 tem
734 4778 974 4825 vestram
1013 4776 1068 4824 et
1099 4768 1268 4824 totius
1296 4765 1592 4840 provincia
1629 4767 1995 4840 principatum
2023 4767 2191 4825 hono-

586 4863 843 4931 ravimus,
891 4862 967 4917 ita
996 4870 1049 4916 et
1094 4877 1191 4916 vos
1219 4875 1383 4932 quam
1416 4876 1515 4931 pro
1557 4876 1624 4916 eo
1654 4861 1995 4935 suscepimus
2029 4862 2185 4919 solli-

586 4956 887 5015 citudinem
915 4963 970 5010 et
1007 4953 1215 5025 pietatis
1242 4952 1501 5009 affectum
1529 4954 1816 5010 nobiscum
1855 4956 2178 5028 suscipiatis;

588 5051 772 5124 ipsum
807 5047 1030 5121 quidem
1060 5062 1189 5103 cum
1217 5047 1372 5102 omni
1409 5046 1619 5104 honore
1645 5056 1701 5103 et
1727 5050 2027 5105 reverentia
2066 5066 2180 5106 sus-

590 5144 868 5219 cipientes,
917 5149 975 5197 et
1015 5148 1078 5197 ut
1105 5140 1251 5196 bona
1280 5139 1517 5196 ecclesia
1551 5140 1669 5212 jam
1714 5156 1811 5212 per
1851 5143 2057 5199 multos
2083 5159 2178 5199 an-

589 5254 692 5295 nos
718 5253 751 5293 a
778 5234 1049 5307 sacrilegis
1074 5232 1312 5305 diSpersa
1341 5233 1721 5305 pervaseribus
1743 5249 2060 5307 recuperare
2086 5253 2181 5294 va-

592 5333 703 5389 leat
749 5330 1095 5403 adjuvantes;
1128 5334 1397 5401 quatenus
1422 5326 1513 5382 illa
1543 5326 1700 5384 sedes
1733 5327 1867 5383 olim
1904 5329 2096 5387 nobilis
2125 5339 2183 5390 et

590 5434 785 5499 potens
814 5424 883 5481 ad
910 5422 1137 5497 gloriam
1184 5420 1396 5494 pristini
1423 5419 1654 5489 decoris,
1683 5425 1803 5478 Deo
1854 5420 2179 5497 opitulante,

590 5519 783 5576 vestris
848 5516 1178 5575 reformetur
1226 5514 1444 5584 studiis,
1510 5516 1811 5587 vestrisque
1864 5517 2185 5578 restituatur

592 5612 957 5685 temporibus.
1010 5609 1098 5668 Sic
1142 5609 1366 5679 etenim,
1424 5608 1527 5678 sic,
1585 5608 1776 5666 fratres
1825 5609 2183 5686 dilectissimi,

592 5706 804 5767 vocavit
827 5722 931 5764 nos
968 5708 1118 5764 Deus
1146 5713 1204 5763 et
1226 5706 1387 5762 Pater
1408 5703 1633 5761 Domini
1660 5705 1835 5763 nostri
1858 5707 1890 5763 J
1893 5723 1989 5766 esu
2026 5707 2187 5767 Chri-

590 5892 593 5895 ’
666 5887 812 5963 (388)
844 5884 983 5950 Vide
1004 5886 1359 5952 Lambertum
1386 5898 1529 5958 anno
1567 5888 1721 5943 1073.

2294 4686 2411 4756 ipse
2456 4691 2552 4738 aut
2577 4682 2889 4755 quicunque
2936 4696 3032 4737 sua
3062 4687 3255 4751 sponte
3292 4675 3641 4747 subscripsit,
3668 4681 3724 4729 et
3768 4671 3893 4745 regi

2296 4777 2772 4834 excommunicato
2801 4776 3035 4831 scienter
3078 4771 3497 4829 communicans
3538 4769 3654 4825 sine
3700 4765 3893 4839 poeni-

2295 4873 2469 4928 tentia
2518 4879 2573 4926 et
2617 4869 2984 4926 satisfactione
3027 4865 3274 4924 discessit
3318 4865 3403 4920 vel
3434 4860 3766 4928 discesserit;
3816 4858 3895 4915 ab

2285 4965 2376 5020 illa
2427 4972 2744 5021 sanctorum
2796 4965 3028 5019 Patrum
3081 4960 3353 5016 sententia
3409 4956 3722 5026 discrepare
3773 4968 3893 5009 non

2288 5073 2581 5131 possumus
2620 5073 2633 5109 :
2665 5056 2942 5123 videlicet,
2972 5053 3169 5126 quibus
3197 5052 3333 5108 vivis
3359 5066 3472 5107 non
3507 5047 3895 5105 communica-

2290 5152 2489 5219 vimus,
2537 5165 2639 5205 nec
2688 5147 2920 5204 mortuis
2973 5144 3381 5202 communicem
3440 5140 3731 5199 audemus.
3787 5139 3891 5196 Sin

2288 5260 2416 5301 vero
2467 5243 2670 5299 invitus
2718 5240 3057 5312 subscripsit,
3119 5247 3175 5295 et
3229 5237 3347 5309 regi
3396 5232 3890 5292 excommunicato

2282 5337 2434 5410 juxta
2474 5333 2903 5407 prohibitionem
2931 5342 3251 5391 sanctorum
3292 5345 3568 5388 canonum
3594 5343 3708 5384 non
3733 5340 3893 5384 com-

2288 5428 2672 5498 municaverit,
2728 5428 3026 5501 apostolica
3076 5426 3401 5483 auctoritate
3448 5438 3577 5479 eum
3644 5418 3893 5477 absolvi-

2291 5538 2438 5592 mus,
2469 5531 2525 5580 et
2550 5530 2613 5578 ut
2638 5522 2933 5592 orationes,
2961 5520 3293 5578 sacriﬁcium
3322 5526 3378 5575 et
3399 5517 3763 5589 eleemosyna
3786 5527 3891 5586 pro

2292 5633 2355 5675 eo
2384 5618 2631 5674 Domino
2666 5615 2989 5684 offerantur,
3015 5631 3127 5671 non
3155 5615 3341 5670 solum
3364 5611 3682 5676 annuimus,
3708 5606 3811 5664 sed
3835 5613 3895 5663 et

2290 5710 2450 5770 valde
2472 5709 2869 5771 desideramus.
2898 5711 2984 5766 De
3010 5716 3208 5766 catero
3238 5719 3500 5779 rogamus
3529 5701 3892 5761 dilectionem
