4144 6184
208 355 299 410 461
902 381 909 390 π
1325 355 1523 412 LIBER
1562 339 1902 424 QUARTUS:
1935 381 2007 400 --
2045 358 2251 414 EPIST.
2295 357 2379 412 ix.
3396 332 3500 413 tsi

205 488 388 548 tuam,
410 487 476 534 ut
495 479 616 534 sine
630 478 1040 535 intermissione
1060 480 1373 537 orationem
1393 480 1466 537 ad
1485 481 1794 538 Dominum
1823 481 1880 550 Α
1980 485 2273 553 pollicetur.
2309 483 2531 537 Interim
2561 483 2612 535 si
2643 483 2705 534 in
2724 483 3023 550 periculum
3059 483 3188 536 uitae
3223 482 3494 546 inciderit,

203 571 402 640 facias,
434 581 492 628 et
519 573 580 628 in
609 570 854 644 idipsum
874 570 1070 630 fratres
1097 590 1236 646 quos
1261 575 1437 646 possis
1463 591 1527 632 ac
1550 575 1801 632 subditos

1979 559 2030 610 ei
2061 555 2441 610 absolutionem
2473 555 2811 621 i-mpartitur.

205 667 411 722 invites
451 675 618 738 atque
655 683 1034 734 commoneas,
1066 677 1338 741 quatenus
1363 686 1457 741 per
1486 670 1801 725 misericor-
1981 667 2338 723 GnsGomus
2363 663 2671 737 episcopus,
2694 680 2879 720 servus
2908 679 3194 722 servorum
3222 664 3353 732 Dei,
3384 663 3499 735 epi-

203 760 363 817 diam
393 776 554 816 suam
591 760 896 817 Ecclesiam
927 761 1022 817 diu
1059 770 1114 817 et
1143 762 1300 819 valde
1335 763 1682 819 laborantem
1712 778 1803 819 re-
1911 759 2087 831 scopis
2102 761 2772 826 Tusciae,C0Nan'rINo
2787 759 3357 827 Aretin0,RAINEBIO
3375 757 3499 814 Flo-

202 855 436 927 spiciat,
459 863 513 910 et
530 871 700 926 quam
724 855 870 911 inter
897 863 982 911 tot
1002 864 1058 912 et
1075 864 1365 912 tantorum
1385 857 1674 913 turbinum
1694 857 1799 912 ﬂu-
1910 855 2153 923 rentiuo,
2175 857 2364 911 LEONI
2390 843 2730 922 Pistoriensi,
2756 858 3041 910 ANSELMO
3064 852 3320 920 Lucensi,
3345 853 3499 908 LAN-

201 957 332 1004 ctus
364 947 757 1004 miserabiliter
799 948 1070 1006 afﬂictam
1115 959 1171 1006 et
1213 967 1353 1023 pene
1383 960 1805 1024 conquassatam
1917 964 2157 1005 FBANCO
2189 950 2441 1018 Clusino,
2496 948 2726 1003 salutem
2771 956 2825 1003 et
2867 946 3225 1019 apostolicam
3271 945 3500 1004 benedi-

202 1042 388 1110 videt,
434 1057 507 1098 ne
539 1043 758 1114 penitus
800 1044 1157 1116 demergatur
1188 1046 1412 1116 eripiat,
1444 1054 1500 1102 et
1542 1045 1612 1102 ad
1652 1045 1807 1101 littus
1914 1044 2173 1100 ctionem.

201 1136 632 1208 tranquillitatis
651 1153 750 1209 pro
771 1153 870 1194 sua
898 1139 1104 1209 pietate
1127 1138 1377 1195 reducat.
1985 1139 2110 1194 Non
2158 1138 2409 1209 ignorare
2463 1136 2741 1193 credimus
2787 1134 3197 1192 fraternitatem
3254 1142 3495 1191 vestram

275 1234 427 1287 Data
458 1233 678 1299 Romae,
712 1232 908 1304 quinto
953 1231 1238 1290 Kalendas
1267 1232 1632 1304 Novembris,
1667 1232 1807 1292 indi-
1916 1232 2145 1306 qualiter
2179 1230 2655 1303 comprovincialis
2699 1238 2876 1286 vester
2918 1228 3244 1301 Rodulphus
3290 1231 3497 1285 Senen-

204 1324 400 1380 ctione
427 1322 648 1381 decima
676 1325 890 1397 quinta.
1916 1327 1993 1383 sis
2021 1327 2331 1398 episcopus,
2361 1323 2466 1380 hoc
2500 1325 2558 1379 in
2587 1339 2733 1380 anno
2772 1324 2890 1380 sine
2922 1331 3109 1379 nostra
3152 1321 3373 1378 licentia
3417 1335 3500 1379 re-

267 1417 270 1420 ί
751 1443 1109 1500 EPISTQLA
1151 1445 1282 1504 νη,
1918 1429 2042 1494 gem
2070 1421 2607 1476 excommunicatum
2650 1417 2861 1484 adiens,
2900 1426 3092 1473 contra
3140 1431 3367 1472 omnem
3418 1431 3502 1470 ec-

324 1566 412 1610 AD
434 1568 780 1614 ﬂmmeum
812 1569 1176 1612 ‘BDEBICUM
1231 1570 1304 1611 ΕΤ
1333 1549 1675 1614 wmﬁEDUM
1919 1514 2274 1570 clesiasticam
2314 1513 2697 1570 auctoritatem
2734 1509 3194 1567 communicando
3238 1526 3367 1565 cum
3405 1526 3502 1577 eo,

765 1595 780 1622 ’
812 1595 1176 1612 “mu-wn
1231 1595 1299 1611 m
1345 1595 1698 1614 “unum”.
1919 1607 2163 1681 ejusdem
2224 1605 2804 1664 excommunicationis
2874 1605 3129 1678 laqueum
3193 1603 3503 1659 incurrerit.

765 1715 767 1722 λ
808 1665 992 1737 (Anno
1046 1668 1218 1737 ι0⁷6σ)
1919 1706 2038 1737 nuo
2071 1702 2140 1737 ,1ο
2170 1717 2228 1737 una
2251 1717 2561 1737 nnanmmm
2601 1715 2727 1737 nnm
2771 1698 2986 1737 nrnnrin
3017 1705 3234 1737 nominat
3265 1705 3318 1737 of
3348 1711 3503 1737 roum

1919 1706 2041 1774 Qua
2070 1702 2142 1758 de
2170 1717 2228 1758 re
2251 1717 2564 1774 quanquam
2601 1715 2729 1756 eum
2771 1698 2989 1770 propria
3016 1705 3236 1753 accuset
3265 1705 3320 1752 et
3348 1711 3504 1752 reum

208 1782 334 1837 Etsi
343 1780 586 1869 Ecclesia
609 1782 908 1869 [sequentes
927 1782 1179 1850 patiatur.
1187 1784 1582 1869 persecutiones
1603 1799 1636 1835 ιι
1656 1783 1810 1863 Νοτιε-

1941 1796 2122 1852 udicet
2146 1794 2501 1862 conscientia,
2532 1787 2564 1850 a
2603 1793 2752 1848 nulla
2779 1801 2970 1847 tamen
2993 1790 3411 1858 communione,
3441 1789 3510 1845 si-

857 1857 1487 1980 ragjgeff’eg‘ljrfgﬁgxg
1839 1914 1888 1977 Β
1918 1898 2010 1946 cut
2037 1888 2578 1946 excommunicatum
2608 1885 2931 1958 oportuerit,
2958 1900 3016 1940 se
3042 1883 3318 1940 abstinere
3346 1898 3509 1939 cura-

282 1976 519 2052 Nuntiat
549 1976 872 2062 Teutonicos,
910 1997 1018 2048 nisi
1057 1976 1157 2048 rem?
1182 1976 1483 2064 resipuerit,
1523 1976 1810 2050 aliumréL
1841 1976 1868 1977 ἡ
1917 1984 2018 2052 vit;
2061 1983 2156 2041 sed
2199 1983 2400 2049 omnia,
2444 1990 2560 2036 tam
2604 1980 2661 2035 in
2692 1978 2997 2036 ministerio
3025 1993 3194 2051 quam
3236 1976 3506 2032 exteriore

281 2084 406 2148 gem
445 2067 724 2148 electuros,
754 2067 978 2135 illosque
1006 2069 1067 2120 in
1106 2069 1328 2122 Domino
1369 2069 1570 2122 excitat
1599 2072 1649 2122 et
1688 2083 1810 2121 con-

1937 2077 2350 2144 :onversatione,
2383 2089 2742 2148 praesumens,
2783 2072 2991 2144 peccati
3037 2071 3120 2127 sui
3172 2071 3415 2126 maculas
3453 2069 3510 2126 in

281 2142 489 2208 ﬁrmat-
1917 2173 2124 2229 multos
2161 2142 2438 2242 dispersit,
2485 2176 2542 2224 et
2585 2167 2723 2223 nihil
2767 2142 2825 2223 in
2866 2181 2924 2222 se
2951 2164 3100 2237 quod
3147 2164 3219 2220 ad
3247 2163 3508 2220 delictum

284 2245 654 2310 G‘nneonws
665 2251 972 2324 episcopus,
994 2267 1186 2309 servus
1207 2268 1490 2309 servorum
1506 2254 1631 2323 Dei,
1657 2255 1816 2310 BEN-

1937 2267 2186 2322 )ertineat
2224 2265 2409 2320 habitu
2443 2264 2525 2319 vel
2555 2259 2973 2318 conversatione
3017 2257 3431 2326 demonstrans,
3479 2274 3511 2314 a

212 2363 382 2414 nico,
403 2353 734 2413 ABDEBICO,
758 2348 1083 2414 Wirnsno,
1107 2346 1586 2404 ﬁdelibussancta:
1604 2357 1816 2420 aposto-

212 2443 338 2498 lica:
380 2439 557 2508 sedis,
586 2440 856 2512 legitimis
881 2440 1012 2496 ﬁliis
1054 2440 1483 2497 Mediolanensis
1525 2442 1816 2511 Ecclesiae,

214 2536 463 2592 salutem
495 2542 551 2590 et
579 2534 943 2606 apostolicam
975 2522 1445 2591 benedictionem.

289 2625 598 2685 Manifesta
622 2628 873 2699 Apostoli
908 2628 1185 2685 sententia
1221 2638 1306 2684 est
1331 2627 1483 2700 quod
1507 2645 1682 2685 omnes
1728 2644 1822 2698 qui

211 2728 307 2795 pie
338 2723 531 2777 volunt
558 2724 730 2776 vivere
765 2723 826 2776 in
870 2721 1082 2778 Christo
1107 2725 1231 2777 Jesu
1266 2725 1680 2793 persecutionem
1716 2739 1820 2793 pa-

216 2821 440 2873 tiuntur
473 2819 550 2883 (II
589 2818 728 2872 Tim.
755 2818 850 2885 II).
885 2820 1022 2887 Quae
1051 2816 1326 2872 sententia
1358 2832 1487 2879 cum
1519 2815 1818 2886 apostolica
1873 2826 1876 2830 '

218 2910 352 2966 sede
395 2909 464 2966 ad
493 2925 597 2964 nos
626 2909 784 2980 quasi
829 2908 1184 2965 hereditario
1221 2909 1345 2982 jure
1373 2909 1647 2980 pervenit,
1693 2924 1818 2965 cum

217 3004 354 3061 hinc
373 3003 524 3059 bona
550 3003 805 3059 Ecclesia:
827 3003 1161 3060 Nortmanni
1193 3003 1474 3059 multoties
1500 3002 1703 3074 periuri
1727 3018 1822 3058 co-

217 3107 432 3155 nantur
478 3095 722 3164 auferre;
779 3114 846 3153 ex
897 3097 1071 3154 altera
1129 3107 1284 3169 parte
1338 3097 1644 3153 Simoniaci
1695 3111 1824 3152 cum

222 3191 476 3249 Henrico
497 3207 622 3264 rege
647 3207 840 3247 eorum
867 3190 1086 3247 decreta
1104 3199 1423 3247 sanctorum
1444 3193 1674 3246 Patrum
1695 3205 1824 3245 cum

1920 2360 2080 2416 nobis
2111 2375 2208 2432 per
2233 2360 2443 2431 legatos
2481 2370 2612 2413 suos
2654 2354 2723 2411 ad
2765 2352 3211 2410 satisfaciendum
3240 2352 3309 2409 de
3351 2351 3509 2423 culpa

1920 2454 2086 2525 recipi
2109 2453 2357 2526 postulat
2384 2460 2438 2508 et
2457 2449 2684 2508 absolvi.
2714 2446 2878 2519 Quod
2905 2447 3128 2520 quidem
3157 2461 3260 2503 nos
3288 2445 3517 2502 minime

1923 2545 2236 2603 faciendum
2293 2561 2414 2602 esse
2448 2543 2849 2617 judicavimus,
2893 2541 2997 2597 nisi
3047 2541 3199 2614 prius
3237 2555 3369 2597 eum
3413 2553 3514 2611 pro

1924 2649 2106 2698 reatus
2151 2640 2238 2696 sui
2291 2638 2608 2710 paenitentia
2650 2636 2721 2693 ad
2764 2635 3004 2692 formam
3043 2644 3100 2691 et
3141 2633 3519 2691 habitudinem

1925 2734 2141 2789 amissaa
2169 2730 2577 2787 communionis
2603 2745 2698 2801 per
2737 2727 2963 2800 aliquod
2997 2735 3218 2799 tempus
3262 2726 3519 2783 humilia-

1925 2836 2048 2884 tum
2092 2825 2211 2882 fore
2257 2838 2736 2897 cognosceremus.
2782 2821 3023 2877 Proinde
3063 2819 3394 2876 fraternitati
3431 2834 3520 2876 ve-

1929 2929 2056 2976 stra:
2107 2919 2444 2991 scripsimus,
2489 2916 2850 2972 admonentes
2895 2924 2956 2969 ut
2987 2929 3136 2981 eum,
3167 2914 3211 2968 si
3258 2911 3522 2985 potestis,

1930 3023 2146 3081 omnes,
2187 3020 2281 3068 aut
2326 3010 2436 3067 duo
2486 3009 2557 3066 de
2584 3007 2963 3075 vicinioribus,
3014 3006 3072 3062 in
3115 3006 3236 3062 loco
3268 3020 3518 3078 congruo

1931 3107 2256 3180 quantocius
2283 3103 2634 3171 conveniatis,
2676 3109 2731 3158 et
2757 3100 3108 3174 injungentes
3146 3098 3212 3167 ei,
3247 3107 3412 3171 prout
3438 3114 3529 3155 vo-

1932 3201 2017 3258 bis
2045 3201 2227 3256 visum
2248 3199 2436 3264 fuerit,
2459 3195 2862 3270 paenitentiam,
2889 3203 2952 3250 ut
2978 3195 3030 3248 in
3053 3191 3323 3264 privatum
3345 3193 3527 3248 locum

219 3287 385 3342 omni
414 3284 680 3356 religione
709 3285 1016 3340 moliuntur
1044 3292 1286 3340 evertere
1314 3301 1326 3338 :
1368 3283 1463 3340 sed
1492 3282 1823 3340 conﬁdimus
1854 3289 1900 3352 α
1938 3312 1996 3353 se
2023 3295 2269 3367 recipiat,
2311 3302 2383 3361 et,
2426 3293 2566 3348 sicut
2600 3291 2656 3346 in
2683 3289 2854 3347 sacris
2895 3295 3158 3344 statutum
3188 3295 3273 3343 est
3298 3285 3529 3342 canoni-

223 3381 284 3435 in
328 3378 603 3446 Domino,
643 3377 737 3450 qui
777 3378 1088 3449 superbiam
1135 3380 1616 3434 Nortmannorum
1664 3378 1827 3449 paulo

223 3483 353 3530 ante
399 3471 505 3527 sub
547 3487 716 3527 manu
757 3480 945 3527 nostra
1002 3471 1324 3540 substravit,
1379 3469 1548 3542 quod
1574 3469 1830 3527 adversus

219 3567 594 3639 apostolicam
635 3565 824 3621 sedem
864 3582 977 3621 non
1021 3565 1114 3621 diu
1147 3565 1546 3636 praevalebunt.
1599 3567 1713 3620 Nos
1755 3573 1830 3620 ta-

223 3679 358 3718 men
392 3660 676 3731 sacrilegae
714 3660 1009 3716 iuvasionis
1038 3675 1238 3714 eorum
1288 3674 1584 3729 nunquam
1625 3658 1831 3714 erimus

225 3754 634 3812 consentiendo
679 3753 992 3825 participes.
1046 3756 1130 3808 De
1177 3752 1591 3824 conspiratione
1644 3759 1831 3808 autem

229 3847 630 3904 hareticorum
660 3855 713 3902 et
745 3847 907 3919 regis,
949 3847 1230 3918 quomodo
1261 3863 1291 3902 a
1313 3845 1598 3902 catholicis
1626 3845 1833 3916 episco-

228 3943 324 4014 pis
343 3949 400 3997 et
421 3941 673 4009 ducibus,
705 3949 759 3996 et
788 3940 980 3997 multis
1007 3941 1129 3996 aliis
1155 3941 1211 3995 in
1231 3940 1555 3998 Teutonicis
1585 3939 1834 4011 partibus

226 4045 424 4110 aperte
450 4037 832 4108 impugnetur,
875 4051 974 4091 vos
1012 4035 1107 4105 qui
1150 4035 1258 4090 illis
1289 4049 1459 4105 prope
1504 4034 1640 4089 estis
1668 4035 1835 4089 latere

232 4147 350 4186 non
396 4128 697 4186 credimus.
741 4128 830 4183 Ad
869 4136 1088 4184 tantum
1128 4127 1277 4182 enim
1316 4143 1616 4182 numerum
1651 4126 1838 4182 ﬁdeles

231 4228 519 4281 Romana:
557 4221 813 4278 Ecclesia:
842 4229 1233 4293 pervenerunt,
1264 4229 1327 4276 ut
1353 4221 1459 4277 nisi
1509 4219 1582 4276 ad
1619 4219 1838 4275 satisfa-

233 4319 486 4376 ctionem
528 4316 714 4372 veniat
740 4331 832 4371 rex
851 4358 865 4384 ,
897 4315 1064 4370 alium
1096 4331 1282 4388 regem
1312 4314 1492 4386 palam
1517 4314 1706 4370 dicant
1733 4313 1835 4370 eli-

233 4428 391 4486 gere,
415 4411 622 4483 quibus
647 4426 749 4466 nos
773 4409 956 4466 favere
976 4418 1192 4465 servata
1212 4409 1432 4481 justitia
1463 4406 1840 4480 promisimus,

235 4504 698 4578 promissumque
728 4504 956 4591 ﬁrmum
985 4502 1325 4559 tenebimus.
1363 4507 1470 4560 Vos
1489 4503 1676 4573 itaque
1704 4517 1838 4557 con-

233 4598 535 4658 fortamini
570 4597 629 4652 in
671 4598 940 4662 Domino,
972 4597 1230 4668 quoniam
1281 4613 1376 4669 per
1407 4595 1842 4653 misericordiam

1936 3390 2059 3456 bus,
2099 3405 2130 3444 a
2158 3386 2467 3444 Christiana
2508 3383 2906 3440 communione
2950 3399 3013 3438 se
3041 3381 3334 3447 abstineat,
3367 3395 3526 3435 com-

1939 3483 2222 3539 moneatis.
2262 3480 2352 3536 Ad
2393 3479 2542 3552 quod
2571 3478 2614 3533 si
2653 3477 2910 3533 exhibere
2955 3490 3013 3530 se
3051 3483 3309 3546 prompta
3339 3472 3531 3529 obedi-

1937 3577 2090 3633 tione
2115 3592 2229 3632 non
2267 3572 2609 3641 recusaverit,
2640 3579 2715 3640 et,
2741 3570 2834 3642 qui
2873 3569 3096 3640 culpam
3125 3584 3236 3623 non
3264 3565 3425 3634 cavit,
3462 3566 3535 3624 ad

1938 3668 2250 3745 faciendam
2272 3665 2649 3740 poenitentiam
2681 3679 2780 3734 pro
2811 3662 3050 3719 humana
3071 3659 3400 3716 verecundia
3427 3657 3532 3716 sibi

1941 3781 2053 3820 non
2076 3761 2400 3835 pepercerit,
2430 3769 2561 3816 tunc
2592 3759 2818 3814 demum
2847 3755 3136 3828 requisita,
3168 3753 3252 3810 vel
3282 3754 3419 3826 ipse,
3445 3752 3533 3809 vel

1942 3874 2036 3930 per
2065 3858 2270 3929 legatos
2307 3869 2457 3921 suos,
2487 3868 2614 3909 cum
2640 3849 2954 3907 testimonio
2984 3849 3291 3905 litterarum
3319 3855 3529 3904 vestra-

1941 3967 2065 4008 rum
2091 3949 2390 4023 apostolica
2419 3946 2730 4013 clementia,
2762 3943 2830 4000 de
2858 3943 2974 4017 ejus
3002 3941 3343 3998 absolutione
3369 3940 3538 4014 quid-

1944 4046 2096 4118 quid,
2130 4048 2250 4100 Deo
2278 4043 2535 4108 donante,
2565 4039 2804 4112 dignum
2834 4036 2952 4093 fore
2981 4036 3402 4110 perviderimus,
3447 4050 3534 4092 re-

1942 4137 2213 4211 Spondere
2249 4145 2304 4193 et
2350 4150 2507 4208 agere
2534 4149 2649 4189 non
2678 4131 3096 4204 deuegabimus.
3145 4129 3376 4185 Interim
3405 4143 3536 4185 vero

1943 4233 1988 4305 si
2019 4233 2086 4288 ad
2112 4231 2418 4304 periculum
2448 4228 2570 4284 vitm
2607 4227 2795 4283 divino
2828 4225 3054 4298 judicio,
3103 4222 3255 4296 quod
3283 4236 3386 4278 nos
3420 4236 3537 4278 non

1949 4334 2226 4398 optamus,
2254 4339 2384 4396 eum
2414 4323 2595 4377 venire
2620 4317 2932 4391 contigerit,
2967 4325 3020 4373 et
3043 4316 3110 4372 ad
3139 4315 3538 4389 poenitentiam,

1948 4419 2089 4475 sicut
2125 4433 2296 4490 supra
2328 4417 2599 4484 diximus,
2631 4411 2959 4468 humiliatus
2987 4410 3182 4477 fuerit,
3220 4409 3542 4465 auctoritate

1948 4512 2241 4569 beatorum
2271 4509 2652 4582 apostolorum
2683 4504 2832 4561 Petri
2863 4511 2917 4560 et
2954 4502 3149 4569 Pauli,"
3180 4509 3235 4557 et
3271 4516 3334 4557 ea
3364 4516 3536 4573 quam

1953 4623 2080 4676 nos,
2111 4606 2241 4661 licet
2282 4602 2528 4675 indigni,
2563 4615 2658 4672 per
2699 4614 2794 4654 eos
2833 4595 3210 4668 suscepimus,
3256 4594 3543 4651 absolutus

235 4693 351 4750 Dei
381 4708 556 4766 [πορθ
584 4699 668 4747 θεῖ
687 4679 1001 4762 iedempti"
1029 4699 1229 4755 νθδῖτδν
1261 4700 1316 4746 et
1343 4689 1410 4746 ad
1437 4691 1662 4747 ternum
1684 4704 1843 4761 SUPe'
1873 4675 1925 4738 D
1958 4698 2437 4774 participationem
2462 4703 2518 4751 et
2535 4693 2773 4766 gratiam
2799 4697 3168 4748 sacrosancta:
3194 4687 3542 4745 communio-

238 4787 485 4845 raudum
527 4802 641 4841 non
677 4785 856 4841 adhuc
884 4786 1059 4841 virtus
1087 4789 1249 4842 Petro
1290 4783 1525 4853 defecit,
1571 4785 1662 4857 qui
1707 4783 1846 4841 duos

238 4883 371 4938 illos
402 4881 618 4952 priores
638 4878 938 4936 Widonem
968 4887 1024 4936 et
1043 4874 1393 4936 Gotifredum
1415 4887 1607 4935 contra
1635 4881 1846 4934 Roma-

239 4991 384 5032 nam
411 4971 725 5031 Ecclesiam
753 4973 1104 5030 calcitrantes
1146 4972 1218 5029 ab
1257 4966 1553 5045 episcopali
1595 4971 1725 5028 sede
1753 4972 1847 5028 de-

233 5069 397 5140 jecit.

321 5165 470 5219 Data
499 5164 718 5228 Romae,
750 5161 990 5220 secundo
1018 5161 1295 5220 Kalendas
1321 5160 1679 5230 Novembris,
1709 5157 1850 5215 indi-

245 5256 438 5313 ctione
461 5255 680 5313 decima
713 5256 929 5328 quinta.

738 5396 744 5400 ·
796 5370 1148 5430 EPISTOLA
1172 5371 1318 5430 VIII.

693 5501 778 5544 AD
813 5501 1135 5544 EPISCOPOS
1172 5499 1422 5543 TUSCIE.

869 5604 1054 5669 (Anno
1092 5605 1275 5668 1076.)

261 5719 344 5775 σι
374 5719 654 5774 Senensem
682 5719 1004 5788 episcoymm,
1045 5721 1141 5789 qui
1169 5720 1396 5775 Henrico
1424 5720 1545 5786 regi
1579 5719 1862 5774 communi-

341 5794 570 5862 caverat,
617 5793 665 5844 et
700 5790 1079 5845 absolutionem
1114 5793 1367 5862 petierat,
1411 5806 1585 5844 omnes
1615 5791 1724 5859 ipsi
1763 5793 1862 5844 aut

342 5861 447 5916 duo
479 5862 759 5932 ciriniores
784 5863 1013 5932 episcopi
1042 5867 1385 5923 conveniant,
1420 5864 1565 5931 eique
1597 5863 1861 5931 paeniten-

345 5935 477 5988 tiam
500 5931 813 6002 iniungunt,
842 5931 960 6002 qua
980 5941 1200 6004 peracta
1240 5951 1296 5992 se
1328 5948 1452 5990 eum
1480 5933 1859 5989 absoluturum

1954 4795 2044 4851 nis
2078 4793 2330 4864 accipiat.

2024 4892 2170 4944 Data
2189 4890 2411 4952 Romae,
2440 4881 2708 4941 Kalendis
2728 4876 3082 4947 Novembris,
3114 4876 3416 4935 indictione
3434 4892 3544 4936 xv.

2493 4994 2844 5052 EPISTOLA
2879 4994 2982 5050 IX.

1996 5126 2078 5168 AD
2114 5120 2470 5168 BICHBBIUM
2503 5113 3055 5163 ABCHIEPISCOPUH
3093 5113 3512 5158 SRNONBNSEM.

2547 5209 2732 5275 (Anno
2784 5209 2964 5271 1076.)

1963 5320 2025 5377 Si
2051 5313 2461 5373 Aurelianensis
2492 5312 2764 5382 episcopus
2806 5311 3017 5364 litteras
3053 5307 3398 5376 apostolicus,
3432 5305 3555 5374 qui-

2036 5391 2130 5444 bus
2152 5388 2402 5458 pontifem
2433 5400 2550 5438 eum
2577 5383 2650 5458 ad
2680 5397 2736 5458 se
2758 5383 2939 5436 venire
2965 5382 3331 5458 praeceperat,
3369 5391 3422 5430 se
3449 5391 3554 5458 non

2036 5449 2237 5515 vidisse
2255 5449 2635 5526 affirmaverit,
2659 5454 2772 5524 ejus
2792 5459 2944 5526 gesta
2965 5449 3218 5526 adhucse
3238 5449 3558 5526 (equanimié

2040 5537 2120 5587 ter
2146 5519 2410 5592 laturum;
2443 5530 2530 5580 sin
2555 5519 2754 5586 minus,
2795 5519 2862 5578 ab
2899 5526 3047 5578 omni
3070 5521 3354 5596 episcopali
3371 5519 3554 5596 pfﬁcio

1966 5656 1970 5661 ,
2039 5609 2090 5658 et
2123 5601 2485 5656 communio-ne
2511 5598 2748 5668 corporis
2781 5597 2998 5650 Domini
3028 5593 3322 5668 suspendit.
3365 5592 3554 5668 Praeci-

2034 5675 2123 5745 pit
2152 5677 2215 5726 ut
2241 5673 2468 5745 Romam
2486 5668 2558 5722 ad
2582 5662 2864 5722 concilium
2895 5670 3093 5745 veniat,
3115 5662 3169 5720 et
3190 5665 3367 5734 ipsum
3397 5662 3558 5745 Aut?

2043 5725 2334 5799 lianensem
2383 5743 2684 5811 episcopum
2733 5753 2909 5811 secum
2968 5725 3556 5811 uenirecommoneat;

2041 5817 2276 5885 aliosque
2302 5805 2518 5868 clericos
2547 5805 2758 5865 diversa
2775 5807 2916 5874 jura
2936 5805 3345 5878 praetendentes.

2049 5928 2212 5984 Gneo
2225 5939 2372 5984 onlu
2385 5941 2414 5982 s
2438 5921 2745 5995 cpiscopus,
2774 5931 2973 5976 servus
3003 5929 3286 5980 servorum
3305 5909 3432 5983 Dei,
3453 5902 3573 5967 ιλιι

4037 22 4051 88 i

4039 101 4051 150 θ

4043 161 4053 212 ".

4045 261 4053 322 ἓ
