4074 6172
554 296 656 355 463

1240 297 1291 350 8.
1333 292 1656 351 GREGORII
1694 294 1784 379 Vll
1823 294 2019 351 PAP/E
2057 288 2331 374 QPERUM
2368 295 2539 353 PARS
2578 298 2619 353 l.
2661 327 2728 337 --
2766 296 3168 354 REGISTRUM.

3737 297 3836 353 $64

550 440 778 484 casuro
798 421 1104 481 Senonensi
1128 417 1568 491 archiepiscopo,
1596 418 1835 476 salutem
1855 428 1910 477 et
1931 429 2144 491 aposto-
2176 421 2509 515 dubitant
2554 432 2741 481 utrum
2792 438 2961 480 necne
3010 419 3328 478 sacerdotes
3378 436 3443 477 ac
3489 419 3691 489 levita,
3746 436 3838 477 seu

555 521 719 577 licam
748 516 1216 575 benedictionem.

626 618 749 670 Non
770 609 1047 668 credimus
1065 609 1239 664 latere
1263 606 1673 665 fraternitatem
1699 616 1855 666 tuam
1875 609 2023 683 quod
2046 609 2140 666 lit-

553 707 688 764 teris
723 705 926 761 nostris
957 702 1289 759 Reinerium
1329 703 1793 761 Aurelianensem
1819 704 2140 776 episcopum

552 798 1005 856 commonuimus
1033 796 1103 853 ad
1136 812 1240 854 nos
1268 798 1489 868 venire,
1532 807 1807 871 quatenus
1849 796 1920 854 de
1949 798 2142 854 multis

555 893 659 949 sibi
673 891 922 964 objectis,
954 899 1009 947 et
1036 891 1283 949 maxime
1307 891 1375 947 de
1394 890 1718 949 confusione
1728 892 2145 949 Aurelianensis

552 987 827 1057 Ecclesia,
860 986 1238 1058 responderet.
1285 986 1394 1055 Qui
1442 988 1521 1044 ita
1558 986 2003 1044 admonitionem
2037 1001 2144 1043 no-

550 1088 727 1138 stram
767 1080 1127 1151 contempsit,
1175 1088 1239 1134 ut
1287 1096 1467 1151 neque
1510 1081 1630 1152 ipse
1679 1081 1916 1149 veniret,
1965 1096 2144 1153 neque

554 1174 798 1248 aliquam
829 1174 1217 1231 rationabilem
1250 1174 1649 1231 absentationis
1678 1190 1792 1232 sua
1834 1175 2147 1232 excusatio-

554 1285 688 1325 nem
733 1270 1167 1338 transmitteret;
1205 1269 1362 1341 cujus
1394 1276 1458 1322 ut
1493 1268 1886 1326 inobedientia
1933 1269 2146 1339 plenius

554 1363 775 1434 culpam
796 1378 1181 1435 cognosceres,
1207 1362 1487 1433 exemplar
1507 1361 1820 1417 litterarum
1845 1377 1981 1433 quas
2010 1362 2144 1418 olim

560 1455 666 1512 sibi
713 1455 971 1512 misimus
1014 1455 1267 1529 religioni
1314 1463 1424 1511 tua
1470 1454 1763 1512 ostendere
1810 1456 2149 1511 curavimus.

560 1553 711 1621 Quas
740 1550 786 1605 si
814 1557 1163 1605 sacramento
1192 1548 1498 1605 ﬁrmaverit
1525 1564 1582 1604 se
1604 1564 1719 1604 non
1732 1548 1948 1617 vidisse,
1976 1564 2151 1622 neque

558 1660 660 1701 suo
683 1643 931 1716 ingenio,
951 1643 1098 1715 quod
1118 1659 1232 1699 non
1262 1643 1477 1707 viderit,
1508 1643 1863 1709 remansisse,
1880 1642 2026 1700 facta
2050 1658 2147 1699 sua

559 1737 738 1795 adhuc
763 1737 1152 1811 aequanimiter
1182 1735 1437 1794 ferimus.
1469 1737 1648 1793 Aliter
1676 1745 1897 1805 autem,
1948 1753 2149 1794 secun-

556 1832 692 1890 dum
719 1841 973 1889 tenorem
1016 1830 1180 1903 hujus
1224 1830 1590 1901 conditionis,
1626 1830 1987 1903 jurejurando
2038 1832 2149 1887 mi-

560 1927 712 1983 nime
734 1925 902 1993 facto,
927 1925 1275 1983 decernimus
1307 1941 1436 1981 eum
1457 1925 1526 1980 ab
1555 1924 1711 1981 omni
1748 1925 2045 1998 episcopali
2073 1924 2151 1982 of-

476 2050 479 2051 ν
558 2021 685 2077 ﬁcio
709 2036 828 2077 esse
856 2035 1210 2091 suspensum,
1247 2028 1303 2075 et
1329 2035 1361 2074 a
1390 2020 1786 2075 communione
1817 2020 2067 2091 corporis
2094 2028 2151 2075 et

556 2114 844 2187 sanguinis
874 2113 1102 2170 Domini
1138 2121 1476 2185 separatum,
1508 2112 1617 2167 nisi
1647 2111 1788 2168 forte
1821 2112 1928 2168 sibi
1951 2112 2148 2169 mortis

557 2208 866 2281 periculum
905 2208 1298 2279 supervenerit.
1338 2209 1407 2262 Et
1431 2207 1560 2279 quia
1596 2222 1711 2263 non
1743 2206 1923 2262 solum
1952 2221 2147 2262 neces-

559 2302 694 2359 sitas
713 2309 769 2357 et
787 2301 1070 2357 tribulatio
1096 2300 1244 2357 illius
1270 2300 1549 2367 Ecclesia,
1568 2315 1766 2371 verum
1784 2300 1953 2356 etiam
1974 2300 2151 2357 multa

559 2395 665 2451 alia
693 2395 850 2467 regni
886 2394 1052 2451 vestri
1078 2394 1303 2465 negotia
1328 2394 1557 2466 exigunt
1589 2402 1651 2449 ut
1686 2395 1942 2450 Romano
1966 2394 2152 2450 conci-

557 2489 631 2545 lio
659 2487 985 2544 fraternitas
1016 2495 1113 2543 tua
1150 2487 1417 2543 interesse
1443 2486 1672 2556 debeat,
1704 2486 2075 2543 admonemus
2097 2493 2152 2544 te

555 2590 620 2637 ut
649 2582 802 2638 omni
834 2589 1050 2638 remota
1083 2581 1375 2637 occasione
1402 2579 1475 2637 ad
1514 2580 1827 2652 proximam
1870 2578 2147 2653 synodum

557 2682 809 2730 nostram
836 2675 1045 2741 venias,
1075 2682 1130 2731 et
1159 2675 1276 2747 jam
1306 2673 1520 2731 dictum
1542 2672 1997 2729 Aurelianensem
2024 2674 2146 2745 epi-

555 2784 787 2841 scopum
809 2776 995 2825 tecum
1026 2767 1213 2825 venire
1240 2783 1624 2824 commoneas.
1666 2767 1940 2823 Volumus
1981 2767 2148 2823 etiam

554 2871 620 2919 ut
657 2870 713 2918 et
747 2862 794 2917 is
821 2862 915 2935 qui
953 2877 1103 2918 nunc
1129 2869 1279 2917 tenet
1317 2860 1604 2917 decaniam
1631 2876 1760 2916 cum
1802 2860 1998 2917 eodem
2037 2860 2150 2932 epi-

555 2971 722 3028 scopo
762 2955 966 3013 veniat.
1020 2954 1125 3012 Sed
1172 2962 1229 3010 et
1272 2953 1652 3011 Joschelinum
1700 2953 1795 3025 qui
1840 2953 2051 3024 injuste
2092 2968 2151 3009 se

552 3050 939 3121 exspoliatum,
970 3056 1025 3104 et
1052 3047 1292 3120 plurima
1324 3063 1423 3103 sua
1462 3062 1561 3117 pro
1600 3046 1944 3117 reparatione
1971 3046 2147 3102 bono-

2224 502 2433 575 hcateri
2474 518 2564 591 qui
2606 519 2781 575 sacris
2816 516 3084 574 altaribus
3112 515 3531 585 administrant,
3561 514 3621 570 in
3654 512 3841 570 forni-

2250 613 2481 685 catione,
2512 613 2866 684 persistentes
2893 610 3075 667 missa
3116 608 3355 666 debeant
3400 608 3679 665 celebrare
3722 606 3844 663 ofﬁ-

2251 707 2419 764 cium.
2451 707 2669 780 Quibus
2695 723 2759 764 ex
2787 704 3112 763 auctoritate
3148 712 3469 760 sanctorum
3504 704 3733 758 Patrum
3761 716 3846 758 re-

2252 802 2585 873 spondemus
2640 801 2790 857 nullo
2817 798 2988 857 modo
3035 798 3321 854 ministros
3362 796 3504 852 sacri
3550 794 3743 851 altaris
3782 794 3844 850 in

2251 894 2620 952 fornicatione
2649 895 2947 951 existentes
2981 892 3164 948 missa
3201 891 3399 948 debere
3441 888 3721 946 celebrare
3763 885 3848 944 of-

2254 989 2473 1059 ﬁcium;
2521 990 2661 1062 quin
2705 988 2872 1044 etiam
2921 993 3075 1044 extra
3127 984 3327 1042 choros
3372 999 3491 1040 esse
3540 981 3847 1054 pellendos,

2254 1099 2540 1157 quousque
2598 1081 2938 1155 pauitantia
2994 1079 3193 1152 dignos
3250 1076 3466 1134 fructus
3531 1075 3850 1133 exhibeant.

2254 1178 2422 1235 Unde
2470 1176 2772 1248 apostolica
2799 1176 2902 1231 tibi
2950 1174 3280 1231 auctoritate
3309 1170 3661 1244 pracipimus
3705 1184 3852 1242 qua-

2255 1281 2418 1328 tenus
2441 1270 2626 1327 nullos
2666 1286 2860 1326 eorum
2889 1269 2984 1341 qui
3014 1269 3073 1323 in
3107 1266 3308 1323 scelere
3334 1264 3636 1337 perdurant
3656 1262 3728 1321 ad
3763 1278 3853 1319 sa-

2255 1381 2414 1423 crum
2442 1365 2768 1437 mysterium
2806 1360 3197 1419 celebrandum
3231 1359 3565 1431 suscipiatis,
3589 1356 3710 1425 sed,
3744 1374 3853 1413 un-

2255 1459 2544 1533 decunque
2563 1452 2836 1531 poteritis,
2872 1457 3013 1514 tales
3032 1455 3101 1513 ad
3127 1455 3323 1511 missas
3362 1449 3719 1510 celebrandas
3751 1468 3849 1508 ac-

2257 1554 2490 1627 quiratis
2519 1553 2610 1626 qui
2637 1561 2784 1609 caste
2813 1554 2931 1607 Deo
2960 1549 3311 1618 deserviant;
3335 1546 3420 1604 his
3458 1545 3657 1604 talibus
3696 1560 3849 1617 pror-

2258 1664 2351 1705 sus
2378 1648 2448 1704 ab
2477 1646 2734 1704 omnibus
2760 1645 3017 1702 Ecclesia
3044 1642 3326 1701 beneﬁciis
3366 1640 3556 1713 procul
3585 1639 3842 1712 expulsis,

2257 1758 2432 1815 neque
2461 1741 2696 1798 Huberti
2737 1738 3115 1796 archidiaconi
3156 1736 3322 1794 verba
3367 1734 3702 1807 suscipiatis,
3748 1748 3848 1789 seu

2260 1836 2532 1909 aliquibus
2567 1835 2680 1892 suis
2708 1832 3058 1889 sermonibus
3084 1830 3331 1897 faveatis,
3363 1829 3513 1902 quia,
3542 1836 3605 1882 ut
3634 1825 3842 1893 audivi,

2259 1931 2320 1986 in
2346 1929 2603 1987 haresim
2630 1930 2817 2001 lapsus
2840 1935 2923 1984 est
2941 1927 3055 1983 suis
3083 1926 3268 1998 pravis
3291 1921 3739 1981 contentionibus
3754 1961 3770 1988 ,
3790 1929 3849 1977 et

2261 2024 2331 2081 ab
2359 2024 2613 2080 Huberto
2638 2024 2819 2096 legato
2839 2021 3000 2093 hujus
3019 2025 3224 2077 sancta
3242 2021 3514 2075 Romana
3534 2015 3677 2072 sedis
3697 2012 3846 2087 apud

2261 2117 2719 2174 Monasteriolum
2761 2115 2981 2188 publice
3007 2122 3092 2171 est
3116 2112 3421 2170 convictus.

2329 2215 2474 2268 Data
2508 2213 2727 2279 Roma,
2759 2218 2959 2283 quarto
3007 2208 3137 2265 Idus
3164 2205 3513 2275 Novembris,
3547 2202 3848 2261 indictione

2258 2304 2475 2363 decima
2497 2304 2711 2377 quinta.

2801 2407 3155 2464 EPISTOLA
3192 2406 3299 2463 ΧῙ.

2479 2526 2560 2567 AD
2600 2523 2917 2567 BOBBRTUM
2956 2523 3285 2566 FLANDBIB
3325 2520 3618 2565 COMITBI.

2853 2612 3035 2683 (Anno
3075 2610 3255 2681 1016.)

2264 2719 2333 2774 Ut
2368 2719 2723 2787 persequatur
2757 2716 3081 2773 Simoniacos
3107 2712 3398 2787 sacerdotes
3425 2716 3476 2767 et
3501 2706 3845 2787 fm‘gticarios.

2328 2782 2604 2845 Invehitur
2637 2790 2694 2843 in
2725 2790 2991 2860 episcopos
3030 2788 3126 2856 qui
3165 2786 3471 2857 apostolica
3520 2782 3637 2839 sedi
3673 2782 3851 2837 inobe-

2326 2862 2527 2917 dientes
2554 2863 2728 2915 erant.

2328 2963 2682 3019 Gnnconws
2707 2962 3020 3033 episcopus,
3042 2975 3230 3018 servus
3260 2974 3545 3017 servorum
3573 2956 3696 3027 Dei,
3727 2959 3845 3014 Ro-

2255 3070 2447 3113 BEBTO
2466 3054 2655 3112 comiti
2667 3055 3013 3125 Flandrensi,
3030 3055 3267 3112 salutem
3289 3062 3343 3111 et
3361 3051 3727 3126 apostolicam
3747 3050 3846 3108 be‘

553 3159 681 3200 rum
715 3143 973 3199 Ecclesia
1000 3141 1323 3213 expendisse
1349 3140 1623 3213 deplorat,
1653 3155 1757 3195 nec
1780 3155 1897 3195 non
1918 3144 2145 3196 Everar-

2251 3148 2649 3207 nedictionem.

551 3236 708 3305 dum,
740 3226 795 3293 et
817 3237 1029 3308 aliquos
1050 3234 1118 3292 de
1136 3234 1347 3290 clericis
1366 3242 1684 3290 ostensuros
1712 3241 1827 3289 tam
1855 3232 2143 3291 decretum

554 3330 838 3404 proprium
868 3330 1131 3402 episcopi,
1166 3345 1337 3402 quam
1365 3329 1535 3385 etiam
1565 3328 1892 3385 veneranda
1921 3343 2144 3385 memo-

553 3424 652 3481 ria
690 3424 992 3482 Alexandri
1035 3438 1191 3497 papa
1237 3422 1657 3496 pradecessoris
1700 3422 1878 3479 nostri
1919 3422 2141 3494 privile-

553 3519 724 3591 gium,
770 3519 957 3576 venire
984 3518 1361 3590 pracipimus,
1411 3526 1684 3590 quatenus
1708 3516 2142 3589 uniuscujusque

553 3612 828 3667 rationem
849 3612 1273 3683 diligentissime
1294 3612 1571 3682 possimus
1608 3610 1910 3681 inquirere,
1938 3618 1997 3666 et
2019 3625 2143 3682 qua

550 3704 869 3775 corrigenda
907 3713 1038 3760 sunt
1083 3705 1181 3771 ita,
1222 3708 1340 3759 Deo
1389 3704 1702 3771 auxiliante,
1735 3704 2032 3777 corrigere,
2082 3712 2143 3760 ut

552 3795 783 3866 quisque
805 3796 1085 3868 justitiam
1109 3812 1265 3852 suam
1299 3795 1519 3863 habeat,
1546 3804 1601 3852 et
1629 3797 1876 3853 Ecclesia
1906 3797 2139 3853 omnino

553 3887 817 3960 quiescat.
840 3888 1072 3944 Interim
1102 3896 1291 3945 autem
1315 3887 1384 3945 ad
1405 3888 1787 3944 ﬁrmissimam
1818 3898 1875 3944 et
1905 3890 2143 3946 inviola-

552 3980 721 4038 bilem
750 3997 940 4053 pacem
977 3978 1233 4050 ejusdem
1277 3980 1539 4037 Ecclesia
1568 3980 1921 4037 decernimus
1956 3990 2019 4038 ut
2060 3983 2143 4039 illi

551 4074 646 4147 qui
672 4090 823 4131 nunc
858 4073 1104 4131 decania
1137 4082 1339 4145 praest
1364 4082 1538 4147 utque
1572 4074 1642 4130 ad
1667 4074 2012 4132 audientiam
2034 4092 2141 4133 no-

552 4174 727 4223 stram
756 4166 1005 4240 ejusdem
1024 4165 1273 4224 decania
1307 4167 1580 4239 possessio
1616 4167 1978 4239 relinquatur.
2018 4172 2144 4227 Jos-

554 4260 774 4317 chelino
800 4276 929 4318 vero
949 4260 1215 4334 quidquid
1230 4270 1368 4339 ante
1393 4261 1621 4318 initium
1642 4260 1806 4334 huius
1826 4262 1938 4320 litis
1961 4264 2143 4322 tenuit

555 4354 674 4411 sine
713 4354 1152 4412 contradictione
1197 4364 1386 4413 tenere
1428 4355 1799 4428 permittatur.
1846 4358 2143 4416 Benedicto

554 4456 741 4506 autem
782 4465 897 4506 non
918 4449 1100 4506 solum
1125 4449 1487 4522 prabendam
1516 4465 1697 4520 suam,
1742 4450 1840 4508 sed
1880 4452 2051 4508 etiam
2080 4467 2144 4509 ea

2323 3242 2579 3299 Pervenit
2602 3240 2673 3299 ad
2694 3241 3054 3314 apostolicam
3079 3240 3270 3299 sedem
3301 3239 3454 3314 quod
3482 3239 3540 3296 in
3559 3245 3707 3297 terra
3732 3247 3846 3296 tua

2247 3335 2652 3394 dominationis
2693 3336 2790 3408 qui
2833 3344 3103 3392 vocantur
3156 3334 3470 3392 sacerdotes
3510 3334 3568 3391 in
3604 3332 3850 3389 fornica-

2248 3430 2395 3488 tione
2421 3429 2611 3503 positi,
2641 3443 2761 3487 non
2789 3429 3118 3486 erubescant
3148 3427 3430 3486 cantando
3472 3427 3704 3483 missam
3733 3433 3848 3482 tra-

2249 3533 2401 3583 ctare
2429 3540 2631 3596 corpus
2659 3532 2717 3580 et
2744 3524 3070 3596 sanguinem
3094 3522 3317 3591 Christi,
3351 3537 3468 3578 non
3495 3519 3849 3578 attendentes

2249 3634 2372 3691 qua
2400 3618 2616 3675 insania
2644 3617 2860 3689 quodve
2889 3617 3064 3673 scelus
3102 3624 3187 3673 est
3216 3632 3328 3673 uno
3358 3615 3666 3688 eodemque
3701 3622 3849 3670 tem-

2251 3728 2385 3785 pore
2416 3728 2616 3784 corpus
2644 3710 2952 3767 meretricis
2980 3718 3037 3767 et
3065 3725 3263 3783 corpus
3302 3717 3594 3766 attrectare
3620 3707 3844 3765 Christi.

2252 3807 2596 3878 Quapropter
2617 3820 2681 3860 ex
2703 3812 2854 3876 parte
2881 3803 3284 3875 omnipotentis
3312 3803 3406 3860 Dei
3435 3812 3491 3859 et
3518 3802 3849 3859 auctoritate

2248 3897 2393 3955 beati
2414 3898 2560 3954 Petri
2593 3898 2977 3970 apostolorum
3002 3897 3268 3969 principis
3290 3906 3343 3953 te
3372 3911 3633 3970 rogamus
3652 3911 3717 3951 ac
3740 3894 3847 3951 tibi

2250 3992 2483 4049 omnino
2510 3992 2864 4064 pracipimus
2895 3999 2957 4048 ut
2975 4031 2990 4058 ,
3019 3990 3332 4063 ubicunque
3362 3998 3541 4062 potes,
3578 3989 3709 4047 huic
3729 4004 3850 4046 sce-

2250 4086 2351 4144 leri
2378 4086 2633 4143 resistere
2657 4094 2712 4143 et
2735 4085 3071 4143 Simoniacis
3109 4083 3490 4141 contradicere
3528 4083 3730 4139 nullius
3759 4099 3848 4139 ra-

2249 4180 2329 4236 tio
2356 4178 2437 4236 vel
2479 4180 2650 4253 gratia
2680 4187 2737 4235 te
2780 4180 2958 4251 possit
2981 4182 3318 4250 retorquere.
3343 4177 3450 4247 Qui
3482 4178 3630 4233 enim
3654 4175 3795 4233 dixit
3828 4193 3845 4231 :

2252 4276 2433 4331 Omnis
2463 4276 2562 4345 qui
2588 4274 2768 4343 audit,
2796 4273 2945 4328 dicat
2971 4291 2988 4325 :
3028 4274 3166 4330 Veni
3188 4273 3377 4343 (Apoc.
3409 4276 3594 4340 XXII),
3623 4269 3842 4327 nullum

2251 4366 2480 4439 alicujus
2508 4366 2723 4423 ordinis
2751 4366 2991 4439 excepit;
3031 4373 3086 4422 et
3108 4365 3424 4438 quicunque
3454 4365 3571 4421 vult
3593 4380 3625 4421 a
3654 4366 3846 4422 Patre-

2252 4458 2497 4517 familias
2533 4459 2829 4517 denarium
2856 4459 3124 4531 accipere,
3154 4467 3416 4532 procuret
3442 4459 3503 4514 in
3543 4459 3703 4515 vinea
3730 4461 3847 4516 Do-

554 4558 678 4614 qua
713 4543 1003 4599 occasione
1042 4513 1209 4615 hujus
1245 4542 1539 4601 discordia
1567 4513 1780 4601 videtur
1809 4544 2141 4617 perdidisse,
2178 4513 2227 4577 D
3267 4513 3492 4625 quidem
3518 4513 3845 4609 mvmsalis

554 4634 614 4689 in
640 4635 925 4709 integrum
952 4637 1290 4695 restituenda
1316 4635 1437 4695 fore
1472 4637 1760 4711 jubemus.

624 4730 770 4787 Data
790 4733 1006 4801 Roma,
1030 4746 1095 4789 Iv
1116 4733 1310 4788 Nonas
1330 4732 1684 4803 Novembris,
1713 4731 2016 4791 indictione
2034 4748 2138 4793 xv.

1114 4846 1468 4903 EPISTOLA
1500 4847 1582 4904 X.

752 4964 832 5009 ιι)
876 4967 1118 5015 ΑυιιΑιι
1165 4970 1497 5013 FLANDRIE
1541 4970 1946 5016 COMITISSAX.

1138 5066 1320 5139 (Anno
1365 5073 1547 5138 1016.)

564 5177 856 5248 Respondet
891 5180 1104 5235 clericos
1138 5181 1467 5247 fornicarios
1503 5183 1693 5238 missas
1735 5184 1996 5240 celebrare
2031 5198 2137 5240 non

622 5249 828 5320 debere,
853 5252 946 5307 sed
972 5257 1130 5306 extra
1160 5252 1379 5307 chorum
1414 5266 1521 5307 esse
1547 5255 1847 5322 pellendos.
1889 5257 2040 5322 Quod
2073 5261 2136 5311 ut

620 5323 718 5388 ﬁat
745 5326 1016 5394 pracipit,
1051 5324 1367 5397 ei_Huberto
1401 5323 1621 5379 cuidam
1657 5325 2043 5382 archidiacono
2071 5331 2133 5397 ﬁ-

618 5398 749 5536 ;iem
766 5411 873 5523 7:021
891 5411 1001 5450 esse
1028 5394 1425 5459 adhibendam,
1462 5397 1564 5466 qui
1588 5398 1647 5450 in
1667 5397 1920 5452 haeresim
1946 5394 2133 5470 lapsus

649 5484 779 5522 uera
808 5507 825 5522 .

615 5581 974 5637 Gnnoonws
990 5578 1300 5652 episcopus,
1320 5595 1508 5637 servus
1529 5595 1815 5639 servorum
1839 5583 1963 5655 Dei,
1988 5586 2133 5642 Ant-

545 5691 635 5733 ut
659 5672 945 5746 [Anna],
967 5673 1290 5731 Flandrensi
1310 5674 1627 5746 comitissa,
1654 5677 1892 5735 salutem
1922 5686 1977 5736 et
1998 5694 2131 5750 apo«

538 5769 789 5826 stolicam
815 5766 1289 5839 benedictionem.

604 5863 861 5921 Pervenit
885 5860 955 5920 ad
985 5879 1143 5939 aures
1177 5872 1398 5923 nostras
1425 5864 1573 5938 quod
1608 5865 1837 5939 quidam
1872 5875 2124 5925 vestrum

2255 4656 2433 4705 mater
2468 4648 2719 4721 pracipit
2755 4648 2840 4704 his
2868 4647 2961 4721 qui
3001 4654 3269 4704 vocantur
3320 4647 3593 4720 episcOpi,
3624 4645 3839 4714 dicere,

2252 4741 2397 4799 sicut
2420 4750 2666 4815 oportet;
2696 4742 2793 4800 sed
2811 4742 3002 4816 quales
3024 4742 3155 4813 sint,
3181 4757 3214 4798 a
3233 4740 3506 4798 fructibus
3530 4756 3724 4798 eorum
3746 4755 3846 4812 po-

2250 4837 2410 4893 testis
2437 4852 2789 4910 cognoscere,
2819 4837 2916 4909 qui
2948 4851 3063 4892 non
3092 4851 3190 4908 per
3219 4835 3426 4893 ostium
3467 4833 3841 4909 ingredientes

2251 4930 2311 4987 in
2343 4930 2485 4988 ovile
2516 4930 2726 4998 ovium,
2754 4929 2851 4987 sed
2877 4929 3098 4986 aliunde
3132 4930 3497 4987 ascendentes
3521 4927 3675 4985 fures
3704 4936 3841 4986 sunt

2246 5032 2303 5081 et
2320 5025 2581 5082 latrones.
2602 5026 2703 5081 Per
2726 5025 2933 5081 ostium
2971 5024 3171 5098 quippe
3199 5022 3532 5097 ingreditur,
3560 5022 3615 5079 id
3633 5030 3719 5080 est
3741 5038 3841 5095 per

2247 5117 2555 5189 Christum,
2585 5119 2681 5192 qui
2710 5117 3016 5175 secundum
3053 5133 3240 5175 sacros
3267 5132 3508 5176 canones
3538 5116 3836 5189 episcopus

2246 5213 2620 5270 constituitur.
2648 5214 2796 5268 Nam
2819 5211 2971 5285 quod
2993 5212 3051 5268 in
3078 5211 3263 5269 divina
3285 5212 3565 5284 Scriptura
3586 5209 3792 5267 dicitur
3820 5228 3837 5267 :

2243 5308 2547 5365 Sacerdotes
2571 5307 2706 5363 mali
2732 5309 2900 5363 ruina
2917 5306 3112 5378 populi
3143 5307 3353 5375 (Ezech.
3386 5310 3511 5374 xv),
3544 5305 3608 5360 in
3641 5312 3839 5362 nostro

2242 5408 2494 5475 tempore
2532 5403 2653 5459 luce
2693 5400 2896 5458 clarius
2934 5400 3350 5473 comprobatur.
3395 5398 3626 5456 Plurimi
3682 5398 3840 5456 enim

2240 5509 2439 5550 eorum
2482 5494 2578 5567 qui
2620 5502 2889 5552 vocantur
2917 5492 3160 5567 episcopi
3199 5510 3316 5551 non
3345 5493 3527 5551 solum
3558 5491 3839 5565 justitiam

2240 5603 2359 5644 non
2380 5585 2707 5659 defendunt,
2732 5589 2825 5647 sed
2849 5589 3023 5646 etiam
3049 5603 3121 5645 ne
3148 5589 3412 5645 clarescat
3436 5586 3624 5644 multis
3652 5585 3837 5645 modis

2237 5681 2513 5739 occultare
2548 5683 2820 5740 nituntur.
2852 5684 3013 5739 Tales
3062 5697 3191 5739 vero
3220 5697 3337 5739 non
3387 5681 3702 5754 episcopos,
3732 5678 3836 5738 sed

2238 5774 2440 5833 Christi
2466 5776 2665 5835 habeto
2690 5777 2977 5847 inimicos;
3006 5785 3063 5834 et
3090 5776 3235 5834 sicut
3255 5775 3333 5832 illi
3353 5790 3465 5832 non
3483 5782 3682 5831 curant
3706 5790 3837 5847 apo-

2238 5870 2449 5929 stolica
2474 5871 2589 5930 sedi
2619 5871 2861 5941 obedire,
2896 5871 2974 5927 ita
3003 5887 3100 5929 vos
3120 5870 3334 5928 nullam
3353 5870 3429 5928 eis
3456 5866 3839 5928 obedientiam
