4144 6184
277 329 385 384 465

1392 286 1590 385 iisan
1625 328 1954 398 QUARTUS.
1998 357 2061 370 --
2102 326 2310 384 EPIST.
2349 326 2457 383 xu.

3470 341 3575 397 466

273 452 558 510 exhibete.
590 456 733 513 Nam
754 458 1059 526 praposz‘tis
1100 460 1205 511 non
1245 455 1478 526 obedire,
1506 456 1671 511 scelus
1699 459 1776 511 est
1794 457 1876 511 in-
1900 458 1951 522 Α
1981 469 2077 528 per
2115 452 2321 511 tridum
2351 459 2475 510 ante
2500 461 2736 527 portam,
2765 456 3014 531 deposito
3037 460 3191 518 omni
3215 445 3379 536 gregio
3402 446 3572 534 cultu,

267 564 491 604 currere
514 549 839 604 idololatria:
867 552 910 619 (ι
939 554 1061 619 Reg.
1088 556 1213 618 xv),
1230 551 1387 622 juxta
1405 548 1569 606 verba
1594 548 1873 623 propheta:

268 642 576 711 Samuelis,
614 657 737 714 qua:
756 645 818 698 Β.
851 643 1146 715 Gregorius
1176 644 1233 700 in
1269 643 1461 701 ultimo
1508 643 1647 699 libro
1685 645 1870 700 Mora-

266 734 416 791 lium
438 734 580 808 (cap.
617 735 724 807 ιο),
754 734 851 791 ubi
884 735 954 792 de
985 736 1292 793 obedientia
1322 736 1589 810 loquitur,
1614 751 1872 809 procura-

265 827 349 882 vit
380 828 692 899 explanare.
736 830 872 884 Haec
894 837 1081 885 nostra
1112 828 1297 899 verba,
1328 828 1456 885 licet
1490 830 1719 899 rustica,
1744 844 1873 887 cum

260 921 559 977 communi
585 921 731 978 ﬁdeli
758 930 950 978 nostro
974 922 1323 995 Ingelranno,
1346 923 1436 996 qui
1463 923 1559 980 diu
1584 923 1874 981 nobiscum

262 1016 326 1074 in
356 1030 520 1071 sacro
549 1014 748 1087 palatio
776 1016 1000 1085 mansit,
1028 1017 1109 1073 vel
1139 1032 1268 1073 cum
1298 1017 1419 1073 aliis
1445 1018 1687 1074 veritatis
1728 1034 1875 1075 ama-

259 1109 491 1166 toribus
520 1107 833 1181 frequenter
863 1110 1044 1182 legite,
1066 1118 1120 1167 et
1146 1125 1340 1167 omnes
1373 1111 1599 1168 clericos
1617 1119 1673 1168 et
1711 1112 1877 1169 laicos

260 1211 328 1260 ut
368 1203 665 1259 veritatem
700 1203 877 1259 sciant
905 1212 962 1259 et
989 1202 1274 1274 proferant
1300 1213 1610 1277 provocate,
1641 1213 1703 1263 ut
1731 1206 1873 1263 bona

261 1295 537 1353 fratribus
586 1296 780 1352 vestris
821 1296 1137 1352 nuntiantes
1195 1296 1343 1354 inter
1387 1297 1612 1370 angelos
1662 1307 1870 1355 sortem

260 1388 602 1445 mereamini
638 1388 908 1461 accipere,
935 1397 990 1446 et
1017 1404 1143 1445 cum
1165 1389 1356 1447 electis
1383 1391 1441 1447 in
1471 1391 1679 1449 cmlesti
1702 1392 1875 1464 patria

260 1482 535 1556 gaudere.
1384 1498 1387 1507 '

336 1580 485 1633 Data
520 1578 739 1646 Romae,
767 1584 966 1650 quarto
997 1576 1131 1634 Idus
1185 1578 1537 1649 Novembris,
1573 1580 1874 1638 indictione

258 1668 482 1727 decima
502 1670 711 1743 quinta.

826 1773 1183 1829 EPISTOLA
1202 1775 1340 1828 XII.

808 1889 899 1931 AD
946 1888 1370 1931 GERMANOS.

855 1968 1039 2041 (Anno
1088 1974 1274 2036 1077.)

262 2073 505 2130 Nuntiat
544 2073 836 2127 Henricum
876 2087 1055 2141 regem
1092 2072 1457 2128 humillimam
1500 2075 1873 2143 penitentiam

338 2145 532 2212 egisse,
574 2157 730 2212 seque
768 2146 1003 2199 omnium
1050 2145 1347 2198 astantium
1391 2145 1874 2214 supplicationibus

336 2230 461 2295 eum
480 2214 796 2295 absolvisse,
820 2218 1028 2295 accepto
1050 2214 1346 2295 ﬁdelitatls
1367 2215 1699 2295 juramento.
1746 2220 1873 2295 Mit-

338 2288 414 2339 tit
458 2285 735 2354 exemplar
764 2285 1159 2354 jurtsjurandi.
1207 2289 1269 2341 In
1306 2287 1651 2343 Germaniam
1674 2304 1728 2342 se
1756 2290 1869 2343 itu-

336 2372 467 2410 rum
510 2356 815 2429 pollicetur.
844 2359 1109 2413 Hortatur
1151 2359 1367 2412 interim
1408 2362 1473 2412 ut
1505 2360 1564 2411 in
1603 2359 1708 2429 ﬁde
1744 2364 1795 2414 et
1812 2362 1869 2415 in

335 2442 521 2481 amore
537 2427 771 2496 justitia:
805 2433 1166 2498 perseverent.

334 2531 693 2588 Ganeoams
731 2530 1040 2604 episcopus,
1078 2546 1265 2588 servus
1284 2546 1573 2588 servorum
1602 2532 1721 2599 Dei,
1756 2548 1873 2591 om-

262 2624 435 2681 nibus
479 2623 924 2697 archiepiscopis,
948 2624 1240 2697 episcOpis,
1267 2624 1523 2694 ducibus,
1551 2625 1868 2697 comitibus,

262 2718 596 2791 ceterisque
639 2717 972 2791 principibus
1014 2718 1168 2791 regni
1231 2719 1659 2776 Teutonicorum
1710 2719 1873 2777 Chri-

264 2814 510 2871 stianam
526 2810 695 2870 ﬁdem
713 2810 1157 2881 defendentibus,
1184 2812 1415 2870 salutem
1436 2820 1491 2869 et
1514 2812 1871 2885 apostolicam

264 2905 733 2964 benedictionem.

332 3004 508 3069 (389).
553 2998 819 3071 Quoniam
864 3015 965 3073 pro
1006 3016 1198 3057 amore
1233 2999 1466 3074 justitiaa
1519 3016 1878 3058 communem

258 3094 563 3151 nobiscum
586 3093 642 3149 in
665 3109 839 3167 agone
851 3094 1175 3153 Christianae
1195 3094 1410 3151 militize
1436 3109 1657 3151 causam
1688 3104 1744 3151 et
1780 3111 1876 3167 pe-

1912 1824 1959 1888 Β

1982 547 2384 616 miserabiliter,
2423 555 2613 621 utpote
2639 549 2995 611 discalceatus
3025 563 3079 611 et
3106 557 3285 613 laneis
3326 556 3572 628 indutus,

1984 641 2300 715 persistens,
2341 657 2454 698 non
2500 643 2653 715 prius
2679 661 2810 703 cum
2860 648 3038 705 multo
3082 650 3214 705 ﬂetu
3262 649 3575 723 apostolica:

1985 735 2352 793 miserationis
2402 736 2668 795 auxilium
2713 747 2767 795 et
2793 742 3224 800 consolationem
3278 744 3576 818 implorare

1984 829 2203 898 destitit,
2231 846 2399 903 quam
2425 847 2619 887 omnes
2644 833 2735 905 qui
2760 833 2831 890 ibi
2855 835 3105 904 aderant,
3131 845 3186 894 et
3217 837 3290 895 ad
3316 854 3454 911 quos
3478 856 3573 897 ru-

1984 939 2111 981 mor
2127 923 2219 979 ille
2248 924 2508 996 pervenit,
2540 923 2611 981 ad
2639 933 2853 983 tantam
2877 928 3131 1000 pietatem
3170 940 3225 988 et
3245 934 3576 1005 compassio-

1984 1018 2070 1074 nis
2098 1016 2523 1074 misericordiam
2544 1020 2741 1087 movit,
2768 1029 2849 1089 ut,
2880 1038 2979 1093 pro
3009 1038 3074 1079 eo
3103 1024 3291 1082 multis
3318 1026 3575 1098 precibus

1984 1120 2040 1168 et
2081 1110 2334 1183 Iacrymis
2359 1111 2779 1183 intercedentes,
2827 1130 3019 1173 omnes
3046 1117 3268 1188 quidem
3294 1119 3573 1179 insolitam

1986 1211 2189 1261 nostrae
2232 1204 2437 1263 mentis
2464 1204 2731 1263 duritiam
2775 1207 3130 1279 mirarentur,
3156 1206 3401 1269 nonnulli
3443 1228 3573 1270 vero

1985 1297 2042 1353 in
2074 1298 2238 1355 nobis
2266 1314 2379 1357 non
2417 1299 2725 1371 apostolicae
2768 1302 3073 1361 severitatis
3108 1300 3447 1376 gravitatem,
3473 1306 3575 1365 sed

1986 1391 2142 1464 quasi
2182 1391 2486 1464 tyrannica
2531 1391 2763 1451 feritatis
2789 1392 3168 1452 crudelitatem
3196 1412 3312 1454 esse
3362 1399 3576 1457 clama-

1984 1494 2129 1541 rent.
2159 1483 2407 1557 Denique
2432 1484 2687 1542 instantia
2711 1488 3149 1559 compunctionis
3175 1491 3311 1562 ejus,
3342 1499 3397 1547 et
3421 1498 3573 1547 tanta

1984 1578 2237 1635 omnium
2274 1577 2365 1650 qui
2395 1578 2467 1634 ibi
2500 1578 2728 1635 aderant
2766 1580 3159 1652 supplicatione
3204 1582 3429 1651 devicti,
3458 1591 3576 1640 tan-

1981 1670 2110 1727 dem
2147 1687 2277 1728 eum
2302 1673 2544 1729 relaxato
2576 1672 2939 1729 anathematis
2968 1674 3187 1731 vinculo
3223 1676 3279 1732 in
3319 1692 3571 1734 commu-

1984 1764 2168 1821 nionis
2216 1764 2450 1838 gratiam
2501 1774 2556 1822 et
2613 1767 2795 1822 sinum
2836 1776 3042 1824 sanctae
3086 1769 3283 1824 matris
3318 1770 3574 1827 Ecclesiae

1987 1858 2311 1930 recepimus,
2342 1858 2572 1930 acceptis
2601 1858 2669 1915 ab
2703 1874 2769 1915 eo
2793 1860 3177 1917 securitatibus
3200 1877 3323 1933 quae
3346 1861 3577 1921 inferius

1979 1950 2196 2023 scripta:
2249 1960 2401 2019 sunt,
2442 1966 2679 2023 quarum
2731 1952 2895 2009 etiam
2950 1953 3423 2011 conﬁrmationem
3475 1972 3576 2029 per

1980 2060 2177 2101 manus
2202 2044 2414 2101 abbatis
2463 2045 2856 2116 Cluniacensis,
2884 2052 2940 2105 et
2981 2046 3220 2105 ﬁliarum
3264 2057 3575 2106 nostrarum

1979 2137 2259 2196 Mathildis
2287 2147 2342 2195 et
2364 2139 2659 2196 comitissa:
2687 2138 2993 2211 Adelaidm,
3025 2149 3081 2198 et
3110 2140 3347 2198 aliorum
3372 2143 3574 2215 princi-

1980 2248 2135 2305 pum,
2165 2232 2568 2305 episcoporum,
2615 2241 2670 2289 et
2694 2232 2989 2301 laicorum,
3036 2235 3134 2307 qui
3178 2234 3339 2292 nobis
3365 2235 3435 2291 ad
3469 2228 3575 2293 hoc

1980 2325 2144 2382 utiles
2172 2326 2269 2381 visi
2325 2334 2483 2395 sunt,
2514 2326 2840 2398 recepimus.
2875 2327 2977 2383 His
3004 2328 3186 2400 itaque
3214 2329 3292 2384 ic
3320 2329 3573 2400 peractis,

1981 2428 2043 2475 ut
2075 2419 2144 2475 ad
2170 2435 2361 2492 pacem
2389 2420 2642 2477 Ecclesiae
2666 2430 2720 2477 et
2746 2420 3096 2477 concordiam
3120 2422 3269 2494 regni
3299 2422 3459 2494 (sicut
3484 2421 3577 2478 diu

1980 2512 2437 2583 desideravimus)
2486 2514 2668 2570 omnia
2705 2514 2939 2586 plenius,
2978 2518 3098 2571 Deo
3144 2514 3450 2587 adiuvante,
3478 2530 3578 2571 co—

1980 2613 2167 2678 aptare
2215 2606 2629 2677 possimus,'ad
2673 2616 2851 2679 partes
2893 2612 3098 2664 vestras
3146 2609 3270 2665 data
3329 2609 3573 2681 primum

1981 2699 2396 2771 opportunitate
2425 2701 2663 2757 transire
2675 2700 2952 2771 cupimus.
2975 2703 3096 2757 Hoc
3125 2702 3277 2758 enim
3314 2702 3571 2759 dilectio-

1980 2810 2110 2849 nem
2132 2801 2369 2849 vestram
2393 2792 2773 2849 indubitanter
2799 2793 2939 2849 scire
2968 2794 3248 2863 volumus,
3281 2796 3572 2867 quoniam,

1988 2889 2134 2944 sicut
2148 2888 2205 2942 in
2228 2886 2513 2959 descriptis
2538 2886 2922 2942 securitatibus
2967 2902 3296 2959 cognoscere
3324 2889 3574 2958 potestis,

1988 2983 2062 3038 ita
2090 2980 2269 3039 adhuc
2293 2980 2464 3037 totius
2482 2980 2689 3053 negotii
2717 2996 2886 3036 causa
2905 2995 3165 3051 suspensa
3193 2988 3297 3048 est,
3318 2989 3380 3036 ut
3398 2990 3453 3037 et
3481 2981 3578 3038 ad-

1986 3084 2185 3133 ventus
2213 3083 2404 3132 noster
2432 3082 2489 3131 et
2515 3073 2875 3131 consiliorum
2902 3080 3211 3130 vestrorum
3240 3074 3579 3131 unanimitas
3620 3140 3635 3163 κ

258 3187 501 3246 riculum
528 3187 868 3260 suscepistis,
908 3188 1144 3261 qualiter
1178 3203 1275 3244 rex
1297 3187 1615 3245 humiliatus
1661 3187 1732 3245 ad
1753 3205 1869 3261 pce-
1904 3180 1948 3245 C
1978 3170 2320 3249 Permaxime
2362 3169 2673 3225 necessari“
2718 3184 2838 3225 esse
2879 3167 3186 3224 νίάθδηῖυτε
3222 3169 3575 3239 Quapropter

255 3280 553 3340 nitentiam
584 3280 951 3339 absolutionis
975 3282 1189 3339 veniam
1208 3282 1610 3355 impetraverit,
1640 3291 1697 3339 et
1732 3276 1870 3355 quo-

257 3375 435 3435 modo
464 3383 582 3433 tota
609 3391 771 3433 causa
796 3382 924 3449 post
945 3374 1238 3432 introitum
1267 3375 1385 3449 ejus
1413 3375 1469 3431 in
1498 3375 1723 3433 Italiam
1759 3375 1867 3433 hu-

256 3486 473 3545 cusque
515 3468 745 3527 deducta
774 3469 868 3542 sit,
896 3476 1093 3526 vestra:
1120 3468 1399 3527 dilectioni
1442 3469 1654 3526 sincera
1682 3468 1870 3525 chari-

254 3574 375 3622 tate
402 3563 649 3621 indicare
673 3563 1008 3621 curavimus.
1041 3564 1197 3619 Sicut
1233 3562 1602 3619 constitutum
1622 3561 1728 3618 fuit
1744 3579 1868 3619 cum

254 3659 456 3732 legatis
484 3659 580 3730 qui
612 3656 681 3714 ad
709 3672 811 3714 nos
842 3655 917 3714 de
945 3657 1142 3714 vestris
1170 3655 1419 3729 partibus
1446 3656 1602 3712 missi
1630 3663 1778 3726 sunt,
1806 3656 1867 3712 in

260 3750 711 3823 Longobardiam
744 3751 1004 3807 venimus
1020 3793 1035 3819 ,
1083 3750 1303 3807 circiter
1332 3749 1527 3822 viginti
1572 3747 1693 3806 dies
1738 3758 1867 3807 ante

262 3845 565 3900 terminum
610 3844 668 3899 in
696 3859 807 3916 quo
852 3842 1051 3916 aliquis
1091 3842 1296 3900 ducum
1342 3841 1414 3900 ad
1457 3843 1648 3900 Clusas
1699 3842 1864 3923 nobis

260 3953 550 3995 occurrere
592 3935 803 4005 debuit,
834 3943 1209 4008 exspectantes
1259 3935 1561 3994 adventum
1610 3937 1858 4006 illorum,

255 4038 532 4105 quatenus
558 4029 628 4086 ad
672 4037 853 4102 partes
894 4030 1017 4085 illas
1046 4030 1280 4086 transire
1309 4043 1615 4101 possemus.
1650 4032 1860 4086 Verum

254 4141 385 4182 cum
407 4124 529 4197 jam
557 4122 789 4180 decurso
804 4123 1045 4179 termino
1067 4122 1173 4179 hoc
1189 4122 1353 4179 nobis
1382 4122 1757 4191 nuntiaretur,
1774 4120 1860 4179 his

253 4216 626 4290 temporibus,
656 4231 768 4290 pra:
790 4215 982 4272 multis
1008 4215 1177 4289 (quod
1195 4230 1300 4271 nos
1319 4213 1543 4287 quidem
1564 4214 1854 4287 credimus)

1981 3269 2039 3325 'm
2059 3283 2122 3324 ea
2151 3264 2259 3322 ﬁde
2299 3278 2468 3336 quam
2495 3262 2762 3333 coepistis,
2789 3270 2846 3319 et
2882 3276 3075 3318 amore
3096 3261 3347 3334 justitiae,
3384 3277 3577 3319 omnes

1978 3374 2301 3434 permanere
2348 3356 2592 3425 studete,
2653 3355 2886 3412 scientes
2932 3371 3036 3411 nos
3082 3370 3199 3411 non
3252 3355 3413 3412 aliter
3460 3357 3575 3428 regi

1977 3454 2190 3511 oblatos
2219 3466 2357 3517 esse,
2406 3449 2514 3505 nisi
2561 3448 2710 3522 quod
2739 3465 2877 3521 puro
2918 3464 3177 3505 sermone
3215 3450 3376 3516 (sicut
3432 3449 3575 3506 mihi

1976 3563 2100 3604 mos
2128 3552 2227 3617 est)
2255 3546 2315 3600 in
2337 3543 2425 3599 his
2449 3559 2579 3600 eum
2607 3542 2675 3599 de
2709 3543 2872 3599 nobis
2900 3558 3121 3615 sperare
3153 3542 3479 3611 dixerimus,
3520 3543 3576 3599 in

1974 3641 2172 3713 quibus
2201 3654 2329 3695 eum
2358 3636 2429 3693 ad
2452 3635 2686 3692 salutem
2710 3644 2766 3692 et
2789 3635 3060 3693 honorem
3096 3650 3286 3706 suum,
3325 3644 3419 3694 aut
3444 3652 3574 3693 cum

1967 3733 2200 3807 justitia,
2232 3739 2326 3788 aut
2354 3746 2482 3787 cum
2534 3729 2931 3798 misericordia,
2962 3730 3081 3786 sine
3108 3734 3314 3787 nostra:
3339 3738 3395 3786 et
3433 3730 3576 3789 illius

1971 3828 2172 3885 anima:
2200 3823 2437 3898 periculo
2452 3822 2713 3895 adjuvare
2738 3823 3038 3894 possimus.

2113 3926 2513 3999 Jusjurandum
2540 3927 2764 3981 Henrici
2811 3927 2956 3995 regis
3007 3928 3429 3981 Teutonicorum.

2039 4033 2157 4103 Ego
2187 4027 2466 4085 Henricus
2485 4042 2585 4083 rex
2611 4026 2680 4083 de
2700 4027 3138 4084 murmuratione
3159 4036 3215 4084 et
3239 4027 3575 4085 dissensione

1968 4138 2137 4195 quam
2163 4137 2313 4178 nunc
2339 4120 2545 4177 habent
2584 4128 2775 4177 contra
2796 4136 2885 4177 me
2928 4120 3332 4194 archiepiscopi
3374 4129 3429 4178 et
3455 4122 3573 4195 epi-

1964 4217 2139 4288 scopi,
2155 4215 2343 4284 duces,
2360 4214 2608 4285 comites,
2638 4215 2933 4287 caeterique
2948 4214 3219 4287 principes
3236 4215 3389 4288 regni
3426 4219 3571 4274 Teu-

258 4310 700 4379 difﬁcultatibus,
716 4309 979 4366 ducatum
1000 4309 1165 4366 nobis
1187 4308 1412 4366 obviam
1431 4308 1579 4365 mitti
1596 4324 1711 4364 non
1734 4323 1857 4380 pos-
1963 4309 2300 4379 tonicorum,
2354 4316 2411 4364 et
2452 4308 2547 4363 alii
2578 4307 2673 4378 qui
2724 4322 2817 4363 eos
2848 4308 2927 4361 ~in
2968 4307 3165 4364 eadem
3214 4308 3573 4370 dissensionis

257 4421 335 4476 se,
380 4420 487 4461 nec
511 4402 733 4460 aliunde
773 4405 991 4475 copiam
1027 4401 1100 4460 ad
1126 4417 1224 4460 vos
1275 4400 1599 4459 transeundi
1626 4401 1857 4458 habere-
1964 4418 2131 4460 causa
2187 4408 2514 4475 sequuntur,
2557 4398 2703 4456 infra
2740 4400 3047 4457 terminum
3098 4416 3263 4472 quem
3312 4401 3572 4460 dominus

258 4514 401 4567 mus,
431 4513 553 4554 non
580 4512 742 4569 parva
766 4495 1159 4562 sollicitudine,
1190 4494 1330 4570 quid
1357 4494 1712 4569 potissimum
1754 4510 1853 4552 no-

1963 4512 2101 4569 papa
2116 4495 2413 4569 Gregorius
2432 4493 2799 4562 constituerit,
2829 4501 2923 4548 aut
2945 4492 3223 4565 justitiam
3262 4495 3570 4554 secundum

256 4592 341 4649 bis
357 4590 638 4666 agendum
664 4589 823 4659 foret,
845 4589 1204 4646 circumventi
1234 4604 1444 4646 sumus.
1479 4590 1709 4647 Interim
1725 4604 1854 4646 vero
1883 4564 1935 4628 D
1956 4588 2229 4662 judicium
2256 4588 2394 4661 ejus,
2427 4595 2523 4644 aut
2550 4586 2906 4644 concordiam
2945 4586 3243 4644 secundum
3279 4589 3571 4647 consilium

258 4702 444 4761 regem
467 4684 758 4741 adventare
777 4691 924 4740 certe
943 4684 1327 4757 cognovimus;
1364 4683 1458 4755 qui
1485 4683 1654 4740 etiam
1678 4682 1855 4755 prius-

254 4796 428 4855 quam
446 4780 716 4836 intrasset
738 4776 976 4846 ltaliam,
998 4776 1275 4849 supplices
1293 4775 1363 4833 ad
1378 4775 1696 4847 noslegatos
1715 4791 1857 4848 prae-

250 4875 484 4931 mittens
504 4913 525 4942 ,
552 4887 651 4945 per
678 4872 865 4928 omnia
892 4885 950 4927 se
997 4868 1407 4926 satisfacturum
1431 4872 1646 4941 Deouet
1667 4878 1860 4927 sancto

250 4971 422 5025 Petro
450 4981 517 5022 ac
544 4963 701 5021 nobis
730 4963 949 5033 obtulit,
981 4972 1039 5019 et
1053 4961 1123 5019 ad
1148 4962 1588 5020 emendationem
1609 4965 1734 5020 vita:
1744 4979 1859 5021 suae

253 5075 485 5116 omnem
509 5074 568 5116 se
586 5065 934 5114 servaturum
955 5055 1331 5114 obedientiam
1347 5057 1683 5129 repromisit,
1696 5057 1857 5114 dum-

253 5150 427 5209 modo
454 5150 602 5224 apud
628 5167 734 5208 nos
774 5150 1136 5208 absolutionis
1182 5158 1236 5207 et
1261 5151 1578 5223 apostolica:
1626 5150 1858 5209 benedi—

256 5245 454 5303 ctionis
482 5244 715 5319 gratiam
740 5245 1040 5317 impetrare
1068 5253 1402 5314 mereretur;
1434 5245 1579 5317 quod
1608 5262 1736 5302 cum
1766 5245 1861 5303 diu

258 5340 445 5397 multis
475 5337 971 5396 consultationibus
1027 5337 1341 5396 differentes
1381 5339 1583 5396 acriter
1632 5355 1763 5396 eum
1791 5339 1859 5398 de

258 5431 372 5488 suis
398 5431 709 5489 excessibus
756 5447 857 5505 per
883 5447 1076 5488 omnes
1109 5431 1203 5505 qui
1251 5432 1686 5489 intercurrebant
1709 5449 1857 5489 nun-

259 5525 366 5583 tios
394 5524 872 5598 redargueremus,
915 5523 1139 5582 tandem
1182 5525 1536 5599 semetipsum
1579 5525 1717 5582 nihil
1755 5524 1857 5583 ho-

258 5617 379 5676 stile
406 5627 505 5674 aut
533 5617 882 5675 temerarium
898 5626 1199 5689 ostentans,
1229 5616 1300 5675 ad
1327 5617 1589 5691 oppidum
1616 5618 1857 5689 Canusii,

263 5712 320 5767 in
363 5726 475 5785 quo
505 5710 705 5767 morati
734 5725 953 5782 sumus,
982 5728 1108 5771 cum
1154 5711 1344 5787 paucis
1388 5711 1641 5776 advenit,
1671 5711 1857 5786 ibique

1960 4682 2098 4755 ejus,
2145 4681 2379 4750 faciam,
2406 4681 2509 4737 nisi
2535 4688 2757 4737 certum
2784 4679 3245 4752 impedimentum
3294 4682 3435 4738 mihi
3481 4686 3568 4742 vel

1968 4775 2073 4831 sibi
2103 4774 2398 4842 obstiterit,
2425 4790 2537 4847 quo
2570 4781 2872 4845 transacto,
2902 4772 2972 4830 ad
2999 4775 3371 4848 peragendum
3415 4777 3569 4836 idem

1970 4877 2187 4943 paratus
2216 4884 2332 4925 ero.
2363 4870 2506 4924 Item
2538 4866 2586 4924 si
2605 4866 2750 4924 idem
2791 4867 3059 4925 dominus
3080 4884 3221 4941 papa
3265 4871 3569 4945 Gregorius

1970 4964 2112 5019 ultra
2140 4964 2378 5030 Montes,
2406 4977 2504 5018 seu
2523 4960 2594 5018 ad
2622 4962 2754 5019 alias
2775 4969 3246 5035 partesterrarum
3272 4964 3349 5021 ire
3376 4967 3568 5025 volue-

1971 5057 2066 5128 rit,
2093 5071 2320 5114 securus
2357 5054 2463 5112 erit
2500 5071 2565 5112 ex
2596 5056 2708 5112 mei
2734 5065 2921 5129 parte,
2961 5064 3016 5113 et
3038 5073 3231 5114 eorum
3279 5074 3416 5130 quos
3448 5076 3569 5118 con-

1971 5150 2241 5224 stringere
2269 5158 2482 5223 potero,
2514 5150 2584 5207 ab
2604 5150 2763 5207 omni
2790 5150 3013 5207 laesione
3056 5152 3177 5208 vitae
3205 5161 3261 5208 et
3280 5152 3566 5213 membro-

1969 5260 2096 5300 rum
2144 5243 2282 5317 ejus,
2316 5258 2414 5301 seu
2438 5244 2714 5316 captione,
2759 5252 2873 5300 tam
2899 5245 3014 5317 ipse
3041 5261 3210 5318 quam
3257 5246 3347 5318 qui
3380 5248 3437 5303 in
3455 5248 3572 5320 ejus

1969 5336 2246 5394 conductu
2271 5345 2327 5393 et
2349 5334 2614 5394 cemitatu
2635 5337 2862 5408 fuerint,
2881 5353 2977 5395 seu
3003 5339 3097 5412 qui
3131 5339 3201 5396 ab
3222 5340 3316 5397 illo
3337 5340 3567 5396 mittun—

1970 5439 2083 5501 tur,
2102 5431 2184 5488 vel
2200 5430 2272 5488 ad
2292 5430 2549 5488 eumdem
2578 5431 3002 5507 quibuscunque
3028 5442 3301 5490 terrarum
3327 5434 3573 5507 partibus

1969 5524 2214 5581 venerint
2243 5525 2300 5581 in
2344 5524 2554 5596 eundo,
2614 5534 2672 5582 et
2696 5525 2770 5581 ibi
2810 5526 3110 5597 morando,
3164 5543 3263 5584 seu
3308 5527 3435 5584 inde
3483 5537 3572 5578 re-

1969 5616 2210 5687 deundo,
2241 5633 2424 5692 neque
2443 5618 2590 5676 aliud
2622 5619 2849 5691 aliquod
2876 5620 3332 5694 impedimentum
3354 5608 3578 5676 habebit

1970 5726 2037 5769 ex
2061 5726 2193 5769 meo
2222 5726 2519 5782 consensu,
2548 5711 2698 5786 quod
2742 5724 2937 5775 contra
2958 5716 3221 5775 honorem
3265 5727 3425 5771 suum
3467 5701 3579 5756 sit;

331 5883 481 5955 (³89)
515 5882 655 5941 Vide
682 5883 1056 5959 lambertum;
1082 5885 1447 5950 Bertholdum
1478 5899 1623 5942 anno
1662 5891 1795 5943 1077
1813 5906 1828 5955 ;
1851 5888 2083 5943 Leonen
2126 5883 2430 5943 Ostiensem
2458 5882 2554 5938 lib.
2579 5888 2631 5950 3,
2656 5896 2705 5935 c.
2731 5885 2827 5937 48.
2908 5930 2911 5933 ,
