4074 6172
521 307 625 365 467

1207 306 1261 363 S.
1303 302 1623 360 GREGORII
1660 304 1749 371 νυ
1787 306 1980 365 PAP/E
2018 306 2292 366 OPERUM
2329 309 2501 366 PARS
2542 312 2579 366 1.
2622 339 2689 349 -
2727 310 3126 368 REGISTRUM.

3702 318 3804 374 468

520 441 578 491 et
594 432 642 491 si
669 432 797 506 quis
821 430 872 489 ei
894 429 1105 498 fecerit,
1148 441 1275 485 cum
1297 427 1445 487 bona
1474 426 1593 484 ﬁde
1620 429 1920 488 secundum
1950 448 2107 505 posse
2132 442 2187 503 Α
2285 452 2395 512 rem
2423 438 2640 505 eligant.
2680 438 2828 506 Quod
2854 440 2903 493 si
2947 442 3067 508 quis
3094 454 3203 493 non
3254 443 3497 495 canonice
3532 442 3804 512 episcopus

523 543 709 586 meum
738 528 892 584 illum
924 522 1216 596 adjuvabo.
1651 575 1663 591 ,

591 624 791 676 Actum
818 616 1066 673 Canusiae
1080 656 1096 685 ,
1140 614 1331 688 quinto
1346 614 1627 674 Kalendas
1645 616 1948 689 Februarii,
1973 619 2107 676 indi-

523 715 703 770 ctione
731 710 942 767 decima
976 710 1184 783 quinta.

1048 816 1397 872 EPISTOLA
1420 817 1583 871 XIII.

520 934 595 977 AD
650 931 1029 977 BODULPHUM
1075 934 1615 976 ABCHIBPISCOPUM
1673 932 2103 976 TUBONENSBM.

1119 1014 1304 1081 (Anno
1323 1018 1503 1077 1077.)

517 1117 635 1175 Non
680 1116 873 1172 debere
914 1132 1034 1171 eum
1074 1118 1334 1184 conqueri
1388 1116 1453 1170 de
1489 1114 1655 1185 pallio
1708 1129 1942 1171 concesso
1990 1119 2107 1184 epi-

587 1204 740 1259 scopo
768 1188 998 1254 Dolensi,
1037 1204 1152 1242 cum
1174 1187 1231 1240 id
1254 1204 1289 1240 a
1307 1202 1360 1240 se
1405 1188 1611 1253 factum
1649 1190 1719 1241 sit
1748 1188 1891 1241 salvo
1941 1189 2105 1241 Turo-

589 1263 769 1314 nensis
798 1260 1045 1314 Ecclesiae
1056 1259 1203 1326 jure,
1234 1259 1299 1312 de
1325 1273 1429 1326 quo
1450 1259 1789 1328 exploratius
1817 1273 1872 1312 se
1895 1263 2107 1312 senten-

589 1334 723 1385 tiam
744 1329 977 1384 laturum
997 1344 1105 1383 esse
1131 1331 1392 1397 afﬁrmat,
1416 1344 1534 1382 cum
1554 1334 1651 1382 aut
1672 1331 1782 1397 ipse
1800 1333 1859 1382 in
1882 1330 2105 1395 Germa—

583 1404 758 1468 niam,
778 1406 843 1455 ut
869 1402 1179 1462 destinavit,
1203 1401 1517 1466 transierit,
1546 1405 1645 1452 aut
1683 1400 2104 1469 archiepiscopus

582 1474 699 1541 ipse
731 1488 843 1525 una
866 1487 984 1525 cum
1020 1472 1234 1526 Dolensi
1259 1472 1495 1540 episcopo
1541 1474 1761 1526 Romam
1783 1476 1997 1526 vocatus
2020 1488 2106 1525 ac-

584 1545 815 1598 cesserit.
864 1544 1081 1598 Interim
1111 1558 1279 1611 quare
1320 1542 1378 1594 id
1405 1544 1608 1608 fecerit,
1654 1557 1872 1596 causam
1902 1543 2101 1597 reddit.

583 1647 936 1703 Gnsoonms
964 1646 1273 1716 episcopus,
1313 1661 1499 1701 servus
1534 1660 1822 1701 servorum
1846 1646 1966 1713 Dei,
1989 1648 2104 1702 Bo-

511 1754 757 1801 DULPHO
768 1741 1081 1809 Turonensi
1101 1738 1528 1811 archiepiscopo,
1561 1739 1797 1795 salutem
1816 1747 1871 1795 et
1890 1748 2103 1811 aposto-

516 1834 679 1893 licam
720 1833 1178 1891 benedictionem.

582 1927 745 1997 Quod
780 1927 847 1983 de
871 1928 1298 1983 consecratione
1324 1925 1579 1981 Dolensis
1614 1927 1857 1997 episcopi
1886 1935 1941 1982 et
1968 1943 2107 1983 con-

513 2037 667 2078 cesso
694 2021 801 2077 sibi
827 2021 1037 2077 honore
1085 2020 1235 2091 pallii
1265 2019 1554 2075 adversum
1584 2034 1688 2075 nos
1730 2020 2104 2091 conquereris,

507 2131 608 2187 pro
663 2114 949 2169 voluntate
981 2114 1163 2185 potius
1202 2128 1369 2184 quam
1407 2113 1619 2168 ratione
1670 2112 1847 2168 facere
1878 2112 2104 2181 videris,

508 2208 605 2281 qui
634 2223 735 2262 nos
765 2208 825 2262 in
853 2218 914 2262 ea
940 2222 1001 2262 re
1038 2205 1290 2262 Ecclesiae
1318 2206 1430 2274 cui,
1458 2207 1576 2261 Deo
1606 2205 1841 2275 volente,
1872 2222 2105 2277 praeesse

508 2300 869 2373 dignosceris,
897 2302 1066 2355 totius
1086 2300 1315 2370 justitiae
1345 2299 1527 2354 locum
1556 2314 1862 2355 reservasse
1893 2316 2104 2372 cogno-

507 2394 634 2450 scis.
666 2396 804 2450 Cum
835 2392 979 2449 enim
1038 2392 1355 2449 audivimus
1400 2392 1670 2463 principes
1717 2393 1858 2448 illius
1912 2401 2101 2461 terrae,

505 2496 692 2543 contra
738 2487 1019 2557 antiquam
1060 2494 1116 2542 et
1156 2486 1453 2556 pessimam
1498 2484 1972 2553 consuetudinem,
2003 2503 2103 2559 pro

503 2580 811 2637 reverentia
836 2580 942 2636 Dei
974 2578 1363 2649 omnipotentis
1392 2586 1448 2633 et
1471 2579 1781 2649 apostolica:
1812 2581 2104 2636 auctorita-

504 2674 597 2739 tis,
643 2673 872 2729 ulterius
894 2672 954 2727 in
983 2670 1299 2727 ordinandis
1341 2672 1611 2743 episcopis
1655 2688 1755 2727 nec
1792 2672 2101 2729 dominium

502 2766 837 2835 investituraa
860 2774 1072 2833 tenere,
1100 2780 1199 2819 nec
1218 2766 1463 2836 pecuniae
1477 2766 1833 2823 commodum
1860 2783 2102 2839 quaerere

502 2860 660 2927 velle,
680 2867 842 2933 atque
866 2859 936 2915 ob
963 2859 1067 2914 hoc
1087 2857 1157 2914 ad
1177 2860 1541 2930 apostolicam
1558 2859 1775 2916 misisse
1794 2860 1982 2916 sedem
2000 2903 2015 2929 ,
2042 2871 2101 2919 ut

500 2954 557 3015 in
583 2954 811 3027 praefato
845 2957 963 3011 loco
989 2954 1141 3027 juxta
1170 2966 1489 3013 sanctorum
1530 2960 1758 3014 Patrum
1787 2966 1988 3015 statuta
2020 2960 2100 3014 le-

502 3050 641 3121 galis
672 3049 1019 3107 ordinaretur
1042 3051 1350 3123 episcopus,
1402 3050 1676 3106 devotioni
1704 3068 1897 3108 eorum
1944 3052 2101 3108 valde

502 3143 960 3216 congaudendum
988 3154 1041 3201 et
1070 3145 1429 3217 petitionibus
1468 3145 1822 3201 annuendum
1868 3146 2092 3219 dignum
2127 3164 2174 3227 α

501 3236 779 3294 duximus.
835 3240 1040 3293 Verum
1084 3253 1255 3309 quam
1290 3245 1451 3293 caute
1487 3252 1592 3293 nos
1642 3239 1948 3295 Turonensi
1992 3242 2095 3296 Ec-

501 3330 679 3387 clesiae
706 3339 762 3387 et
790 3331 909 3403 ejus
943 3329 1199 3402 dignitati
1228 3330 1654 3403 providerimus,
1684 3332 1742 3387 in
1770 3331 1963 3389 litteris
1991 3334 2096 3390 illis

499 3440 633 3497 quas
660 3424 730 3481 ad
760 3424 1110 3481 Britannicos
1135 3424 1408 3496 principes
1436 3432 1493 3482 et
1537 3426 1820 3499 episcopos
1844 3427 2096 3483 misimus

500 3517 672 3588 (quod
694 3526 751 3573 et
781 3525 835 3574 te
870 3518 1189 3591 cognovisse
1209 3526 1518 3591 putamus),
1540 3519 1823 3592 aptissime
1842 3521 2095 3576 contine-

500 3618 609 3667 tur.
642 3611 989 3683 Quapropter
1023 3611 1337 3668 fraternitas
1388 3621 1482 3668 tua
1514 3613 1632 3668 sine
1661 3614 1811 3669 omni
1850 3629 2095 3670 murmu-

499 3703 710 3759 ratione
760 3704 1161 3760 discussionem
1195 3712 1250 3760 et
1272 3706 1479 3776 justam
1525 3704 1908 3762 deﬁnitionem
1935 3707 2095 3779 hujus

499 3809 679 3851 causae
705 3804 1019 3866 exspectare
1048 3812 1158 3851 non
1202 3804 1414 3865 renuet,
1461 3797 1722 3868 quoniam
1746 3808 1799 3855 et
1821 3800 1969 3871 quod
2015 3800 2093 3856 fa-

499 3895 650 3944 ctum
666 3897 749 3943 est
772 3888 1215 3945 consideratione
1237 3888 1488 3956 fecimus,
1521 3899 1577 3945 et
1604 3892 1753 3963 quod
1782 3892 2092 3949 faciendum

500 3981 751 4051 diligenti
793 3980 1168 4052 inquisitione,
1208 3982 1348 4042 sicut
1398 3999 1486 4039 res
1514 3998 1711 4055 magna
1754 3993 1807 4039 et
1834 3985 2092 4057 ambigua

497 4073 758 4148 postulat,
789 4081 1115 4145 pertractare
1161 4083 1216 4130 et
1242 4076 1467 4147 exsequi
1495 4076 1765 4132 volumus.
1807 4079 1996 4148 Neque
2033 4078 2092 4134 id

497 4167 555 4236 in
579 4168 827 4240 longum,
858 4171 979 4223 Deo
1004 4166 1352 4238 providente,
1403 4168 1791 4241 protelabitur,
1826 4170 2088 4242 quoniam

497 4260 543 4317 si
572 4260 632 4314 in
650 4269 829 4331 partes
848 4258 999 4332 regni
1012 4261 1467 4328 Teutonicorum,
1490 4270 1656 4334 prout
1672 4262 2087 4333 destinavimus,

498 4353 606 4410 hoc
635 4354 695 4409 in
718 4363 968 4427 tempore
993 4355 1392 4423 transierimus,
1419 4354 1547 4412 inde
1571 4364 1669 4413 aut
1684 4358 2002 4431 nosmetipsi
2018 4358 2089 4414 ad

499 4462 595 4504 vos
621 4449 1067 4521 pertransiemus,
1100 4457 1195 4504 aut
1221 4449 1357 4505 tales
1407 4450 1499 4522 qui
1525 4449 1670 4505 hanc
1716 4467 1939 4506 causam
1977 4452 2087 4507 sin-

495 4513 1025 4615 °eu-eXP'0Tati0ne
1043 4513 1339 4598 discutiant
1366 4513 1530 4621 atque
1575 4542 1839 4600 deﬁniant
1874 4546 2095 4601 mittere
2121 4522 2174 4585 Β
2201 4513 2284 4557 ΑΒ
2310 4514 2753 4556 mcmmwMAn

498 4637 934 4708 procurabimus.
969 4636 1133 4706 Quod
1161 4637 1209 4693 si
1242 4652 1307 4692 eo
1356 4637 1525 4693 modo
1555 4645 1757 4693 nostrae
1784 4638 2092 4709 dispositio-

497 4728 582 4784 nis
607 4729 895 4785 consilium
925 4730 1150 4802 transigi
1180 4746 1294 4786 non
1323 4747 1483 4802 posse
1510 4732 1817 4801 contigerit,
1848 4748 2090 4804 congruo

499 4829 746 4892 tempore
766 4832 821 4877 et
835 4831 887 4877 te
907 4828 960 4877 et
977 4824 1277 4879 Dolensem
1296 4824 1617 4896 episcopum
1647 4824 1717 4881 ad
1743 4826 2088 4897 praesentiam

499 4913 642 4989 sedis
670 4915 981 4982 apostolicae
1019 4916 1478 4985 convocabimus,
1507 4926 1561 4971 et
1606 4918 1684 4973 ibi
1730 4934 1953 4974 causam
1988 4935 2087 4975 ve-

498 5015 671 5063 stram
694 5008 951 5080 utrinque
971 5008 1263 5081 diligenter
1285 5010 1680 5078 examinatam,
1697 5020 1859 5081 prout
1874 5012 2084 5068 sincera

501 5101 705 5157 veritas
733 5110 788 5157 et
809 5102 1023 5174 justitia
1044 5102 1383 5174 exquisierit,
1414 5101 1484 5159 ad
1505 5103 1942 5171 irrevocabilem,
1969 5108 2085 5161 Deo

497 5193 732 5263 favente,
764 5195 930 5251 ﬁnem
958 5196 1338 5267 perducemus.

564 5290 709 5344 Data
736 5289 794 5344 in
818 5290 1204 5362 Longobardia
1220 5290 1276 5345 in
1298 5291 1416 5347 loco
1434 5291 1526 5364 qui
1547 5291 1752 5348 dicitur
1771 5292 2082 5365 Carpineta,

492 5381 761 5439 Kalendis
789 5383 996 5452 Martii,
1024 5383 1135 5440 ind.
1168 5400 1274 5440 xv.

1006 5488 1353 5545 EPISTOLA
1404 5489 1557 5546 XIV.

953 5602 1044 5646 ΔΙ)
1082 5604 1638 5650 CABNOTBNSES.

1094 5686 1274 5755 (Anno
1294 5689 1477 5755 1077.)

485 5786 563 5841 Ne
594 5784 847 5866 deinceps
862 5788 928 5866 in
956 5790 1543 5866 episcopumgrecipiant
1578 5794 1864 5866 Bobertum
1892 5797 2079 5866 perju-

555 5870 675 5913 rum
712 5861 765 5909 et
808 5858 1195 5928 Simoniacum,
1222 5864 1356 5925 etut
1383 5858 1554 5918 alium
1578 5864 1872 5933 legitimum
1890 5858 2076 5941 pasto-

2284 511 2468 576 factus
2488 512 2575 570 sit,
2618 511 2754 579 ipse,
2782 526 2956 565 omnes
2974 514 3211 579 fautores
3254 511 3390 582 ejus,
3408 514 3457 567 et
3490 511 3808 573 consentim-

2285 584 2381 642 tes,
2406 584 2938 636 emcommum’centur.

2285 673 2635 731 Gnnconws
2664 674 2969 747 episcopus,
3001 691 3192 732 servus
3226 692 3510 733 servorum
3541 678 3663 743 Dei,
3690 680 3807 734 uni-

2216 782 2370 822 verso
2394 767 2539 823 clero
2564 777 2620 822 et
2647 769 2846 839 populo
2874 770 3226 826 Carnotensis
3256 771 3531 837 Ecclesiae,
3567 772 3807 831 salutem

2213 868 2270 915 et
2297 861 2653 931 apostolicam
2677 861 3133 919 benedictionem.

2286 956 2613 1026 Quanquam
2658 954 2715 1010 id
2755 957 2938 1026 ipsum
2967 957 3036 1013 ad
3067 973 3224 1017 aures
3254 967 3459 1014 vestras
3496 959 3809 1030 pervenisse

2213 1047 2520 1114 credamus,
2552 1056 2763 1116 tamen,
2794 1057 2855 1103 ut
2872 1050 3020 1105 nulla
3049 1050 3193 1106 inter
3217 1066 3313 1107 vos
3342 1051 3535 1107 diversi
3564 1054 3808 1109 rumoris

2213 1149 2307 1196 aut
2333 1140 2602 1212 Opinionis
2624 1142 2884 1199 dissensio
2921 1160 3140 1199 causam
3161 1144 3259 1199 Dei
3301 1144 3562 1218 impedire
3608 1147 3802 1216 valeat,

2214 1243 2543 1305 praesentem
2571 1236 2857 1307 epistolam
2888 1238 3041 1292 vobis
3064 1237 3344 1294 notiﬁcare
3375 1238 3598 1311 dignum
3649 1239 3805 1296 duxi-

2213 1344 2358 1395 mus,
2404 1329 2551 1400 quod
2596 1329 2873 1385 Robertus
2914 1331 3234 1399 monachus,
3262 1332 3351 1403 qui
3395 1333 3675 1389 ecclesiam
3717 1350 3805 1389 ve-

2212 1430 2383 1477 stram
2425 1422 2656 1478 nefanda
2684 1422 2982 1480 ambitione
3010 1425 3306 1496 occupavit,
3330 1426 3386 1481 in
3402 1427 3625 1483 terribili
3645 1428 3804 1499 culpa

2212 1515 2428 1587 perjurii
2472 1532 2530 1571 se
2555 1515 2833 1587 obligavit,
2872 1534 2999 1573 cum
3028 1519 3400 1590 episcopatum
3449 1520 3603 1575 illum
3651 1519 3803 1577 haud

2211 1608 2374 1665 dubie
2403 1625 2434 1664 a
2475 1617 2661 1665 nostro
2686 1609 2860 1682 legato
2890 1612 3447 1684 commonituslsicut
3483 1629 3645 1684 supra
3674 1631 3802 1670 cor-

2212 1718 2314 1774 pus
2344 1701 2481 1758 beati
2510 1704 2652 1759 Petri
2693 1705 3065 1776 apostolorum
3096 1707 3354 1777 principis
3375 1707 3671 1779 juraverat)
3715 1708 3802 1763 di-

2136 1802 2185 1866 B
2217 1795 2433 1851 mittere
2454 1796 2649 1866 noluit,
2678 1805 2733 1852 et
2758 1798 2859 1852 alia
2898 1814 3020 1869 quae
3046 1799 3101 1853 in
3129 1798 3321 1855 eodem
3347 1810 3690 1856 sacramento
3720 1810 3803 1857 te-

2216 1889 2486 1944 nebantur
2510 1889 2749 1961 infregit.
2801 1890 2966 1946 Unde
3003 1893 3297 1963 apostolica
3338 1909 3432 1948 vos
3475 1895 3803 1951 auctoritate

2215 1998 2509 2038 monemus
2536 1992 2719 2054 'atque
2767 1985 3139 2056 praecipimus,
3188 1995 3249 2041 ut
3308 2002 3437 2042 eum
3489 1988 3804 2045 nullatenus

2214 2076 2468 2148 deinceps
2498 2093 2593 2146 pro
2630 2078 2884 2149 episcopo
2913 2088 3010 2134 aut
3035 2078 3259 2135 domino
3284 2080 3546 2151 habeatis,
3575 2097 3677 2137 nec
3705 2084 3805 2138 ali-

2214 2186 2379 2242 quam
2449 2170 2546 2225 sibi
2598 2170 2963 2227 obedientiam
3025 2172 3107 2227 vel
3163 2173 3442 2229 servitium
3484 2174 3801 2233 exhibeatis.

2211 2266 2416 2319 Verum
2472 2279 2542 2320 ne
2580 2264 2816 2320 Ecclesia
2856 2265 2945 2320 illa
2986 2264 3190 2321 diutius
3230 2266 3345 2321 sine
3386 2276 3598 2339 pastore
3626 2285 3804 2326 rema-

2211 2365 2357 2424 neat,
2391 2358 2469 2412 vel
2510 2358 2765 2413 introitus
2812 2359 2929 2431 ejus
2970 2359 3290 2415 Simoniacze
3328 2361 3665 2432 subreptioni
3712 2365 3803 2419 ul—

2210 2450 2378 2506 terius
2426 2459 2626 2523 pateat,
2656 2451 2846 2507 eadem
2900 2453 3223 2510 auctoritate
3261 2454 3416 2510 vobis
3455 2456 3802 2528 pracipimus

2211 2553 2290 2613 ut,
2319 2544 2615 2615 praemissis
2630 2544 2967 2601 orationibus
2986 2555 3147 2618 atque
3166 2547 3420 2604 triduano
3432 2550 3644 2622 jejunio
3668 2568 3802 2607 cum

2190 2632 2592 2711 eleemosynis,
2618 2654 2717 2711 pro
2743 2639 2940 2694 nullius
2966 2639 3165 2696 timore
3182 2641 3271 2696 vel
3298 2644 3465 2714 gratia
3486 2685 3499 2710 ,
3523 2660 3623 2715 pro
3648 2646 3800 2702 nulla

2210 2748 2453 2804 unquam
2482 2733 2763 2789 occasione
2794 2733 3248 2804 praetermittatis,
3275 2737 3407 2807 quin
3441 2738 3601 2793 talem
3645 2740 3800 2795 vobis

2209 2825 2265 2880 in
2314 2827 2628 2898 episcopum
2656 2827 2885 2898 eligatis,
2921 2827 3014 2898 qui
3047 2844 3158 2883 non
3184 2828 3398 2886 aliunde
3438 2831 3574 2887 sicut
3624 2831 3710 2888 fur
3743 2842 3800 2890 et

2208 2920 2367 2986 latro,
2398 2919 2491 2975 sed
2514 2937 2607 2991 per
2633 2921 2834 2975 o‘stium
2861 2921 3068 2976 intrans
3099 2930 3280 2992 pastor
3301 2924 3488 2980 ovium
3523 2926 3702 2982 vocari
3740 2936 3799 2984 et

2207 3027 2327 3068 esse
2355 3012 2551 3068 debeat
2588 3017 2756 3077 (Joan.
2784 3019 2867 3071 χ.)
2906 3014 3048 3070 Illud
3070 3015 3221 3071 enim
3268 3017 3487 3087 scitote,
3530 3021 3798 3092 quoniam

2207 3106 2256 3161 si
2287 3106 2407 3177 quis
2452 3106 2520 3161 ad
2560 3105 2743 3162 sedem
2783 3108 2933 3164 illam
2979 3117 3167 3165 contra
3211 3112 3452 3182 regulam
3481 3123 3797 3173 sanctorum

2205 3201 2431 3255 Patrum
2481 3201 2825 3271 aspiraverit,
2874 3203 3055 3273 ipsum
3082 3212 3136 3260 et
3180 3221 3373 3261 omnes
3416 3207 3650 3265 fautores
3678 3211 3797 3281 ejus

2206 3293 2287 3348 vel
2315 3294 2367 3348 in
2396 3310 2457 3350 ea
2482 3310 2541 3350 re
2568 3296 2972 3352 consentientes
2992 3299 3290 3370 apostolica
3325 3316 3553 3359 censura
3584 3314 3637 3360 et
3662 3322 3795 3361 ana-

2203 3386 2461 3444 thematis
2488 3388 2663 3461 gladio
2700 3388 2988 3459 feriemus,
3014 3400 3067 3447 et
3090 3407 3122 3447 a
3147 3408 3375 3465 corpore
3405 3398 3571 3454 totius
3605 3400 3793 3456 Eccle-

2205 3481 2299 3538 siae
2321 3482 2653 3539 decidemus.
2703 3484 3045 3556 Quapropter
3082 3497 3417 3545 mementote
3443 3491 3589 3561 quod
3623 3509 3796 3551 nemo

2205 3591 2304 3648 pro
2333 3576 2485 3633 vobis
2531 3593 2736 3649 passus,
2764 3593 2929 3635 nemo
2975 3596 3073 3650 pro
3105 3580 3256 3636 vobis
3284 3591 3535 3639 mortuus
3551 3593 3660 3653 est,
3685 3587 3794 3644 nisi

2204 3669 2482 3739 Christus,
2528 3671 2682 3743 cujus
2720 3672 3027 3728 libertatem
3061 3673 3202 3729 sicut
3237 3674 3413 3731 dilecti
3443 3677 3532 3733 ﬁlii
3582 3680 3679 3735 Dei
3708 3689 3792 3735 te-

2202 3771 2392 3819 nentes
2412 3771 2465 3817 et
2490 3762 2863 3831 defendentes,
2904 3766 3098 3837 jugum
3142 3766 3433 3839 iniquitatis
3453 3779 3546 3826 aut
3574 3771 3795 3844 aliquod

2202 3856 2509 3911 dominium
2555 3856 2625 3911 ad
2654 3857 3013 3928 perditionem
3037 3860 3345 3918 animarum
3368 3872 3668 3921 vestrarum
3696 3883 3793 3923 vo-

2203 3948 2284 4005 bis
2320 3949 2524 4020 imponi
2552 3950 2860 4006 nullatenus
2896 3952 3190 4022 patiamini,
3222 3954 3454 4012 scientes
3482 3958 3628 4030 quod
3655 3976 3795 4016 nun-

2202 4059 2366 4114 quam
2393 4043 2548 4099 vobis
2575 4043 2631 4098 in
2661 4042 2764 4099 hac
2791 4059 2952 4101 causa
2979 4047 3275 4117 apostolica
3299 4048 3470 4106 deerit
3497 4054 3795 4110 auctoritas

2199 4141 2253 4189 et
2278 4132 2537 4189 defensio.

2270 4225 2408 4278 Data
2436 4223 2754 4295 Carpinetaa,
2798 4231 2989 4295 quarto
3040 4228 3224 4284 Nonas
3252 4228 3452 4298 Martii,
3492 4230 3795 4292 indictione

2199 4311 2408 4367 decima
2428 4313 2632 4384 quinta.

2738 4409 3090 4464 EPISTOLA
3128 4412 3252 4465 XV.

2758 4516 3658 4577 CHIBPISCOPUMSENONRNSEM,
3680 4519 3790 4569 etc.

2770 4594 2953 4665 (Anno
3006 4602 3184 4663 1077.)

2207 4689 2359 4765 Utin
2400 4689 2615 4765 Boberti
2640 4690 2808 4765 locum
2828 4691 2999 4765 alium
3027 4708 3059 4745 a
3103 4694 3235 4747 clero
3269 4699 3319 4749 et
3354 4696 3555 4765 populo
3593 4699 3793 4755 Carno-

2271 4761 2411 4814 tensi
2458 4763 2702 4839 canonice
2738 4761 3036 4839 eligendum
3057 4770 3274 4839 curent,
3305 4761 3441 4820 ρι’ἰὴ
3484 4771 3789 4839 episcopum

2268 4837 2595 4908 consecrent;
2652 4834 2700 4884 et
2721 4832 2986 4908 eumdem
3020 4835 3333 4908 ABobertum
3388 4854 3450 4892 ac
3506 4832 3787 4908 Fuganem

2266 4904 2497 4977 [mtrem
2533 4903 2848 4971 compellant
2896 4906 3172 4959 restituere
3196 4923 3315 4977 qua:
3355 4913 3579 4967 ecclesia:
3602 4903 3787 4969 abstu-

2269 4974 2472 5028 lerant.

2266 5066 2624 5123 Gnsaonrus
2641 5066 2942 5137 episcopus,
2962 5083 3149 5126 servus
3158 5086 3440 5129 servorum
3457 5075 3576 5142 Dei,
3590 5078 3785 5133 RICHE-

2194 5172 2281 5210 mo
2327 5156 2632 5211 Senonensi
2667 5154 3070 5229 archiepiscopo
3109 5168 3161 5215 et
3204 5163 3532 5234 coepiscopis
3577 5164 3786 5221 suffra-

2194 5248 2380 5318 ganeis
2406 5248 2544 5319 ejus,
2597 5254 2819 5317 excepto
2844 5263 2909 5302 eo
2934 5250 3025 5319 qui
3056 5249 3373 5309 interdictus
3400 5263 3504 5325 est,
3551 5256 3783 5315 salutem

2192 5343 2248 5393 et
2273 5336 2627 5408 apostolicam
2650 5334 3104 5396 benedictionem.

2261 5426 2385 5480 Non
2451 5425 2698 5497 ignorare
2760 5426 3037 5485 credimus
3087 5428 3476 5491 fraternitatem
3544 5444 3783 5494 vestram

2188 5513 2385 5585 quibus
2428 5514 2495 5569 de
2524 5514 2700 5570 causis
2728 5517 3035 5575 Robertum
3083 5521 3435 5587 monachum,
3490 5525 3780 5598 aliquando

2188 5602 2394 5658 dictum
2422 5603 2813 5661 Carnotensem
2843 5606 3183 5680 episcopum,
3211 5609 3281 5666 ab
3331 5612 3621 5685 episcopali
3651 5613 3782 5672 sede

2187 5699 2242 5746 et
2293 5689 2475 5747 ofﬁcio
2521 5694 2776 5750 canonica
2822 5703 2880 5751 et
2911 5698 3199 5766 apostolica
3257 5715 3482 5757 censura
3526 5702 3779 5772 privavit,

2185 5795 2495 5853 quanquam
2549 5780 2725 5838 adhuc
2767 5782 3014 5839 eamdem
3046 5785 3232 5843 sedem
3280 5787 3351 5844 ad
3395 5789 3777 5848 confusionem

2184 5886 2363 5943 suam,
2400 5880 2587 5931 contra
2611 5883 3013 5935 sacramentum
3033 5876 3179 5949 quod
3214 5893 3379 5951 supra
3404 5896 3603 5952 corpus
3631 5881 3779 5939 beati
