4144 6184
300 194 423 255 469

1395 200 1592 258 LIBER
1630 200 1964 271 QUARTUS.
2000 230 2070 243 --
2106 201 2314 259 EPIST.
2354 201 2509 257 XVII.

3494 205 3601 260 470

298 326 457 383 Petri
486 326 867 398 apostolorum
890 325 1155 399 principis
1176 327 1324 394 fecit,
1353 342 1624 398 occupare
1652 343 1767 383 non
1794 327 1895 384 de-
1924 332 1978 396 Α
2004 343 2207 384 vameu
2226 326 2511 383 videamur
2535 324 2754 383 inferre.
2773 328 2917 382 Nam
2941 325 3083 382 sicut
3102 335 3309 382 sanctae
3325 329 3599 385 Romanas

298 420 479 477 sierit.
515 422 717 476 Verum
746 421 1011 494 quoniam
1054 423 1349 480 Ecclesiam
1380 422 1530 479 illam
1565 423 1895 480 canonicam

296 504 631 570 electionem
677 516 735 571 in
784 516 1025 588 aliquam
1079 517 1339 573 idoneam
1382 534 1676 588 personam
1716 517 1896 574 facere

295 608 722 672 admonuimus,
752 610 1117 667 admonemus
1136 620 1190 665 et
1220 627 1317 666 vos
1348 620 1410 666 ut
1436 612 1617 668 eidem
1646 612 1896 668 electioni

295 719 433 760 eam
484 720 653 775 quam
695 712 932 774 oportet.
983 713 1079 760 aut
1120 722 1216 776 per
1257 722 1353 761 vos
1394 715 1492 761 aut
1529 723 1624 778 per
1666 705 1896 761 idoneos

294 797 534 853 nuntios
563 806 788 864 vestros,
828 796 1173 871 diligentiam
1203 798 1545 867 adhibentes,
1576 816 1740 873 quem
1782 800 1894 855 ele-

294 900 460 948 ctum
487 892 751 948 canonice
778 893 1170 964 cognoveritis,
1201 902 1257 949 et
1278 911 1477 950 manus
1506 895 1807 967 imponere,
1842 902 1897 949 et

296 988 360 1043 in
384 986 707 1057 episcopum
738 1002 1077 1052 consecrare,
1108 988 1259 1044 nulla
1299 990 1589 1045 occasione
1615 989 1895 1055 recusatis,

295 1080 540 1136 scientes
590 1079 853 1151 quoniam
892 1080 939 1135 si
968 1081 1101 1137 illud
1143 1082 1347 1138 timore
1375 1092 1472 1139 aut
1500 1083 1676 1156 gratia
1706 1083 1895 1154 cujus-

295 1190 471 1246 quam
503 1174 989 1245 praetermiseritis,
1010 1191 1115 1230 nos
1133 1184 1321 1232 tamen
1350 1176 1733 1232 inordinatum
1765 1193 1892 1233 eum

296 1268 624 1322 nullatenus
651 1267 1046 1338 relinquemus,
1075 1277 1130 1323 et
1158 1272 1259 1325 vos
1288 1285 1352 1324 eo
1387 1271 1598 1325 honore
1626 1279 1681 1325 et
1709 1270 1893 1341 digni—

297 1369 437 1427 tate,
491 1377 660 1432 quam
706 1361 1027 1433 ignobiliter
1077 1361 1325 1418 deserere
1381 1379 1495 1418 non
1549 1364 1891 1430 erubescitis,

296 1453 562 1527 deinceps
614 1455 869 1527 indignos
927 1455 1043 1513 fore
1092 1456 1488 1529 judicabimus.
1543 1457 1893 1528 Praecipimus

296 1548 467 1604 etiam
508 1548 692 1603 divina
732 1550 945 1620 justitia
998 1560 1053 1605 et
1102 1552 1402 1622 apostolica
1457 1552 1785 1607 auctoritate
1831 1559 1893 1607 ut

297 1642 566 1698 eumdem
600 1643 910 1700 Robertum
938 1652 995 1699 et
1023 1643 1247 1701 fratrem
1278 1645 1392 1715 ejus
1418 1645 1715 1717 Hugonem
1745 1662 1895 1701 com-

296 1736 578 1792 moueatis
609 1746 882 1807 quatenus
914 1737 1159 1809 praefata
1190 1739 1519 1795 Carnotensi
1551 1739 1813 1795 Ecclesiae
1838 1748 1892 1795 et

298 1830 519 1885 clericis
549 1830 684 1902 ejus,
728 1847 853 1902 qua:
890 1832 1182 1899 abstulere,
1223 1833 1455 1888 omnino
1485 1834 1795 1900 restituant,
1839 1842 1893 1889 et

294 1923 557 1995 deinceps
584 1924 795 1980 nullam
833 1927 912 1980 eis
941 1926 1271 1996 iujustitiam
1299 1926 1480 1982 facere
1518 1936 1882 1998 praesumant.

294 2018 457 2087 Quod
488 2019 537 2073 si
568 2017 709 2073 infra
742 2026 852 2074 tres
876 2018 1253 2075 hebdomadas
1282 2030 1575 2092 postquam
1606 2021 1745 2076 hanc
1773 2022 1891 2092 epi-

287 2112 501 2167 stolam
544 2110 793 2167 videritis
836 2111 1135 2183 adimplere
1163 2116 1573 2186 contempserit,
1622 2131 1793 2186 usque
1822 2117 1892 2171 ad

286 2204 529 2277 dignam
574 2204 1010 2260 satisfactionem
1058 2215 1115 2261 et
1141 2207 1583 2264 emendationem
1623 2225 1718 2264 eos
1754 2226 1783 2264 a
1821 2210 1892 2264 li-

286 2298 546 2352 minibus
586 2298 830 2354 ecclesia':
873 2299 1043 2354 veluti
1090 2308 1340 2371 raptores
1381 2310 1435 2356 et
1463 2303 1754 2376 sacrilegos
1796 2319 1889 2358 ex-

283 2392 620 2447 terminate.

366 2489 515 2541 Data
540 2486 874 2557 Carpinetae,
900 2496 1100 2558 quarto
1128 2491 1319 2544 Nonas
1342 2490 1554 2558 Martii,
1585 2490 1892 2548 indictione

274 2579 515 2636 decima
537 2579 755 2652 quinta.

818 2693 1172 2749 EPISTOLA
1203 2695 1360 2749 XVI.

669 2811 751 2855 AD
779 2811 1077 2853 CLEBICOS
1104 2812 1527 2855 BOMANENSES.

908 2900 1088 2971 (Anno
1107 2904 1289 2968 1077.)

274 3007 539 3061 Salutem
575 3009 626 3060 et
659 3004 1068 3059 benedictionem
1125 3008 1381 3073 tanquam
1428 3007 1894 3061 excommum'catis

352 3078 483 3132 illis
510 3092 617 3131 non
642 3078 832 3130 mittit.
864 3077 1123 3144 Prcecipit
1142 3080 1205 3129 ut
1229 3090 1407 3130 coram
1439 3078 1627 3131 Dienst'
1648 3080 1891 3146 episcopo

358 3151 738 3215 compareant,
781 3152 845 3201 ut
880 3148 1211 3201 discutiatur
1238 3161 1403 3202 causa
1435 3163 1553 3216 quae
1576 3151 1720 3202 inter
1746 3152 1891 3218 ipsos

356 3226 420 3277 et
454 3222 804 3275 Viennensem
829 3219 1282 3287 archiepiscopum
1305 3219 1369 3273 de
1397 3219 1774 3288 jurtsdictione
1798 3236 1888 3274 cu-

348 3292 591 3363 jusdam
640 3291 740 3344 loci
780 3290 1109 3363 vertebatur,
1164 3291 1316 3358 eique
1352 3306 1445 3343 nec
1468 3292 1893 3363 nongViennensz'

360 3360 610 3433 episcopo
640 3364 697 3414 in
721 3362 961 3415 omnibus
984 3361 1326 3428 obsequentes
1356 3376 1409 3415 se
1449 3360 1764 3429 exhibeant,-
1798 3364 1890 3417 sin

355 3436 575 3490 minus.
597 3448 775 3487 eorum
797 3435 1179 3486 contumaciam
1200 3434 1527 3501 impunitam
1551 3447 1604 3486 se
1626 3448 1732 3486 non
1756 3449 1891 3505 prce-

360 3508 747 3562 termissumm
762 3506 1029 3558 minatur.

361 3620 731 3678 θησοιιιῠε
756 3617 1067 3691 episcopus,
1092 3632 1280 3673 servus
1309 3632 1595 3673 servorum
1622 3617 1747 3686 Dei,
1774 3620 1891 3672 Ro-

282 3713 659 3771 manensibus
679 3712 911 3767 clericis.

368 3805 538 3879 Quod
559 3806 791 3862 salutem
814 3813 869 3861 et
890 3804 1249 3876 apostolicam
1269 3804 1706 3861 benedictionem
1735 3804 1893 3859 vobis

279 3919 359 3960 ex
415 3915 570 3956 more
596 3914 707 3954 non
750 3898 1051 3965 mittimus,
1100 3906 1323 3969 propter
1358 3898 1892 3953 excommunicatio-

276 4010 459 4057 nem.
490 4009 659 4063 quam
689 4008 789 4063 pro
821 3990 999 4061 culpis
1025 3991 1218 4046 vestris
1242 3990 1523 4046 incurrere
1554 4006 1671 4045 non
1694 3991 1891 4046 timui-

275 4090 428 4151 stis.
471 4086 609 4141 sicut
649 4101 802 4141 sacra
851 4084 1110 4156 praecepit
1160 4083 1479 4146 auctoritas,
1510 4084 1893 4154 praetermitti-

274 4195 453 4238 mus.
500 4178 743 4235 Scribere
786 4186 976 4233 tamen
1004 4177 1154 4233 vobis
1201 4186 1255 4233 et
1284 4176 1585 4232 admonere
1614 4191 1779 4246 super
1808 4176 1892 4231 his

273 4288 432 4348 qua
460 4271 529 4327 ad
556 4272 953 4328 correctionem
993 4279 1234 4326 vestram
1268 4270 1562 4340 pertinent,
1613 4270 1727 4340 ipsa
1758 4285 1893 4340 apo-

271 4364 497 4426 stolica
561 4365 882 4437 [apostolici]
939 4363 1339 4419 moderaminis
1406 4362 1775 4418 mansuetudo
1839 4371 1895 4418 et

272 4466 570 4519 consueta
609 4460 781 4529 pietas
808 4475 837 4514 a
884 4457 1047 4513 nobis
1096 4457 1284 4528 exigit.
1344 4456 1711 4528 Conqueritur
1742 4456 1889 4511 enim

274 4558 597 4615 adversum
626 4570 721 4610 vos
761 4552 1033 4610 confrater
1060 4562 1248 4608 noster
1279 4551 1660 4607 Wormundus
1701 4554 1893 4617 [Wor-

274 4668 390 4710 ma
400 4646 590 4715 udus],
604 4647 928 4704 venerabilis
942 4644 1720 4715 Viennensisarchiepiscopus
1745 4643 1896 4715 quod

274 4747 329 4803 ei
370 4740 670 4811 antiquam
694 4741 937 4796 debitam
978 4746 1309 4811 potestatem
1335 4737 1439 4793 loci
1478 4737 1642 4791 vestri
1669 4744 1896 4792 contra-

274 4840 492 4897 dicere
524 4834 997 4905 praesumpseritis,
1043 4848 1210 4903 quam
1242 4832 1309 4886 ab
1336 4831 1496 4886 initio
1533 4830 1735 4902 proprii
1755 4830 1895 4903 juris

275 4928 641 4990 Viennensis
675 4927 929 4985 Ecclesiae
956 4925 1251 4995 exstitisse,
1278 4933 1334 4981 et
1364 4925 1628 4980 hactenus
1651 4922 1754 4978 sub
1783 4923 1893 4979 dis-

278 5022 586 5099 positione
616 5037 844 5077 suorum
887 5028 1297 5075 antecessorum
1328 5017 1492 5073 fuisse
1532 5033 1646 5073 non
1675 5016 1897 5088 ignora-

280 5120 407 5182 tis,
444 5113 686 5171 indicans
708 5114 876 5170 etiam
917 5129 1012 5169 vos
1048 5113 1189 5168 hanc
1217 5110 1630 5167 contradicendi
1670 5109 1771 5165 sibi
1802 5125 1893 5165 oc-

280 5210 587 5271 casionem
628 5207 1074 5264 irrationabiliter
1108 5214 1164 5261 et
1213 5204 1411 5261 callide
1441 5202 1802 5275 praetendere,
1832 5211 1895 5258 ut

286 5307 451 5364 idem
485 5303 637 5358 locus
673 5302 811 5374 juris
856 5302 910 5357 S.
941 5299 1083 5356 Petri
1114 5308 1169 5355 et
1206 5298 1310 5355 sub
1339 5299 1457 5370 ejus
1487 5296 1758 5361 dominio,
1801 5311 1896 5352 ne-

286 5400 418 5457 scio
458 5395 659 5468 quibus
686 5394 1001 5451 auctoribus
1029 5393 1112 5449 vel
1155 5391 1620 5455 concessionibus,
1648 5406 1766 5446 esse
1800 5389 1895 5445 de-

287 5495 454 5552 beat.
505 5489 669 5546 Unde
720 5497 776 5544 et
816 5503 922 5544 nos
965 5502 1186 5544 causam
1230 5486 1393 5541 istam
1454 5484 1630 5541 multo
1685 5482 1897 5539 cautius

293 5590 535 5658 oportet
558 5581 863 5651 attendere,
893 5590 951 5637 et
990 5581 1227 5653 qualiter
1249 5579 1551 5636 rectissime
1573 5577 1899 5633 discutiatur

292 5674 623 5754 providam,
670 5682 735 5730 ut
772 5690 874 5731 nec
909 5675 1227 5747 apostolica:
1271 5673 1409 5742 sedi,
1456 5688 1560 5728 nec
1606 5670 1899 5726 Viennensi

290 5768 574 5831 Ecclesia
596 5769 821 5842 alicujus
845 5768 1139 5842 przejudicii
1159 5778 1255 5828 aut
1282 5764 1763 5825 incommoditatis
1780 5778 1902 5834 gra-

2002 432 2058 478 et
2086 421 2402 494 apostolica:
2448 422 2701 477 Ecclesia:
2734 420 2849 489 iura
2888 429 2943 475 et
2983 420 3272 493 dignitates
3302 438 3430 478 suas
3459 438 3596 479 con-

2001 518 2201 573 servari
2229 516 2504 587 cupimus,
2536 516 2609 571 ita
2640 524 2695 569 et
2724 514 2988 570 membris
3021 516 3159 585 ejus,
3219 515 3472 572 videlicet
3499 534 3600 574 ca":-

2000 611 2135 665 teris
2168 610 2440 677 Ecclesiis,
2472 626 2536 664 ex
2567 609 2729 679 hujus
2774 608 3115 679 providentia
3162 618 3233 664 et-
3267 611 3596 667 auctoritate

2002 712 2255 775 oportere
2301 702 2693 774 dignissimum
2742 718 2859 757 esse
2888 702 3295 774 perpendimus.
3339 705 3591 775 Quapro-

2002 808 2123 868 pter
2153 797 2453 868 apostolica
2481 812 2575 851 vos
2596 796 2920 851 auctoritate
2938 812 3252 865 monemus,
3268 806 3429 869 atque
3450 812 3587 869 prae-

2000 892 2258 961 cipimus,
2307 899 2368 944 ut
2414 890 2484 945 ad
2526 888 2932 945 discutiendam
2987 904 3208 944 causam
3247 890 3406 944 istam
3458 906 3589 946 eon-

1999 982 2156 1039 fratri
2185 992 2375 1039 nostro
2402 983 2623 1055 Hugoni
2664 981 2954 1037 venerabili
2996 982 3188 1036 Diensi
3221 983 3470 1054 epicopo,
3502 985 3587 1039 cui

2002 1086 2058 1133 et
2105 1078 2278 1133 vicem
2319 1085 2567 1141 nostram
2598 1076 2653 1130 in
2694 1076 2815 1129 aliis
2845 1074 3241 1139 commisimus,
3288 1075 3402 1132 sine
3430 1077 3586 1132 omni

2001 1171 2452 1227 contradictionis
2480 1186 2632 1225 mora
2658 1185 2755 1223 vos
2785 1169 3211 1238 repraesentetis,
3232 1178 3287 1223 et
3314 1169 3582 1241 quidquid

2001 1266 2119 1336 ipse
2147 1280 2309 1336 super
2347 1264 2453 1320 hac
2483 1280 2540 1319 re
2564 1264 2778 1335 justum
2808 1260 2926 1317 fore
2966 1261 3273 1332 providerit
3318 1270 3481 1332 atque
3504 1263 3590 1333 ju-

1999 1358 2275 1424 dicaverit,
2308 1356 2627 1412 obedienter
2670 1356 2895 1426 exsequi
2922 1356 3232 1409 nullatenus
3260 1355 3593 1426 praetermit-

2000 1453 2154 1518 tatis;
2206 1451 2522 1506 exhibentes
2573 1449 2734 1505 etiam
2787 1464 2881 1504 vos
2908 1449 2961 1503 in
2990 1449 3138 1502 omni
3178 1448 3491 1503 obedientia
3539 1456 3596 1502 et

2002 1544 2315 1601 humilitate
2335 1544 2508 1599 eidem
2538 1542 2741 1598 vicario
2758 1550 2946 1597 nostro
2963 1550 3017 1596 et
3036 1539 3261 1612 praefato
3291 1541 3591 1595 Viennensi

2000 1638 2430 1709 archiepiscopo,
2475 1635 2544 1690 ad
2582 1634 3032 1691 satisfaciendum
3071 1649 3235 1704 super
3271 1632 3357 1688 his
3395 1632 3593 1704 quibus
3631 1646 3651 1662 κ

2004 1747 2100 1787 vos
2141 1729 2597 1802 reprehensibiles
2637 1736 2690 1783 et
2731 1727 2928 1783 merito
2970 1726 3325 1797 corrigendos
3351 1726 3590 1797 appella-

2002 1826 2199 1879 verint.
2233 1824 2426 1879 Videte
2458 1839 2586 1895 ergo
2630 1838 2795 1893 quam
2846 1821 3067 1876 attentis
3105 1821 3329 1875 auribus
3376 1828 3430 1874 et
3458 1819 3593 1874 obe-

1999 1917 2277 1973 dientibus
2302 1917 2500 1972 animis
2520 1932 2623 1970 nos
2645 1916 2704 1969 in
2731 1915 2816 1970 bis
2838 1914 3095 1970 omnibus
3118 1912 3384 1979 audiatis;
3415 1913 3593 1968 scien-

1996 2020 2079 2067 tes
2117 2011 2381 2083 quoniam
2421 2010 2468 2064 si
2498 2011 2680 2064 denuo
2712 2008 2782 2064 ad
2813 2023 2916 2063 nos
2964 2016 3159 2063 vestrae
3197 2006 3593 2061 inobedientia:

1999 2115 2055 2160 et
2085 2104 2392 2160 temerariae
2432 2101 2807 2159 resultationis
2845 2099 3190 2155 contumacia
3235 2102 3437 2171 perlata
3467 2096 3594 2154 fue-

1998 2200 2091 2266 rit,
2121 2199 2355 2254 inultam
2397 2213 2520 2253 eam
2561 2205 2617 2251 et
2644 2194 2923 2267 condigna
2949 2194 3234 2249 severitate
3263 2193 3593 2264 impunitam

1999 2294 2314 2348 nullatenus
2342 2290 2642 2362 apostolica
2666 2288 3039 2344 dissimulabit
3067 2286 3385 2355 auctoritas,
3430 2294 3487 2341 et
3513 2287 3592 2341 in-

1998 2388 2168 2442 troitu
2204 2386 2446 2442 ecclesiae
2472 2393 2667 2440 vestrae
2697 2382 2959 2438 omnibus
2998 2382 3311 2437 hominibus
3336 2381 3589 2451 praesenti

2002 2481 2331 2535 auctoritate
2361 2478 2663 2549 prohibito,
2691 2493 2813 2532 eam
2841 2476 3005 2531 etiam
3042 2491 3207 2547 quam
3249 2474 3462 2546 praefati
3486 2472 3597 2529 fra-

2001 2582 2111 2628 tres
2154 2572 2327 2627 nostri
2376 2571 2604 2625 ultionis
2642 2568 2698 2623 iu
2751 2584 2845 2624 vos
2873 2568 3205 2623 sententiam
3243 2576 3299 2623 et
3317 2566 3593 2639 judicium

2001 2651 2367 2731 etercuerint,
2396 2663 2709 2736 perurgeuti
2742 2662 2796 2717 in
2820 2677 2914 2717 vos
2948 2660 3293 2717 districtione
3322 2670 3502 2716 ratum
3531 2676 3593 2715 ac
3634 2650 3639 2651 ί

2002 2761 2225 2816 ﬁrmum
2267 2774 2386 2814 esse
2408 2771 2717 2813 censemus.

2074 2859 2214 2910 Data
2239 2851 2383 2923 apud
2398 2858 2639 2906 castrum
2663 2848 2811 2920 quod
2834 2846 3036 2903 dicitur
3051 2848 3315 2919 Carpum,
3333 2862 3439 2904 xxv
3457 2846 3590 2902 Kal.

2002 2948 2229 3021 Aprilis,
2246 2947 2545 3003 indictione
2564 2960 2670 3001 xv.

2515 3056 2867 3113 EPISTOLA
2896 3056 3073 3111 XVII.

2247 3181 2328 3222 AD
2348 3178 2724 3221 WILLBLMUK
2752 3176 2959 3218 BEGEM
2982 3173 3313 3218 ΑΝθιοΒυΜ
3327 3201 3339 3213 .

2604 3268 2787 3332 (Anno
2803 3268 2983 3330 1077.)
3322 3270 3327 3275 '

2002 3371 2243 3426 Causam
2286 3370 2525 3425 Dolensis
2568 3370 2800 3438 episcopi
2854 3372 3071 3438 propter
3117 3366 3231 3435 ejus
3282 3365 3481 3420 scelera
3522 3365 3589 3417 ab

2070 3446 2375 3513 episcopatu
2393 3443 2546 3511 ejectt'
2563 3442 2646 3494 ita
2675 3444 2964 3513 tractatam
2984 3440 3172 3513 fuisse,
3199 3443 3261 3491 ut
3286 3438 3592 3513 accuratius

2072 3507 2301 3569 tractari
2324 3507 2429 3567 non
2456 3527 2610 3582 posse
2642 3512 2934 3565 videretur.
2974 3510 3109 3578 Ejus
3140 3507 3592 3582 tamenprecibus

2074 3584 2275 3654 legatos
2305 3578 2618 3645 destinasse,
2657 3584 2755 3653 qui
2782 3598 2896 3635 eam
2928 3583 3123 3654 iterum
3141 3582 3211 3654 in,
3228 3578 3413 3654 eadem
3436 3578 3592 3631 eccle-

2070 3651 2155 3709 sia
2212 3660 2560 3726 pert-ractent,
2606 3651 2680 3707 in?
2709 3668 2935 3726 quorum
2972 3651 3428 3726 determinatione
3471 3663 3591 3703 eum

2072 3722 2440 3797 acquieturum
2484 3740 2589 3779 non
2625 3725 2857 3778 dubitat.
2900 3722 2988 3797 ᾼίί
3014 3722 3129 3797 ejus
3155 3722 3379 3797 gloriam
3413 3735 3468 3774 se
3486 3735 3588 3788 pa-

2071 3793 2255 3853 ratum
2299 3797 2560 3861 ostendit;
2592 3801 2783 3850 caetera
2812 3793 3046 3849 Haberto
3068 3794 3240 3862 legato
3267 3807 3323 3847 se
3347 3793 3409 3845 in
3433 3806 3589 3845 man-

2070 3872 2222 3927 datis
2252 3870 2530 3929 daturum,
2563 3870 2650 3921 cui
2671 3867 2830 3936 ﬁdem
2855 3866 3132 3918 adhibeat.

2071 3983 2414 4038 Gasooarus
2433 3978 2744 4050 episcopus,
2769 3990 2955 4031 servus
2972 3990 3257 4030 servorum
3278 3973 3402 4041 Dei,
3423 3976 3589 4029 WIL-

1999 4090 2163 4132 Leno
2206 4074 2318 4145 regi
2368 4071 2700 4143 Anglorum,
2754 4070 2990 4125 salutem
3021 4075 3075 4124 et
3100 4067 3451 4140 apostolicam
3488 4065 3590 4123 be-

2000 4168 2398 4225 nedictionem.

2071 4263 2309 4317 Causam
2338 4257 2485 4314 unde
2511 4272 2614 4313 nos
2650 4256 2703 4311 in
2744 4256 2943 4312 litteris
2988 4254 3178 4309 vestris
3224 4254 3479 4325 rogastis,
3513 4255 3591 4309 ita

1995 4356 2117 4428 jam
2160 4353 2229 4410 ad
2293 4361 2604 4408 extremum
2646 4348 2941 4406 deductam
2980 4362 3097 4403 esse
3142 4346 3482 4417 putavimus,
3531 4355 3593 4401 ut

2006 4448 2143 4504 nihil
2169 4448 2227 4503 in
2248 4464 2311 4503 ea
2343 4444 2492 4518 quod
2512 4442 2745 4499 ulterius
2771 4440 3185 4497 retractandum
3209 4446 3353 4494 esset
3380 4446 3590 4495 restare

2006 4541 2301 4598 videretur.
2338 4543 2483 4596 Nam
2510 4554 2639 4593 cum
2667 4537 2727 4593 in
2764 4534 2991 4591 Dolensi
3019 4534 3244 4589 ecclesia
3274 4532 3591 4604 episcopum

2003 4635 2398 4699 ordinavimus,
2426 4634 2503 4688 ita
2532 4631 2680 4687 hunc
2708 4645 2808 4702 pro
2836 4643 2945 4699 quo
2974 4626 3289 4684 excellentia
3314 4635 3494 4683 vestra
3515 4627 3593 4682 in-

2003 4729 2236 4786 tervenit
2264 4727 2335 4783 ad
2372 4725 2734 4798 dejectionem
2767 4739 2927 4780 suam
2958 4738 3021 4778 ex
3064 4721 3300 4793 propriis
3334 4720 3594 4776 facinori-

2003 4824 2127 4890 bus,
2157 4830 2213 4877 et
2237 4821 2305 4877 ad
2334 4820 2590 4875 ultimum
2618 4834 2682 4874 ex
2714 4816 3079 4874 inobedientia
3115 4831 3174 4871 se
3217 4814 3591 4887 praecipitasse

2002 4933 2116 4973 non
2145 4916 2331 4972 solum
2366 4930 2460 4987 per
2487 4913 2711 4969 clericos
2756 4920 2810 4967 et
2844 4910 3131 4983 religiosas
3162 4924 3422 4980 personas
3450 4908 3594 4963 illius

2004 5010 2283 5078 Ecclesiae,
2306 5007 2399 5063 sed
2426 5008 2587 5063 etiam
2612 5022 2711 5078 per
2735 5006 2973 5079 legatum
3000 5015 3248 5059 nostrum
3279 5006 3592 5059 Leuzonem

2004 5104 2365 5168 monachum,
2398 5101 2857 5166 intellexeramus,
2900 5107 2965 5154 ut
2994 5099 3167 5169 magis
3210 5097 3315 5152 sibi
3344 5095 3411 5152 de
3436 5097 3598 5153 malis

2004 5198 2064 5254 in
2094 5197 2397 5253 Ecclesiam
2422 5195 2737 5251 commissis
2757 5202 2810 5249 et
2833 5192 3249 5265 corruptissima
3278 5192 3385 5245 vita
3410 5205 3511 5246 sua
3538 5192 3597 5246 ti-

2004 5290 2270 5347 mendum
2321 5298 2378 5344 et
2422 5287 2817 5360 plangendum,
2848 5302 3015 5359 quam
3054 5301 3152 5357 pro
3182 5284 3596 5355 recuperatione

2007 5385 2355 5456 episcopatus
2378 5380 2854 5454 proclamandum,
2902 5388 2997 5436 aut
3042 5379 3344 5450 quidquam
3374 5393 3598 5449 speran-

2007 5478 2141 5534 dum
2173 5476 2290 5532 fore
2309 5475 2702 5547 judicaremus.
2739 5478 3002 5529 Attamen
3041 5488 3113 5528 ne
3148 5471 3598 5542 deprecationem

2007 5579 2250 5627 vestram
2280 5570 2397 5624 sine
2424 5585 2487 5624 ea
2517 5584 2625 5640 qua
2652 5575 2869 5639 oportet
2899 5584 3029 5623 cura
3056 5575 3109 5623 et
3132 5563 3474 5635 benignitate
3502 5575 3600 5619 sua

2010 5665 2243 5733 scepisse
2285 5661 2595 5731 videamur,
2634 5670 2708 5727 et,
2734 5660 2779 5714 si
2809 5662 3008 5731 aliquis
3038 5676 3133 5733 per
3159 5658 3600 5724 subreptiouem.

2010 5758 2159 5831 quod
2188 5773 2303 5813 non
2324 5756 2623 5823 credimus,
2653 5767 2759 5808 nos
2782 5749 3005 5826 fefellit,
3031 5755 3099 5811 ad
3126 5748 3527 5821 inquirendum
3555 5744 3618 5797 οι
3644 5780 3645 5783 η
