4074 6172
531 293 629 350 471

1223 289 1284 344 S.
1322 286 1643 342 GREGORJI
1679 286 1768 341 VII
1809 285 2003 341 ΡΑΡᾹΞ
2042 284 2123 340 ΟΡ

2239 281 2315 336 LIM
2354 278 2526 335 PARS
2562 280 2601 335 Ι.
2645 309 2714 319 --
2751 279 3154 335 REGISTRUM.

3719 282 3817 340 472

533 416 917 494 corrigendum
949 416 1139 473 minus
1159 411 1376 468 solliciti
1405 412 1776 479 inveniamur,
1802 411 2012 484 legatos
2029 427 2125 468 no-
2157 413 2209 476 Α
2236 406 2519 464 beratione
2542 404 2788 478 ejusdem
2816 406 3059 462 ecclesia
3081 397 3306 473 fecerat,
3331 419 3457 462 eam
3482 420 3748 478 occupare
3771 413 3824 462 et

535 524 698 579 stros,
722 513 973 569 videlicet
1001 507 1332 564 coufratrem
1360 515 1616 562 nostrum
1648 509 1939 580 Hugonem
1972 521 2130 562 vene-

534 609 764 665 rabilem
794 605 1057 660 Diensem
1093 601 1434 672 episcopum,
1465 608 1521 656 et
1542 598 1806 656 dilectum
1828 599 2007 656 ﬁlium
2032 615 2130 656 no-

533 710 710 757 strum
753 696 1066 752 Hubertum
1091 701 1299 750 sancta
1326 697 1597 750 Romana
1623 695 1883 750 Ecclesia
1907 693 2128 750 subdia-

533 807 757 857 conum,
788 798 845 845 et
884 789 1066 860 ipsum
1109 789 1278 843 etiam
1321 789 1645 843 Leuzonem
1687 786 2050 856 monachum,
2082 787 2128 843 si

533 891 783 954 ereptum
821 881 890 937 ab
919 881 1238 936 inﬁrmitate
1267 881 1572 952 poterimus
1604 880 1732 937 illuc
1761 881 1998 948 mittere,
2031 879 2128 936 de-

532 977 826 1043 crevimus,
882 975 976 1047 qui
1024 991 1248 1031 causam
1276 973 1526 1045 diligenti
1558 976 1916 1046 inquisitione
1950 973 2132 1029 discu-

532 1071 695 1136 tiant,
727 1077 812 1138 et,
845 1069 892 1124 si
917 1069 1046 1140 quid
1080 1070 1140 1123 in
1169 1084 1234 1123 ea
1279 1067 1524 1124 dictante
1548 1068 1763 1141 justitia
1794 1068 2128 1124 mutandum

534 1165 616 1219 vel
653 1162 1056 1220 emendandum
1081 1161 1265 1229 fuerit,
1295 1162 1658 1233 consequenti
1688 1163 1901 1217 ratione
1944 1170 2000 1217 et
2030 1178 2128 1217 au-

531 1259 783 1314 ctoritate
813 1255 1035 1326 exsequi
1064 1254 1340 1310 studeant.
1370 1259 1657 1326 Nusquam
1699 1257 1851 1311 enim
1896 1255 2000 1311 hoc
2026 1271 2128 1311 ne-

532 1351 748 1422 gotium
778 1350 980 1404 rectius
1000 1357 1094 1404 aut
1123 1348 1441 1419 diligentius
1461 1364 1630 1421 quam
1660 1350 1717 1403 in
1737 1347 1933 1404 eadem
1956 1349 2128 1404 eccle-

531 1444 612 1499 sia
639 1443 958 1514 pertractari
990 1457 1150 1513 posse
1175 1441 1408 1507 videtur,
1456 1442 1551 1496 ubi
1580 1451 1634 1497 et
1670 1442 1760 1498 hic
1803 1451 1857 1498 et
1883 1441 1959 1497 illi
1991 1457 2128 1513 pra-

531 1545 713 1592 sentes
740 1551 857 1591 esse
887 1536 1130 1599 valeant,
1162 1543 1216 1590 et
1239 1537 1404 1590 vestri
1433 1537 1600 1591 etiam
1624 1536 1884 1591 interesse
1917 1535 2126 1601 ﬁdeles,

532 1630 626 1702 qui
658 1630 936 1685 rationem
968 1639 1024 1684 et
1070 1629 1297 1700 justiam
1328 1630 1487 1700 plene
1533 1630 1912 1701 percognitam
1963 1629 2129 1684 certis

529 1723 930 1779 assertionibus
962 1721 1115 1778 vobis
1140 1721 1383 1778 indicare
1411 1731 1630 1794 queant.
1664 1725 1778 1780 Nec
1807 1723 2128 1778 dubitamus

2232 501 2520 574 tyrannica
2544 501 2899 571 oppressione
2924 499 3168 572 afﬂigere
3186 516 3302 556 non
3328 509 3524 556 cessat.
3544 500 3707 557 Unde
3725 500 3825 556 sci-

2233 610 2294 651 re
2337 610 2432 649 vos
2459 595 2714 649 volumus
2759 594 2890 666 quia
2929 594 3070 648 sicut
3107 594 3385 650 confrater
3431 603 3625 651 noster
3665 596 3824 666 Hugo

2235 689 2459 744 Diensis
2499 687 2803 759 episcopus,
2849 688 2937 744 cui
2967 687 3112 744 vices
3151 696 3372 743 nostras
3417 688 3475 742 in
3519 687 3824 744 Galliarum

2237 782 2484 854 partibus
2535 781 2772 853 agendas
2835 782 3242 850 commisimus,
3297 782 3449 838 illum
3501 797 3829 837 excommu-

2236 875 2462 943 nicavit,
2491 876 2567 932 sic
2597 885 2651 932 et
2679 891 2780 930 nos
2808 876 3437 944 excommunicavimus,
3465 885 3521 931 et
3556 892 3587 931 a
3617 877 3828 948 gremio

2236 978 2443 1026 sancta
2488 969 2749 1026 Ecclesia
2792 971 3182 1041 separavimus.
3225 971 3572 1041 Quapropter
3608 977 3829 1039 aposto-

2236 1064 2340 1120 lica
2391 1064 2720 1119 auctoritate
2757 1063 3108 1134 pracipimus
3152 1062 3309 1118 vobis
3354 1071 3436 1130 ut,
3467 1063 3608 1118 colla
3651 1070 3830 1119 vestra

2237 1156 2307 1214 de
2349 1157 2452 1214 sub
2485 1157 2618 1230 jugo
2665 1157 2781 1228 ejus
2827 1157 3187 1225 excutientes,
3230 1172 3302 1212 ne
3345 1155 3445 1224 illi,
3491 1155 3833 1212 adharentes

2237 1251 2480 1318 diabolo,
2507 1251 2661 1323 cujus
2702 1251 2820 1321 ipse
2848 1249 3162 1306 membrum
3209 1249 3382 1305 factus
3411 1257 3515 1316 est,
3547 1249 3830 1318 serviatis,

2238 1344 2332 1401 sed
2361 1345 2430 1400 ab
2456 1345 2550 1400 illo
2573 1345 2716 1400 sicut
2738 1344 2805 1400 ab
2834 1345 3312 1400 excommunicato
3337 1351 3556 1414 oportet
3574 1344 3836 1410 caveatis,

2237 1446 2292 1493 et
2322 1437 2392 1493 de
2441 1438 3040 1506 excommunicatione,
3067 1453 3237 1508 quam
3265 1436 3600 1503 incurristis,
3641 1451 3832 1492 coram

2237 1531 2500 1602 pradicto
2537 1531 2726 1586 Diensi
2754 1532 3010 1601 episcopo
3049 1529 3467 1595 satisfacientes,
3496 1529 3668 1600 ipsius
3693 1545 3835 1585 con-

2238 1625 2356 1680 silio
2409 1633 2688 1696 pastorem
2725 1623 2880 1679 vobis
2922 1623 3224 1679 secundum
3263 1623 3566 1679 Dominum
3595 1623 3832 1695 eligatis.

2239 1717 2400 1787 Quod
2445 1719 2490 1772 si
2528 1717 2788 1785 feceritis,
2819 1717 2889 1773 ab
2939 1716 3091 1772 omni
3131 1723 3478 1772 sacramento
3520 1723 3577 1771 et
3619 1716 3837 1789 obliga-

530 1816 789 1889 equidem
813 1816 978 1888 .quin
1019 1823 1198 1871 vestra
1228 1815 1494 1872 celsitudo
1547 1815 1867 1872 difﬁnitioni
1891 1816 2125 1888 justitia
2163 1795 2210 1856 Β
2234 1812 2386 1867 tione
2407 1826 2571 1882 quam
2604 1809 2834 1881 prafato
2861 1809 3179 1866 Simoniaco
3208 1816 3401 1864 contra
3432 1809 3740 1865 Dominum
3765 1807 3841 1864 fe-

530 1909 876 1966 concorditer
918 1910 1249 1980 acquiescat,
1289 1911 1556 1982 quoniam
1589 1911 1711 1966 licet
1741 1910 1797 1966 in
1828 1909 1985 1966 vobis
2026 1925 2123 1982 per

530 1994 973 2058 misericordiam
1000 2004 1106 2058 Dei
1144 2002 1337 2058 multa
1360 2012 1414 2058 et
1445 2004 1679 2074 egregia
1711 2013 1840 2059 sunt
1866 2005 2118 2070 virtutes,

530 2095 653 2172 hac
703 2105 889 2150 tamen
933 2104 1016 2150 est
1068 2097 1328 2166 praclara
1378 2105 1434 2151 et
1473 2095 1863 2162 famosissima,
1911 2105 1966 2152 et
2002 2112 2124 2168 qua

529 2189 761 2261 gloriam
786 2197 1023 2243 vestram
1056 2191 1172 2244 Deo
1206 2190 1475 2260 pracipue
1496 2189 1850 2245 commendat
1868 2198 1922 2245 et
1946 2190 2125 2246 homi-

528 2280 714 2348 nibus,
759 2279 906 2351 quod
953 2281 1252 2352 justitiam,
1300 2297 1468 2352 quam
1513 2297 1608 2337 vos
1659 2279 1835 2338 facere
1882 2284 2124 2354 prompti

526 2376 679 2442 estis,
709 2374 826 2429 aliis
853 2375 1020 2430 etiam
1049 2373 1382 2434 facientibus
1409 2374 1641 2446 diligitis
1662 2383 1828 2446 atque
1852 2377 2113 2447 probatis.

527 2472 610 2523 De
629 2476 832 2524 catero
856 2467 1055 2523 scitote
1084 2469 1449 2523 eminentiam
1479 2477 1739 2535 vestram,
1771 2477 1827 2524 et
1853 2485 1998 2540 sape
2035 2485 2121 2525 co-

528 2563 740 2634 gnitam
779 2561 1124 2616 devotionem
1172 2561 1312 2632 ejus,
1357 2561 1521 2616 nobis
1561 2563 1931 2633 gratissimam
1981 2562 2118 2631 fore,

526 2655 618 2727 qui
645 2663 698 2709 et
723 2671 817 2710 vos
849 2655 1018 2725 ipsos,
1044 2662 1102 2709 et
1125 2654 1394 2726 quidquid
1424 2655 1489 2708 ad
1513 2655 1746 2726 gloriam
1767 2655 2123 2712 sublimitatis

527 2756 725 2804 vestra
756 2750 872 2802 Deo
891 2755 1112 2802 auctore
1134 2746 1398 2817 proﬁcere
1421 2756 1618 2816 potest,
1645 2761 1864 2820 semper
1884 2749 1940 2803 in
1958 2749 2123 2806 corde

525 2849 582 2896 et
602 2840 899 2895 visceribus
927 2840 1130 2895 nostris
1156 2855 1283 2894 cum
1307 2855 1509 2910 magno
1537 2839 1812 2897 desiderio
1843 2850 1896 2896 et
1920 2840 2122 2898 affectu

527 2935 739 2990 intima
782 2932 1066 2988 charitatis
1115 2934 1518 3004 amplectimur,
1565 2943 1620 2989 et
1665 2935 1731 2990 ad
1780 2936 2120 2991 voluntatem

527 3037 765 3084 vestram
794 3027 847 3082 in
876 3026 1138 3082 omnibus
1166 3031 1290 3099 qua
1318 3027 1462 3098 apud
1483 3043 1608 3082 -nos
1637 3029 1930 3098 impetrare
1968 3044 2116 3100 qua-

2230 1905 2384 1960 cistis
2412 1920 2478 1960 ex
2496 1904 2662 1974 ‘parte
2704 1903 2880 1956 sancti
2918 1901 3066 1956 Petri
3104 1917 3202 1956 vos
3229 1901 3587 1956 absolvimus.
3617 1901 3673 1956 Si
3703 1917 3835 1957 vero

2231 1998 2401 2054 etiam
2459 2013 2608 2051 nunc
2649 2003 2856 2052 nostra
2911 1994 3140 2050 salutari
3183 1994 3422 2066 jussioni
3489 1994 3837 2049 recalcitrare

2231 2089 2712 2163 prasumpseritis,
2756 2088 2875 2160 pari
2904 2103 3000 2144 vos
3042 2086 3400 2144 anathemate
3427 2086 3836 2164 condemnatos

2229 2185 2436 2259 sciatis.

2303 2281 2436 2335 Data
2465 2276 2760 2333 Bibianelli
2783 2275 3145 2345 [Biblianelli,
3175 2279 3226 2330 et
3253 2277 3331 2329 sic
3360 2275 3580 2345 semper]
3611 2273 3838 2332 decimo

2229 2371 2517 2428 Kalendas
2545 2370 2770 2441 Aprilis,
2800 2369 3102 2424 indictione
3126 2367 3342 2424 decima
3371 2366 3582 2438 quinta.

2759 2463 3106 2518 EPISTOLA
3125 2463 3292 2518 XIX.

2617 2574 2701 2615 AD
2722 2573 3075 2614 GALLIABUM
3095 2571 3435 2614 EPISCOPOS.

2815 2648 2999 2720 (Anno
3039 2648 3218 2719 1077.)

2247 2746 2536 2815 Conﬁrmat
2553 2745 2873 2799 sententiam
2891 2745 2949 2796 in
2967 2744 3301 2797 Aniciensem
3331 2743 3629 2812 episcopum
3645 2743 3837 2796 latam

2298 2823 2358 2870 ut
2395 2819 2449 2870 in
2475 2817 2740 2885 superiori
2789 2815 3031 2883 epistola.
3096 2816 3546 2868 Ercommunicat
3566 2818 3838 2883 praeterea

2300 2904 2476 2941 omnes
2507 2889 2603 2956 qui
2623 2887 2898 2940 consilium
2945 2889 2997 2939 ei
3020 2885 3265 2939 dederint
3309 2889 3371 2938 ut
3415 2886 3478 2939 in
3506 2899 3605 2938 sua
3638 2887 3840 2939 haeresi

2297 2962 2634 3029 permaneat.
2666 2958 2914 3012 Prohibet
2942 2971 3150 3029 quoque
3186 2956 3491 3029 goblationes
3533 2959 3592 3011 in
3626 2956 3826 3010 eadem

2312 3027 2529 3084 ecclesia
2557 3030 2693 3097 ﬁeri,
2727 3029 2968 3096 quandiu
2986 3028 3052 3082 ab
3077 3043 3132 3082 eo
3162 3027 3489 3082 detineatur.

526 3122 777 3188 siveritis,
822 3119 973 3192 quod
1014 3135 1329 3192 possumus,
1376 3129 1431 3176 et
1482 3121 1787 3177 secundum
1833 3121 2131 3194 beneplaci-
2161 3137 2207 3200 ο
2307 3124 2670 3179 Ganeoaws
2699 3120 3008 3191 episcopus,
3034 3135 3221 3175 servus
3243 3135 3525 3175 servorum
3556 3119 3677 3186 Dei,
3699 3120 3840 3175 uni-

525 3225 646 3270 tum
678 3215 799 3280 Dei,
830 3229 934 3269 nos
962 3214 1163 3270 audere
1189 3215 1599 3284 cognoscimus,
1625 3214 1772 3270 ﬂecti
1797 3223 1853 3270 et
1879 3230 2119 3271 annuere

526 3308 701 3380 parati
726 3323 937 3362 sumus.
983 3307 1120 3375 Quia
1150 3321 1279 3361 vero
1318 3305 1611 3377 prafatum
1659 3307 1836 3363 ﬁlium
1866 3318 2117 3364 nostrum

489 3443 492 3446 .
528 3400 903 3457 Humbertum
951 3399 1019 3454 ad
1063 3415 1158 3454 vos
1199 3415 1369 3470 usque
1421 3400 1656 3474 dirigere
1681 3401 2117 3471 ‘destinavimus,

526 3495 683 3565 plura
728 3494 884 3549 vobis
923 3492 1159 3549 scribere
1213 3508 1328 3548 non
1385 3495 1757 3550 necessarium
1827 3495 2118 3562 duximus;

527 3587 812 3656 quoniam,
844 3587 903 3640 in
932 3587 1192 3640 omnibus
1221 3601 1345 3656 qua
1373 3602 1436 3642 ex
1466 3597 1657 3644 nostra
1689 3596 1842 3659 parte
1873 3588 2025 3643 vobis
2046 3605 2116 3643 re

528 3677 654 3744 fert,
676 3679 858 3748 ipsum
890 3679 1048 3748 quasi
1077 3679 1444 3734 certissimam
1472 3682 1762 3750 epistolam
1784 3690 2036 3736 nostram
2069 3691 2124 3737 et

528 3773 688 3824 verba
717 3783 900 3824 nostra
933 3770 1165 3824 ﬁdeliter
1201 3771 1581 3827 continentem
1609 3772 1726 3829 fore
1766 3791 1870 3829 nec
1901 3790 2003 3830 nos
2032 3775 2124 3830 du-

526 3862 787 3928 bitamus,
832 3877 930 3916 nec
975 3869 1209 3917 vestram
1257 3863 1637 3921 excellentiam
1671 3865 1927 3922 dubitare
1973 3869 2124 3924 volu-

527 3971 674 4010 mus.
707 3959 854 4010 Deus
879 3963 1065 4009 autem
1092 3957 1444 4025 omnipotens
1471 3959 1689 4012 meritis
1707 3969 1761 4013 et
1782 3960 2128 4014 intercessio-

529 4048 690 4104 nibus
715 4047 1092 4120 apostolorum
1123 4048 1269 4103 Petri
1311 4056 1367 4102 et
1393 4050 1566 4118 Pauli,
1609 4059 1665 4104 et
1690 4052 1947 4106 omnium
1991 4069 2126 4107 san-

527 4149 744 4197 ctorum
771 4156 1020 4207 suorum,
1072 4141 1174 4195 tibi
1220 4149 1276 4196 et
1322 4142 1694 4200 serenissima
1748 4145 1950 4215 regina
2003 4148 2126 4202 Ma-

527 4235 683 4290 thildi
715 4235 869 4290 uxori
894 4242 1033 4299 tua,
1059 4243 1114 4289 et
1143 4234 1461 4290 clarissimis
1492 4235 1617 4292 ﬁliis
1646 4238 1837 4292 vestris
1873 4240 2127 4295 omnium

526 4335 877 4399 peccatorum
903 4335 1208 4382 vestrorum
1235 4328 1632 4401 indulgentiam
1661 4336 1716 4385 et
1747 4331 2129 4388 remissionem

527 4429 583 4475 et
609 4419 1016 4477 absolutionem
1050 4420 1288 4489 tribuat;
1321 4429 1376 4476 et
1403 4439 1532 4478 cum
1559 4438 1656 4477 vos
1683 4423 1752 4479 de
1777 4424 1942 4479 rebus
1971 4442 2134 4481 mun-

2228 3215 2403 3272 versis
2427 3214 2734 3271 Galliarum
2761 3212 3050 3284 episcopis,
3083 3221 3140 3268 et
3174 3213 3388 3268 cunctis
3415 3212 3700 3268 ordinibus
3725 3213 3840 3269 sub

2228 3310 2305 3366 eis
2336 3306 2675 3371 constitutis,
2717 3305 2918 3378 quibus
2949 3322 3050 3377 pro
3080 3305 3281 3362 merito
3311 3304 3564 3375 debetur,
3597 3305 3839 3362 salutem

2228 3411 2283 3458 et
2309 3401 2668 3473 apostolicam
2694 3398 3156 3456 benedictionem.
3397 3476 3402 3480 ‘

2300 3499 2510 3554 Notum
2553 3510 2671 3550 esse
2715 3493 2970 3549 volumus
2997 3493 3255 3548 charitati
3297 3501 3493 3550 vestra
3537 3491 3683 3566 quod
3709 3494 3837 3549 Ste-

2231 3590 2464 3661 phanus,
2511 3587 2822 3642 Aniciensis
2848 3587 3094 3642 ecclesia
3125 3586 3343 3641 invasor
3371 3594 3427 3641 et
3455 3585 3835 3653 Simoniacus,

2222 3683 2431 3755 juravit
2456 3681 2617 3736 nobis
2654 3696 2820 3750 super
2847 3695 3047 3750 corpus
3088 3679 3235 3734 beati
3262 3679 3407 3734 Petri
3438 3687 3500 3734 ut
3527 3679 3833 3735 ecclesiam

2232 3776 2408 3846 ipsam
2439 3773 2766 3839 dimitteret,
2797 3781 2854 3828 et
2882 3779 3161 3842 pastorem
3192 3772 3249 3826 in
3285 3787 3347 3828 ea
3374 3770 3676 3828 secundum
3718 3773 3843 3828 Do-

2233 3868 2449 3922 minum
2477 3866 2678 3937 eligere
2703 3873 2868 3935 atque
2903 3865 3242 3920 constituere
3282 3880 3378 3936 per
3406 3863 3573 3920 ﬁdem
3602 3863 3838 3935 adjuva-

2234 3969 2338 4027 ret,
2387 3958 2823 4031 quandocunque
2873 3959 3082 4029 legatus
3134 3958 3449 4028 apostolica
3506 3956 3646 4014 sedis
3699 3973 3841 4014 cum

2235 4053 2432 4108 litteris
2457 4052 2661 4108 nostris
2688 4051 2743 4107 id
2769 4067 2897 4106 eum
2928 4049 3104 4106 facere
3128 4067 3228 4123 per
3255 4058 3667 4106 sacramentum
3710 4067 3840 4107 mo-

2236 4155 2410 4202 neret.
2449 4149 2645 4201 Postea
2677 4161 2806 4200 vero
2849 4145 3225 4200 commonitus
3253 4161 3285 4200 a
3325 4141 3601 4200 confratre
3640 4152 3844 4200 nostro

2240 4243 2470 4312 Hugone
2517 4239 2702 4294 Diensi
2743 4239 2999 4308 episcopo
3047 4237 3206 4310 hujus
3262 4237 3574 4309 specialiter
3628 4238 3845 4310 negotii

2239 4333 2452 4389 litteras
2482 4349 2514 4388 a
2545 4331 2702 4386 nobis
2748 4329 3004 4398 habente,
3034 4331 3285 4402 quamvis
3325 4331 3505 4388 eidem
3545 4331 3689 4386 vices
3731 4347 3843 4387 no-

2242 4435 2385 4482 stras
2412 4425 2470 4480 in
2499 4423 2804 4481 Galliarum
2843 4425 3093 4494 partibus
3120 4424 3612 4493 commisissemus,
3645 4424 3842 4480 Eccle-

525 4512 684 4570 danis
713 4514 880 4569 eximi
902 4513 1148 4585 jusserit,
1201 4513 1273 4569 ad
1317 4523 1588 4570 aternum
1619 4531 1855 4586 regnum
1884 4533 2047 4574 suum
2079 4528 2136 4576 et
2159 4493 2210 4556 Ῑ)
2244 4519 2384 4574 siam
2419 4533 2532 4573 non
2582 4525 2758 4573 cessat
2806 4517 3134 4588 opprimere,
3184 4525 3238 4573 et
3282 4517 3424 4573 ﬁlios
3475 4518 3593 4590 ejus
3627 4516 3844 4588 duplici

529 4621 713 4660 veram
735 4607 968 4677 gloriam
1010 4607 1242 4662 transire
1266 4607 1456 4664 faciat.

601 4700 745 4755 Data
766 4699 1077 4768 Bibianelli,
1099 4715 1192 4756 xu
1223 4702 1344 4757 Kal.
1378 4703 1604 4773 Aprilis,
1637 4701 1748 4758 ind.
1775 4717 1876 4758 vx.

1024 4795 1377 4850 EPISTOLA
1419 4797 1623 4851 XVIII.

882 4900 964 4942 AD
1003 4900 1074 4940 CA
1084 4901 1345 4944 NONICOS
1385 4903 1462 4944 ΔΝ
1472 4904 1636 4945 ICIEN
1646 4905 1767 4945 SBS.

1135 4977 1317 5048 (Anno
1342 4984 1522 5043 1077.)

526 5073 820 5140 Confirmat
861 5075 1430 5127 eacommunicationis
1491 5075 1809 5128 sententiam
1859 5092 1894 5128 a
1939 5080 2129 5132 Diensi

595 5144 833 5211 episcopo
863 5142 1033 5208 legate
1063 5143 1230 5196 latam
1257 5146 1319 5196 in
1344 5145 1676 5212 Stephanum
1706 5148 2009 5200 Aniciensis
2030 5149 2124 5201 Ec-

595 5215 766 5286 clesia
801 5214 1128 5286 invasorem;
1169 5214 1286 5268 ideo
1316 5215 1384 5267 ab
1427 5218 1576 5268 omni
1600 5222 1928 5270 sacramento
1970 5233 2121 5286 prte-

593 5285 725 5336 stito
751 5283 1148 5355 eosubsolvens,
1171 5288 1424 5354 praecipit
1448 5302 1516 5338 ne
1545 5288 1594 5338 ei
1618 5288 1851 5355 amplius
1879 5283 2118 5342 obedien-

593 5357 733 5408 tiam
757 5353 1065 5416 exhibeant,
1092 5359 1142 5408 et
1165 5362 1225 5410 ut
1243 5353 1409 5410 alium
1426 5361 1692 5425 pastorem
1704 5353 1938 5425 eligant.

591 5447 953 5503 Gnaeoaws
981 5445 1286 5519 episcopus,
1305 5464 1493 5504 servus
1520 5464 1804 5506 servorum
1828 5450 1954 5518 Dei,
1986 5451 2118 5506 Ani-

519 5539 798 5596 ciensibus
819 5539 1117 5596 canonicis.
1825 5541 1828 5544 ’

559 5636 801 5690 -Notum
842 5640 927 5688 est
971 5633 1125 5690 vobis
1163 5635 1398 5707 qualiter
1441 5637 1749 5709 Stephanus
1805 5639 2114 5695 Anicieusi

517 5727 772 5783 Ecclesia
812 5725 1036 5782 invasor
1078 5735 1132 5782 et
1172 5729 1542 5799 Simoniacus,
1603 5729 1860 5802 despecto
1923 5747 2114 5788 sacra-

517 5827 709 5878 mento
750 5819 897 5892 quod
936 5818 1100 5877 nobis
1127 5836 1288 5895 super
1329 5840 1529 5896 corpus
1556 5825 1732 5882 sancti
1759 5824 1907 5883 Petri
1939 5825 2008 5883 de
2043 5825 2115 5880 li-

2242 4611 2591 4678 contritione,
2630 4611 2899 4682 corporali
2943 4611 3149 4666 scilicet
3189 4618 3244 4666 et
3299 4611 3594 4681 spirituali,
3647 4619 3847 4668 conte-

2238 4721 2382 4762 rere.
2429 4705 2593 4762 Unde
2637 4704 3288 4770 excommunicatiouem,
3335 4719 3504 4775 quam
3542 4703 3845 4776 pradictus

2238 4801 2447 4872 legatus
2475 4807 2666 4854 noster
2705 4814 2868 4868 super
2909 4813 3036 4853 eum
3084 4796 3228 4861 fecit,
3272 4813 3374 4852 nos
3416 4797 3838 4867 conﬁrmamus,

2235 4893 2552 4963 ipsumque,
2574 4899 2630 4946 et
2656 4906 2850 4946 omnes
2877 4891 2971 4962 qui
2996 4889 3254 4961 deinceps
3271 4891 3566 4946 consilium
3593 4891 3642 4946 ei
3670 4889 3844 4948 dede-

2233 4986 2348 5040 rint
2396 4993 2455 5040 ut
2501 4985 2561 5038 in
2592 4984 2697 5039 hac
2726 4984 2918 5040 haresi
2967 4992 3313 5053 permaneat,
3344 4999 3411 5040 ex
3442 4991 3595 5055 parte
3633 4985 3740 5039 Dei
3778 4992 3843 5040 et

2229 5078 2404 5132 sancti
2452 5078 2598 5132 Petri
2661 5075 3212 5143 anathematizamus,
3259 5075 3436 5132 donec
3480 5075 3837 5146 resipiscant.

2228 5168 2675 5226 Contradicimus
2725 5169 2891 5224 etiam
2939 5176 3000 5223 ut
3038 5168 3244 5223 nullam
3292 5169 3580 5239 pecuniam
3627 5168 3840 5238 aliquis

2227 5261 2429 5318 offerat
2469 5263 2529 5317 in
2554 5261 2715 5333 podio
2745 5262 2954 5317 Sancta
2991 5256 3205 5330 Maria,
3235 5262 3344 5317 sive
3367 5260 3436 5316 ad
3464 5260 3683 5327 altaria,
3711 5261 3837 5318 sive

2224 5356 2295 5411 ad
2340 5370 2542 5410 manus
2596 5353 2966 5422 sacerdotum,
3012 5354 3190 5411 donec
3215 5354 3446 5410 ecclesia
3493 5353 3759 5410 liberetur
3796 5370 3834 5411 ι

2225 5457 2339 5504 tam
2390 5447 2558 5519 impia
2605 5447 2976 5519 oppressione,
3035 5449 3162 5520 quia
3221 5448 3528 5504 oblationes
3574 5447 3831 5504 ﬁdelium

2222 5541 2543 5614 pradictum
2571 5539 2910 5612 Stephanum
2924 5556 2954 5595 a
2975 5544 3094 5596 Deo
3120 5549 3426 5611 apostatare
3445 5549 3610 5613 atque
3627 5547 3827 5596 contra

2220 5652 2348 5692 eum
2379 5634 2581 5690 faciunt
2608 5633 2906 5706 superbire.
2938 5635 3106 5690 Vobis
3149 5641 3358 5701 autem,
3387 5632 3588 5689 fratres
3631 5633 3825 5704 coepi-

2219 5729 2394 5802 scopi,
2455 5727 2601 5784 hanc
2643 5727 3276 5784 excommunicationem
3321 5735 3487 5798 atque
3535 5725 3824 5782 contradi-

2213 5824 2464 5880 cinemto
2510 5822 2787 5893 parochiis
2803 5820 2995 5878 vestris
3014 5835 3109 5893 per
3144 5820 3352 5878 diversa
3407 5819 3523 5876 loca
3552 5819 3820 5891 freeitare,
