  <div class='ocr_page' id='page_1' title='image "/cluster/home/n/w/nwhite01/storage/ocr_20150623/148/hvd.32044054760061/242.png"; bbox 0 0 4074 6172; ppageno 0'>
   <div class='ocr_carea' id='block_1_1' title="bbox 271 314 375 369">
    <p class='ocr_par' dir='ltr' id='par_1_1' title="bbox 271 314 375 369">
     <span class='ocr_line' id='line_1_1' title="bbox 271 314 375 369; baseline 0 0"><span class='ocrx_word' id='word_1_1' title='bbox 271 314 375 369; x_wconf 69' lang='grc'><strong>473</strong></span> 
     </span>
    </p>
   </div>
   <div class='ocr_carea' id='block_1_2' title="bbox 1393 318 2459 387">
    <p class='ocr_par' dir='ltr' id='par_1_2' title="bbox 1393 318 2459 387">
     <span class='ocr_line' id='line_1_2' title="bbox 1393 318 2459 387; baseline 0.007 -14"><span class='ocrx_word' id='word_1_2' title='bbox 1393 318 1591 374; x_wconf 80' lang='lat' dir='ltr'><strong>LIBER</strong></span> <span class='ocrx_word' id='word_1_3' title='bbox 1629 318 1961 387; x_wconf 83' lang='lat' dir='ltr'><strong>QUARTUS.</strong></span> <span class='ocrx_word' id='word_1_4' title='bbox 2002 350 2069 363; x_wconf 89' lang='lat'><strong>-—</strong></span> <span class='ocrx_word' id='word_1_5' title='bbox 2107 321 2316 378; x_wconf 86' lang='lat' dir='ltr'><strong>EPIST.</strong></span> <span class='ocrx_word' id='word_1_6' title='bbox 2356 323 2459 380; x_wconf 81' lang='lat' dir='ltr'><strong>XX.</strong></span> 
     </span>
    </p>
   </div>
   <div class='ocr_carea' id='block_1_3' title="bbox 3466 334 3569 390">
    <p class='ocr_par' dir='ltr' id='par_1_3' title="bbox 3466 334 3569 390">
     <span class='ocr_line' id='line_1_3' title="bbox 3466 334 3569 390; baseline 0.019 -2"><span class='ocrx_word' id='word_1_7' title='bbox 3466 334 3569 390; x_wconf 71' lang='grc'><strong>474</strong></span> 
     </span>
    </p>
   </div>
   <div class='ocr_carea' id='block_1_4' title="bbox 276 438 3568 526">
    <p class='ocr_par' dir='ltr' id='par_1_4' title="bbox 276 438 3568 526">
     <span class='ocr_line' id='line_1_4' title="bbox 276 438 3568 526; baseline 0.006 -30"><span class='ocrx_word' id='word_1_8' title='bbox 276 449 333 496; x_wconf 88' lang='lat' dir='ltr'><strong>et</strong></span> <span class='ocrx_word' id='word_1_9' title='bbox 356 455 419 496; x_wconf 80' lang='lat' dir='ltr'><strong>ex</strong></span> <span class='ocrx_word' id='word_1_10' title='bbox 444 448 603 511; x_wconf 89' lang='lat' dir='ltr'><strong>parte</strong></span> <span class='ocrx_word' id='word_1_11' title='bbox 633 446 812 497; x_wconf 87' lang='lat' dir='ltr'><strong>vestra</strong></span> <span class='ocrx_word' id='word_1_12' title='bbox 843 438 1196 511; x_wconf 85' lang='lat' dir='ltr'><strong>conﬁrmare,</strong></span> <span class='ocrx_word' id='word_1_13' title='bbox 1214 443 1517 515; x_wconf 89' lang='lat' dir='ltr'><strong>apostolica</strong></span> <span class='ocrx_word' id='word_1_14' title='bbox 1545 446 1876 501; x_wconf 81' lang='lat' dir='ltr'><strong>auctoritate</strong></span> <span class='ocrx_word' id='word_1_15' title='bbox 1902 447 1955 513; x_wconf 87' lang='grc' dir='ltr'><strong>Α</strong></span> <span class='ocrx_word' id='word_1_16' title='bbox 1985 449 2067 520; x_wconf 85' lang='lat' dir='ltr'><strong>gis</strong></span> <span class='ocrx_word' id='word_1_17' title='bbox 2096 447 2277 505; x_wconf 87' lang='lat' dir='ltr'><strong>debita</strong></span> <span class='ocrx_word' id='word_1_18' title='bbox 2298 466 2407 506; x_wconf 91' lang='lat' dir='ltr'><strong>non</strong></span> <span class='ocrx_word' id='word_1_19' title='bbox 2435 459 2682 521; x_wconf 86' lang='lat' dir='ltr'><strong>accusat,</strong></span> <span class='ocrx_word' id='word_1_20' title='bbox 2714 467 2813 523; x_wconf 88' lang='lat' dir='ltr'><strong>pro</strong></span> <span class='ocrx_word' id='word_1_21' title='bbox 2842 452 2949 508; x_wconf 92' lang='lat' dir='ltr'><strong>hac</strong></span> <span class='ocrx_word' id='word_1_22' title='bbox 2978 454 3035 508; x_wconf 91' lang='lat' dir='ltr'><strong>in</strong></span> <span class='ocrx_word' id='word_1_23' title='bbox 3057 455 3299 526; x_wconf 91' lang='lat' dir='ltr'><strong>capitulo</strong></span> <span class='ocrx_word' id='word_1_24' title='bbox 3328 455 3568 515; x_wconf 86' lang='lat' dir='ltr'><strong>fratrum</strong></span> 
     </span>
    </p>
   </div>
   <div class='ocr_carea' id='block_1_5' title="bbox 276 534 658 606">
    <p class='ocr_par' dir='ltr' id='par_1_5' title="bbox 276 534 658 606">
     <span class='ocr_line' id='line_1_5' title="bbox 276 534 658 606; baseline 0.005 -18"><span class='ocrx_word' id='word_1_25' title='bbox 276 534 445 606; x_wconf 77' lang='lat' dir='ltr'><strong>przeci</strong></span> <span class='ocrx_word' id='word_1_26' title='bbox 452 536 658 606; x_wconf 88' lang='lat' dir='ltr'><strong>pimus.</strong></span> 
     </span>
    </p>
   </div>
   <div class='ocr_carea' id='block_1_6' title="bbox 354 628 1874 708">
    <p class='ocr_par' dir='ltr' id='par_1_6' title="bbox 354 628 1874 708">
     <span class='ocr_line' id='line_1_6' title="bbox 354 628 1874 708; baseline 0.007 -25"><span class='ocrx_word' id='word_1_27' title='bbox 354 631 501 684; x_wconf 90' lang='lat' dir='ltr'><strong>Data</strong></span> <span class='ocrx_word' id='word_1_28' title='bbox 534 628 843 686; x_wconf 88' lang='lat' dir='ltr'><strong>Bibianello</strong></span> <span class='ocrx_word' id='word_1_29' title='bbox 861 672 876 698; x_wconf 92' lang='lat'><strong>,</strong></span> <span class='ocrx_word' id='word_1_30' title='bbox 903 629 1122 688; x_wconf 91' lang='lat' dir='ltr'><strong>decimo</strong></span> <span class='ocrx_word' id='word_1_31' title='bbox 1154 630 1444 691; x_wconf 80' lang='lat' dir='ltr'><strong>Kalendas</strong></span> <span class='ocrx_word' id='word_1_32' title='bbox 1462 633 1702 708; x_wconf 82' lang='lat' dir='ltr'><strong>Aprilis,</strong></span> <span class='ocrx_word' id='word_1_33' title='bbox 1730 635 1874 693; x_wconf 88' lang='lat' dir='ltr'><strong>indi-</strong></span> 
     </span>
    </p>
   </div>
   <div class='ocr_carea' id='block_1_7' title="bbox 271 723 965 796">
    <p class='ocr_par' dir='ltr' id='par_1_7' title="bbox 271 723 965 796">
     <span class='ocr_line' id='line_1_7' title="bbox 271 723 965 796; baseline 0.001 -17"><span class='ocrx_word' id='word_1_34' title='bbox 271 723 464 779; x_wconf 85' lang='lat' dir='ltr'><strong>ctione</strong></span> <span class='ocrx_word' id='word_1_35' title='bbox 493 723 709 783; x_wconf 84' lang='lat' dir='ltr'><strong>decima</strong></span> <span class='ocrx_word' id='word_1_36' title='bbox 751 725 965 796; x_wconf 89' lang='lat' dir='ltr'><strong>quinta.</strong></span> 
     </span>
    </p>
   </div>
   <div class='ocr_carea' id='block_1_8' title="bbox 852 838 1371 895">
    <p class='ocr_par' dir='ltr' id='par_1_8' title="bbox 852 838 1371 895">
     <span class='ocr_line' id='line_1_8' title="bbox 852 838 1371 895; baseline 0.006 -4"><span class='ocrx_word' id='word_1_37' title='bbox 852 838 1202 895; x_wconf 82' lang='lat' dir='ltr'><strong>EPISTOLA</strong></span> <span class='ocrx_word' id='word_1_38' title='bbox 1238 840 1371 895; x_wconf 84' lang='lat' dir='ltr'><strong>XX.</strong></span> 
     </span>
    </p>
   </div>
   <div class='ocr_carea' id='block_1_9' title="bbox 370 956 1792 1004">
    <p class='ocr_par' dir='ltr' id='par_1_9' title="bbox 370 956 1792 1004">
     <span class='ocr_line' id='line_1_9' title="bbox 370 956 1792 1004; baseline 0.004 -6"><span class='ocrx_word' id='word_1_39' title='bbox 370 956 453 998; x_wconf 78' lang='grc' dir='ltr'><strong>ΔΙ)</strong></span> <span class='ocrx_word' id='word_1_40' title='bbox 494 956 851 999; x_wconf 72' lang='lat' dir='ltr'><strong>JOSFBBDUH</strong></span> <span class='ocrx_word' id='word_1_41' title='bbox 892 959 1240 1003; x_wconf 73' lang='lat' dir='ltr'><strong>EPISCOPUM</strong></span> <span class='ocrx_word' id='word_1_42' title='bbox 1279 960 1792 1004; x_wconf 68' lang='lat' dir='ltr'><strong>PABISIACENSEH.</strong></span> 
     </span>
    </p>
   </div>
   <div class='ocr_carea' id='block_1_10' title="bbox 874 1050 1282 1119">
    <p class='ocr_par' dir='ltr' id='par_1_10' title="bbox 874 1050 1282 1119">
     <span class='ocr_line' id='line_1_10' title="bbox 874 1050 1282 1119; baseline -0.002 -14"><span class='ocrx_word' id='word_1_43' title='bbox 874 1050 1051 1114; x_wconf 86' lang='lat' dir='ltr'><strong>(Anno</strong></span> <span class='ocrx_word' id='word_1_44' title='bbox 1102 1056 1282 1119; x_wconf 84' lang='lat'><strong>1077.)</strong></span> 
     </span>
    </p>
   </div>
   <div class='ocr_carea' id='block_1_11' title="bbox 282 1151 1869 1224">
    <p class='ocr_par' dir='ltr' id='par_1_11' title="bbox 282 1151 1869 1224">
     <span class='ocr_line' id='line_1_11' title="bbox 282 1151 1869 1224; baseline 0.003 -17"><span class='ocrx_word' id='word_1_45' title='bbox 282 1152 587 1207; x_wconf 75' lang='lat' dir='ltr'><strong>Walter-um</strong></span> <span class='ocrx_word' id='word_1_46' title='bbox 637 1151 924 1220; x_wconf 75' lang='lat' dir='ltr'><strong>quemdam</strong></span> <span class='ocrx_word' id='word_1_47' title='bbox 960 1152 1028 1205; x_wconf 89' lang='lat' dir='ltr'><strong>ab</strong></span> <span class='ocrx_word' id='word_1_48' title='bbox 1080 1153 1470 1224; x_wconf 74' lang='lat' dir='ltr'><strong>archiepiscopo</strong></span> <span class='ocrx_word' id='word_1_49' title='bbox 1506 1158 1753 1211; x_wconf 75' lang='lat' dir='ltr'><strong>Remensi</strong></span> <span class='ocrx_word' id='word_1_50' title='bbox 1776 1172 1869 1211; x_wconf 70' lang='lat' dir='ltr'><strong>ea:-</strong></span> 
     </span>
    </p>
   </div>
   <div class='ocr_carea' id='block_1_12' title="bbox 347 1224 1872 1290">
    <p class='ocr_par' dir='ltr' id='par_1_12' title="bbox 347 1224 1872 1290">
     <span class='ocr_line' id='line_1_12' title="bbox 347 1224 1872 1290; baseline 0.003 -14"><span class='ocrx_word' id='word_1_51' title='bbox 347 1224 823 1290; x_wconf 81' lang='lat' dir='ltr'><strong>communicatum,</strong></span> <span class='ocrx_word' id='word_1_52' title='bbox 851 1228 901 1277; x_wconf 83' lang='lat' dir='ltr'><strong>et</strong></span> <span class='ocrx_word' id='word_1_53' title='bbox 931 1239 963 1276; x_wconf 89' lang='lat' dir='ltr'><strong>a</strong></span> <span class='ocrx_word' id='word_1_54' title='bbox 991 1239 1046 1278; x_wconf 87' lang='lat' dir='ltr'><strong>se</strong></span> <span class='ocrx_word' id='word_1_55' title='bbox 1076 1226 1175 1279; x_wconf 85' lang='lat' dir='ltr'><strong>sub</strong></span> <span class='ocrx_word' id='word_1_56' title='bbox 1203 1227 1413 1280; x_wconf 81' lang='lat' dir='ltr'><strong>cautela</strong></span> <span class='ocrx_word' id='word_1_57' title='bbox 1444 1226 1771 1289; x_wconf 82' lang='lat' dir='ltr'><strong>absolutum,</strong></span> <span class='ocrx_word' id='word_1_58' title='bbox 1804 1228 1872 1281; x_wconf 89' lang='lat' dir='ltr'><strong>ab</strong></span> 
     </span>
    </p>
   </div>
   <div class='ocr_carea' id='block_1_13' title="bbox 343 1295 1869 1367">
    <p class='ocr_par' dir='ltr' id='par_1_13' title="bbox 343 1295 1869 1367">
     <span class='ocr_line' id='line_1_13' title="bbox 343 1295 1869 1367; baseline 0.005 -21"><span class='ocrx_word' id='word_1_59' title='bbox 343 1295 775 1367; x_wconf 64' lang='lat' dir='ltr'><strong>archiepiscopo,</strong></span> <span class='ocrx_word' id='word_1_60' title='bbox 826 1297 878 1348; x_wconf 75' lang='lat' dir='ltr'><strong>si</strong></span> <span class='ocrx_word' id='word_1_61' title='bbox 919 1296 1075 1363; x_wconf 85' lang='lat' dir='ltr'><strong>culpa</strong></span> <span class='ocrx_word' id='word_1_62' title='bbox 1118 1299 1408 1364; x_wconf 64' lang='lat' dir='ltr'><strong>vacaverit,</strong></span> <span class='ocrx_word' id='word_1_63' title='bbox 1455 1297 1657 1351; x_wconf 72' lang='lat' dir='ltr'><strong>absolvi</strong></span> <span class='ocrx_word' id='word_1_64' title='bbox 1694 1300 1869 1367; x_wconf 83' lang='lat' dir='ltr'><strong>jubet.</strong></span> 
     </span>
    </p>
   </div>
   <div class='ocr_carea' id='block_1_14' title="bbox 347 1365 1870 1437">
    <p class='ocr_par' dir='ltr' id='par_1_14' title="bbox 347 1365 1870 1437">
     <span class='ocr_line' id='line_1_14' title="bbox 347 1365 1870 1437; baseline 0.004 -19"><span class='ocrx_word' id='word_1_65' title='bbox 347 1365 505 1432; x_wconf 84' lang='lat' dir='ltr'><strong>Quod</strong></span> <span class='ocrx_word' id='word_1_66' title='bbox 528 1367 578 1419; x_wconf 69' lang='lat' dir='ltr'><strong>si</strong></span> <span class='ocrx_word' id='word_1_67' title='bbox 606 1366 697 1419; x_wconf 80' lang='lat' dir='ltr'><strong>ille</strong></span> <span class='ocrx_word' id='word_1_68' title='bbox 722 1367 903 1431; x_wconf 81' lang='lat' dir='ltr'><strong>facere</strong></span> <span class='ocrx_word' id='word_1_69' title='bbox 931 1367 1191 1434; x_wconf 74' lang='lat' dir='ltr'><strong>noluerit,</strong></span> <span class='ocrx_word' id='word_1_70' title='bbox 1224 1366 1342 1421; x_wconf 78' lang='lat' dir='ltr'><strong>vult</strong></span> <span class='ocrx_word' id='word_1_71' title='bbox 1365 1373 1427 1421; x_wconf 80' lang='lat' dir='ltr'><strong>ut</strong></span> <span class='ocrx_word' id='word_1_72' title='bbox 1460 1370 1569 1437; x_wconf 75' lang='lat' dir='ltr'><strong>ipse</strong></span> <span class='ocrx_word' id='word_1_73' title='bbox 1595 1365 1870 1436; x_wconf 81' lang='lat' dir='ltr'><strong>absolvat;</strong></span> 
     </span>
    </p>
   </div>
   <div class='ocr_carea' id='block_1_15' title="bbox 345 1436 1869 1505">
    <p class='ocr_par' dir='ltr' id='par_1_15' title="bbox 345 1436 1869 1505">
     <span class='ocr_line' id='line_1_15' title="bbox 345 1436 1869 1505; baseline 0.004 -16"><span class='ocrx_word' id='word_1_74' title='bbox 345 1438 398 1489; x_wconf 71' lang='grc' dir='ltr'><em>εἰ</em></span> <span class='ocrx_word' id='word_1_75' title='bbox 418 1451 542 1489; x_wconf 82' lang='lat' dir='ltr'><strong>vero</strong></span> <span class='ocrx_word' id='word_1_76' title='bbox 571 1438 629 1489; x_wconf 75' lang='lat' dir='ltr'><strong>in</strong></span> <span class='ocrx_word' id='word_1_77' title='bbox 665 1436 823 1505; x_wconf 81' lang='lat' dir='ltr'><strong>culpa</strong></span> <span class='ocrx_word' id='word_1_78' title='bbox 853 1438 1041 1503; x_wconf 74' lang='lat' dir='ltr'><strong>fuerit,</strong></span> <span class='ocrx_word' id='word_1_79' title='bbox 1069 1438 1143 1491; x_wconf 88' lang='lat' dir='ltr'><strong>ad</strong></span> <span class='ocrx_word' id='word_1_80' title='bbox 1166 1436 1595 1505; x_wconf 63' lang='lat' dir='ltr'><strong>satisfactionem</strong></span> <span class='ocrx_word' id='word_1_81' title='bbox 1624 1445 1869 1495; x_wconf 78' lang='lat' dir='ltr'><strong>coarctet.</strong></span> 
     </span>
    </p>
   </div>
   <div class='ocr_carea' id='block_1_16' title="bbox 342 1508 1872 1578">
    <p class='ocr_par' dir='ltr' id='par_1_16' title="bbox 342 1508 1872 1578">
     <span class='ocr_line' id='line_1_16' title="bbox 342 1508 1872 1578; baseline 0.003 -16"><span class='ocrx_word' id='word_1_82' title='bbox 342 1508 545 1562; x_wconf 85' lang='lat' dir='ltr'><strong>Eodem</strong></span> <span class='ocrx_word' id='word_1_83' title='bbox 575 1522 784 1576; x_wconf 85' lang='lat' dir='ltr'><strong>quoque</strong></span> <span class='ocrx_word' id='word_1_84' title='bbox 799 1512 957 1576; x_wconf 85' lang='lat' dir='ltr'><strong>pacto</strong></span> <span class='ocrx_word' id='word_1_85' title='bbox 987 1509 1222 1563; x_wconf 83' lang='lat' dir='ltr'><strong>Azonem</strong></span> <span class='ocrx_word' id='word_1_86' title='bbox 1251 1511 1537 1578; x_wconf 85' lang='lat' dir='ltr'><strong>quemdam</strong></span> <span class='ocrx_word' id='word_1_87' title='bbox 1559 1514 1872 1566; x_wconf 74' lang='lat' dir='ltr'><strong>canonicum</strong></span> 
     </span>
    </p>
   </div>
   <div class='ocr_carea' id='block_1_17' title="bbox 342 1579 1870 1651">
    <p class='ocr_par' dir='ltr' id='par_1_17' title="bbox 342 1579 1870 1651">
     <span class='ocr_line' id='line_1_17' title="bbox 342 1579 1870 1651; baseline 0.004 -20"><span class='ocrx_word' id='word_1_88' title='bbox 342 1579 623 1651; x_wconf 63' lang='lat' dir='ltr'><strong>absolvat;</strong></span> <span class='ocrx_word' id='word_1_89' title='bbox 650 1579 922 1651; x_wconf 75' lang='lat' dir='ltr'><strong>monachis</strong></span> <span class='ocrx_word' id='word_1_90' title='bbox 946 1580 1134 1634; x_wconf 69' lang='lat' dir='ltr'><strong>Sancti</strong></span> <span class='ocrx_word' id='word_1_91' title='bbox 1162 1582 1467 1648; x_wconf 73' lang='lat' dir='ltr'><strong>Lambertz’,</strong></span> <span class='ocrx_word' id='word_1_92' title='bbox 1493 1584 1589 1651; x_wconf 78' lang='lat' dir='ltr'><strong>qui</strong></span> <span class='ocrx_word' id='word_1_93' title='bbox 1614 1588 1870 1637; x_wconf 68' lang='lat' dir='ltr'><strong>eartraneo</strong></span> 
     </span>
    </p>
   </div>
   <div class='ocr_carea' id='block_1_18' title="bbox 345 1650 1870 1712">
    <p class='ocr_par' dir='ltr' id='par_1_18' title="bbox 345 1650 1870 1712">
     <span class='ocr_line' id='line_1_18' title="bbox 345 1650 1870 1712; baseline 0.004 -10"><span class='ocrx_word' id='word_1_94' title='bbox 345 1650 538 1703; x_wconf 75' lang='lat' dir='ltr'><strong>abbati</strong></span> <span class='ocrx_word' id='word_1_95' title='bbox 573 1650 787 1703; x_wconf 76' lang='lat' dir='ltr'><strong>obedire</strong></span> <span class='ocrx_word' id='word_1_96' title='bbox 818 1650 1130 1712; x_wconf 83' lang='lat' dir='ltr'><strong>noluerant,</strong></span> <span class='ocrx_word' id='word_1_97' title='bbox 1172 1650 1730 1707; x_wconf 69' lang='lat' dir='ltr'><strong>emcommunicritionis</strong></span> <span class='ocrx_word' id='word_1_98' title='bbox 1763 1670 1870 1709; x_wconf 86' lang='lat' dir='ltr'><strong>sen-</strong></span> 
     </span>
    </p>
   </div>
   <div class='ocr_carea' id='block_1_19' title="bbox 344 1721 1869 1787">
    <p class='ocr_par' dir='ltr' id='par_1_19' title="bbox 344 1721 1869 1787">
     <span class='ocr_line' id='line_1_19' title="bbox 344 1721 1869 1787; baseline 0.004 -14"><span class='ocrx_word' id='word_1_99' title='bbox 344 1722 571 1773; x_wconf 71' lang='lat' dir='ltr'><strong>tentiam</strong></span> <span class='ocrx_word' id='word_1_100' title='bbox 594 1722 831 1785; x_wconf 70' lang='lat' dir='ltr'><strong>relawet;</strong></span> <span class='ocrx_word' id='word_1_101' title='bbox 855 1725 904 1774; x_wconf 85' lang='lat' dir='ltr'><strong>et</strong></span> <span class='ocrx_word' id='word_1_102' title='bbox 938 1721 1352 1787; x_wconf 72' lang='lat' dir='ltr'><strong>Camaracenses,</strong></span> <span class='ocrx_word' id='word_1_103' title='bbox 1386 1726 1436 1778; x_wconf 75' lang='lat' dir='ltr'><strong>si</strong></span> <span class='ocrx_word' id='word_1_104' title='bbox 1462 1724 1723 1778; x_wconf 73' lang='lat' dir='ltr'><strong>hominem</strong></span> <span class='ocrx_word' id='word_1_105' title='bbox 1753 1725 1869 1779; x_wconf 77' lang='lat' dir='ltr'><strong>ideo</strong></span> 
     </span>
    </p>
   </div>
   <div class='ocr_carea' id='block_1_20' title="bbox 343 1790 1869 1862">
    <p class='ocr_par' dir='ltr' id='par_1_20' title="bbox 343 1790 1869 1862">
     <span class='ocr_line' id='line_1_20' title="bbox 343 1790 1869 1862; baseline 0.003 -17"><span class='ocrx_word' id='word_1_106' title='bbox 343 1790 744 1853; x_wconf 71' lang='lat' dir='ltr'><strong>combusserint,</strong></span> <span class='ocrx_word' id='word_1_107' title='bbox 772 1794 903 1860; x_wconf 72' lang='lat' dir='ltr'><strong>quia</strong></span> <span class='ocrx_word' id='word_1_108' title='bbox 928 1792 1252 1847; x_wconf 72' lang='lat' dir='ltr'><strong>Simoniacos</strong></span> <span class='ocrx_word' id='word_1_109' title='bbox 1268 1799 1318 1848; x_wconf 89' lang='lat' dir='ltr'><strong>et</strong></span> <span class='ocrx_word' id='word_1_110' title='bbox 1341 1796 1660 1862; x_wconf 73' lang='lat' dir='ltr'><strong>fornicarios</strong></span> <span class='ocrx_word' id='word_1_111' title='bbox 1678 1798 1869 1850; x_wconf 77' lang='lat' dir='ltr'><strong>missas</strong></span> 
     </span>
    </p>
   </div>
   <div class='ocr_carea' id='block_1_21' title="bbox 1976 543 3570 620">
    <p class='ocr_par' dir='ltr' id='par_1_21' title="bbox 1976 543 3570 620">
     <span class='ocr_line' id='line_1_21' title="bbox 1976 543 3570 620; baseline 0.007 -23"><span class='ocrx_word' id='word_1_112' title='bbox 1976 544 2255 599; x_wconf 89' lang='lat' dir='ltr'><strong>claustrali</strong></span> <span class='ocrx_word' id='word_1_113' title='bbox 2283 543 2576 617; x_wconf 86' lang='lat' dir='ltr'><strong>disciplina</strong></span> <span class='ocrx_word' id='word_1_114' title='bbox 2605 555 2937 615; x_wconf 89' lang='lat' dir='ltr'><strong>correctum,</strong></span> <span class='ocrx_word' id='word_1_115' title='bbox 2969 556 3023 602; x_wconf 90' lang='lat' dir='ltr'><strong>et</strong></span> <span class='ocrx_word' id='word_1_116' title='bbox 3052 550 3373 620; x_wconf 74' lang='lat' dir='ltr'><strong>pmnitentia</strong></span> <span class='ocrx_word' id='word_1_117' title='bbox 3403 554 3570 609; x_wconf 86' lang='lat' dir='ltr'><strong>casti-</strong></span> 
     </span>
    </p>
   </div>
   <div class='ocr_carea' id='block_1_22' title="bbox 1978 639 3569 713">
    <p class='ocr_par' dir='ltr' id='par_1_22' title="bbox 1978 639 3569 713">
     <span class='ocr_line' id='line_1_22' title="bbox 1978 639 3569 713; baseline 0.009 -23"><span class='ocrx_word' id='word_1_118' title='bbox 1978 646 2191 709; x_wconf 87' lang='lat' dir='ltr'><strong>gatum,</strong></span> <span class='ocrx_word' id='word_1_119' title='bbox 2232 639 2289 693; x_wconf 92' lang='lat' dir='ltr'><strong>in</strong></span> <span class='ocrx_word' id='word_1_120' title='bbox 2320 640 2641 697; x_wconf 87' lang='lat' dir='ltr'><strong>societatem</strong></span> <span class='ocrx_word' id='word_1_121' title='bbox 2674 639 2909 697; x_wconf 79' lang='lat' dir='ltr'><strong>fratrum</strong></span> <span class='ocrx_word' id='word_1_122' title='bbox 2947 640 3017 696; x_wconf 90' lang='lat' dir='ltr'><strong>ad</strong></span> <span class='ocrx_word' id='word_1_123' title='bbox 3058 644 3345 713; x_wconf 91' lang='lat' dir='ltr'><strong>proprium</strong></span> <span class='ocrx_word' id='word_1_124' title='bbox 3386 645 3569 703; x_wconf 90' lang='lat' dir='ltr'><strong>locum</strong></span> 
     </span>
    </p>
   </div>
   <div class='ocr_carea' id='block_1_23' title="bbox 1980 731 3569 811">
    <p class='ocr_par' dir='ltr' id='par_1_23' title="bbox 1980 731 3569 811">
     <span class='ocr_line' id='line_1_23' title="bbox 1980 731 3569 811; baseline 0.006 -25"><span class='ocrx_word' id='word_1_125' title='bbox 1980 747 2109 786; x_wconf 89' lang='lat' dir='ltr'><strong>cum</strong></span> <span class='ocrx_word' id='word_1_126' title='bbox 2136 731 2404 788; x_wconf 88' lang='lat' dir='ltr'><strong>charitate</strong></span> <span class='ocrx_word' id='word_1_127' title='bbox 2429 734 2596 805; x_wconf 87' lang='lat' dir='ltr'><strong>recipi</strong></span> <span class='ocrx_word' id='word_1_128' title='bbox 2625 732 2820 791; x_wconf 87' lang='lat' dir='ltr'><strong>facias.</strong></span> <span class='ocrx_word' id='word_1_129' title='bbox 2852 737 2951 791; x_wconf 92' lang='lat' dir='ltr'><strong>Est</strong></span> <span class='ocrx_word' id='word_1_130' title='bbox 2979 743 3035 791; x_wconf 91' lang='lat' dir='ltr'><strong>et</strong></span> <span class='ocrx_word' id='word_1_131' title='bbox 3063 736 3169 791; x_wconf 91' lang='lat' dir='ltr'><strong>alia</strong></span> <span class='ocrx_word' id='word_1_132' title='bbox 3201 752 3365 794; x_wconf 88' lang='lat' dir='ltr'><strong>causa</strong></span> <span class='ocrx_word' id='word_1_133' title='bbox 3399 755 3569 811; x_wconf 87' lang='lat' dir='ltr'><strong>quam</strong></span> 
     </span>
    </p>
   </div>
   <div class='ocr_carea' id='block_1_24' title="bbox 1978 826 3569 903">
    <p class='ocr_par' dir='ltr' id='par_1_24' title="bbox 1978 826 3569 903">
     <span class='ocr_line' id='line_1_24' title="bbox 1978 826 3569 903; baseline 0.006 -23"><span class='ocrx_word' id='word_1_134' title='bbox 1978 841 2107 880; x_wconf 89' lang='lat' dir='ltr'><strong>cum</strong></span> <span class='ocrx_word' id='word_1_135' title='bbox 2136 828 2294 881; x_wconf 90' lang='lat' dir='ltr'><strong>omni</strong></span> <span class='ocrx_word' id='word_1_136' title='bbox 2322 826 2691 882; x_wconf 84' lang='lat' dir='ltr'><strong>sollicitudine</strong></span> <span class='ocrx_word' id='word_1_137' title='bbox 2718 836 2774 884; x_wconf 92' lang='lat' dir='ltr'><strong>te</strong></span> <span class='ocrx_word' id='word_1_138' title='bbox 2803 829 3078 901; x_wconf 86' lang='lat' dir='ltr'><strong>suscipere</strong></span> <span class='ocrx_word' id='word_1_139' title='bbox 3108 838 3163 886; x_wconf 91' lang='lat' dir='ltr'><strong>et</strong></span> <span class='ocrx_word' id='word_1_140' title='bbox 3190 846 3450 903; x_wconf 85' lang='lat' dir='ltr'><strong>peragere</strong></span> <span class='ocrx_word' id='word_1_141' title='bbox 3474 847 3569 891; x_wconf 87' lang='lat' dir='ltr'><strong>vo-</strong></span> 
     </span>
    </p>
   </div>
   <div class='ocr_carea' id='block_1_25' title="bbox 1979 919 3569 985">
    <p class='ocr_par' dir='ltr' id='par_1_25' title="bbox 1979 919 3569 985">
     <span class='ocr_line' id='line_1_25' title="bbox 1979 919 3569 985; baseline 0.004 -9"><span class='ocrx_word' id='word_1_142' title='bbox 1979 920 2181 985; x_wconf 91' lang='lat' dir='ltr'><strong>lumus,</strong></span> <span class='ocrx_word' id='word_1_143' title='bbox 2218 919 2469 976; x_wconf 85' lang='lat' dir='ltr'><strong>videlicet</strong></span> <span class='ocrx_word' id='word_1_144' title='bbox 2496 920 2733 977; x_wconf 90' lang='lat' dir='ltr'><strong>duorum</strong></span> <span class='ocrx_word' id='word_1_145' title='bbox 2770 919 3009 978; x_wconf 85' lang='lat' dir='ltr'><strong>fratrum</strong></span> <span class='ocrx_word' id='word_1_146' title='bbox 3038 926 3361 981; x_wconf 87' lang='lat' dir='ltr'><strong>monasterii</strong></span> <span class='ocrx_word' id='word_1_147' title='bbox 3390 927 3569 982; x_wconf 88' lang='lat' dir='ltr'><strong>sancti</strong></span> 
     </span>
    </p>
   </div>
   <div class='ocr_carea' id='block_1_26' title="bbox 1978 1013 3575 1091">
    <p class='ocr_par' dir='ltr' id='par_1_26' title="bbox 1978 1013 3575 1091">
     <span class='ocr_line' id='line_1_26' title="bbox 1978 1013 3575 1091; baseline 0.003 -21"><span class='ocrx_word' id='word_1_148' title='bbox 1978 1015 2241 1085; x_wconf 86' lang='lat' dir='ltr'><strong>Remigii,</strong></span> <span class='ocrx_word' id='word_1_149' title='bbox 2283 1013 2513 1069; x_wconf 83' lang='lat' dir='ltr'><strong>Roberti</strong></span> <span class='ocrx_word' id='word_1_150' title='bbox 2542 1023 2597 1070; x_wconf 93' lang='lat' dir='ltr'><strong>et</strong></span> <span class='ocrx_word' id='word_1_151' title='bbox 2623 1014 2930 1085; x_wconf 89' lang='lat' dir='ltr'><strong>Lamberti,</strong></span> <span class='ocrx_word' id='word_1_152' title='bbox 2981 1018 3077 1089; x_wconf 92' lang='lat' dir='ltr'><strong>qui</strong></span> <span class='ocrx_word' id='word_1_153' title='bbox 3108 1034 3165 1074; x_wconf 91' lang='lat' dir='ltr'><strong>se</strong></span> <span class='ocrx_word' id='word_1_154' title='bbox 3193 1019 3262 1073; x_wconf 92' lang='lat' dir='ltr'><strong>ab</strong></span> <span class='ocrx_word' id='word_1_155' title='bbox 3301 1020 3575 1091; x_wconf 58' lang='lat' dir='ltr'><strong>archiepi-t</strong></span> 
     </span>
    </p>
   </div>
   <div class='ocr_carea' id='block_1_27' title="bbox 1980 1107 3567 1185">
    <p class='ocr_par' dir='ltr' id='par_1_27' title="bbox 1980 1107 3567 1185">
     <span class='ocr_line' id='line_1_27' title="bbox 1980 1107 3567 1185; baseline 0.005 -23"><span class='ocrx_word' id='word_1_156' title='bbox 1980 1124 2145 1179; x_wconf 85' lang='lat' dir='ltr'><strong>scopo</strong></span> <span class='ocrx_word' id='word_1_157' title='bbox 2179 1107 2389 1164; x_wconf 91' lang='lat' dir='ltr'><strong>idcirco</strong></span> <span class='ocrx_word' id='word_1_158' title='bbox 2432 1110 2968 1178; x_wconf 85' lang='lat' dir='ltr'><strong>excommunicatos,</strong></span> <span class='ocrx_word' id='word_1_159' title='bbox 3007 1119 3085 1179; x_wconf 91' lang='lat' dir='ltr'><strong>et,</strong></span> <span class='ocrx_word' id='word_1_160' title='bbox 3129 1122 3400 1169; x_wconf 69' lang='lat' dir='ltr'><strong>excaecata</strong></span> <span class='ocrx_word' id='word_1_161' title='bbox 3426 1129 3567 1185; x_wconf 90' lang='lat' dir='ltr'><strong>quo-</strong></span> 
     </span>
    </p>
   </div>
   <div class='ocr_carea' id='block_1_28' title="bbox 1978 1200 3569 1269">
    <p class='ocr_par' dir='ltr' id='par_1_28' title="bbox 1978 1200 3569 1269">
     <span class='ocr_line' id='line_1_28' title="bbox 1978 1200 3569 1269; baseline 0.003 -10"><span class='ocrx_word' id='word_1_162' title='bbox 1978 1203 2109 1259; x_wconf 86' lang='lat' dir='ltr'><strong>dam</strong></span> <span class='ocrx_word' id='word_1_163' title='bbox 2132 1200 2301 1257; x_wconf 85' lang='lat' dir='ltr'><strong>fratre</strong></span> <span class='ocrx_word' id='word_1_164' title='bbox 2322 1218 2514 1258; x_wconf 91' lang='lat' dir='ltr'><strong>eorum</strong></span> <span class='ocrx_word' id='word_1_165' title='bbox 2547 1202 2707 1269; x_wconf 90' lang='lat' dir='ltr'><strong>laico,</strong></span> <span class='ocrx_word' id='word_1_166' title='bbox 2728 1204 2885 1258; x_wconf 90' lang='lat' dir='ltr'><strong>omni</strong></span> <span class='ocrx_word' id='word_1_167' title='bbox 2915 1204 3143 1259; x_wconf 87' lang='lat' dir='ltr'><strong>miseria</strong></span> <span class='ocrx_word' id='word_1_168' title='bbox 3165 1206 3569 1263; x_wconf 88' lang='lat' dir='ltr'><strong>circumventos</strong></span> 
     </span>
    </p>
   </div>
   <div class='ocr_carea' id='block_1_29' title="bbox 1979 1295 3572 1369">
    <p class='ocr_par' dir='ltr' id='par_1_29' title="bbox 1979 1295 3572 1369">
     <span class='ocr_line' id='line_1_29' title="bbox 1979 1295 3572 1369; baseline 0.003 -18"><span class='ocrx_word' id='word_1_169' title='bbox 1979 1311 2097 1351; x_wconf 89' lang='lat' dir='ltr'><strong>esse</strong></span> <span class='ocrx_word' id='word_1_170' title='bbox 2126 1295 2320 1351; x_wconf 89' lang='lat' dir='ltr'><strong>dicunt</strong></span> <span class='ocrx_word' id='word_1_171' title='bbox 2367 1315 2380 1351; x_wconf 89' lang='lat'><strong>:</strong></span> <span class='ocrx_word' id='word_1_172' title='bbox 2411 1297 2679 1369; x_wconf 90' lang='lat' dir='ltr'><strong>quoniam</strong></span> <span class='ocrx_word' id='word_1_173' title='bbox 2710 1295 2933 1352; x_wconf 88' lang='lat' dir='ltr'><strong>cuidam</strong></span> <span class='ocrx_word' id='word_1_174' title='bbox 2979 1305 3242 1353; x_wconf 84' lang='lat' dir='ltr'><strong>extraneo</strong></span> <span class='ocrx_word' id='word_1_175' title='bbox 3272 1300 3457 1355; x_wconf 87' lang='lat' dir='ltr'><strong>abbati</strong></span> <span class='ocrx_word' id='word_1_176' title='bbox 3488 1301 3572 1355; x_wconf 85' lang='lat' dir='ltr'><strong>in-</strong></span> 
     </span>
    </p>
   </div>
   <div class='ocr_carea' id='block_1_30' title="bbox 1977 1391 3569 1461">
    <p class='ocr_par' dir='ltr' id='par_1_30' title="bbox 1977 1391 3569 1461">
     <span class='ocr_line' id='line_1_30' title="bbox 1977 1391 3569 1461; baseline 0.002 -17"><span class='ocrx_word' id='word_1_177' title='bbox 1977 1398 2229 1447; x_wconf 88' lang='lat' dir='ltr'><strong>terventu</strong></span> <span class='ocrx_word' id='word_1_178' title='bbox 2255 1391 2520 1461; x_wconf 70' lang='lat' dir='ltr'><strong>pecuniae,</strong></span> <span class='ocrx_word' id='word_1_179' title='bbox 2548 1398 2605 1445; x_wconf 88' lang='lat' dir='ltr'><strong>et</strong></span> <span class='ocrx_word' id='word_1_180' title='bbox 2633 1391 2866 1445; x_wconf 90' lang='lat' dir='ltr'><strong>omnino</strong></span> <span class='ocrx_word' id='word_1_181' title='bbox 2891 1399 3081 1446; x_wconf 90' lang='lat' dir='ltr'><strong>contra</strong></span> <span class='ocrx_word' id='word_1_182' title='bbox 3112 1391 3359 1461; x_wconf 87' lang='lat' dir='ltr'><strong>regulam</strong></span> <span class='ocrx_word' id='word_1_183' title='bbox 3392 1393 3569 1447; x_wconf 82' lang='lat' dir='ltr'><strong>sancti</strong></span> 
     </span>
    </p>
   </div>
   <div class='ocr_carea' id='block_1_31' title="bbox 1978 1482 3573 1552">
    <p class='ocr_par' dir='ltr' id='par_1_31' title="bbox 1978 1482 3573 1552">
     <span class='ocr_line' id='line_1_31' title="bbox 1978 1482 3573 1552; baseline 0.001 -15"><span class='ocrx_word' id='word_1_184' title='bbox 1978 1482 2261 1538; x_wconf 86' lang='lat' dir='ltr'><strong>Benedicti</strong></span> <span class='ocrx_word' id='word_1_185' title='bbox 2291 1492 2345 1538; x_wconf 91' lang='lat' dir='ltr'><strong>et</strong></span> <span class='ocrx_word' id='word_1_186' title='bbox 2372 1484 2760 1539; x_wconf 88' lang='lat' dir='ltr'><strong>auctoritatem</strong></span> <span class='ocrx_word' id='word_1_187' title='bbox 2790 1492 3117 1539; x_wconf 91' lang='lat' dir='ltr'><strong>sanctorum</strong></span> <span class='ocrx_word' id='word_1_188' title='bbox 3146 1486 3398 1552; x_wconf 84' lang='lat' dir='ltr'><strong>Patrum,</strong></span> <span class='ocrx_word' id='word_1_189' title='bbox 3432 1484 3573 1540; x_wconf 91' lang='lat' dir='ltr'><strong>indi-</strong></span> 
     </span>
    </p>
   </div>
   <div class='ocr_carea' id='block_1_32' title="bbox 1978 1576 3570 1648">
    <p class='ocr_par' dir='ltr' id='par_1_32' title="bbox 1978 1576 3570 1648">
     <span class='ocr_line' id='line_1_32' title="bbox 1978 1576 3570 1648; baseline 0.002 -18"><span class='ocrx_word' id='word_1_190' title='bbox 1978 1592 2085 1646; x_wconf 88' lang='lat' dir='ltr'><strong>gne</strong></span> <span class='ocrx_word' id='word_1_191' title='bbox 2110 1578 2216 1631; x_wconf 93' lang='lat' dir='ltr'><strong>illis</strong></span> <span class='ocrx_word' id='word_1_192' title='bbox 2242 1584 2297 1632; x_wconf 88' lang='lat' dir='ltr'><strong>et</strong></span> <span class='ocrx_word' id='word_1_193' title='bbox 2316 1576 2547 1647; x_wconf 67' lang='lat' dir='ltr'><strong>praefato</strong></span> <span class='ocrx_word' id='word_1_194' title='bbox 2576 1581 2916 1633; x_wconf 88' lang='lat' dir='ltr'><strong>monasterio</strong></span> <span class='ocrx_word' id='word_1_195' title='bbox 2947 1593 3046 1647; x_wconf 90' lang='lat' dir='ltr'><strong>pro</strong></span> <span class='ocrx_word' id='word_1_196' title='bbox 3077 1577 3277 1633; x_wconf 90' lang='lat' dir='ltr'><strong>abbate</strong></span> <span class='ocrx_word' id='word_1_197' title='bbox 3308 1578 3570 1648; x_wconf 90' lang='lat' dir='ltr'><strong>apposito</strong></span> 
     </span>
    </p>
   </div>
   <div class='ocr_carea' id='block_1_33' title="bbox 1977 1668 3570 1742">
    <p class='ocr_par' dir='ltr' id='par_1_33' title="bbox 1977 1668 3570 1742">
     <span class='ocr_line' id='line_1_33' title="bbox 1977 1668 3570 1742; baseline 0.001 -17"><span class='ocrx_word' id='word_1_198' title='bbox 1977 1669 2230 1733; x_wconf 88' lang='lat' dir='ltr'><strong>obedire,</strong></span> <span class='ocrx_word' id='word_1_199' title='bbox 2288 1678 2343 1725; x_wconf 90' lang='lat' dir='ltr'><strong>et</strong></span> <span class='ocrx_word' id='word_1_200' title='bbox 2370 1670 2474 1725; x_wconf 91' lang='lat' dir='ltr'><strong>sub</strong></span> <span class='ocrx_word' id='word_1_201' title='bbox 2503 1669 2619 1742; x_wconf 90' lang='lat' dir='ltr'><strong>ejus</strong></span> <span class='ocrx_word' id='word_1_202' title='bbox 2666 1671 2935 1741; x_wconf 89' lang='lat' dir='ltr'><strong>regimine</strong></span> <span class='ocrx_word' id='word_1_203' title='bbox 2963 1670 3019 1724; x_wconf 91' lang='lat' dir='ltr'><strong>in</strong></span> <span class='ocrx_word' id='word_1_204' title='bbox 3062 1668 3262 1725; x_wconf 90' lang='lat' dir='ltr'><strong>eodem</strong></span> <span class='ocrx_word' id='word_1_205' title='bbox 3312 1670 3570 1727; x_wconf 87' lang='lat' dir='ltr'><strong>coenobio</strong></span> 
     </span>
    </p>
   </div>
   <div class='ocr_carea' id='block_1_34' title="bbox 1980 1763 3569 1835">
    <p class='ocr_par' dir='ltr' id='par_1_34' title="bbox 1980 1763 3569 1835">
     <span class='ocr_line' id='line_1_34' title="bbox 1980 1763 3569 1835; baseline 0.001 -18"><span class='ocrx_word' id='word_1_206' title='bbox 1980 1778 2206 1819; x_wconf 89' lang='lat' dir='ltr'><strong>manere</strong></span> <span class='ocrx_word' id='word_1_207' title='bbox 2234 1763 2516 1818; x_wconf 87' lang='lat' dir='ltr'><strong>noluerint</strong></span> <span class='ocrx_word' id='word_1_208' title='bbox 2562 1783 2573 1817; x_wconf 89' lang='lat'>:</span> <span class='ocrx_word' id='word_1_209' title='bbox 2609 1780 2711 1819; x_wconf 89' lang='lat' dir='ltr'><strong>nec</strong></span> <span class='ocrx_word' id='word_1_210' title='bbox 2758 1764 2817 1817; x_wconf 91' lang='lat' dir='ltr'><strong>in</strong></span> <span class='ocrx_word' id='word_1_211' title='bbox 2846 1763 2932 1818; x_wconf 91' lang='lat' dir='ltr'><strong>his</strong></span> <span class='ocrx_word' id='word_1_212' title='bbox 2976 1763 3236 1825; x_wconf 87' lang='lat' dir='ltr'><strong>omnibus</strong></span> <span class='ocrx_word' id='word_1_213' title='bbox 3265 1763 3569 1835; x_wconf 89' lang='lat' dir='ltr'><strong>quidquam</strong></span> 
     </span>
    </p>
   </div>
   <div class='ocr_carea' id='block_1_35' title="bbox 342 1852 3567 1933">
    <p class='ocr_par' dir='ltr' id='par_1_35' title="bbox 342 1852 3567 1933">
     <span class='ocr_line' id='line_1_35' title="bbox 342 1852 3567 1933; baseline -0.001 -17"><span class='ocrx_word' id='word_1_214' title='bbox 342 1863 613 1916; x_wconf 77' lang='lat' dir='ltr'><strong>celebrare</strong></span> <span class='ocrx_word' id='word_1_215' title='bbox 645 1852 749 1915; x_wconf 76' lang='lat' dir='ltr'><strong>non</strong></span> <span class='ocrx_word' id='word_1_216' title='bbox 780 1852 977 1917; x_wconf 54' lang='lat' dir='ltr'><strong>&#39;debere</strong></span> <span class='ocrx_word' id='word_1_217' title='bbox 1005 1869 1282 1927; x_wconf 80' lang='lat' dir='ltr'><strong>assereret,</strong></span> <span class='ocrx_word' id='word_1_218' title='bbox 1329 1852 1759 1933; x_wconf 71' lang='lat' dir='ltr'><strong>émcommum&#39;cez,</strong></span> <span class='ocrx_word' id='word_1_219' title='bbox 1797 1882 1871 1923; x_wconf 78' lang='lat' dir='ltr'><strong>se.</strong></span> <span class='ocrx_word' id='word_1_220' title='bbox 1896 1852 1943 1914; x_wconf 89' lang='lat' dir='ltr'><strong>B</strong></span> <span class='ocrx_word' id='word_1_221' title='bbox 1977 1857 2057 1912; x_wconf 91' lang='lat' dir='ltr'><strong>eis</strong></span> <span class='ocrx_word' id='word_1_222' title='bbox 2085 1856 2352 1929; x_wconf 83' lang='lat' dir='ltr'><strong>profuisse</strong></span> <span class='ocrx_word' id='word_1_223' title='bbox 2376 1873 2474 1929; x_wconf 91' lang='lat' dir='ltr'><strong>pro</strong></span> <span class='ocrx_word' id='word_1_224' title='bbox 2503 1855 2829 1912; x_wconf 86' lang='lat' dir='ltr'><strong>confusione</strong></span> <span class='ocrx_word' id='word_1_225' title='bbox 2853 1857 3198 1923; x_wconf 88' lang='lat' dir='ltr'><strong>monasterii,</strong></span> <span class='ocrx_word' id='word_1_226' title='bbox 3222 1865 3287 1913; x_wconf 70' lang='lat' dir='ltr'><strong>et&#39;</strong></span> <span class='ocrx_word' id='word_1_227' title='bbox 3310 1856 3567 1912; x_wconf 90' lang='lat' dir='ltr'><strong>habenda</strong></span> 
     </span>
    </p>
   </div>
   <div class='ocr_carea' id='block_1_36' title="bbox 343 1934 1599 2003">
    <p class='ocr_par' dir='ltr' id='par_1_36' title="bbox 343 1934 1599 2003">
     <span class='ocr_line' id='line_1_36' title="bbox 343 1934 1599 2003; baseline 0.003 -16"><span class='ocrx_word' id='word_1_228' title='bbox 343 1950 446 2003; x_wconf 81' lang='lat' dir='ltr'><strong>que</strong></span> <span class='ocrx_word' id='word_1_229' title='bbox 481 1934 727 1988; x_wconf 65' lang='lat' dir='ltr'><strong>Ecclesia</strong></span> <span class='ocrx_word' id='word_1_230' title='bbox 755 1934 965 2002; x_wconf 76' lang='lat' dir='ltr'><strong>ﬁdelem</strong></span> <span class='ocrx_word' id='word_1_231' title='bbox 993 1937 1302 1990; x_wconf 74' lang='lat' dir='ltr'><strong>ministrum</strong></span> <span class='ocrx_word' id='word_1_232' title='bbox 1332 1936 1599 1992; x_wconf 73' lang='lat' dir='ltr'><strong>emhibeat.</strong></span> 
     </span>
    </p>
   </div>
   <div class='ocr_carea' id='block_1_37' title="bbox 340 2042 1872 2115">
    <p class='ocr_par' dir='ltr' id='par_1_37' title="bbox 340 2042 1872 2115">
     <span class='ocr_line' id='line_1_37' title="bbox 340 2042 1872 2115; baseline 0.003 -17"><span class='ocrx_word' id='word_1_233' title='bbox 340 2042 695 2098; x_wconf 76' lang='lat' dir='ltr'><strong>Gnsconws</strong></span> <span class='ocrx_word' id='word_1_234' title='bbox 719 2043 1028 2112; x_wconf 89' lang='lat' dir='ltr'><strong>episcopus,</strong></span> <span class='ocrx_word' id='word_1_235' title='bbox 1064 2058 1256 2099; x_wconf 88' lang='lat' dir='ltr'><strong>servus</strong></span> <span class='ocrx_word' id='word_1_236' title='bbox 1279 2059 1564 2100; x_wconf 90' lang='lat' dir='ltr'><strong>servorum</strong></span> <span class='ocrx_word' id='word_1_237' title='bbox 1594 2046 1720 2115; x_wconf 91' lang='lat' dir='ltr'><strong>Dei,</strong></span> <span class='ocrx_word' id='word_1_238' title='bbox 1755 2049 1872 2102; x_wconf 89' lang='lat' dir='ltr'><strong>Jos-</strong></span> 
     </span>
    </p>
   </div>
   <div class='ocr_carea' id='block_1_38' title="bbox 270 2136 1870 2210">
    <p class='ocr_par' dir='ltr' id='par_1_38' title="bbox 270 2136 1870 2210">
     <span class='ocr_line' id='line_1_38' title="bbox 270 2136 1870 2210; baseline 0.004 -21"><span class='ocrx_word' id='word_1_239' title='bbox 270 2149 475 2191; x_wconf 78' lang='lat' dir='ltr'><strong>rnnno</strong></span> <span class='ocrx_word' id='word_1_240' title='bbox 524 2136 889 2194; x_wconf 86' lang='lat' dir='ltr'><strong>Parisiacensi</strong></span> <span class='ocrx_word' id='word_1_241' title='bbox 919 2137 1202 2207; x_wconf 87' lang='lat' dir='ltr'><strong>episcopo,</strong></span> <span class='ocrx_word' id='word_1_242' title='bbox 1243 2138 1481 2193; x_wconf 89' lang='lat' dir='ltr'><strong>salutem</strong></span> <span class='ocrx_word' id='word_1_243' title='bbox 1513 2146 1567 2194; x_wconf 91' lang='lat' dir='ltr'><strong>et</strong></span> <span class='ocrx_word' id='word_1_244' title='bbox 1609 2141 1870 2210; x_wconf 91' lang='lat' dir='ltr'><strong>apostoli-</strong></span> 
     </span>
    </p>
   </div>
   <div class='ocr_carea' id='block_1_39' title="bbox 269 2227 911 2285">
    <p class='ocr_par' dir='ltr' id='par_1_39' title="bbox 269 2227 911 2285">
     <span class='ocr_line' id='line_1_39' title="bbox 269 2227 911 2285; baseline 0.002 -2"><span class='ocrx_word' id='word_1_245' title='bbox 269 2244 399 2284; x_wconf 83' lang='lat' dir='ltr'><strong>cam</strong></span> <span class='ocrx_word' id='word_1_246' title='bbox 448 2227 911 2285; x_wconf 86' lang='lat' dir='ltr'><strong>benedictionem.</strong></span> 
     </span>
    </p>
   </div>
   <div class='ocr_carea' id='block_1_40' title="bbox 342 2321 1869 2396">
    <p class='ocr_par' dir='ltr' id='par_1_40' title="bbox 342 2321 1869 2396">
     <span class='ocr_line' id='line_1_40' title="bbox 342 2321 1869 2396; baseline 0.004 -19"><span class='ocrx_word' id='word_1_247' title='bbox 342 2322 446 2377; x_wconf 85' lang='lat' dir='ltr'><strong>Vir</strong></span> <span class='ocrx_word' id='word_1_248' title='bbox 483 2323 587 2377; x_wconf 90' lang='lat' dir='ltr'><strong>iste</strong></span> <span class='ocrx_word' id='word_1_249' title='bbox 624 2321 881 2378; x_wconf 83' lang='lat' dir='ltr'><strong>videlicet</strong></span> <span class='ocrx_word' id='word_1_250' title='bbox 914 2325 1271 2393; x_wconf 67' lang='lat' dir='ltr'><strong>praesentium</strong></span> <span class='ocrx_word' id='word_1_251' title='bbox 1319 2327 1557 2396; x_wconf 90' lang='lat' dir='ltr'><strong>portitor</strong></span> <span class='ocrx_word' id='word_1_252' title='bbox 1588 2327 1869 2383; x_wconf 89' lang='lat' dir='ltr'><strong>Walterus</strong></span> 
     </span>
    </p>
   </div>
   <div class='ocr_carea' id='block_1_41' title="bbox 270 2415 1869 2491">
    <p class='ocr_par' dir='ltr' id='par_1_41' title="bbox 270 2415 1869 2491">
     <span class='ocr_line' id='line_1_41' title="bbox 270 2415 1869 2491; baseline 0.004 -21"><span class='ocrx_word' id='word_1_253' title='bbox 270 2415 341 2471; x_wconf 91' lang='lat' dir='ltr'><strong>de</strong></span> <span class='ocrx_word' id='word_1_254' title='bbox 368 2418 566 2471; x_wconf 90' lang='lat' dir='ltr'><strong>Duaco</strong></span> <span class='ocrx_word' id='word_1_255' title='bbox 612 2416 680 2471; x_wconf 89' lang='lat' dir='ltr'><strong>ad</strong></span> <span class='ocrx_word' id='word_1_256' title='bbox 710 2431 814 2471; x_wconf 92' lang='lat' dir='ltr'><strong>nos</strong></span> <span class='ocrx_word' id='word_1_257' title='bbox 852 2418 1094 2484; x_wconf 89' lang='lat' dir='ltr'><strong>veniens,</strong></span> <span class='ocrx_word' id='word_1_258' title='bbox 1141 2419 1332 2475; x_wconf 87' lang='lat' dir='ltr'><strong>multis</strong></span> <span class='ocrx_word' id='word_1_259' title='bbox 1372 2420 1869 2491; x_wconf 90' lang='lat' dir='ltr'><strong>supplicationibus</strong></span> 
     </span>
    </p>
   </div>
   <div class='ocr_carea' id='block_1_42' title="bbox 271 2508 1868 2584">
    <p class='ocr_par' dir='ltr' id='par_1_42' title="bbox 271 2508 1868 2584">
     <span class='ocr_line' id='line_1_42' title="bbox 271 2508 1868 2584; baseline 0.004 -21"><span class='ocrx_word' id='word_1_260' title='bbox 271 2508 436 2564; x_wconf 90' lang='lat' dir='ltr'><strong>nobis</strong></span> <span class='ocrx_word' id='word_1_261' title='bbox 471 2509 706 2575; x_wconf 77' lang='lat' dir='ltr'><strong>institit,</strong></span> <span class='ocrx_word' id='word_1_262' title='bbox 752 2516 1027 2581; x_wconf 87' lang='lat' dir='ltr'><strong>quatenus</strong></span> <span class='ocrx_word' id='word_1_263' title='bbox 1054 2511 1102 2566; x_wconf 92' lang='lat' dir='ltr'><strong>ei</strong></span> <span class='ocrx_word' id='word_1_264' title='bbox 1145 2526 1241 2581; x_wconf 91' lang='lat' dir='ltr'><strong>per</strong></span> <span class='ocrx_word' id='word_1_265' title='bbox 1284 2513 1604 2582; x_wconf 65' lang='lat' dir='ltr'><strong>apostolicae</strong></span> <span class='ocrx_word' id='word_1_266' title='bbox 1647 2514 1868 2584; x_wconf 88' lang='lat' dir='ltr'><strong>pietatis</strong></span> 
     </span>
    </p>
   </div>
   <div class='ocr_carea' id='block_1_43' title="bbox 272 2600 1867 2663">
    <p class='ocr_par' dir='ltr' id='par_1_43' title="bbox 272 2600 1867 2663">
     <span class='ocr_line' id='line_1_43' title="bbox 272 2600 1867 2663; baseline 0.003 -6"><span class='ocrx_word' id='word_1_267' title='bbox 272 2600 722 2658; x_wconf 88' lang='lat' dir='ltr'><strong>misericordiam</strong></span> <span class='ocrx_word' id='word_1_268' title='bbox 749 2604 1045 2659; x_wconf 89' lang='lat' dir='ltr'><strong>consilium</strong></span> <span class='ocrx_word' id='word_1_269' title='bbox 1071 2603 1442 2661; x_wconf 86' lang='lat' dir='ltr'><strong>absolutionis</strong></span> <span class='ocrx_word' id='word_1_270' title='bbox 1471 2615 1665 2662; x_wconf 90' lang='lat' dir='ltr'><strong>nostro</strong></span> <span class='ocrx_word' id='word_1_271' title='bbox 1691 2608 1867 2663; x_wconf 89' lang='lat' dir='ltr'><strong>inter-</strong></span> 
     </span>
    </p>
   </div>
   <div class='ocr_carea' id='block_1_44' title="bbox 271 2695 1869 2769">
    <p class='ocr_par' dir='ltr' id='par_1_44' title="bbox 271 2695 1869 2769">
     <span class='ocr_line' id='line_1_44' title="bbox 271 2695 1869 2769; baseline 0.005 -19"><span class='ocrx_word' id='word_1_272' title='bbox 271 2704 440 2750; x_wconf 88' lang='lat' dir='ltr'><strong>ventu</strong></span> <span class='ocrx_word' id='word_1_273' title='bbox 459 2695 911 2767; x_wconf 90' lang='lat' dir='ltr'><strong>impenderemus</strong></span> <span class='ocrx_word' id='word_1_274' title='bbox 931 2700 1076 2769; x_wconf 89' lang='lat' dir='ltr'><strong>apud</strong></span> <span class='ocrx_word' id='word_1_275' title='bbox 1090 2697 1430 2755; x_wconf 84' lang='lat' dir='ltr'><strong>confratrem</strong></span> <span class='ocrx_word' id='word_1_276' title='bbox 1453 2708 1711 2756; x_wconf 91' lang='lat' dir='ltr'><strong>nostrum</strong></span> <span class='ocrx_word' id='word_1_277' title='bbox 1722 2701 1869 2758; x_wconf 84' lang='lat' dir='ltr'><strong>Rhe-</strong></span> 
     </span>
    </p>
   </div>
   <div class='ocr_carea' id='block_1_45' title="bbox 271 2789 1870 2864">
    <p class='ocr_par' dir='ltr' id='par_1_45' title="bbox 271 2789 1870 2864">
     <span class='ocr_line' id='line_1_45' title="bbox 271 2789 1870 2864; baseline 0.004 -20"><span class='ocrx_word' id='word_1_278' title='bbox 271 2805 528 2846; x_wconf 89' lang='lat' dir='ltr'><strong>mensem</strong></span> <span class='ocrx_word' id='word_1_279' title='bbox 571 2789 1068 2861; x_wconf 84' lang='lat' dir='ltr'><strong>archiepiscopum,</strong></span> <span class='ocrx_word' id='word_1_280' title='bbox 1109 2794 1201 2864; x_wconf 88' lang='lat' dir='ltr'><strong>qui</strong></span> <span class='ocrx_word' id='word_1_281' title='bbox 1241 2808 1369 2847; x_wconf 90' lang='lat' dir='ltr'><strong>eum</strong></span> <span class='ocrx_word' id='word_1_282' title='bbox 1417 2797 1870 2851; x_wconf 85' lang='lat' dir='ltr'><strong>excommunica-</strong></span> 
     </span>
    </p>
   </div>
   <div class='ocr_carea' id='block_1_46' title="bbox 273 2882 1868 2960">
    <p class='ocr_par' dir='ltr' id='par_1_46' title="bbox 273 2882 1868 2960">
     <span class='ocr_line' id='line_1_46' title="bbox 273 2882 1868 2960; baseline 0.004 -24"><span class='ocrx_word' id='word_1_283' title='bbox 273 2892 429 2939; x_wconf 87' lang='lat' dir='ltr'><strong>verat</strong></span> <span class='ocrx_word' id='word_1_284' title='bbox 462 2901 475 2938; x_wconf 90' lang='lat'><strong>:</strong></span> <span class='ocrx_word' id='word_1_285' title='bbox 507 2882 762 2940; x_wconf 91' lang='lat' dir='ltr'><strong>indicans</strong></span> <span class='ocrx_word' id='word_1_286' title='bbox 786 2884 947 2940; x_wconf 90' lang='lat' dir='ltr'><strong>nobis</strong></span> <span class='ocrx_word' id='word_1_287' title='bbox 974 2885 1123 2958; x_wconf 92' lang='lat' dir='ltr'><strong>quod</strong></span> <span class='ocrx_word' id='word_1_288' title='bbox 1153 2885 1221 2941; x_wconf 90' lang='lat' dir='ltr'><strong>de</strong></span> <span class='ocrx_word' id='word_1_289' title='bbox 1251 2901 1417 2942; x_wconf 89' lang='lat' dir='ltr'><strong>causa</strong></span> <span class='ocrx_word' id='word_1_290' title='bbox 1446 2895 1671 2958; x_wconf 90' lang='lat' dir='ltr'><strong>propter</strong></span> <span class='ocrx_word' id='word_1_291' title='bbox 1698 2904 1868 2960; x_wconf 91' lang='lat' dir='ltr'><strong>quam</strong></span> 
     </span>
    </p>
   </div>
   <div class='ocr_carea' id='block_1_47' title="bbox 271 2978 1867 3051">
    <p class='ocr_par' dir='ltr' id='par_1_47' title="bbox 271 2978 1867 3051">
     <span class='ocr_line' id='line_1_47' title="bbox 271 2978 1867 3051; baseline 0.003 -18"><span class='ocrx_word' id='word_1_292' title='bbox 271 2979 795 3033; x_wconf 79' lang='lat' dir='ltr'><strong>excommunicatus</strong></span> <span class='ocrx_word' id='word_1_293' title='bbox 822 2979 894 3033; x_wconf 89' lang='lat' dir='ltr'><strong>sit</strong></span> <span class='ocrx_word' id='word_1_294' title='bbox 926 2979 1250 3035; x_wconf 90' lang='lat' dir='ltr'><strong>multotiens</strong></span> <span class='ocrx_word' id='word_1_295' title='bbox 1293 2978 1364 3035; x_wconf 91' lang='lat' dir='ltr'><strong>ad</strong></span> <span class='ocrx_word' id='word_1_296' title='bbox 1407 2979 1867 3051; x_wconf 90' lang='lat' dir='ltr'><strong>disceptationem</strong></span> 
     </span>
    </p>
   </div>
   <div class='ocr_carea' id='block_1_48' title="bbox 271 3071 1870 3143">
    <p class='ocr_par' dir='ltr' id='par_1_48' title="bbox 271 3071 1870 3143">
     <span class='ocr_line' id='line_1_48' title="bbox 271 3071 1870 3143; baseline 0.003 -16"><span class='ocrx_word' id='word_1_297' title='bbox 271 3080 331 3127; x_wconf 91' lang='lat' dir='ltr'><strong>et</strong></span> <span class='ocrx_word' id='word_1_298' title='bbox 372 3071 690 3127; x_wconf 84' lang='lat' dir='ltr'><strong>faciendam</strong></span> <span class='ocrx_word' id='word_1_299' title='bbox 724 3071 1001 3143; x_wconf 88' lang='lat' dir='ltr'><strong>justitiam</strong></span> <span class='ocrx_word' id='word_1_300' title='bbox 1054 3082 1183 3129; x_wconf 89' lang='lat' dir='ltr'><strong>ante</strong></span> <span class='ocrx_word' id='word_1_301' title='bbox 1234 3074 1870 3132; x_wconf 88' lang='lat' dir='ltr'><strong>excommunicationem</strong></span> 
     </span>
    </p>
   </div>
   <div class='ocr_carea' id='block_1_49' title="bbox 273 3168 1862 3239">
    <p class='ocr_par' dir='ltr' id='par_1_49' title="bbox 273 3168 1862 3239">
     <span class='ocr_line' id='line_1_49' title="bbox 273 3168 1862 3239; baseline 0.002 -17"><span class='ocrx_word' id='word_1_302' title='bbox 273 3174 332 3222; x_wconf 91' lang='lat' dir='ltr'><strong>et</strong></span> <span class='ocrx_word' id='word_1_303' title='bbox 372 3174 499 3237; x_wconf 91' lang='lat' dir='ltr'><strong>post</strong></span> <span class='ocrx_word' id='word_1_304' title='bbox 539 3168 1175 3223; x_wconf 84' lang='lat' dir='ltr'><strong>excommunicationem</strong></span> <span class='ocrx_word' id='word_1_305' title='bbox 1206 3183 1264 3224; x_wconf 90' lang='lat' dir='ltr'><strong>se</strong></span> <span class='ocrx_word' id='word_1_306' title='bbox 1294 3176 1551 3239; x_wconf 89' lang='lat' dir='ltr'><strong>paratum</strong></span> <span class='ocrx_word' id='word_1_307' title='bbox 1582 3168 1862 3226; x_wconf 88' lang='lat' dir='ltr'><strong>obtulerit.</strong></span> 
     </span>
    </p>
   </div>
   <div class='ocr_carea' id='block_1_50' title="bbox 272 3260 1868 3344">
    <p class='ocr_par' dir='ltr' id='par_1_50' title="bbox 272 3260 1868 3344">
     <span class='ocr_line' id='line_1_50' title="bbox 272 3260 1868 3344; baseline 0.003 -30"><span class='ocrx_word' id='word_1_308' title='bbox 272 3263 504 3326; x_wconf 81' lang='lat' dir='ltr'><strong>Verum,</strong></span> <span class='ocrx_word' id='word_1_309' title='bbox 536 3260 665 3332; x_wconf 88' lang='lat' dir='ltr'><strong>quia</strong></span> <span class='ocrx_word' id='word_1_310' title='bbox 686 3260 942 3344; x_wconf 50' lang='lat' dir='ltr'><strong>relationi</strong></span> <span class='ocrx_word' id='word_1_311' title='bbox 967 3277 1079 3317; x_wconf 67' lang='lat' dir='ltr'><strong>suae</strong></span> <span class='ocrx_word' id='word_1_312' title='bbox 1105 3262 1225 3317; x_wconf 89' lang='lat' dir='ltr'><strong>sine</strong></span> <span class='ocrx_word' id='word_1_313' title='bbox 1248 3262 1496 3335; x_wconf 89' lang='lat' dir='ltr'><strong>legitima</strong></span> <span class='ocrx_word' id='word_1_314' title='bbox 1526 3262 1868 3319; x_wconf 91' lang='lat' dir='ltr'><strong>discussione</strong></span> 
     </span>
    </p>
   </div>
   <div class='ocr_carea' id='block_1_51' title="bbox 270 3352 1870 3428">
    <p class='ocr_par' dir='ltr' id='par_1_51' title="bbox 270 3352 1870 3428">
     <span class='ocr_line' id='line_1_51' title="bbox 270 3352 1870 3428; baseline 0.002 -19"><span class='ocrx_word' id='word_1_315' title='bbox 270 3352 496 3409; x_wconf 86' lang='lat' dir='ltr'><strong>credere</strong></span> <span class='ocrx_word' id='word_1_316' title='bbox 544 3368 661 3409; x_wconf 92' lang='lat' dir='ltr'><strong>non</strong></span> <span class='ocrx_word' id='word_1_317' title='bbox 690 3354 825 3409; x_wconf 90' lang='lat' dir='ltr'><strong>satis</strong></span> <span class='ocrx_word' id='word_1_318' title='bbox 868 3362 1095 3410; x_wconf 89' lang='lat' dir='ltr'><strong>cautum</strong></span> <span class='ocrx_word' id='word_1_319' title='bbox 1126 3363 1223 3410; x_wconf 88' lang='lat' dir='ltr'><strong>aut</strong></span> <span class='ocrx_word' id='word_1_320' title='bbox 1264 3356 1597 3412; x_wconf 89' lang='lat' dir='ltr'><strong>rationabile</strong></span> <span class='ocrx_word' id='word_1_321' title='bbox 1648 3358 1870 3428; x_wconf 90' lang='lat' dir='ltr'><strong>putavi-</strong></span> 
     </span>
    </p>
   </div>
   <div class='ocr_carea' id='block_1_52' title="bbox 274 3446 1868 3521">
    <p class='ocr_par' dir='ltr' id='par_1_52' title="bbox 274 3446 1868 3521">
     <span class='ocr_line' id='line_1_52' title="bbox 274 3446 1868 3521; baseline 0.003 -19"><span class='ocrx_word' id='word_1_322' title='bbox 274 3463 422 3514; x_wconf 89' lang='lat' dir='ltr'><strong>mus,</strong></span> <span class='ocrx_word' id='word_1_323' title='bbox 463 3446 755 3502; x_wconf 82' lang='lat' dir='ltr'><strong>deﬁnitam</strong></span> <span class='ocrx_word' id='word_1_324' title='bbox 795 3448 1132 3504; x_wconf 90' lang='lat' dir='ltr'><strong>sententiam</strong></span> <span class='ocrx_word' id='word_1_325' title='bbox 1194 3465 1293 3519; x_wconf 91' lang='lat' dir='ltr'><strong>pro</strong></span> <span class='ocrx_word' id='word_1_326' title='bbox 1349 3449 1465 3521; x_wconf 90' lang='lat' dir='ltr'><strong>ejus</strong></span> <span class='ocrx_word' id='word_1_327' title='bbox 1520 3449 1868 3506; x_wconf 90' lang='lat' dir='ltr'><strong>absolutione</strong></span> 
     </span>
    </p>
   </div>
   <div class='ocr_carea' id='block_1_53' title="bbox 272 3539 1869 3607">
    <p class='ocr_par' dir='ltr' id='par_1_53' title="bbox 272 3539 1869 3607">
     <span class='ocr_line' id='line_1_53' title="bbox 272 3539 1869 3607; baseline 0.003 -12"><span class='ocrx_word' id='word_1_328' title='bbox 272 3539 405 3595; x_wconf 88' lang='lat' dir='ltr'><strong>dare</strong></span> <span class='ocrx_word' id='word_1_329' title='bbox 432 3540 741 3607; x_wconf 90' lang='lat' dir='ltr'><strong>noluimus,</strong></span> <span class='ocrx_word' id='word_1_330' title='bbox 771 3556 896 3596; x_wconf 88' lang='lat' dir='ltr'><strong>eam</strong></span> <span class='ocrx_word' id='word_1_331' title='bbox 935 3541 1289 3598; x_wconf 91' lang='lat' dir='ltr'><strong>solummodo</strong></span> <span class='ocrx_word' id='word_1_332' title='bbox 1330 3544 1771 3599; x_wconf 90' lang='lat' dir='ltr'><strong>misericordiam</strong></span> <span class='ocrx_word' id='word_1_333' title='bbox 1807 3560 1869 3599; x_wconf 83' lang='lat' dir='ltr'><strong>ex</strong></span> 
     </span>
    </p>
   </div>
   <div class='ocr_carea' id='block_1_54' title="bbox 273 3632 1869 3705">
    <p class='ocr_par' dir='ltr' id='par_1_54' title="bbox 273 3632 1869 3705">
     <span class='ocr_line' id='line_1_54' title="bbox 273 3632 1869 3705; baseline 0.005 -19"><span class='ocrx_word' id='word_1_334' title='bbox 273 3633 451 3704; x_wconf 84' lang='lat' dir='ltr'><strong>gratia</strong></span> <span class='ocrx_word' id='word_1_335' title='bbox 474 3641 529 3688; x_wconf 90' lang='lat' dir='ltr'><strong>et</strong></span> <span class='ocrx_word' id='word_1_336' title='bbox 558 3632 905 3705; x_wconf 84' lang='lat' dir='ltr'><strong>indulgentia</strong></span> <span class='ocrx_word' id='word_1_337' title='bbox 932 3635 1314 3705; x_wconf 89' lang='lat' dir='ltr'><strong>apostolorum</strong></span> <span class='ocrx_word' id='word_1_338' title='bbox 1344 3637 1492 3691; x_wconf 91' lang='lat' dir='ltr'><strong>Petri</strong></span> <span class='ocrx_word' id='word_1_339' title='bbox 1514 3644 1569 3691; x_wconf 91' lang='lat' dir='ltr'><strong>et</strong></span> <span class='ocrx_word' id='word_1_340' title='bbox 1592 3638 1768 3704; x_wconf 86' lang='lat' dir='ltr'><strong>Pauli,</strong></span> <span class='ocrx_word' id='word_1_341' title='bbox 1801 3637 1869 3694; x_wconf 89' lang='lat' dir='ltr'><strong>ad</strong></span> 
     </span>
    </p>
   </div>
   <div class='ocr_carea' id='block_1_55' title="bbox 274 3725 1868 3800">
    <p class='ocr_par' dir='ltr' id='par_1_55' title="bbox 274 3725 1868 3800">
     <span class='ocr_line' id='line_1_55' title="bbox 274 3725 1868 3800; baseline 0.003 -20"><span class='ocrx_word' id='word_1_342' title='bbox 274 3741 514 3797; x_wconf 89' lang='lat' dir='ltr'><strong>quorum</strong></span> <span class='ocrx_word' id='word_1_343' title='bbox 554 3725 750 3781; x_wconf 88' lang='lat' dir='ltr'><strong>limina</strong></span> <span class='ocrx_word' id='word_1_344' title='bbox 798 3728 1082 3797; x_wconf 84' lang='lat' dir='ltr'><strong>veniebat,</strong></span> <span class='ocrx_word' id='word_1_345' title='bbox 1126 3729 1229 3784; x_wconf 92' lang='lat' dir='ltr'><strong>sibi</strong></span> <span class='ocrx_word' id='word_1_346' title='bbox 1276 3728 1685 3800; x_wconf 87' lang='lat' dir='ltr'><strong>concedentes,</strong></span> <span class='ocrx_word' id='word_1_347' title='bbox 1715 3738 1781 3785; x_wconf 92' lang='lat' dir='ltr'><strong>ut</strong></span> <span class='ocrx_word' id='word_1_348' title='bbox 1810 3731 1868 3785; x_wconf 92' lang='lat' dir='ltr'><strong>in</strong></span> 
     </span>
    </p>
   </div>
   <div class='ocr_carea' id='block_1_56' title="bbox 274 3818 1868 3880">
    <p class='ocr_par' dir='ltr' id='par_1_56' title="bbox 274 3818 1868 3880">
     <span class='ocr_line' id='line_1_56' title="bbox 274 3818 1868 3880; baseline 0.004 -6"><span class='ocrx_word' id='word_1_349' title='bbox 274 3819 457 3874; x_wconf 88' lang='lat' dir='ltr'><strong>eundo</strong></span> <span class='ocrx_word' id='word_1_350' title='bbox 502 3826 559 3875; x_wconf 88' lang='lat' dir='ltr'><strong>et</strong></span> <span class='ocrx_word' id='word_1_351' title='bbox 604 3818 885 3875; x_wconf 89' lang='lat' dir='ltr'><strong>redeundo</strong></span> <span class='ocrx_word' id='word_1_352' title='bbox 925 3836 1096 3877; x_wconf 74' lang='lat' dir='ltr'><strong>sacrae</strong></span> <span class='ocrx_word' id='word_1_353' title='bbox 1134 3824 1548 3879; x_wconf 91' lang='lat' dir='ltr'><strong>communionis</strong></span> <span class='ocrx_word' id='word_1_354' title='bbox 1583 3823 1868 3880; x_wconf 90' lang='lat' dir='ltr'><strong>licentiam</strong></span> 
     </span>
    </p>
   </div>
   <div class='ocr_carea' id='block_1_57' title="bbox 274 3912 1869 3989">
    <p class='ocr_par' dir='ltr' id='par_1_57' title="bbox 274 3912 1869 3989">
     <span class='ocr_line' id='line_1_57' title="bbox 274 3912 1869 3989; baseline 0.003 -22"><span class='ocrx_word' id='word_1_355' title='bbox 274 3912 520 3981; x_wconf 86' lang='lat' dir='ltr'><strong>haberet,</strong></span> <span class='ocrx_word' id='word_1_356' title='bbox 558 3928 730 3984; x_wconf 90' lang='lat' dir='ltr'><strong>usque</strong></span> <span class='ocrx_word' id='word_1_357' title='bbox 760 3914 819 3967; x_wconf 91' lang='lat' dir='ltr'><strong>in</strong></span> <span class='ocrx_word' id='word_1_358' title='bbox 843 3922 1104 3970; x_wconf 88' lang='lat' dir='ltr'><strong>octavum</strong></span> <span class='ocrx_word' id='word_1_359' title='bbox 1133 3915 1283 3972; x_wconf 90' lang='lat' dir='ltr'><strong>diem</strong></span> <span class='ocrx_word' id='word_1_360' title='bbox 1323 3926 1620 3989; x_wconf 91' lang='lat' dir='ltr'><strong>postquam</strong></span> <span class='ocrx_word' id='word_1_361' title='bbox 1660 3917 1869 3975; x_wconf 89' lang='lat' dir='ltr'><strong>rediret</strong></span> 
     </span>
    </p>
   </div>
   <div class='ocr_carea' id='block_1_58' title="bbox 276 4005 1872 4083">
    <p class='ocr_par' dir='ltr' id='par_1_58' title="bbox 276 4005 1872 4083">
     <span class='ocr_line' id='line_1_58' title="bbox 276 4005 1872 4083; baseline 0.004 -23"><span class='ocrx_word' id='word_1_362' title='bbox 276 4005 343 4061; x_wconf 90' lang='lat' dir='ltr'><strong>ad</strong></span> <span class='ocrx_word' id='word_1_363' title='bbox 368 4007 630 4077; x_wconf 86' lang='lat' dir='ltr'><strong>patriam.</strong></span> <span class='ocrx_word' id='word_1_364' title='bbox 656 4008 956 4076; x_wconf 62' lang='lat' dir='ltr'><strong>Caeterum,</strong></span> <span class='ocrx_word' id='word_1_365' title='bbox 978 4024 1048 4064; x_wconf 90' lang='lat' dir='ltr'><strong>ne</strong></span> <span class='ocrx_word' id='word_1_366' title='bbox 1076 4007 1286 4063; x_wconf 88' lang='lat' dir='ltr'><strong>diutius</strong></span> <span class='ocrx_word' id='word_1_367' title='bbox 1311 4010 1493 4081; x_wconf 87' lang='lat' dir='ltr'><strong>aliqua</strong></span> <span class='ocrx_word' id='word_1_368' title='bbox 1519 4011 1745 4083; x_wconf 90' lang='lat' dir='ltr'><strong>indigna</strong></span> <span class='ocrx_word' id='word_1_369' title='bbox 1782 4027 1872 4067; x_wconf 81' lang='lat' dir='ltr'><strong>oc—</strong></span> 
     </span>
    </p>
   </div>
   <div class='ocr_carea' id='block_1_59' title="bbox 273 4098 1867 4172">
    <p class='ocr_par' dir='ltr' id='par_1_59' title="bbox 273 4098 1867 4172">
     <span class='ocr_line' id='line_1_59' title="bbox 273 4098 1867 4172; baseline 0.002 -17"><span class='ocrx_word' id='word_1_370' title='bbox 273 4101 494 4155; x_wconf 87' lang='lat' dir='ltr'><strong>casione</strong></span> <span class='ocrx_word' id='word_1_371' title='bbox 536 4098 639 4154; x_wconf 88' lang='lat' dir='ltr'><strong>sub</strong></span> <span class='ocrx_word' id='word_1_372' title='bbox 686 4102 1281 4157; x_wconf 81' lang='lat' dir='ltr'><strong>excommunicationis</strong></span> <span class='ocrx_word' id='word_1_373' title='bbox 1322 4103 1552 4158; x_wconf 83' lang='lat' dir='ltr'><strong>nexibus</strong></span> <span class='ocrx_word' id='word_1_374' title='bbox 1590 4111 1867 4172; x_wconf 89' lang='lat' dir='ltr'><strong>teneatur,</strong></span> 
     </span>
    </p>
   </div>
   <div class='ocr_carea' id='block_1_60' title="bbox 275 4194 1867 4264">
    <p class='ocr_par' dir='ltr' id='par_1_60' title="bbox 275 4194 1867 4264">
     <span class='ocr_line' id='line_1_60' title="bbox 275 4194 1867 4264; baseline 0.003 -16"><span class='ocrx_word' id='word_1_375' title='bbox 275 4194 577 4264; x_wconf 89' lang='lat' dir='ltr'><strong>apostolica</strong></span> <span class='ocrx_word' id='word_1_376' title='bbox 598 4200 657 4249; x_wconf 90' lang='lat' dir='ltr'><strong>te</strong></span> <span class='ocrx_word' id='word_1_377' title='bbox 689 4195 1017 4251; x_wconf 89' lang='lat' dir='ltr'><strong>auctoritate</strong></span> <span class='ocrx_word' id='word_1_378' title='bbox 1040 4210 1337 4251; x_wconf 90' lang='lat' dir='ltr'><strong>monemus</strong></span> <span class='ocrx_word' id='word_1_379' title='bbox 1366 4204 1448 4261; x_wconf 88' lang='lat' dir='ltr'><strong>ut,</strong></span> <span class='ocrx_word' id='word_1_380' title='bbox 1477 4194 1649 4251; x_wconf 90' lang='lat' dir='ltr'><strong>fultus</strong></span> <span class='ocrx_word' id='word_1_381' title='bbox 1672 4198 1758 4251; x_wconf 90' lang='lat' dir='ltr'><strong>his</strong></span> <span class='ocrx_word' id='word_1_382' title='bbox 1780 4198 1867 4253; x_wconf 90' lang='lat' dir='ltr'><strong>Iit-</strong></span> 
     </span>
    </p>
   </div>
   <div class='ocr_carea' id='block_1_61' title="bbox 272 4286 1864 4360">
    <p class='ocr_par' dir='ltr' id='par_1_61' title="bbox 272 4286 1864 4360">
     <span class='ocr_line' id='line_1_61' title="bbox 272 4286 1864 4360; baseline 0.003 -19"><span class='ocrx_word' id='word_1_383' title='bbox 272 4288 404 4342; x_wconf 85' lang='lat' dir='ltr'><strong>teris</strong></span> <span class='ocrx_word' id='word_1_384' title='bbox 432 4287 662 4354; x_wconf 85' lang='lat' dir='ltr'><strong>nostris,</strong></span> <span class='ocrx_word' id='word_1_385' title='bbox 694 4286 1168 4360; x_wconf 78' lang='lat' dir='ltr'><strong>archiepiscoptun</strong></span> <span class='ocrx_word' id='word_1_386' title='bbox 1197 4289 1489 4345; x_wconf 89' lang='lat' dir='ltr'><strong>convenire</strong></span> <span class='ocrx_word' id='word_1_387' title='bbox 1513 4290 1758 4359; x_wconf 91' lang='lat' dir='ltr'><strong>studeas,</strong></span> <span class='ocrx_word' id='word_1_388' title='bbox 1788 4300 1864 4359; x_wconf 92' lang='lat' dir='ltr'><strong>et,</strong></span> 
     </span>
    </p>
   </div>
   <div class='ocr_carea' id='block_1_62' title="bbox 275 4381 1862 4455">
    <p class='ocr_par' dir='ltr' id='par_1_62' title="bbox 275 4381 1862 4455">
     <span class='ocr_line' id='line_1_62' title="bbox 275 4381 1862 4455; baseline 0.004 -22"><span class='ocrx_word' id='word_1_389' title='bbox 275 4381 575 4452; x_wconf 85' lang='lat' dir='ltr'><strong>perquisita</strong></span> <span class='ocrx_word' id='word_1_390' title='bbox 625 4395 689 4435; x_wconf 92' lang='lat' dir='ltr'><strong>ac</strong></span> <span class='ocrx_word' id='word_1_391' title='bbox 717 4381 940 4452; x_wconf 89' lang='lat' dir='ltr'><strong>cognita</strong></span> <span class='ocrx_word' id='word_1_392' title='bbox 984 4396 1137 4436; x_wconf 91' lang='lat' dir='ltr'><strong>mera</strong></span> <span class='ocrx_word' id='word_1_393' title='bbox 1173 4381 1333 4453; x_wconf 84' lang='lat' dir='ltr'><strong>hujus</strong></span> <span class='ocrx_word' id='word_1_394' title='bbox 1374 4383 1582 4455; x_wconf 89' lang='lat' dir='ltr'><strong>negotii</strong></span> <span class='ocrx_word' id='word_1_395' title='bbox 1613 4384 1862 4452; x_wconf 83' lang='lat' dir='ltr'><strong>veritate,</strong></span> 
     </span>
    </p>
   </div>
   <div class='ocr_carea' id='block_1_63' title="bbox 276 4473 1866 4547">
    <p class='ocr_par' dir='ltr' id='par_1_63' title="bbox 276 4473 1866 4547">
     <span class='ocr_line' id='line_1_63' title="bbox 276 4473 1866 4547; baseline 0.004 -22"><span class='ocrx_word' id='word_1_396' title='bbox 276 4473 317 4526; x_wconf 90' lang='lat' dir='ltr'><strong>si</strong></span> <span class='ocrx_word' id='word_1_397' title='bbox 346 4474 450 4529; x_wconf 86' lang='lat' dir='ltr'><strong>iste</strong></span> <span class='ocrx_word' id='word_1_398' title='bbox 480 4480 579 4529; x_wconf 91' lang='lat' dir='ltr'><strong>aut</strong></span> <span class='ocrx_word' id='word_1_399' title='bbox 610 4488 710 4543; x_wconf 90' lang='lat' dir='ltr'><strong>pro</strong></span> <span class='ocrx_word' id='word_1_400' title='bbox 742 4489 843 4529; x_wconf 89' lang='lat' dir='ltr'><strong>sua</strong></span> <span class='ocrx_word' id='word_1_401' title='bbox 873 4474 1191 4529; x_wconf 89' lang='lat' dir='ltr'><strong>innocentia</strong></span> <span class='ocrx_word' id='word_1_402' title='bbox 1226 4482 1323 4529; x_wconf 91' lang='lat' dir='ltr'><strong>aut</strong></span> <span class='ocrx_word' id='word_1_403' title='bbox 1346 4490 1605 4547; x_wconf 74' lang='lat' dir='ltr'><strong>congrua:</strong></span> <span class='ocrx_word' id='word_1_404' title='bbox 1649 4476 1866 4533; x_wconf 89' lang='lat' dir='ltr'><strong>satisfa-</strong></span> 
     </span>
    </p>
   </div>
   <div class='ocr_carea' id='block_1_64' title="bbox 1899 3218 1943 3280">
    <p class='ocr_par' dir='ltr' id='par_1_64' title="bbox 1899 3218 1943 3280">
     <span class='ocr_line' id='line_1_64' title="bbox 1899 3218 1943 3280; baseline 0 0"><span class='ocrx_word' id='word_1_405' title='bbox 1899 3218 1943 3280; x_wconf 91' lang='lat' dir='ltr'>C</span> 
     </span>
    </p>
   </div>
   <div class='ocr_carea' id='block_1_65' title="bbox 1970 1950 3572 2021">
    <p class='ocr_par' dir='ltr' id='par_1_65' title="bbox 1970 1950 3572 2021">
     <span class='ocr_line' id='line_1_65' title="bbox 1970 1950 3572 2021; baseline 0 -15"><span class='ocrx_word' id='word_1_406' title='bbox 1970 1950 2138 2021; x_wconf 67' lang='lat' dir='ltr'><strong>justm</strong></span> <span class='ocrx_word' id='word_1_407' title='bbox 2170 1950 2511 2006; x_wconf 87' lang='lat' dir='ltr'><strong>defensionis</strong></span> <span class='ocrx_word' id='word_1_408' title='bbox 2540 1966 2655 2007; x_wconf 68' lang='lat' dir='ltr'><strong>suae</strong></span> <span class='ocrx_word' id='word_1_409' title='bbox 2692 1950 2934 2018; x_wconf 90' lang='lat' dir='ltr'><strong>licentia,</strong></span> <span class='ocrx_word' id='word_1_410' title='bbox 2954 1950 3023 2007; x_wconf 92' lang='lat' dir='ltr'><strong>ad</strong></span> <span class='ocrx_word' id='word_1_411' title='bbox 3053 1950 3395 2006; x_wconf 90' lang='lat' dir='ltr'><strong>audientiam</strong></span> <span class='ocrx_word' id='word_1_412' title='bbox 3424 1950 3572 2006; x_wconf 89' lang='lat' dir='ltr'><strong>sedis</strong></span> 
     </span>
    </p>
   </div>
   <div class='ocr_carea' id='block_1_66' title="bbox 1980 2044 3568 2116">
    <p class='ocr_par' dir='ltr' id='par_1_66' title="bbox 1980 2044 3568 2116">
     <span class='ocr_line' id='line_1_66' title="bbox 1980 2044 3568 2116; baseline -0.001 -16"><span class='ocrx_word' id='word_1_413' title='bbox 1980 2045 2295 2116; x_wconf 66' lang='lat' dir='ltr'><strong>apostolicae</strong></span> <span class='ocrx_word' id='word_1_414' title='bbox 2324 2045 2712 2116; x_wconf 90' lang='lat' dir='ltr'><strong>proclamasse.</strong></span> <span class='ocrx_word' id='word_1_415' title='bbox 2751 2044 2911 2114; x_wconf 87' lang='lat' dir='ltr'><strong>Quod</strong></span> <span class='ocrx_word' id='word_1_416' title='bbox 2929 2046 2974 2100; x_wconf 94' lang='lat' dir='ltr'><strong>si</strong></span> <span class='ocrx_word' id='word_1_417' title='bbox 2999 2046 3077 2100; x_wconf 89' lang='lat' dir='ltr'><strong>ita</strong></span> <span class='ocrx_word' id='word_1_418' title='bbox 3110 2052 3215 2113; x_wconf 91' lang='lat' dir='ltr'><strong>est,</strong></span> <span class='ocrx_word' id='word_1_419' title='bbox 3242 2060 3412 2115; x_wconf 89' lang='lat' dir='ltr'><strong>quam</strong></span> <span class='ocrx_word' id='word_1_420' title='bbox 3442 2060 3568 2116; x_wconf 89' lang='lat' dir='ltr'><strong>gra-</strong></span> 
     </span>
    </p>
   </div>
   <div class='ocr_carea' id='block_1_67' title="bbox 1979 2137 3573 2208">
    <p class='ocr_par' dir='ltr' id='par_1_67' title="bbox 1979 2137 3573 2208">
     <span class='ocr_line' id='line_1_67' title="bbox 1979 2137 3573 2208; baseline -0.001 -16"><span class='ocrx_word' id='word_1_421' title='bbox 1979 2139 2118 2193; x_wconf 90' lang='lat' dir='ltr'><strong>viter</strong></span> <span class='ocrx_word' id='word_1_422' title='bbox 2150 2137 2604 2208; x_wconf 89' lang='lat' dir='ltr'><strong>archiepiscopus</strong></span> <span class='ocrx_word' id='word_1_423' title='bbox 2632 2139 2689 2192; x_wconf 92' lang='lat' dir='ltr'><strong>in</strong></span> <span class='ocrx_word' id='word_1_424' title='bbox 2728 2138 2832 2193; x_wconf 91' lang='lat' dir='ltr'><strong>hac</strong></span> <span class='ocrx_word' id='word_1_425' title='bbox 2860 2153 3045 2207; x_wconf 92' lang='lat' dir='ltr'><strong>causa,</strong></span> <span class='ocrx_word' id='word_1_426' title='bbox 3080 2139 3326 2193; x_wconf 88' lang='lat' dir='ltr'><strong>maxime</strong></span> <span class='ocrx_word' id='word_1_427' title='bbox 3353 2138 3421 2193; x_wconf 90' lang='lat' dir='ltr'><strong>de</strong></span> <span class='ocrx_word' id='word_1_428' title='bbox 3447 2152 3573 2191; x_wconf 84' lang='lat' dir='ltr'><strong>con-</strong></span> 
     </span>
    </p>
   </div>
   <div class='ocr_carea' id='block_1_68' title="bbox 1977 2229 3568 2303">
    <p class='ocr_par' dir='ltr' id='par_1_68' title="bbox 1977 2229 3568 2303">
     <span class='ocr_line' id='line_1_68' title="bbox 1977 2229 3568 2303; baseline 0 -18"><span class='ocrx_word' id='word_1_429' title='bbox 1977 2240 2190 2303; x_wconf 90' lang='lat' dir='ltr'><strong>temptu</strong></span> <span class='ocrx_word' id='word_1_430' title='bbox 2228 2232 2544 2302; x_wconf 75' lang='lat' dir='ltr'><strong>apostolicae</strong></span> <span class='ocrx_word' id='word_1_431' title='bbox 2573 2232 2943 2300; x_wconf 87' lang='lat' dir='ltr'><strong>auctoritatis,</strong></span> <span class='ocrx_word' id='word_1_432' title='bbox 2973 2246 3030 2287; x_wconf 92' lang='lat' dir='ltr'><strong>se</strong></span> <span class='ocrx_word' id='word_1_433' title='bbox 3055 2230 3387 2302; x_wconf 90' lang='lat' dir='ltr'><strong>culpabilem</strong></span> <span class='ocrx_word' id='word_1_434' title='bbox 3424 2229 3568 2286; x_wconf 85' lang='lat' dir='ltr'><strong>fece-</strong></span> 
     </span>
    </p>
   </div>
   <div class='ocr_carea' id='block_1_69' title="bbox 1977 2323 3569 2396">
    <p class='ocr_par' dir='ltr' id='par_1_69' title="bbox 1977 2323 3569 2396">
     <span class='ocr_line' id='line_1_69' title="bbox 1977 2323 3569 2396; baseline -0.001 -17"><span class='ocrx_word' id='word_1_435' title='bbox 1977 2326 2071 2393; x_wconf 90' lang='lat' dir='ltr'><strong>rit,</strong></span> <span class='ocrx_word' id='word_1_436' title='bbox 2100 2332 2163 2379; x_wconf 92' lang='lat' dir='ltr'><strong>tu</strong></span> <span class='ocrx_word' id='word_1_437' title='bbox 2192 2326 2305 2396; x_wconf 91' lang='lat' dir='ltr'><strong>ipse</strong></span> <span class='ocrx_word' id='word_1_438' title='bbox 2330 2324 2667 2396; x_wconf 89' lang='lat' dir='ltr'><strong>perpendere</strong></span> <span class='ocrx_word' id='word_1_439' title='bbox 2704 2332 2885 2395; x_wconf 90' lang='lat' dir='ltr'><strong>potes.</strong></span> <span class='ocrx_word' id='word_1_440' title='bbox 2921 2328 3274 2396; x_wconf 87' lang='lat' dir='ltr'><strong>Quapropter</strong></span> <span class='ocrx_word' id='word_1_441' title='bbox 3298 2323 3365 2380; x_wconf 91' lang='lat' dir='ltr'><strong>de</strong></span> <span class='ocrx_word' id='word_1_442' title='bbox 3394 2324 3478 2378; x_wconf 90' lang='lat' dir='ltr'><strong>his</strong></span> <span class='ocrx_word' id='word_1_443' title='bbox 3513 2330 3569 2378; x_wconf 91' lang='lat' dir='ltr'><strong>et</strong></span> 
     </span>
    </p>
   </div>
   <div class='ocr_carea' id='block_1_70' title="bbox 1977 2417 3567 2489">
    <p class='ocr_par' dir='ltr' id='par_1_70' title="bbox 1977 2417 3567 2489">
     <span class='ocr_line' id='line_1_70' title="bbox 1977 2417 3567 2489; baseline -0.002 -15"><span class='ocrx_word' id='word_1_444' title='bbox 1977 2418 2044 2474; x_wconf 88' lang='lat' dir='ltr'><strong>de</strong></span> <span class='ocrx_word' id='word_1_445' title='bbox 2072 2418 2265 2474; x_wconf 87' lang='lat' dir='ltr'><strong>multis</strong></span> <span class='ocrx_word' id='word_1_446' title='bbox 2295 2418 2418 2473; x_wconf 89' lang='lat' dir='ltr'><strong>aliis</strong></span> <span class='ocrx_word' id='word_1_447' title='bbox 2453 2418 2686 2489; x_wconf 89' lang='lat' dir='ltr'><strong>aptioris</strong></span> <span class='ocrx_word' id='word_1_448' title='bbox 2716 2417 2821 2474; x_wconf 90' lang='lat' dir='ltr'><strong>loci</strong></span> <span class='ocrx_word' id='word_1_449' title='bbox 2859 2426 2914 2474; x_wconf 93' lang='lat' dir='ltr'><strong>et</strong></span> <span class='ocrx_word' id='word_1_450' title='bbox 2938 2418 3205 2489; x_wconf 89' lang='lat' dir='ltr'><strong>temporis</strong></span> <span class='ocrx_word' id='word_1_451' title='bbox 3232 2417 3567 2488; x_wconf 88' lang='lat' dir='ltr'><strong>opportuni-</strong></span> 
     </span>
    </p>
   </div>
   <div class='ocr_carea' id='block_1_71' title="bbox 1975 2509 3571 2582">
    <p class='ocr_par' dir='ltr' id='par_1_71' title="bbox 1975 2509 3571 2582">
     <span class='ocr_line' id='line_1_71' title="bbox 1975 2509 3571 2582; baseline -0.001 -17"><span class='ocrx_word' id='word_1_452' title='bbox 1975 2519 2148 2567; x_wconf 90' lang='lat' dir='ltr'><strong>tatem</strong></span> <span class='ocrx_word' id='word_1_453' title='bbox 2172 2510 2540 2567; x_wconf 84' lang='lat' dir='ltr'><strong>conveniendi</strong></span> <span class='ocrx_word' id='word_1_454' title='bbox 2569 2527 2719 2579; x_wconf 86' lang='lat' dir='ltr'><strong>eum,</strong></span> <span class='ocrx_word' id='word_1_455' title='bbox 2746 2515 2865 2567; x_wconf 91' lang='lat' dir='ltr'><strong>Deo</strong></span> <span class='ocrx_word' id='word_1_456' title='bbox 2897 2511 3218 2578; x_wconf 89' lang='lat' dir='ltr'><strong>auxiliante,</strong></span> <span class='ocrx_word' id='word_1_457' title='bbox 3248 2509 3571 2582; x_wconf 62' lang='lat' dir='ltr'><strong>praestolan-</strong></span> 
     </span>
    </p>
   </div>
   <div class='ocr_carea' id='block_1_72' title="bbox 1976 2603 3567 2677">
    <p class='ocr_par' dir='ltr' id='par_1_72' title="bbox 1976 2603 3567 2677">
     <span class='ocr_line' id='line_1_72' title="bbox 1976 2603 3567 2677; baseline -0.001 -18"><span class='ocrx_word' id='word_1_458' title='bbox 1976 2613 2078 2671; x_wconf 91' lang='lat' dir='ltr'><strong>tes,</strong></span> <span class='ocrx_word' id='word_1_459' title='bbox 2102 2604 2233 2660; x_wconf 89' lang='lat' dir='ltr'><strong>illud</strong></span> <span class='ocrx_word' id='word_1_460' title='bbox 2255 2605 2324 2661; x_wconf 90' lang='lat' dir='ltr'><strong>ad</strong></span> <span class='ocrx_word' id='word_1_461' title='bbox 2351 2621 2590 2677; x_wconf 61' lang='lat' dir='ltr'><strong>praesens</strong></span> <span class='ocrx_word' id='word_1_462' title='bbox 2618 2614 2730 2661; x_wconf 71' lang='lat' dir='ltr'><strong>tua:</strong></span> <span class='ocrx_word' id='word_1_463' title='bbox 2750 2603 3120 2660; x_wconf 89' lang='lat' dir='ltr'><strong>fraternitatis</strong></span> <span class='ocrx_word' id='word_1_464' title='bbox 3138 2605 3567 2672; x_wconf 87' lang='lat' dir='ltr'><strong>committimus,</strong></span> 
     </span>
    </p>
   </div>
   <div class='ocr_carea' id='block_1_73' title="bbox 1976 2699 3564 2770">
    <p class='ocr_par' dir='ltr' id='par_1_73' title="bbox 1976 2699 3564 2770">
     <span class='ocr_line' id='line_1_73' title="bbox 1976 2699 3564 2770; baseline -0.001 -16"><span class='ocrx_word' id='word_1_465' title='bbox 1976 2706 2030 2754; x_wconf 88' lang='lat' dir='ltr'><strong>et</strong></span> <span class='ocrx_word' id='word_1_466' title='bbox 2058 2699 2361 2768; x_wconf 89' lang='lat' dir='ltr'><strong>apostolica</strong></span> <span class='ocrx_word' id='word_1_467' title='bbox 2386 2699 2715 2754; x_wconf 88' lang='lat' dir='ltr'><strong>auctoritate</strong></span> <span class='ocrx_word' id='word_1_468' title='bbox 2745 2699 3119 2770; x_wconf 67' lang='lat' dir='ltr'><strong>prmeipimus,</strong></span> <span class='ocrx_word' id='word_1_469' title='bbox 3142 2706 3204 2752; x_wconf 87' lang='lat' dir='ltr'><strong>ut</strong></span> <span class='ocrx_word' id='word_1_470' title='bbox 3231 2714 3378 2767; x_wconf 92' lang='lat' dir='ltr'><strong>eum,</strong></span> <span class='ocrx_word' id='word_1_471' title='bbox 3409 2700 3564 2754; x_wconf 90' lang='lat' dir='ltr'><strong>omni</strong></span> 
     </span>
    </p>
   </div>
   <div class='ocr_carea' id='block_1_74' title="bbox 1978 2790 3565 2860">
    <p class='ocr_par' dir='ltr' id='par_1_74' title="bbox 1978 2790 3565 2860">
     <span class='ocr_line' id='line_1_74' title="bbox 1978 2790 3565 2860; baseline -0.003 -11"><span class='ocrx_word' id='word_1_472' title='bbox 1978 2792 2269 2849; x_wconf 90' lang='lat' dir='ltr'><strong>occasione</strong></span> <span class='ocrx_word' id='word_1_473' title='bbox 2297 2799 2509 2847; x_wconf 87' lang='lat' dir='ltr'><strong>remota</strong></span> <span class='ocrx_word' id='word_1_474' title='bbox 2528 2833 2542 2860; x_wconf 91' lang='lat'><strong>,</strong></span> <span class='ocrx_word' id='word_1_475' title='bbox 2574 2791 2911 2846; x_wconf 89' lang='lat' dir='ltr'><strong>sententiam</strong></span> <span class='ocrx_word' id='word_1_476' title='bbox 2940 2790 3565 2859; x_wconf 83' lang='lat' dir='ltr'><strong>excommunicationis,</strong></span> 
     </span>
    </p>
   </div>
   <div class='ocr_carea' id='block_1_75' title="bbox 1978 2884 3566 2960">
    <p class='ocr_par' dir='ltr' id='par_1_75' title="bbox 1978 2884 3566 2960">
     <span class='ocr_line' id='line_1_75' title="bbox 1978 2884 3566 2960; baseline -0.001 -18"><span class='ocrx_word' id='word_1_477' title='bbox 1978 2903 2147 2960; x_wconf 89' lang='lat' dir='ltr'><strong>quam</strong></span> <span class='ocrx_word' id='word_1_478' title='bbox 2166 2887 2227 2942; x_wconf 91' lang='lat' dir='ltr'><strong>in</strong></span> <span class='ocrx_word' id='word_1_479' title='bbox 2247 2884 2505 2958; x_wconf 70' lang='lat' dir='ltr'><strong>praefatos</strong></span> <span class='ocrx_word' id='word_1_480' title='bbox 2530 2885 2836 2940; x_wconf 89' lang='lat' dir='ltr'><strong>monachos</strong></span> <span class='ocrx_word' id='word_1_481' title='bbox 2864 2886 3109 2956; x_wconf 86' lang='lat' dir='ltr'><strong>protulit,</strong></span> <span class='ocrx_word' id='word_1_482' title='bbox 3142 2886 3391 2940; x_wconf 83' lang='lat' dir='ltr'><strong>relaxare</strong></span> <span class='ocrx_word' id='word_1_483' title='bbox 3411 2902 3566 2941; x_wconf 88' lang='lat' dir='ltr'><strong>com-</strong></span> 
     </span>
    </p>
   </div>
   <div class='ocr_carea' id='block_1_76' title="bbox 1946 2976 3569 3049">
    <p class='ocr_par' dir='ltr' id='par_1_76' title="bbox 1946 2976 3569 3049">
     <span class='ocr_line' id='line_1_76' title="bbox 1946 2976 3569 3049; baseline -0.001 -13"><span class='ocrx_word' id='word_1_484' title='bbox 1946 2988 1949 2991; x_wconf 72' lang='grc'><em>’</em></span> <span class='ocrx_word' id='word_1_485' title='bbox 1977 2996 2234 3047; x_wconf 89' lang='lat' dir='ltr'><strong>moneas,</strong></span> <span class='ocrx_word' id='word_1_486' title='bbox 2264 2988 2319 3036; x_wconf 88' lang='lat' dir='ltr'><strong>et</strong></span> <span class='ocrx_word' id='word_1_487' title='bbox 2354 2995 2447 3035; x_wconf 90' lang='lat' dir='ltr'><strong>eos</strong></span> <span class='ocrx_word' id='word_1_488' title='bbox 2474 2977 2730 3049; x_wconf 91' lang='lat' dir='ltr'><strong>deinceps</strong></span> <span class='ocrx_word' id='word_1_489' title='bbox 2758 2978 2879 3033; x_wconf 89' lang='lat' dir='ltr'><strong>sine</strong></span> <span class='ocrx_word' id='word_1_490' title='bbox 2921 2978 3077 3033; x_wconf 87' lang='lat' dir='ltr'><strong>omni</strong></span> <span class='ocrx_word' id='word_1_491' title='bbox 3121 2976 3475 3034; x_wconf 90' lang='lat' dir='ltr'><strong>infestatione</strong></span> <span class='ocrx_word' id='word_1_492' title='bbox 3513 2986 3569 3035; x_wconf 89' lang='lat' dir='ltr'><strong>et</strong></span> 
     </span>
    </p>
   </div>
   <div class='ocr_carea' id='block_1_77' title="bbox 1975 3070 3571 3146">
    <p class='ocr_par' dir='ltr' id='par_1_77' title="bbox 1975 3070 3571 3146">
     <span class='ocr_line' id='line_1_77' title="bbox 1975 3070 3571 3146; baseline -0.001 -18"><span class='ocrx_word' id='word_1_493' title='bbox 1975 3074 2216 3146; x_wconf 90' lang='lat' dir='ltr'><strong>periculo</strong></span> <span class='ocrx_word' id='word_1_494' title='bbox 2242 3075 2301 3129; x_wconf 94' lang='lat' dir='ltr'><strong>in</strong></span> <span class='ocrx_word' id='word_1_495' title='bbox 2327 3089 2460 3145; x_wconf 90' lang='lat' dir='ltr'><strong>pace</strong></span> <span class='ocrx_word' id='word_1_496' title='bbox 2488 3087 2715 3129; x_wconf 89' lang='lat' dir='ltr'><strong>manere</strong></span> <span class='ocrx_word' id='word_1_497' title='bbox 2737 3070 2986 3127; x_wconf 89' lang='lat' dir='ltr'><strong>dimittat</strong></span> <span class='ocrx_word' id='word_1_498' title='bbox 3014 3089 3026 3125; x_wconf 92' lang='lat'><strong>:</strong></span> <span class='ocrx_word' id='word_1_499' title='bbox 3052 3086 3454 3143; x_wconf 85' lang='lat' dir='ltr'><strong>recognoscens</strong></span> <span class='ocrx_word' id='word_1_500' title='bbox 3474 3113 3489 3139; x_wconf 90' lang='lat'><strong>,</strong></span> <span class='ocrx_word' id='word_1_501' title='bbox 3516 3080 3571 3127; x_wconf 93' lang='lat' dir='ltr'><strong>et</strong></span> 
     </span>
    </p>
   </div>
   <div class='ocr_carea' id='block_1_78' title="bbox 1978 3164 3567 3240">
    <p class='ocr_par' dir='ltr' id='par_1_78' title="bbox 1978 3164 3567 3240">
     <span class='ocr_line' id='line_1_78' title="bbox 1978 3164 3567 3240; baseline -0.001 -17"><span class='ocrx_word' id='word_1_502' title='bbox 1978 3168 2203 3238; x_wconf 87' lang='lat' dir='ltr'><strong>superni</strong></span> <span class='ocrx_word' id='word_1_503' title='bbox 2223 3166 2423 3240; x_wconf 90' lang='lat' dir='ltr'><strong>judicis</strong></span> <span class='ocrx_word' id='word_1_504' title='bbox 2437 3165 2712 3240; x_wconf 88' lang='lat' dir='ltr'><strong>judicium</strong></span> <span class='ocrx_word' id='word_1_505' title='bbox 2742 3167 2947 3222; x_wconf 90' lang='lat' dir='ltr'><strong>timens</strong></span> <span class='ocrx_word' id='word_1_506' title='bbox 2976 3164 3123 3237; x_wconf 90' lang='lat' dir='ltr'><strong>quod</strong></span> <span class='ocrx_word' id='word_1_507' title='bbox 3158 3165 3237 3219; x_wconf 91' lang='lat' dir='ltr'><strong>eis</strong></span> <span class='ocrx_word' id='word_1_508' title='bbox 3258 3172 3416 3220; x_wconf 89' lang='lat' dir='ltr'><strong>tanta</strong></span> <span class='ocrx_word' id='word_1_509' title='bbox 3444 3180 3567 3221; x_wconf 88' lang='lat' dir='ltr'><strong>ma-</strong></span> 
     </span>
    </p>
   </div>
   <div class='ocr_carea' id='block_1_79' title="bbox 1978 3257 3573 3332">
    <p class='ocr_par' dir='ltr' id='par_1_79' title="bbox 1978 3257 3573 3332">
     <span class='ocr_line' id='line_1_79' title="bbox 1978 3257 3573 3332; baseline -0.002 -15"><span class='ocrx_word' id='word_1_510' title='bbox 1978 3262 2031 3317; x_wconf 88' lang='lat' dir='ltr'><strong>la</strong></span> <span class='ocrx_word' id='word_1_511' title='bbox 2064 3262 2182 3316; x_wconf 90' lang='lat' dir='ltr'><strong>sine</strong></span> <span class='ocrx_word' id='word_1_512' title='bbox 2220 3259 2616 3316; x_wconf 86' lang='lat' dir='ltr'><strong>deliberatione</strong></span> <span class='ocrx_word' id='word_1_513' title='bbox 2632 3260 2865 3332; x_wconf 69' lang='lat' dir='ltr'><strong>justitiaa</strong></span> <span class='ocrx_word' id='word_1_514' title='bbox 2901 3258 3001 3315; x_wconf 91' lang='lat' dir='ltr'><strong>sub</strong></span> <span class='ocrx_word' id='word_1_515' title='bbox 3031 3257 3394 3331; x_wconf 88' lang='lat' dir='ltr'><strong>appellatione</strong></span> <span class='ocrx_word' id='word_1_516' title='bbox 3441 3274 3573 3330; x_wconf 83' lang='lat' dir='ltr'><strong>apo-</strong></span> 
     </span>
    </p>
   </div>
   <div class='ocr_carea' id='block_1_80' title="bbox 1977 3351 3569 3424">
    <p class='ocr_par' dir='ltr' id='par_1_80' title="bbox 1977 3351 3569 3424">
     <span class='ocr_line' id='line_1_80' title="bbox 1977 3351 3569 3424; baseline -0.002 -15"><span class='ocrx_word' id='word_1_517' title='bbox 1977 3354 2181 3410; x_wconf 86' lang='lat' dir='ltr'><strong>stolicae</strong></span> <span class='ocrx_word' id='word_1_518' title='bbox 2211 3354 2358 3411; x_wconf 87' lang='lat' dir='ltr'><strong>sedis</strong></span> <span class='ocrx_word' id='word_1_519' title='bbox 2386 3352 2592 3409; x_wconf 90' lang='lat' dir='ltr'><strong>fecerit.</strong></span> <span class='ocrx_word' id='word_1_520' title='bbox 2623 3354 2681 3409; x_wconf 93' lang='lat' dir='ltr'><strong>Si</strong></span> <span class='ocrx_word' id='word_1_521' title='bbox 2706 3369 2834 3410; x_wconf 91' lang='lat' dir='ltr'><strong>vero</strong></span> <span class='ocrx_word' id='word_1_522' title='bbox 2863 3368 2992 3408; x_wconf 90' lang='lat' dir='ltr'><strong>eum</strong></span> <span class='ocrx_word' id='word_1_523' title='bbox 3018 3353 3076 3406; x_wconf 91' lang='lat' dir='ltr'><strong>in</strong></span> <span class='ocrx_word' id='word_1_524' title='bbox 3106 3351 3212 3408; x_wconf 90' lang='lat' dir='ltr'><strong>hac</strong></span> <span class='ocrx_word' id='word_1_525' title='bbox 3240 3367 3300 3408; x_wconf 90' lang='lat' dir='ltr'><strong>re</strong></span> <span class='ocrx_word' id='word_1_526' title='bbox 3328 3367 3427 3424; x_wconf 90' lang='lat' dir='ltr'><strong>pro</strong></span> <span class='ocrx_word' id='word_1_527' title='bbox 3468 3367 3569 3407; x_wconf 88' lang='lat' dir='ltr'><strong>sua</strong></span> 
     </span>
    </p>
   </div>
   <div class='ocr_carea' id='block_1_81' title="bbox 1976 3444 3570 3520">
    <p class='ocr_par' dir='ltr' id='par_1_81' title="bbox 1976 3444 3570 3520">
     <span class='ocr_line' id='line_1_81' title="bbox 1976 3444 3570 3520; baseline -0.003 -17"><span class='ocrx_word' id='word_1_528' title='bbox 1976 3446 2356 3520; x_wconf 88' lang='lat' dir='ltr'><strong>magnitudine</strong></span> <span class='ocrx_word' id='word_1_529' title='bbox 2396 3455 2452 3502; x_wconf 90' lang='lat' dir='ltr'><strong>et</strong></span> <span class='ocrx_word' id='word_1_530' title='bbox 2502 3446 2734 3501; x_wconf 88' lang='lat' dir='ltr'><strong>arbitrio</strong></span> <span class='ocrx_word' id='word_1_531' title='bbox 2778 3444 3255 3501; x_wconf 90' lang='lat' dir='ltr'><strong>contradicentem</strong></span> <span class='ocrx_word' id='word_1_532' title='bbox 3286 3454 3341 3501; x_wconf 90' lang='lat' dir='ltr'><strong>et</strong></span> <span class='ocrx_word' id='word_1_533' title='bbox 3382 3446 3570 3501; x_wconf 89' lang='lat' dir='ltr'><strong>minus</strong></span> 
     </span>
    </p>
   </div>
   <div class='ocr_carea' id='block_1_82' title="bbox 1977 3537 3569 3611">
    <p class='ocr_par' dir='ltr' id='par_1_82' title="bbox 1977 3537 3569 3611">
     <span class='ocr_line' id='line_1_82' title="bbox 1977 3537 3569 3611; baseline -0.003 -14"><span class='ocrx_word' id='word_1_534' title='bbox 1977 3540 2330 3597; x_wconf 90' lang='lat' dir='ltr'><strong>obedientem</strong></span> <span class='ocrx_word' id='word_1_535' title='bbox 2360 3538 2654 3609; x_wconf 88' lang='lat' dir='ltr'><strong>inveneris,</strong></span> <span class='ocrx_word' id='word_1_536' title='bbox 2684 3548 2746 3593; x_wconf 93' lang='lat' dir='ltr'><strong>tu</strong></span> <span class='ocrx_word' id='word_1_537' title='bbox 2769 3539 2883 3611; x_wconf 90' lang='lat' dir='ltr'><strong>ipse</strong></span> <span class='ocrx_word' id='word_1_538' title='bbox 2910 3537 3080 3594; x_wconf 88' lang='lat' dir='ltr'><strong>fultus</strong></span> <span class='ocrx_word' id='word_1_539' title='bbox 3110 3547 3299 3593; x_wconf 90' lang='lat' dir='ltr'><strong>nostra</strong></span> <span class='ocrx_word' id='word_1_540' title='bbox 3330 3539 3569 3593; x_wconf 88' lang='lat' dir='ltr'><strong>auctori-</strong></span> 
     </span>
    </p>
   </div>
   <div class='ocr_carea' id='block_1_83' title="bbox 1976 3630 3565 3704">
    <p class='ocr_par' dir='ltr' id='par_1_83' title="bbox 1976 3630 3565 3704">
     <span class='ocr_line' id='line_1_83' title="bbox 1976 3630 3565 3704; baseline -0.002 -15"><span class='ocrx_word' id='word_1_541' title='bbox 1976 3643 2089 3691; x_wconf 90' lang='lat' dir='ltr'><strong>tate</strong></span> <span class='ocrx_word' id='word_1_542' title='bbox 2124 3650 2219 3690; x_wconf 93' lang='lat' dir='ltr'><strong>eos</strong></span> <span class='ocrx_word' id='word_1_543' title='bbox 2255 3634 2528 3699; x_wconf 90' lang='lat' dir='ltr'><strong>absolvas,</strong></span> <span class='ocrx_word' id='word_1_544' title='bbox 2558 3640 2614 3687; x_wconf 90' lang='lat' dir='ltr'><strong>et</strong></span> <span class='ocrx_word' id='word_1_545' title='bbox 2645 3631 2907 3688; x_wconf 87' lang='lat' dir='ltr'><strong>abbatem</strong></span> <span class='ocrx_word' id='word_1_546' title='bbox 2935 3632 3115 3700; x_wconf 91' lang='lat' dir='ltr'><strong>illum,</strong></span> <span class='ocrx_word' id='word_1_547' title='bbox 3149 3633 3244 3704; x_wconf 92' lang='lat' dir='ltr'><strong>qui</strong></span> <span class='ocrx_word' id='word_1_548' title='bbox 3272 3630 3565 3704; x_wconf 67' lang='lat' dir='ltr'><strong>praefatum</strong></span> 
     </span>
    </p>
   </div>
   <div class='ocr_carea' id='block_1_84' title="bbox 1976 3723 3568 3798">
    <p class='ocr_par' dir='ltr' id='par_1_84' title="bbox 1976 3723 3568 3798">
     <span class='ocr_line' id='line_1_84' title="bbox 1976 3723 3568 3798; baseline -0.003 -14"><span class='ocrx_word' id='word_1_549' title='bbox 1976 3729 2379 3784; x_wconf 90' lang='lat' dir='ltr'><strong>monasterium</strong></span> <span class='ocrx_word' id='word_1_550' title='bbox 2409 3727 2587 3782; x_wconf 91' lang='lat' dir='ltr'><strong>sancti</strong></span> <span class='ocrx_word' id='word_1_551' title='bbox 2610 3726 2851 3798; x_wconf 80' lang='lat' dir='ltr'><strong>Remigii</strong></span> <span class='ocrx_word' id='word_1_552' title='bbox 2876 3723 3120 3781; x_wconf 87' lang='lat' dir='ltr'><strong>nefanda</strong></span> <span class='ocrx_word' id='word_1_553' title='bbox 3144 3724 3450 3781; x_wconf 82' lang='lat' dir='ltr'><strong>ambitione</strong></span> <span class='ocrx_word' id='word_1_554' title='bbox 3481 3740 3568 3781; x_wconf 92' lang='lat' dir='ltr'><strong>oc-</strong></span> 
     </span>
    </p>
   </div>
   <div class='ocr_carea' id='block_1_85' title="bbox 1976 3818 3569 3892">
    <p class='ocr_par' dir='ltr' id='par_1_85' title="bbox 1976 3818 3569 3892">
     <span class='ocr_line' id='line_1_85' title="bbox 1976 3818 3569 3892; baseline -0.002 -14"><span class='ocrx_word' id='word_1_555' title='bbox 1976 3836 2198 3892; x_wconf 91' lang='lat' dir='ltr'><strong>cupasse</strong></span> <span class='ocrx_word' id='word_1_556' title='bbox 2229 3819 2449 3889; x_wconf 86' lang='lat' dir='ltr'><strong>dicitur,</strong></span> <span class='ocrx_word' id='word_1_557' title='bbox 2484 3820 2555 3876; x_wconf 89' lang='lat' dir='ltr'><strong>ita</strong></span> <span class='ocrx_word' id='word_1_558' title='bbox 2588 3834 2974 3888; x_wconf 88' lang='lat' dir='ltr'><strong>commoneas,</strong></span> <span class='ocrx_word' id='word_1_559' title='bbox 3006 3827 3068 3875; x_wconf 92' lang='lat' dir='ltr'><strong>ut</strong></span> <span class='ocrx_word' id='word_1_560' title='bbox 3098 3828 3193 3874; x_wconf 92' lang='lat' dir='ltr'><strong>aut</strong></span> <span class='ocrx_word' id='word_1_561' title='bbox 3234 3819 3289 3873; x_wconf 91' lang='lat' dir='ltr'><strong>in</strong></span> <span class='ocrx_word' id='word_1_562' title='bbox 3325 3818 3569 3891; x_wconf 87' lang='lat' dir='ltr'><strong>partibus</strong></span> 
     </span>
    </p>
   </div>
   <div class='ocr_carea' id='block_1_86' title="bbox 1976 3912 3561 3985">
    <p class='ocr_par' dir='ltr' id='par_1_86' title="bbox 1976 3912 3561 3985">
     <span class='ocr_line' id='line_1_86' title="bbox 1976 3912 3561 3985; baseline -0.002 -15"><span class='ocrx_word' id='word_1_563' title='bbox 1976 3914 2078 3970; x_wconf 93' lang='lat' dir='ltr'><strong>illis</strong></span> <span class='ocrx_word' id='word_1_564' title='bbox 2111 3913 2367 3970; x_wconf 83' lang='lat' dir='ltr'><strong>confratri</strong></span> <span class='ocrx_word' id='word_1_565' title='bbox 2399 3922 2590 3969; x_wconf 88' lang='lat' dir='ltr'><strong>nostro</strong></span> <span class='ocrx_word' id='word_1_566' title='bbox 2619 3912 2838 3985; x_wconf 85' lang='lat' dir='ltr'><strong>Hugoni</strong></span> <span class='ocrx_word' id='word_1_567' title='bbox 2880 3912 3176 3968; x_wconf 85' lang='lat' dir='ltr'><strong>venerabili</strong></span> <span class='ocrx_word' id='word_1_568' title='bbox 3225 3912 3407 3967; x_wconf 90' lang='lat' dir='ltr'><strong>Diensi</strong></span> <span class='ocrx_word' id='word_1_569' title='bbox 3451 3912 3561 3985; x_wconf 90' lang='lat' dir='ltr'><strong>epi-</strong></span> 
     </span>
    </p>
   </div>
   <div class='ocr_carea' id='block_1_87' title="bbox 1977 4005 3565 4080">
    <p class='ocr_par' dir='ltr' id='par_1_87' title="bbox 1977 4005 3565 4080">
     <span class='ocr_line' id='line_1_87' title="bbox 1977 4005 3565 4080; baseline -0.003 -16"><span class='ocrx_word' id='word_1_570' title='bbox 1977 4023 2165 4080; x_wconf 88' lang='lat' dir='ltr'><strong>scopo,</strong></span> <span class='ocrx_word' id='word_1_571' title='bbox 2206 4008 2291 4064; x_wconf 92' lang='lat' dir='ltr'><strong>cui</strong></span> <span class='ocrx_word' id='word_1_572' title='bbox 2322 4008 2465 4064; x_wconf 90' lang='lat' dir='ltr'><strong>vices</strong></span> <span class='ocrx_word' id='word_1_573' title='bbox 2506 4016 2723 4063; x_wconf 89' lang='lat' dir='ltr'><strong>nostras</strong></span> <span class='ocrx_word' id='word_1_574' title='bbox 2763 4006 3166 4075; x_wconf 91' lang='lat' dir='ltr'><strong>commisimus,</strong></span> <span class='ocrx_word' id='word_1_575' title='bbox 3207 4015 3303 4061; x_wconf 90' lang='lat' dir='ltr'><strong>aut</strong></span> <span class='ocrx_word' id='word_1_576' title='bbox 3329 4005 3447 4061; x_wconf 87' lang='lat' dir='ltr'><strong>aliis</strong></span> <span class='ocrx_word' id='word_1_577' title='bbox 3486 4006 3565 4060; x_wconf 86' lang='lat' dir='ltr'><strong>le-</strong></span> 
     </span>
    </p>
   </div>
   <div class='ocr_carea' id='block_1_88' title="bbox 1976 4098 3567 4174">
    <p class='ocr_par' dir='ltr' id='par_1_88' title="bbox 1976 4098 3567 4174">
     <span class='ocr_line' id='line_1_88' title="bbox 1976 4098 3567 4174; baseline -0.001 -18"><span class='ocrx_word' id='word_1_578' title='bbox 1976 4102 2111 4174; x_wconf 88' lang='lat' dir='ltr'><strong>gatis</strong></span> <span class='ocrx_word' id='word_1_579' title='bbox 2138 4101 2360 4167; x_wconf 90' lang='lat' dir='ltr'><strong>nostris,</strong></span> <span class='ocrx_word' id='word_1_580' title='bbox 2392 4101 2436 4156; x_wconf 90' lang='lat' dir='ltr'><strong>si</strong></span> <span class='ocrx_word' id='word_1_581' title='bbox 2477 4116 2571 4158; x_wconf 92' lang='lat' dir='ltr'><strong>eos</strong></span> <span class='ocrx_word' id='word_1_582' title='bbox 2600 4101 2653 4156; x_wconf 91' lang='lat' dir='ltr'><strong>in</strong></span> <span class='ocrx_word' id='word_1_583' title='bbox 2684 4100 2858 4157; x_wconf 86' lang='lat' dir='ltr'><strong>Gallia</strong></span> <span class='ocrx_word' id='word_1_584' title='bbox 2885 4099 3161 4173; x_wconf 88' lang='lat' dir='ltr'><strong>synodum</strong></span> <span class='ocrx_word' id='word_1_585' title='bbox 3199 4098 3567 4155; x_wconf 90' lang='lat' dir='ltr'><strong>celebraturos</strong></span> 
     </span>
    </p>
   </div>
   <div class='ocr_carea' id='block_1_89' title="bbox 1974 4192 3567 4267">
    <p class='ocr_par' dir='ltr' id='par_1_89' title="bbox 1974 4192 3567 4267">
     <span class='ocr_line' id='line_1_89' title="bbox 1974 4192 3567 4267; baseline -0.001 -17"><span class='ocrx_word' id='word_1_586' title='bbox 1974 4195 2338 4267; x_wconf 90' lang='lat' dir='ltr'><strong>cognoscerit,</strong></span> <span class='ocrx_word' id='word_1_587' title='bbox 2379 4210 2437 4250; x_wconf 91' lang='lat' dir='ltr'><strong>se</strong></span> <span class='ocrx_word' id='word_1_588' title='bbox 2474 4203 2869 4267; x_wconf 85' lang='lat' dir='ltr'><strong>repraesentare</strong></span> <span class='ocrx_word' id='word_1_589' title='bbox 2910 4210 3007 4266; x_wconf 90' lang='lat' dir='ltr'><strong>pro</strong></span> <span class='ocrx_word' id='word_1_590' title='bbox 3036 4192 3310 4250; x_wconf 90' lang='lat' dir='ltr'><strong>reddenda</strong></span> <span class='ocrx_word' id='word_1_591' title='bbox 3348 4192 3567 4248; x_wconf 90' lang='lat' dir='ltr'><strong>ratione</strong></span> 
     </span>
    </p>
   </div>
   <div class='ocr_carea' id='block_1_90' title="bbox 1974 4285 3567 4359">
    <p class='ocr_par' dir='ltr' id='par_1_90' title="bbox 1974 4285 3567 4359">
     <span class='ocr_line' id='line_1_90' title="bbox 1974 4285 3567 4359; baseline -0.003 -14"><span class='ocrx_word' id='word_1_592' title='bbox 1974 4288 2054 4345; x_wconf 91' lang='lat' dir='ltr'><strong>sui</strong></span> <span class='ocrx_word' id='word_1_593' title='bbox 2096 4288 2350 4344; x_wconf 90' lang='lat' dir='ltr'><strong>introitus</strong></span> <span class='ocrx_word' id='word_1_594' title='bbox 2388 4288 2696 4344; x_wconf 87' lang='lat' dir='ltr'><strong>nullatenus</strong></span> <span class='ocrx_word' id='word_1_595' title='bbox 2726 4287 3131 4359; x_wconf 67' lang='lat' dir='ltr'><strong>pratermittat,</strong></span> <span class='ocrx_word' id='word_1_596' title='bbox 3162 4295 3258 4343; x_wconf 88' lang='lat' dir='ltr'><strong>aut</strong></span> <span class='ocrx_word' id='word_1_597' title='bbox 3285 4285 3354 4342; x_wconf 87' lang='lat' dir='ltr'><strong>ad</strong></span> <span class='ocrx_word' id='word_1_598' title='bbox 3383 4301 3485 4341; x_wconf 93' lang='lat' dir='ltr'><strong>nos</strong></span> <span class='ocrx_word' id='word_1_599' title='bbox 3513 4285 3567 4340; x_wconf 90' lang='lat' dir='ltr'><strong>in</strong></span> 
     </span>
    </p>
   </div>
   <div class='ocr_carea' id='block_1_91' title="bbox 1974 4379 3566 4454">
    <p class='ocr_par' dir='ltr' id='par_1_91' title="bbox 1974 4379 3566 4454">
     <span class='ocr_line' id='line_1_91' title="bbox 1974 4379 3566 4454; baseline -0.001 -17"><span class='ocrx_word' id='word_1_600' title='bbox 1974 4381 2221 4454; x_wconf 87' lang='lat' dir='ltr'><strong>proxima</strong></span> <span class='ocrx_word' id='word_1_601' title='bbox 2242 4381 2523 4437; x_wconf 86' lang='lat' dir='ltr'><strong>festivitate</strong></span> <span class='ocrx_word' id='word_1_602' title='bbox 2552 4380 2798 4436; x_wconf 89' lang='lat' dir='ltr'><strong>omnium</strong></span> <span class='ocrx_word' id='word_1_603' title='bbox 2828 4388 3143 4436; x_wconf 90' lang='lat' dir='ltr'><strong>sanctorum</strong></span> <span class='ocrx_word' id='word_1_604' title='bbox 3167 4379 3343 4434; x_wconf 88' lang='lat' dir='ltr'><strong>veniat</strong></span> <span class='ocrx_word' id='word_1_605' title='bbox 3370 4396 3383 4432; x_wconf 89' lang='lat'><strong>:</strong></span> <span class='ocrx_word' id='word_1_606' title='bbox 3417 4395 3566 4435; x_wconf 91' lang='lat' dir='ltr'><strong>com-</strong></span> 
     </span>
    </p>
   </div>
   <div class='ocr_carea' id='block_1_92' title="bbox 1975 4471 3565 4545">
    <p class='ocr_par' dir='ltr' id='par_1_92' title="bbox 1975 4471 3565 4545">
     <span class='ocr_line' id='line_1_92' title="bbox 1975 4471 3565 4545; baseline -0.003 -14"><span class='ocrx_word' id='word_1_607' title='bbox 1975 4474 2193 4531; x_wconf 91' lang='lat' dir='ltr'><strong>monitis</strong></span> <span class='ocrx_word' id='word_1_608' title='bbox 2239 4475 2405 4531; x_wconf 88' lang='lat' dir='ltr'><strong>etiam</strong></span> <span class='ocrx_word' id='word_1_609' title='bbox 2457 4473 2716 4530; x_wconf 86' lang='lat' dir='ltr'><strong>fratribus</strong></span> <span class='ocrx_word' id='word_1_610' title='bbox 2763 4472 3014 4545; x_wconf 87' lang='lat' dir='ltr'><strong>ejusdem</strong></span> <span class='ocrx_word' id='word_1_611' title='bbox 3060 4471 3418 4538; x_wconf 86' lang='lat' dir='ltr'><strong>monasterii,</strong></span> <span class='ocrx_word' id='word_1_612' title='bbox 3474 4472 3565 4543; x_wconf 92' lang='lat' dir='ltr'><strong>qui</strong></span> 
     </span>
    </p>
   </div>
   <div class='ocr_carea' id='block_1_93' title="bbox 276 4562 3565 4646">
    <p class='ocr_par' dir='ltr' id='par_1_93' title="bbox 276 4562 3565 4646">
     <span class='ocr_line' id='line_1_93' title="bbox 276 4562 3565 4646; baseline -0 -25"><span class='ocrx_word' id='word_1_613' title='bbox 276 4567 473 4621; x_wconf 87' lang='lat' dir='ltr'><strong>etionis</strong></span> <span class='ocrx_word' id='word_1_614' title='bbox 505 4564 849 4622; x_wconf 72' lang='lat' dir='ltr'><strong>exhibitione</strong></span> <span class='ocrx_word' id='word_1_615' title='bbox 886 4566 991 4621; x_wconf 92' lang='lat' dir='ltr'><strong>tibi</strong></span> <span class='ocrx_word' id='word_1_616' title='bbox 1022 4566 1383 4624; x_wconf 91' lang='lat' dir='ltr'><strong>absolvendus</strong></span> <span class='ocrx_word' id='word_1_617' title='bbox 1412 4569 1705 4639; x_wconf 88' lang='lat' dir='ltr'><strong>videbitur,</strong></span> <span class='ocrx_word' id='word_1_618' title='bbox 1738 4586 1868 4626; x_wconf 89' lang='lat' dir='ltr'><strong>con-</strong></span> <span class='ocrx_word' id='word_1_619' title='bbox 1897 4585 1945 4646; x_wconf 73' lang='grc' dir='ltr'><strong>ι)</strong></span> <span class='ocrx_word' id='word_1_620' title='bbox 1978 4568 2236 4625; x_wconf 91' lang='lat' dir='ltr'><strong>adversus</strong></span> <span class='ocrx_word' id='word_1_621' title='bbox 2272 4583 2397 4623; x_wconf 89' lang='lat' dir='ltr'><strong>eum</strong></span> <span class='ocrx_word' id='word_1_622' title='bbox 2426 4567 2494 4624; x_wconf 91' lang='lat' dir='ltr'><strong>de</strong></span> <span class='ocrx_word' id='word_1_623' title='bbox 2523 4582 2686 4623; x_wconf 83' lang='lat' dir='ltr'><strong>causa</strong></span> <span class='ocrx_word' id='word_1_624' title='bbox 2724 4565 2922 4621; x_wconf 73' lang='lat' dir='ltr'><strong>illicita:</strong></span> <span class='ocrx_word' id='word_1_625' title='bbox 2958 4562 3318 4637; x_wconf 90' lang='lat' dir='ltr'><strong>subreptionis</strong></span> <span class='ocrx_word' id='word_1_626' title='bbox 3360 4578 3478 4620; x_wconf 70' lang='lat' dir='ltr'><strong>sua:</strong></span> <span class='ocrx_word' id='word_1_627' title='bbox 3507 4564 3565 4620; x_wconf 90' lang='lat' dir='ltr'><strong>in</strong></span> 
     </span>
    </p>
   </div>
   <div class='ocr_carea' id='block_1_94' title="bbox 276 4658 1868 4731">
    <p class='ocr_par' dir='ltr' id='par_1_94' title="bbox 276 4658 1868 4731">
     <span class='ocr_line' id='line_1_94' title="bbox 276 4658 1868 4731; baseline 0.005 -19"><span class='ocrx_word' id='word_1_628' title='bbox 276 4660 428 4715; x_wconf 88' lang='lat' dir='ltr'><strong>tinuo</strong></span> <span class='ocrx_word' id='word_1_629' title='bbox 466 4658 949 4731; x_wconf 89' lang='lat' dir='ltr'><strong>archiepiscopum</strong></span> <span class='ocrx_word' id='word_1_630' title='bbox 980 4668 1042 4715; x_wconf 91' lang='lat' dir='ltr'><strong>ut</strong></span> <span class='ocrx_word' id='word_1_631' title='bbox 1090 4676 1217 4716; x_wconf 90' lang='lat' dir='ltr'><strong>eum</strong></span> <span class='ocrx_word' id='word_1_632' title='bbox 1257 4662 1377 4716; x_wconf 90' lang='lat' dir='ltr'><strong>sine</strong></span> <span class='ocrx_word' id='word_1_633' title='bbox 1423 4663 1868 4720; x_wconf 88' lang='lat' dir='ltr'><strong>contradictione</strong></span> 
     </span>
    </p>
   </div>
   <div class='ocr_carea' id='block_1_95' title="bbox 281 4753 1869 4826">
    <p class='ocr_par' dir='ltr' id='par_1_95' title="bbox 281 4753 1869 4826">
     <span class='ocr_line' id='line_1_95' title="bbox 281 4753 1869 4826; baseline 0.004 -19"><span class='ocrx_word' id='word_1_634' title='bbox 281 4753 522 4809; x_wconf 88' lang='lat' dir='ltr'><strong>absolvat</strong></span> <span class='ocrx_word' id='word_1_635' title='bbox 568 4768 636 4809; x_wconf 84' lang='lat' dir='ltr'><strong>ex</strong></span> <span class='ocrx_word' id='word_1_636' title='bbox 669 4762 861 4809; x_wconf 91' lang='lat' dir='ltr'><strong>nostra</strong></span> <span class='ocrx_word' id='word_1_637' title='bbox 904 4762 1062 4824; x_wconf 89' lang='lat' dir='ltr'><strong>parte</strong></span> <span class='ocrx_word' id='word_1_638' title='bbox 1089 4770 1453 4811; x_wconf 90' lang='lat' dir='ltr'><strong>commoneas</strong></span> <span class='ocrx_word' id='word_1_639' title='bbox 1483 4773 1497 4811; x_wconf 89' lang='lat'>:</span> <span class='ocrx_word' id='word_1_640' title='bbox 1545 4755 1640 4826; x_wconf 90' lang='lat' dir='ltr'><strong>qui</strong></span> <span class='ocrx_word' id='word_1_641' title='bbox 1671 4758 1717 4811; x_wconf 88' lang='lat' dir='ltr'><strong>si</strong></span> <span class='ocrx_word' id='word_1_642' title='bbox 1769 4758 1869 4814; x_wconf 89' lang='lat' dir='ltr'><strong>ali-</strong></span> 
     </span>
    </p>
   </div>
   <div class='ocr_carea' id='block_1_96' title="bbox 283 4847 1865 4920">
    <p class='ocr_par' dir='ltr' id='par_1_96' title="bbox 283 4847 1865 4920">
     <span class='ocr_line' id='line_1_96' title="bbox 283 4847 1865 4920; baseline 0.003 -18"><span class='ocrx_word' id='word_1_643' title='bbox 283 4862 383 4917; x_wconf 83' lang='lat' dir='ltr'><strong>qua</strong></span> <span class='ocrx_word' id='word_1_644' title='bbox 414 4847 520 4902; x_wconf 89' lang='lat' dir='ltr'><strong>hoc</strong></span> <span class='ocrx_word' id='word_1_645' title='bbox 547 4848 902 4903; x_wconf 80' lang='lat' dir='ltr'><strong>excusatione</strong></span> <span class='ocrx_word' id='word_1_646' title='bbox 930 4849 1203 4916; x_wconf 87' lang='lat' dir='ltr'><strong>renuerit,</strong></span> <span class='ocrx_word' id='word_1_647' title='bbox 1250 4856 1311 4903; x_wconf 90' lang='lat' dir='ltr'><strong>tu</strong></span> <span class='ocrx_word' id='word_1_648' title='bbox 1354 4849 1474 4920; x_wconf 87' lang='lat' dir='ltr'><strong>ipse</strong></span> <span class='ocrx_word' id='word_1_649' title='bbox 1503 4864 1631 4905; x_wconf 90' lang='lat' dir='ltr'><strong>eum</strong></span> <span class='ocrx_word' id='word_1_650' title='bbox 1674 4860 1865 4907; x_wconf 90' lang='lat' dir='ltr'><strong>nostra</strong></span> 
     </span>
    </p>
   </div>
   <div class='ocr_carea' id='block_1_97' title="bbox 288 4940 1867 5012">
    <p class='ocr_par' dir='ltr' id='par_1_97' title="bbox 288 4940 1867 5012">
     <span class='ocr_line' id='line_1_97' title="bbox 288 4940 1867 5012; baseline 0.006 -20"><span class='ocrx_word' id='word_1_651' title='bbox 288 4940 393 4995; x_wconf 83' lang='lat' dir='ltr'><strong>vice</strong></span> <span class='ocrx_word' id='word_1_652' title='bbox 439 4940 727 4996; x_wconf 63' lang='lat' dir='ltr'><strong>absolt’ere</strong></span> <span class='ocrx_word' id='word_1_653' title='bbox 781 4940 1094 4997; x_wconf 83' lang='lat' dir='ltr'><strong>nullatenus</strong></span> <span class='ocrx_word' id='word_1_654' title='bbox 1153 4943 1569 5012; x_wconf 70' lang='lat' dir='ltr'><strong>praetermittas.</strong></span> <span class='ocrx_word' id='word_1_655' title='bbox 1628 4944 1686 4999; x_wconf 92' lang='lat' dir='ltr'><strong>Si</strong></span> <span class='ocrx_word' id='word_1_656' title='bbox 1739 4959 1867 5001; x_wconf 88' lang='lat' dir='ltr'><strong>vero</strong></span> 
     </span>
    </p>
   </div>
   <div class='ocr_carea' id='block_1_98' title="bbox 292 5032 1864 5109">
    <p class='ocr_par' dir='ltr' id='par_1_98' title="bbox 292 5032 1864 5109">
     <span class='ocr_line' id='line_1_98' title="bbox 292 5032 1864 5109; baseline 0.005 -25"><span class='ocrx_word' id='word_1_657' title='bbox 292 5032 441 5088; x_wconf 85' lang='lat' dir='ltr'><strong>istum</strong></span> <span class='ocrx_word' id='word_1_658' title='bbox 472 5036 526 5088; x_wconf 92' lang='lat' dir='ltr'><strong>in</strong></span> <span class='ocrx_word' id='word_1_659' title='bbox 556 5034 718 5103; x_wconf 90' lang='lat' dir='ltr'><strong>culpa</strong></span> <span class='ocrx_word' id='word_1_660' title='bbox 748 5048 885 5100; x_wconf 74' lang='lat' dir='ltr'><strong>esse,</strong></span> <span class='ocrx_word' id='word_1_661' title='bbox 929 5041 983 5088; x_wconf 91' lang='lat' dir='ltr'><strong>et</strong></span> <span class='ocrx_word' id='word_1_662' title='bbox 1019 5032 1170 5105; x_wconf 87' lang='lat' dir='ltr'><strong>quod</strong></span> <span class='ocrx_word' id='word_1_663' title='bbox 1191 5034 1408 5106; x_wconf 89' lang='lat' dir='ltr'><strong>justum</strong></span> <span class='ocrx_word' id='word_1_664' title='bbox 1448 5033 1615 5090; x_wconf 89' lang='lat' dir='ltr'><strong>fuerit</strong></span> <span class='ocrx_word' id='word_1_665' title='bbox 1643 5038 1864 5109; x_wconf 84' lang='lat' dir='ltr'><strong>exsequi</strong></span> 
     </span>
    </p>
   </div>
   <div class='ocr_carea' id='block_1_99' title="bbox 293 5125 1862 5199">
    <p class='ocr_par' dir='ltr' id='par_1_99' title="bbox 293 5125 1862 5199">
     <span class='ocr_line' id='line_1_99' title="bbox 293 5125 1862 5199; baseline 0.005 -22"><span class='ocrx_word' id='word_1_666' title='bbox 293 5125 420 5181; x_wconf 89' lang='lat' dir='ltr'><strong>nolle</strong></span> <span class='ocrx_word' id='word_1_667' title='bbox 456 5126 793 5189; x_wconf 86' lang='lat' dir='ltr'><strong>constiterit,</strong></span> <span class='ocrx_word' id='word_1_668' title='bbox 843 5141 1013 5197; x_wconf 88' lang='lat' dir='ltr'><strong>usque</strong></span> <span class='ocrx_word' id='word_1_669' title='bbox 1043 5126 1114 5182; x_wconf 90' lang='lat' dir='ltr'><strong>ad</strong></span> <span class='ocrx_word' id='word_1_670' title='bbox 1141 5125 1375 5199; x_wconf 83' lang='lat' dir='ltr'><strong>dignam</strong></span> <span class='ocrx_word' id='word_1_671' title='bbox 1416 5128 1862 5185; x_wconf 84' lang='lat' dir='ltr'><strong>satisfactionem</strong></span> 
     </span>
    </p>
   </div>
   <div class='ocr_carea' id='block_1_100' title="bbox 291 5216 1862 5277">
    <p class='ocr_par' dir='ltr' id='par_1_100' title="bbox 291 5216 1862 5277">
     <span class='ocr_line' id='line_1_100' title="bbox 291 5216 1862 5277; baseline 0.004 -7"><span class='ocrx_word' id='word_1_672' title='bbox 291 5216 378 5271; x_wconf 83' lang='lat' dir='ltr'><strong>sub</strong></span> <span class='ocrx_word' id='word_1_673' title='bbox 422 5218 1026 5275; x_wconf 81' lang='lat' dir='ltr'><strong>excommunicationis</strong></span> <span class='ocrx_word' id='word_1_674' title='bbox 1067 5220 1285 5276; x_wconf 86' lang='lat' dir='ltr'><strong>vinculo</strong></span> <span class='ocrx_word' id='word_1_675' title='bbox 1337 5223 1609 5276; x_wconf 89' lang='lat' dir='ltr'><strong>coarctari</strong></span> <span class='ocrx_word' id='word_1_676' title='bbox 1666 5221 1862 5277; x_wconf 91' lang='lat' dir='ltr'><strong>debere</strong></span> 
     </span>
    </p>
   </div>
   <div class='ocr_carea' id='block_1_101' title="bbox 290 5306 1864 5385">
    <p class='ocr_par' dir='ltr' id='par_1_101' title="bbox 290 5306 1864 5385">
     <span class='ocr_line' id='line_1_101' title="bbox 290 5306 1864 5385; baseline 0.004 -22"><span class='ocrx_word' id='word_1_677' title='bbox 290 5306 638 5367; x_wconf 84' lang='lat' dir='ltr'><strong>decernimus.</strong></span> <span class='ocrx_word' id='word_1_678' title='bbox 670 5313 939 5367; x_wconf 66' lang='lat' dir='ltr'><strong>Praeterea</strong></span> <span class='ocrx_word' id='word_1_679' title='bbox 962 5318 1079 5367; x_wconf 86' lang='lat' dir='ltr'><strong>Azo</strong></span> <span class='ocrx_word' id='word_1_680' title='bbox 1109 5313 1337 5385; x_wconf 90' lang='lat' dir='ltr'><strong>quidam</strong></span> <span class='ocrx_word' id='word_1_681' title='bbox 1368 5315 1669 5370; x_wconf 90' lang='lat' dir='ltr'><strong>canonicus</strong></span> <span class='ocrx_word' id='word_1_682' title='bbox 1696 5316 1864 5371; x_wconf 89' lang='lat' dir='ltr'><strong>eccle-</strong></span> 
     </span>
    </p>
   </div>
   <div class='ocr_carea' id='block_1_102' title="bbox 290 5402 1860 5479">
    <p class='ocr_par' dir='ltr' id='par_1_102' title="bbox 290 5402 1860 5479">
     <span class='ocr_line' id='line_1_102' title="bbox 290 5402 1860 5479; baseline 0.004 -22"><span class='ocrx_word' id='word_1_683' title='bbox 290 5402 371 5457; x_wconf 73' lang='lat' dir='ltr'><strong>sia:</strong></span> <span class='ocrx_word' id='word_1_684' title='bbox 394 5406 563 5461; x_wconf 85' lang='lat' dir='ltr'><strong>sancti</strong></span> <span class='ocrx_word' id='word_1_685' title='bbox 585 5406 774 5460; x_wconf 83' lang='lat' dir='ltr'><strong>Amati</strong></span> <span class='ocrx_word' id='word_1_686' title='bbox 798 5404 868 5461; x_wconf 91' lang='lat' dir='ltr'><strong>de</strong></span> <span class='ocrx_word' id='word_1_687' title='bbox 889 5406 1293 5477; x_wconf 68' lang='lat' dir='ltr'><strong>prmnominato</strong></span> <span class='ocrx_word' id='word_1_688' title='bbox 1316 5406 1436 5462; x_wconf 91' lang='lat' dir='ltr'><strong>loco</strong></span> <span class='ocrx_word' id='word_1_689' title='bbox 1452 5449 1466 5473; x_wconf 91' lang='lat'><strong>,</strong></span> <span class='ocrx_word' id='word_1_690' title='bbox 1490 5422 1590 5478; x_wconf 90' lang='lat' dir='ltr'><strong>pro</strong></span> <span class='ocrx_word' id='word_1_691' title='bbox 1617 5408 1860 5479; x_wconf 89' lang='lat' dir='ltr'><strong>quodam</strong></span> 
     </span>
    </p>
   </div>
   <div class='ocr_carea' id='block_1_103' title="bbox 288 5492 1861 5573">
    <p class='ocr_par' dir='ltr' id='par_1_103' title="bbox 288 5492 1861 5573">
     <span class='ocr_line' id='line_1_103' title="bbox 288 5492 1861 5573; baseline 0.006 -24"><span class='ocrx_word' id='word_1_692' title='bbox 288 5492 434 5563; x_wconf 86' lang='lat' dir='ltr'><strong>dicto,</strong></span> <span class='ocrx_word' id='word_1_693' title='bbox 477 5499 608 5555; x_wconf 92' lang='lat' dir='ltr'><strong>licet</strong></span> <span class='ocrx_word' id='word_1_694' title='bbox 637 5513 789 5565; x_wconf 90' lang='lat' dir='ltr'><strong>vero,</strong></span> <span class='ocrx_word' id='word_1_695' title='bbox 818 5500 987 5554; x_wconf 89' lang='lat' dir='ltr'><strong>nimis</strong></span> <span class='ocrx_word' id='word_1_696' title='bbox 1028 5498 1217 5555; x_wconf 88' lang='lat' dir='ltr'><strong>leviter</strong></span> <span class='ocrx_word' id='word_1_697' title='bbox 1245 5508 1301 5555; x_wconf 90' lang='lat' dir='ltr'><strong>et</strong></span> <span class='ocrx_word' id='word_1_698' title='bbox 1338 5500 1700 5557; x_wconf 88' lang='lat' dir='ltr'><strong>irreverenter</strong></span> <span class='ocrx_word' id='word_1_699' title='bbox 1736 5517 1861 5573; x_wconf 85' lang='lat' dir='ltr'><strong>pro-</strong></span> 
     </span>
    </p>
   </div>
   <div class='ocr_carea' id='block_1_104' title="bbox 288 5587 1853 5665">
    <p class='ocr_par' dir='ltr' id='par_1_104' title="bbox 288 5587 1853 5665">
     <span class='ocr_line' id='line_1_104' title="bbox 288 5587 1853 5665; baseline 0.007 -24"><span class='ocrx_word' id='word_1_700' title='bbox 288 5587 402 5657; x_wconf 84' lang='lat' dir='ltr'><strong>lato,</strong></span> <span class='ocrx_word' id='word_1_701' title='bbox 433 5609 466 5647; x_wconf 90' lang='lat' dir='ltr'><strong>a</strong></span> <span class='ocrx_word' id='word_1_702' title='bbox 499 5592 784 5649; x_wconf 80' lang='lat' dir='ltr'><strong>consortio</strong></span> <span class='ocrx_word' id='word_1_703' title='bbox 816 5590 1055 5648; x_wconf 80' lang='lat' dir='ltr'><strong>fratrum</strong></span> <span class='ocrx_word' id='word_1_704' title='bbox 1085 5608 1143 5648; x_wconf 92' lang='lat' dir='ltr'><strong>se</strong></span> <span class='ocrx_word' id='word_1_705' title='bbox 1179 5592 1417 5665; x_wconf 87' lang='lat' dir='ltr'><strong>ejectum</strong></span> <span class='ocrx_word' id='word_1_706' title='bbox 1447 5610 1564 5650; x_wconf 85' lang='lat' dir='ltr'><strong>esse</strong></span> <span class='ocrx_word' id='word_1_707' title='bbox 1590 5596 1853 5653; x_wconf 88' lang='lat' dir='ltr'><strong>innotuit.</strong></span> 
     </span>
    </p>
   </div>
   <div class='ocr_carea' id='block_1_105' title="bbox 285 5680 1855 5758">
    <p class='ocr_par' dir='ltr' id='par_1_105' title="bbox 285 5680 1855 5758">
     <span class='ocr_line' id='line_1_105' title="bbox 285 5680 1855 5758; baseline 0.004 -20"><span class='ocrx_word' id='word_1_708' title='bbox 285 5680 442 5750; x_wconf 82' lang='lat' dir='ltr'><strong>Quem</strong></span> <span class='ocrx_word' id='word_1_709' title='bbox 464 5686 725 5742; x_wconf 88' lang='lat' dir='ltr'><strong>similiter</strong></span> <span class='ocrx_word' id='word_1_710' title='bbox 759 5686 1071 5758; x_wconf 70' lang='lat' dir='ltr'><strong>apostolica:</strong></span> <span class='ocrx_word' id='word_1_711' title='bbox 1098 5687 1473 5744; x_wconf 87' lang='lat' dir='ltr'><strong>miserationis</strong></span> <span class='ocrx_word' id='word_1_712' title='bbox 1498 5688 1855 5744; x_wconf 89' lang='lat' dir='ltr'><strong>clementiam</strong></span> 
     </span>
    </p>
   </div>
   <div class='ocr_carea' id='block_1_106' title="bbox 282 5780 1854 5853">
    <p class='ocr_par' dir='ltr' id='par_1_106' title="bbox 282 5780 1854 5853">
     <span class='ocr_line' id='line_1_106' title="bbox 282 5780 1854 5853; baseline 0.003 -20"><span class='ocrx_word' id='word_1_713' title='bbox 282 5789 370 5844; x_wconf 87' lang='lat' dir='ltr'><strong>pro</strong></span> <span class='ocrx_word' id='word_1_714' title='bbox 414 5794 507 5836; x_wconf 86' lang='lat' dir='ltr'><strong>sua</strong></span> <span class='ocrx_word' id='word_1_715' title='bbox 560 5781 1015 5837; x_wconf 81' lang='lat' dir='ltr'><strong>reconciliatione</strong></span> <span class='ocrx_word' id='word_1_716' title='bbox 1068 5780 1463 5853; x_wconf 91' lang='lat' dir='ltr'><strong>implorantem</strong></span> <span class='ocrx_word' id='word_1_717' title='bbox 1509 5781 1703 5837; x_wconf 89' lang='lat' dir='ltr'><strong>itidem</strong></span> <span class='ocrx_word' id='word_1_718' title='bbox 1750 5782 1854 5839; x_wconf 89' lang='lat' dir='ltr'><strong>tibi</strong></span> 
     </span>
    </p>
   </div>
   <div class='ocr_carea' id='block_1_107' title="bbox 277 5874 1849 5946">
    <p class='ocr_par' dir='ltr' id='par_1_107' title="bbox 277 5874 1849 5946">
     <span class='ocr_line' id='line_1_107' title="bbox 277 5874 1849 5946; baseline 0.005 -21"><span class='ocrx_word' id='word_1_719' title='bbox 277 5874 692 5942; x_wconf 80' lang='lat' dir='ltr'><strong>committimus,</strong></span> <span class='ocrx_word' id='word_1_720' title='bbox 717 5882 783 5929; x_wconf 90' lang='lat' dir='ltr'><strong>ut</strong></span> <span class='ocrx_word' id='word_1_721' title='bbox 806 5874 856 5930; x_wconf 81' lang='lat' dir='ltr'><strong>si</strong></span> <span class='ocrx_word' id='word_1_722' title='bbox 883 5875 989 5931; x_wconf 87' lang='lat' dir='ltr'><strong>alia</strong></span> <span class='ocrx_word' id='word_1_723' title='bbox 1017 5889 1144 5933; x_wconf 89' lang='lat' dir='ltr'><strong>eum</strong></span> <span class='ocrx_word' id='word_1_724' title='bbox 1171 5874 1330 5946; x_wconf 84' lang='lat' dir='ltr'><strong>culpa</strong></span> <span class='ocrx_word' id='word_1_725' title='bbox 1350 5874 1698 5933; x_wconf 87' lang='lat' dir='ltr'><strong>damnationi</strong></span> <span class='ocrx_word' id='word_1_726' title='bbox 1729 5893 1849 5933; x_wconf 87' lang='lat' dir='ltr'><strong>ma-</strong></span> 
     </span>
    </p>
   </div>
   <div class='ocr_carea' id='block_1_108' title="bbox 1976 4656 3566 4731">
    <p class='ocr_par' dir='ltr' id='par_1_108' title="bbox 1976 4656 3566 4731">
     <span class='ocr_line' id='line_1_108' title="bbox 1976 4656 3566 4731; baseline -0.001 -14"><span class='ocrx_word' id='word_1_727' title='bbox 1976 4661 2246 4718; x_wconf 87' lang='lat' dir='ltr'><strong>abbatiam</strong></span> <span class='ocrx_word' id='word_1_728' title='bbox 2280 4668 2710 4731; x_wconf 77' lang='lat' dir='ltr'><strong>conquerantur,</strong></span> <span class='ocrx_word' id='word_1_729' title='bbox 2748 4667 2808 4714; x_wconf 93' lang='lat' dir='ltr'><strong>ut</strong></span> <span class='ocrx_word' id='word_1_730' title='bbox 2844 4666 2899 4714; x_wconf 91' lang='lat' dir='ltr'><strong>et</strong></span> <span class='ocrx_word' id='word_1_731' title='bbox 2943 4658 3040 4730; x_wconf 90' lang='lat' dir='ltr'><strong>ipsi</strong></span> <span class='ocrx_word' id='word_1_732' title='bbox 3079 4656 3381 4714; x_wconf 91' lang='lat' dir='ltr'><strong>secundum</strong></span> <span class='ocrx_word' id='word_1_733' title='bbox 3422 4673 3566 4730; x_wconf 67' lang='lat' dir='ltr'><strong>pra:-</strong></span> 
     </span>
    </p>
   </div>
   <div class='ocr_carea' id='block_1_109' title="bbox 1973 4750 3565 4826">
    <p class='ocr_par' dir='ltr' id='par_1_109' title="bbox 1973 4750 3565 4826">
     <span class='ocr_line' id='line_1_109' title="bbox 1973 4750 3565 4826; baseline -0.002 -15"><span class='ocrx_word' id='word_1_734' title='bbox 1973 4756 2230 4826; x_wconf 88' lang='lat' dir='ltr'><strong>scriptam</strong></span> <span class='ocrx_word' id='word_1_735' title='bbox 2256 4753 2703 4809; x_wconf 90' lang='lat' dir='ltr'><strong>terminationem</strong></span> <span class='ocrx_word' id='word_1_736' title='bbox 2732 4750 2802 4806; x_wconf 90' lang='lat' dir='ltr'><strong>ad</strong></span> <span class='ocrx_word' id='word_1_737' title='bbox 2830 4750 3232 4807; x_wconf 91' lang='lat' dir='ltr'><strong>discutiendum</strong></span> <span class='ocrx_word' id='word_1_738' title='bbox 3268 4751 3375 4808; x_wconf 93' lang='lat' dir='ltr'><strong>hoc</strong></span> <span class='ocrx_word' id='word_1_739' title='bbox 3402 4768 3565 4825; x_wconf 88' lang='lat' dir='ltr'><strong>nego-</strong></span> 
     </span>
    </p>
   </div>
   <div class='ocr_carea' id='block_1_110' title="bbox 1972 4844 3566 4918">
    <p class='ocr_par' dir='ltr' id='par_1_110' title="bbox 1972 4844 3566 4918">
     <span class='ocr_line' id='line_1_110' title="bbox 1972 4844 3566 4918; baseline -0.001 -14"><span class='ocrx_word' id='word_1_740' title='bbox 1972 4848 2110 4905; x_wconf 85' lang='lat' dir='ltr'><strong>tium</strong></span> <span class='ocrx_word' id='word_1_741' title='bbox 2152 4863 2209 4903; x_wconf 90' lang='lat' dir='ltr'><strong>se</strong></span> <span class='ocrx_word' id='word_1_742' title='bbox 2251 4854 2546 4918; x_wconf 58' lang='lat' dir='ltr'><strong>praesentes</strong></span> <span class='ocrx_word' id='word_1_743' title='bbox 2588 4844 2902 4901; x_wconf 78' lang='lat' dir='ltr'><strong>exhibeant.</strong></span> <span class='ocrx_word' id='word_1_744' title='bbox 2950 4847 3089 4900; x_wconf 87' lang='lat' dir='ltr'><strong>Item</strong></span> <span class='ocrx_word' id='word_1_745' title='bbox 3128 4844 3362 4901; x_wconf 87' lang='lat' dir='ltr'><strong>relatum</strong></span> <span class='ocrx_word' id='word_1_746' title='bbox 3406 4846 3566 4903; x_wconf 91' lang='lat' dir='ltr'><strong>nobis</strong></span> 
     </span>
    </p>
   </div>
   <div class='ocr_carea' id='block_1_111' title="bbox 1974 4937 3565 5010">
    <p class='ocr_par' dir='ltr' id='par_1_111' title="bbox 1974 4937 3565 5010">
     <span class='ocr_line' id='line_1_111' title="bbox 1974 4937 3565 5010; baseline -0.001 -13"><span class='ocrx_word' id='word_1_747' title='bbox 1974 4950 2056 4997; x_wconf 90' lang='lat' dir='ltr'><strong>est</strong></span> <span class='ocrx_word' id='word_1_748' title='bbox 2083 4942 2505 4997; x_wconf 89' lang='lat' dir='ltr'><strong>Camaracenses</strong></span> <span class='ocrx_word' id='word_1_749' title='bbox 2534 4938 2814 4994; x_wconf 89' lang='lat' dir='ltr'><strong>hominem</strong></span> <span class='ocrx_word' id='word_1_750' title='bbox 2854 4937 3154 5010; x_wconf 90' lang='lat' dir='ltr'><strong>quemdam</strong></span> <span class='ocrx_word' id='word_1_751' title='bbox 3186 4938 3428 4997; x_wconf 84' lang='lat' dir='ltr'><strong>ﬂammis</strong></span> <span class='ocrx_word' id='word_1_752' title='bbox 3456 4948 3565 4996; x_wconf 90' lang='lat' dir='ltr'><strong>tra-</strong></span> 
     </span>
    </p>
   </div>
   <div class='ocr_carea' id='block_1_112' title="bbox 1972 5031 3562 5105">
    <p class='ocr_par' dir='ltr' id='par_1_112' title="bbox 1972 5031 3562 5105">
     <span class='ocr_line' id='line_1_112' title="bbox 1972 5031 3562 5105; baseline -0.001 -15"><span class='ocrx_word' id='word_1_753' title='bbox 1972 5032 2196 5101; x_wconf 89' lang='lat' dir='ltr'><strong>didisse,</strong></span> <span class='ocrx_word' id='word_1_754' title='bbox 2226 5050 2291 5090; x_wconf 90' lang='lat' dir='ltr'><strong>eo</strong></span> <span class='ocrx_word' id='word_1_755' title='bbox 2328 5032 2480 5105; x_wconf 90' lang='lat' dir='ltr'><strong>quod</strong></span> <span class='ocrx_word' id='word_1_756' title='bbox 2518 5031 2861 5089; x_wconf 90' lang='lat' dir='ltr'><strong>Simoniacos</strong></span> <span class='ocrx_word' id='word_1_757' title='bbox 2898 5040 2953 5088; x_wconf 90' lang='lat' dir='ltr'><strong>et</strong></span> <span class='ocrx_word' id='word_1_758' title='bbox 2992 5031 3338 5105; x_wconf 87' lang='lat' dir='ltr'><strong>presbyteros</strong></span> <span class='ocrx_word' id='word_1_759' title='bbox 3381 5033 3562 5089; x_wconf 85' lang='lat' dir='ltr'><strong>fomi-</strong></span> 
     </span>
    </p>
   </div>
   <div class='ocr_carea' id='block_1_113' title="bbox 1971 5113 3561 5197">
    <p class='ocr_par' dir='ltr' id='par_1_113' title="bbox 1971 5113 3561 5197">
     <span class='ocr_line' id='line_1_113' title="bbox 1971 5113 3561 5197; baseline -0.001 -14"><span class='ocrx_word' id='word_1_760' title='bbox 1971 5136 2180 5185; x_wconf 84' lang='lat' dir='ltr'><strong>catores</strong></span> <span class='ocrx_word' id='word_1_761' title='bbox 2209 5127 2406 5182; x_wconf 86' lang='lat' dir='ltr'><strong>missas</strong></span> <span class='ocrx_word' id='word_1_762' title='bbox 2447 5142 2557 5181; x_wconf 91' lang='lat' dir='ltr'><strong>non</strong></span> <span class='ocrx_word' id='word_1_763' title='bbox 2590 5125 2787 5183; x_wconf 91' lang='lat' dir='ltr'><strong>debere</strong></span> <span class='ocrx_word' id='word_1_764' title='bbox 2824 5124 3125 5193; x_wconf 89' lang='lat' dir='ltr'><strong>celebrare,</strong></span> <span class='ocrx_word' id='word_1_765' title='bbox 3164 5133 3218 5180; x_wconf 92' lang='lat' dir='ltr'><strong>et</strong></span> <span class='ocrx_word' id='word_1_766' title='bbox 3256 5113 3402 5197; x_wconf 72' lang='lat' dir='ltr'><strong>qiiod</strong></span> <span class='ocrx_word' id='word_1_767' title='bbox 3440 5127 3561 5182; x_wconf 90' lang='lat' dir='ltr'><strong>illo-</strong></span> 
     </span>
    </p>
   </div>
   <div class='ocr_carea' id='block_1_114' title="bbox 1968 5216 3561 5291">
    <p class='ocr_par' dir='ltr' id='par_1_114' title="bbox 1968 5216 3561 5291">
     <span class='ocr_line' id='line_1_114' title="bbox 1968 5216 3561 5291; baseline -0.001 -14"><span class='ocrx_word' id='word_1_768' title='bbox 1968 5237 2095 5277; x_wconf 89' lang='lat' dir='ltr'><strong>rum</strong></span> <span class='ocrx_word' id='word_1_769' title='bbox 2117 5219 2365 5277; x_wconf 83' lang='lat' dir='ltr'><strong>ofﬁcium</strong></span> <span class='ocrx_word' id='word_1_770' title='bbox 2392 5219 2620 5274; x_wconf 89' lang='lat' dir='ltr'><strong>minime</strong></span> <span class='ocrx_word' id='word_1_771' title='bbox 2650 5218 3051 5291; x_wconf 90' lang='lat' dir='ltr'><strong>suscipiendum</strong></span> <span class='ocrx_word' id='word_1_772' title='bbox 3076 5216 3239 5283; x_wconf 89' lang='lat' dir='ltr'><strong>foret,</strong></span> <span class='ocrx_word' id='word_1_773' title='bbox 3272 5218 3452 5273; x_wconf 91' lang='lat' dir='ltr'><strong>dicere</strong></span> <span class='ocrx_word' id='word_1_774' title='bbox 3475 5234 3561 5275; x_wconf 86' lang='lat' dir='ltr'><strong>au-</strong></span> 
     </span>
    </p>
   </div>
   <div class='ocr_carea' id='block_1_115' title="bbox 1969 5311 3559 5386">
    <p class='ocr_par' dir='ltr' id='par_1_115' title="bbox 1969 5311 3559 5386">
     <span class='ocr_line' id='line_1_115' title="bbox 1969 5311 3559 5386; baseline -0.002 -16"><span class='ocrx_word' id='word_1_775' title='bbox 1969 5331 2063 5370; x_wconf 89' lang='lat' dir='ltr'><strong>sus</strong></span> <span class='ocrx_word' id='word_1_776' title='bbox 2103 5314 2282 5371; x_wconf 86' lang='lat' dir='ltr'><strong>fuerit.</strong></span> <span class='ocrx_word' id='word_1_777' title='bbox 2329 5314 2489 5386; x_wconf 89' lang='lat' dir='ltr'><strong>Quod</strong></span> <span class='ocrx_word' id='word_1_778' title='bbox 2533 5312 2656 5385; x_wconf 88' lang='lat' dir='ltr'><strong>quia</strong></span> <span class='ocrx_word' id='word_1_779' title='bbox 2686 5313 2848 5368; x_wconf 88' lang='lat' dir='ltr'><strong>nobis</strong></span> <span class='ocrx_word' id='word_1_780' title='bbox 2897 5312 3049 5368; x_wconf 88' lang='lat' dir='ltr'><strong>valde</strong></span> <span class='ocrx_word' id='word_1_781' title='bbox 3096 5311 3362 5379; x_wconf 90' lang='lat' dir='ltr'><strong>terribile,</strong></span> <span class='ocrx_word' id='word_1_782' title='bbox 3408 5320 3483 5379; x_wconf 89' lang='lat' dir='ltr'><strong>et,</strong></span> <span class='ocrx_word' id='word_1_783' title='bbox 3513 5313 3559 5367; x_wconf 90' lang='lat' dir='ltr'><strong>si</strong></span> 
     </span>
    </p>
   </div>
   <div class='ocr_carea' id='block_1_116' title="bbox 1970 5403 3558 5477">
    <p class='ocr_par' dir='ltr' id='par_1_116' title="bbox 1970 5403 3558 5477">
     <span class='ocr_line' id='line_1_116' title="bbox 1970 5403 3558 5477; baseline 0 -16"><span class='ocrx_word' id='word_1_784' title='bbox 1970 5422 2159 5462; x_wconf 90' lang='lat' dir='ltr'><strong>verum</strong></span> <span class='ocrx_word' id='word_1_785' title='bbox 2229 5416 2341 5476; x_wconf 89' lang='lat' dir='ltr'><strong>est,</strong></span> <span class='ocrx_word' id='word_1_786' title='bbox 2410 5406 2567 5463; x_wconf 88' lang='lat' dir='ltr'><strong>omni</strong></span> <span class='ocrx_word' id='word_1_787' title='bbox 2640 5405 2818 5477; x_wconf 89' lang='lat' dir='ltr'><strong>rigore</strong></span> <span class='ocrx_word' id='word_1_788' title='bbox 2904 5405 3183 5461; x_wconf 61' lang='lat' dir='ltr'><strong>canonica</strong></span> <span class='ocrx_word' id='word_1_789' title='bbox 3255 5403 3558 5461; x_wconf 88' lang='lat' dir='ltr'><strong>severitatis</strong></span> 
     </span>
    </p>
   </div>
   <div class='ocr_carea' id='block_1_117' title="bbox 1964 5497 3559 5571">
    <p class='ocr_par' dir='ltr' id='par_1_117' title="bbox 1964 5497 3559 5571">
     <span class='ocr_line' id='line_1_117' title="bbox 1964 5497 3559 5571; baseline -0.001 -16"><span class='ocrx_word' id='word_1_790' title='bbox 1964 5499 2350 5571; x_wconf 88' lang='lat' dir='ltr'><strong>vindicandum</strong></span> <span class='ocrx_word' id='word_1_791' title='bbox 2376 5516 2493 5556; x_wconf 89' lang='lat' dir='ltr'><strong>esse</strong></span> <span class='ocrx_word' id='word_1_792' title='bbox 2518 5499 2753 5570; x_wconf 82' lang='lat' dir='ltr'><strong>videtur,</strong></span> <span class='ocrx_word' id='word_1_793' title='bbox 2784 5498 3181 5555; x_wconf 85' lang='lat' dir='ltr'><strong>fraternitatem</strong></span> <span class='ocrx_word' id='word_1_794' title='bbox 3209 5505 3364 5553; x_wconf 88' lang='lat' dir='ltr'><strong>tuam</strong></span> <span class='ocrx_word' id='word_1_795' title='bbox 3404 5497 3559 5553; x_wconf 88' lang='lat' dir='ltr'><strong>solli-</strong></span> 
     </span>
    </p>
   </div>
   <div class='ocr_carea' id='block_1_118' title="bbox 1965 5591 3548 5666">
    <p class='ocr_par' dir='ltr' id='par_1_118' title="bbox 1965 5591 3548 5666">
     <span class='ocr_line' id='line_1_118' title="bbox 1965 5591 3548 5666; baseline -0.003 -16"><span class='ocrx_word' id='word_1_796' title='bbox 1965 5594 2068 5651; x_wconf 92' lang='lat' dir='ltr'><strong>cite</strong></span> <span class='ocrx_word' id='word_1_797' title='bbox 2097 5594 2257 5666; x_wconf 88' lang='lat' dir='ltr'><strong>hujus</strong></span> <span class='ocrx_word' id='word_1_798' title='bbox 2284 5593 2364 5649; x_wconf 91' lang='lat' dir='ltr'><strong>rei</strong></span> <span class='ocrx_word' id='word_1_799' title='bbox 2396 5594 2680 5650; x_wconf 87' lang='lat' dir='ltr'><strong>veritatem</strong></span> <span class='ocrx_word' id='word_1_800' title='bbox 2709 5592 2988 5665; x_wconf 89' lang='lat' dir='ltr'><strong>inquirere</strong></span> <span class='ocrx_word' id='word_1_801' title='bbox 3031 5591 3395 5648; x_wconf 86' lang='lat' dir='ltr'><strong>admonemus</strong></span> <span class='ocrx_word' id='word_1_802' title='bbox 3429 5609 3444 5646; x_wconf 89' lang='lat'><strong>:</strong></span> <span class='ocrx_word' id='word_1_803' title='bbox 3474 5598 3548 5658; x_wconf 88' lang='lat' dir='ltr'><strong>et,</strong></span> 
     </span>
    </p>
   </div>
   <div class='ocr_carea' id='block_1_119' title="bbox 1964 5687 3555 5757">
    <p class='ocr_par' dir='ltr' id='par_1_119' title="bbox 1964 5687 3555 5757">
     <span class='ocr_line' id='line_1_119' title="bbox 1964 5687 3555 5757; baseline -0.004 -12"><span class='ocrx_word' id='word_1_804' title='bbox 1964 5688 2007 5745; x_wconf 92' lang='lat' dir='ltr'><strong>si</strong></span> <span class='ocrx_word' id='word_1_805' title='bbox 2037 5704 2132 5744; x_wconf 89' lang='lat' dir='ltr'><strong>eos</strong></span> <span class='ocrx_word' id='word_1_806' title='bbox 2173 5688 2241 5745; x_wconf 88' lang='lat' dir='ltr'><strong>ad</strong></span> <span class='ocrx_word' id='word_1_807' title='bbox 2271 5695 2485 5743; x_wconf 87' lang='lat' dir='ltr'><strong>tantam</strong></span> <span class='ocrx_word' id='word_1_808' title='bbox 2514 5687 2895 5744; x_wconf 87' lang='lat' dir='ltr'><strong>crudelitatem</strong></span> <span class='ocrx_word' id='word_1_809' title='bbox 2939 5687 3137 5757; x_wconf 89' lang='lat' dir='ltr'><strong>impias</strong></span> <span class='ocrx_word' id='word_1_810' title='bbox 3180 5700 3377 5741; x_wconf 89' lang='lat' dir='ltr'><strong>manus</strong></span> <span class='ocrx_word' id='word_1_811' title='bbox 3424 5696 3555 5739; x_wconf 89' lang='lat' dir='ltr'><strong>suas</strong></span> 
     </span>
    </p>
   </div>
   <div class='ocr_carea' id='block_1_120' title="bbox 1965 5778 3554 5854">
    <p class='ocr_par' dir='ltr' id='par_1_120' title="bbox 1965 5778 3554 5854">
     <span class='ocr_line' id='line_1_120' title="bbox 1965 5778 3554 5854; baseline -0.006 -15"><span class='ocrx_word' id='word_1_812' title='bbox 1965 5781 2271 5839; x_wconf 80' lang='lat' dir='ltr'><strong>extendisse</strong></span> <span class='ocrx_word' id='word_1_813' title='bbox 2295 5781 2638 5854; x_wconf 86' lang='lat' dir='ltr'><strong>cognoveris,</strong></span> <span class='ocrx_word' id='word_1_814' title='bbox 2667 5781 2736 5836; x_wconf 86' lang='lat' dir='ltr'><strong>ab</strong></span> <span class='ocrx_word' id='word_1_815' title='bbox 2774 5780 3002 5835; x_wconf 89' lang='lat' dir='ltr'><strong>introitu</strong></span> <span class='ocrx_word' id='word_1_816' title='bbox 3028 5788 3083 5835; x_wconf 90' lang='lat' dir='ltr'><strong>et</strong></span> <span class='ocrx_word' id='word_1_817' title='bbox 3120 5778 3272 5833; x_wconf 90' lang='lat' dir='ltr'><strong>omni</strong></span> <span class='ocrx_word' id='word_1_818' title='bbox 3303 5790 3554 5831; x_wconf 89' lang='lat' dir='ltr'><strong>commu-</strong></span> 
     </span>
    </p>
   </div>
   <div class='ocr_carea' id='block_1_121' title="bbox 1957 5866 3553 5944">
    <p class='ocr_par' dir='ltr' id='par_1_121' title="bbox 1957 5866 3553 5944">
     <span class='ocr_line' id='line_1_121' title="bbox 1957 5866 3553 5944; baseline -0.007 -9"><span class='ocrx_word' id='word_1_819' title='bbox 1957 5876 2119 5935; x_wconf 88' lang='lat' dir='ltr'><strong>nione</strong></span> <span class='ocrx_word' id='word_1_820' title='bbox 2163 5876 2402 5934; x_wconf 69' lang='lat' dir='ltr'><strong>ecclesia:</strong></span> <span class='ocrx_word' id='word_1_821' title='bbox 2445 5883 2704 5931; x_wconf 88' lang='lat' dir='ltr'><strong>auctores</strong></span> <span class='ocrx_word' id='word_1_822' title='bbox 2732 5870 2928 5944; x_wconf 85' lang='lat' dir='ltr'><strong>pariter</strong></span> <span class='ocrx_word' id='word_1_823' title='bbox 2972 5880 3025 5927; x_wconf 85' lang='lat' dir='ltr'><strong>et</strong></span> <span class='ocrx_word' id='word_1_824' title='bbox 3066 5868 3357 5939; x_wconf 90' lang='lat' dir='ltr'><strong>complices</strong></span> <span class='ocrx_word' id='word_1_825' title='bbox 3387 5866 3553 5937; x_wconf 72' lang='lat' dir='ltr'><strong>hujus</strong></span> 
     </span>
    </p>
   </div>
  </div>
