4074 6172
507 320 614 375 475

1195 320 1251 376 S.
1291 315 1609 374 GREGORII
1647 314 1738 369 VII
1776 311 1970 368 ΡΑΡᾹΞ
2008 304 2284 364 OPERUM
2320 305 2492 362 PARS

2554 348 2565 361 .
2613 334 2674 345 —
2712 302 3114 359 REGISTRUM.
3694 300 3793 355 476

510 443 728 502 sceleris
774 459 1021 517 separare
1058 458 1172 498 non
1213 441 1466 507 differas,
1510 449 1566 496 et
1601 437 1763 495 nobis
1807 426 1972 509 h'ujus
2014 434 2097 490 rei
2127 437 2180 500 Α
2280 434 2422 487 Data
2464 428 2791 497 Bibianello,
2840 436 3033 487 octavo
3061 424 3194 483 ldus
3220 425 3450 499 Aprilis,
3495 423 3797 483 indictione

510 538 914 604 certitudinem,
945 553 1161 593 necnon
1189 535 1457 608 quidquid
1494 532 1563 591 de
1591 532 1957 606 superioribus
1980 546 2106 587 cau-

514 633 589 690 sis
613 633 872 690 effectum
902 630 1084 695 fuerit,
1120 645 1216 701 per
1245 630 1453 686 litteras
1488 638 1610 685 tuas
1647 643 1813 700 quam
1846 624 2105 682 citissime

513 726 689 798 possis
735 724 977 779 indicare
1024 722 1202 779 stude.
1260 725 1344 780 De
1388 733 1589 780 caetero
1643 735 1905 794 rogamus
1949 728 2002 774 te
2050 726 2106 774 et

511 819 750 874 multum
804 817 1166 872 admonemus
1209 825 1270 873 ut
1318 817 1577 873 omnibus
1629 814 1999 871 confratribus
2049 820 2105 867 et

511 909 847 982 coepiscopis
888 910 997 966 tuis
1026 926 1123 983 per
1151 919 1325 967 totam
1374 911 1661 966 Franciam
1712 924 1776 964 ex
1806 905 2103 980 apostolica

510 1004 838 1083 auctoritate
866 1004 1169 1077 signiﬁces,
1207 1013 1476 1076 quatenus
1511 1013 1564 1059 et
1592 1004 1697 1059 illis
1732 1000 2104 1059 sacerdotibus

512 1098 603 1169 qui
658 1114 689 1153 a
737 1098 1069 1169 turpitudine
1116 1097 1496 1153 fornicationis
1543 1112 1753 1153 cessare
1797 1094 2102 1160 noluerint,

510 1190 752 1247 ofﬁcium
800 1191 965 1246 sacris
999 1191 1263 1247 altaribus
1291 1190 1638 1246 ministrandi
1688 1189 1902 1261 penitus
1931 1188 2101 1243 inter-

512 1283 719 1351 dicant,
744 1293 799 1339 et
820 1296 878 1339 tu
903 1284 1017 1355 ipse
1055 1283 1109 1339 in
1138 1286 1293 1340 omni
1328 1286 1446 1340 loco
1472 1293 1528 1340 et
1564 1291 1832 1339 conventu
1873 1282 1926 1337 id
1961 1294 2102 1352 prae-

513 1377 693 1433 dicare
726 1393 841 1433 non
868 1393 1064 1434 cesses.
1098 1381 1169 1434 Et
1192 1379 1238 1433 si
1267 1378 1323 1433 in
1361 1378 1464 1433 hac
1500 1394 1559 1433 re
1583 1385 1677 1433 aut
1706 1376 1989 1448 episcopos
2016 1385 2105 1433 te-

512 1471 693 1542 pidos,
725 1479 819 1525 aut
846 1471 971 1526 illos
998 1472 1089 1543 qui
1121 1487 1399 1527 sacrorum
1422 1470 1682 1526 ordinum
1711 1486 1916 1526 nomen
1937 1479 1991 1526 et
2012 1469 2101 1526 of-

518 1562 708 1619 ﬁcium
739 1564 957 1636 indigne
992 1580 1093 1635 pro
1123 1564 1448 1637 supradictis
1482 1564 1806 1620 criminibus
1839 1579 2103 1636 usurpare

514 1666 877 1729 praesumunt,
916 1658 1142 1713 rebelles
1167 1675 1283 1714 esse
1311 1657 1653 1731 cognoveris,
1693 1658 1845 1712 omni
1876 1658 2102 1730 populo,

512 1765 584 1807 ne
621 1766 815 1806 eorum
842 1751 1071 1807 ulterius
1106 1751 1349 1808 ofﬁcium
1379 1752 1637 1823 suscipiat
1665 1768 1732 1807 ex
1763 1760 1914 1823 parte
1958 1750 2102 1806 beati

2209 526 2421 584 decima
2450 525 2660 599 quinta.
2894 566 2897 577 λ

2718 629 3073 685 EPISTOLA
3111 627 3298 683 XXII.

2435 748 2519 792 AD
2561 748 2866 792 HUGONEM
2908 747 3244 789 EPISCOPUM
3283 744 3576 787 DIBNSBH.

2802 833 2983 893 (Anno
3024 832 3204 892 1077.)

2211 933 2472 1003 Praecipit
2498 938 2562 988 ut
2589 936 2906 1003 congregata
2934 931 3135 1001 synodo
3165 932 3529 1000 episcome
3558 929 3799 1003 Francia:

2281 1001 2447 1059 causa
2501 1001 2892 1060 Cameracensis
2947 1004 3100 1057 electi
3149 1003 3500 1068 discutiatur,
3546 1001 3642 1069 qui
3677 1004 3801 1069 post

2279 1079 2367 1130 sui
2407 1077 2701 1144 legitimam
2725 1077 3022 1130 electionem
3069 1075 3450 1127 investituram
3477 1072 3545 1125 ab
3579 1072 3803 1126 Henrico

2280 1162 2402 1215 rege
2447 1151 2741 1217 acceperat,
2773 1149 3025 1215 ignorans
3066 1150 3115 1199 et
3153 1160 3325 1213 regem
3368 1144 3799 1217 ecceommunica-

2281 1214 2418 1282 tum,
2448 1224 2499 1273 et
2526 1214 2832 1286 hujusmodi
2865 1218 3237 1270 iiwestitu-ram
3278 1231 3312 1268 a
3335 1216 3583 1284 pontiﬁce
3604 1214 3800 1282 prohi-

2285 1290 2467 1342 bitam.
2503 1290 2654 1355 Quod
2680 1291 2731 1343 si
2768 1290 2851 1342 ita
2881 1303 2988 1341 esse
3009 1286 3372 1358 jurejurando
3415 1287 3797 1358 afﬁrmumfit,

2286 1361 2401 1429 ejus
2443 1361 2745 1414 electionem
2782 1357 3057 1428 conﬁrmat
3099 1376 3114 1410 :
3155 1358 3377 1429 vultque
3405 1362 3466 1410 ut
3502 1359 3561 1410 in
3589 1357 3804 1429 concilio

2284 1427 2454 1485 causa:
2484 1427 3250 1485 nonnullarumEcclesiarum
3289 1428 3640 1496 deﬁniuntur,
3687 1427 3805 1482 Clu-

2280 1504 2539 1556 niacensis
2564 1502 2731 1556 abbas
2751 1502 2825 1555 ad
2852 1501 3116 1569 synodum
3142 1504 3348 1554 vocetur
3364 1515 3467 1567 pro
3496 1501 3801 1569 Arvernen-

2279 1575 2354 1627 sis
2404 1574 2648 1628 Ecclesia:
2691 1588 2854 1627 causa
2873 1568 2893 1641 ;’
2934 1576 2986 1625 et
3016 1573 3162 1624 inter
3210 1576 3401 1623 caetera
3430 1569 3695 1641 decretum
3740 1568 3806 1623 de

2279 1660 2387 1698 non
2406 1644 2726 1714 accipiendis
2752 1640 3087 1698 inveStitum‘s
3107 1658 3141 1695 a
3163 1642 3315 1695 laicis
3332 1640 3729 1710 promulgatur.

2285 1749 2638 1805 Gnnconms
2662 1748 2974 1819 episcopus,
3004 1761 3192 1801 servus
3210 1759 3496 1800 servorum
3525 1743 3652 1809 Dei,
3678 1745 3802 1798 Hu-

514 1844 662 1900 Petri
708 1853 763 1900 et
800 1854 992 1902 nostra
1020 1846 1317 1918 apostolica
1348 1813 1673 1902 auctoritate
1698 1813 1902 1917 ubique
1932 1845 2105 1900 inter-
2139 1813 2187 1874 Β
2216 1858 2364 1900 Gom
2391 1843 2674 1899 venerabili
2699 1813 2892 1899 Dien'si
2922 1842 3195 1914 episcopo,
3234 1840 3466 1896 salutem
3498 1845 3553 1893 et
3580 1845 3801 1910 aposto-

515 1937 686 1997 dicas.
727 1947 786 1993 ut
814 1939 896 1994 vel
953 1939 1057 1995 hoc
1105 1939 1273 1995 modo
1318 1937 1526 1995 confusi
1571 1938 1640 1994 ad
1670 1939 2107 1994 emendationem

516 2031 643 2088 vita
668 2048 802 2098 sua},
834 2041 887 2087 et
908 2033 977 2089 ad
999 2034 1304 2088 castitatem
1333 2032 1601 2105 religiosa:
1625 2032 2002 2099 continentia,
2028 2048 2111 2087 re-

513 2124 633 2181 dire
652 2134 936 2193 cogantur.
965 2133 1082 2196 Age
1110 2142 1238 2197 ergo
1264 2134 1325 2181 ut
1349 2134 1535 2181 sancta
1565 2134 1619 2180 et
1643 2126 1965 2181 universalis
1994 2141 2111 2181 ma-

514 2224 596 2273 ter
624 2217 861 2273 Ecclesia
889 2226 944 2273 te
984 2217 1203 2273 ﬁdelem
1246 2218 1565 2273 ministrum
1603 2225 1658 2273 et
1698 2227 2110 2288 cooperatorem

515 2320 741 2379 nostrae,
762 2310 878 2365 imo
898 2312 1233 2382 apostolicae,
1266 2311 1668 2376 sollicitudinis,
1704 2314 1820 2366 Deo
1839 2310 2112 2382 adjuvan-

514 2412 591 2472 te,
635 2412 946 2476 cognoscat,
979 2414 1033 2459 et
1078 2403 1262 2469 nobis,
1312 2405 1458 2476 quod
1507 2404 1661 2459 valde
1706 2403 2108 2473 desideramus,

514 2496 586 2553 de
616 2498 863 2553 libertate
890 2506 945 2553 et
972 2496 1155 2554 fructu
1186 2498 1267 2553 tui
1296 2498 1650 2554 sacerdotalis
1679 2497 1846 2553 ofﬁcii
1869 2497 1938 2552 ad
1968 2514 2108 2569 prae-

516 2605 642 2646 sens
669 2590 925 2662 gaudere,
959 2600 1015 2646 et
1041 2592 1099 2646 in
1125 2600 1405 2663 posterum
1432 2607 1526 2663 per
1549 2591 1984 2648 misericordiam
2005 2592 2111 2648 Dei

517 2684 858 2741 conﬁdenter
884 2701 1105 2756 sperare
1132 2700 1288 2756 posse
1318 2685 1617 2755 proveniat.

588 2781 728 2833 Data
752 2778 1079 2846 Bibianello,
1112 2793 1232 2834 vm
1254 2778 1533 2835 Kalendas
1560 2779 1784 2852 Aprilis,
1816 2779 2113 2836 indictione

519 2871 731 2928 decima
786 2858 993 2944 quinta.

1043 2966 1399 3021 EPISTOLA
1438 2967 1599 3021 ΧΧΙ.

663 3093 745 3133 AD
782 3092 1203 3136 HEBIMANNUH
1237 3092 1583 3135 EPISCOPUM
1612 3093 1965 3134 METENSEM.

1110 3184 1301 3248 (Anno
1340 3185 1525 3248 1077.)

526 3293 822 3349 Committit
860 3293 909 3346 ei
943 3308 1161 3347 causam
1200 3293 1342 3347 inter
1370 3294 1670 3362 episcopum
1700 3293 2033 3348 Leodiensem
2062 3298 2113 3348 et

592 3364 840 3419 abbatem
867 3365 1055 3420 Sancti
1084 3366 1381 3426 Laurentii,
1421 3367 1519 3434 qui
1546 3382 1579 3418 a
1603 3365 1745 3419 dicto
1770 3368 2009 3433 episcopo
2045 3365 2110 3419 de

592 3437 906 3491 monasterio
940 3452 1033 3491 suo
1059 3436 1253 3506 ejectus
1299 3436 1373 3491 ad
1409 3437 1586 3491 sedem
1629 3436 1975 3507 apostolicam
2010 3453 2112 3507 ap-

590 3507 914 3577 pellaverat.

591 3621 953 3679 Gnnconrns
969 3622 1278 3695 episc0pus,
1296 3638 1482 3679 servus
1501 3637 1786 3679 servorum
1807 3621 1933 3691 Dei,
1951 3624 2116 3678 Hear-

520 3730 705 3768 ΜΔΝΝο
746 3716 985 3771 Metensi
1035 3718 1314 3788 episcopo,
1363 3718 1602 3772 salutem
1648 3725 1705 3771 et
1754 3716 2110 3788 apostolicam

520 3804 981 3863 benedictionem.

593 3899 953 3955 Praesentium
980 3890 1241 3973 ‘portitor
1283 3901 1593 3958 litterarum
1650 3903 1902 3976 Vulpodo
1948 3903 2115 3959 abbas

524 3992 847 4048 monasterii
887 3994 1063 4048 sancti
1092 3994 1371 4050 Laurentii
1413 3994 1601 4050 Leodii
1643 3995 1713 4051 ad
1752 4011 1855 4051 nos
1891 3996 2115 4051 veniens

522 4086 715 4142 multis
743 4086 1226 4158 supplicationibus
1267 4103 1371 4142 nos
1407 4088 1657 4143 exoravit
1693 4096 1961 4159 quatenus
1986 4103 2115 4143 eum

524 4179 672 4251 apud
698 4179 1016 4251 episcopum
1049 4180 1426 4249 Leodiensem,
1458 4182 1552 4253 qui
1577 4197 1706 4236 eum
1735 4180 1803 4237 de
1832 4190 2114 4237 monaste-

522 4274 605 4329 rio
636 4289 736 4329 suo
756 4273 1007 4344 ejecerat,
1030 4282 1092 4330 ut
1113 4273 1441 4329 clementius
1471 4274 1531 4330 in
1557 4276 1715 4330 illum
1739 4283 1943 4345 ageret,
1975 4290 2114 4346 apo-

524 4367 733 4423 stolicis
761 4368 1155 4424 interventibus
1195 4366 1505 4439 juvaremus
1552 4387 1566 4425 :
1609 4377 1826 4425 tantum
1856 4370 2014 4424 nobis
2043 4368 2113 4425 de

524 4477 690 4518 causa
714 4477 809 4519 sua
840 4460 1092 4517 indicans
1122 4461 1273 4533 quod
1300 4461 1366 4518 de
1395 4462 1623 4534 objectis
1650 4463 1755 4517 sibi
1785 4462 2116 4533 respondere

524 4564 752 4625 paratus
788 4552 985 4622 fuerit;
1028 4554 1125 4611 sed
1170 4555 1370 4627 legales
1400 4554 1759 4625 respondendi
1809 4564 1866 4610 et
1912 4571 2109 4627 expur-

527 4647 688 4720 gandi
713 4663 769 4702 se
797 4647 1043 4704 inducias
1075 4647 1275 4704 habere
1308 4637 1626 4704 nullatenus
1650 4649 1909 4721 potuerit,
1939 4665 2110 4720 quan-

526 4754 695 4810 quam
726 4755 820 4795 eas
851 4740 956 4796 sub
992 4742 1274 4796 vocatione
1308 4741 1476 4796 divini
1518 4741 1757 4797 nominis
1786 4750 1840 4797 et
1866 4736 2115 4813 respectu

525 4832 674 4887 beati
705 4833 851 4888 Petri
878 4834 1169 4905 quaesierit.
1213 4834 1515 4905 Episcopus
1549 4845 1732 4891 autem
1772 4835 1922 4906 prius
1954 4833 2117 4891 nobis

524 4925 584 4980 in
609 4925 836 4996 epistola
866 4940 964 4981 sua
990 4927 1244 4997 quaedam
1274 4926 1490 4998 indigna
1540 4927 1608 4983 de
1634 4929 1750 4999 ejus
1790 4930 2004 4986 actibus
2029 4928 2113 4983 in-

526 5016 819 5075 dicaverat.
849 5021 927 5076 Ut
956 5020 1126 5090 igitur
1150 5020 1206 5074 in
1236 5018 1343 5075 hac
1367 5020 1727 5093 ambiguitate
1755 5023 1929 5078 neutri
1968 5021 2118 5094 quod

518 5111 734 5184 justum
765 5121 855 5168 est
885 5114 1154 5185 denegare
1186 5104 1495 5181 videamur,
1524 5111 1933 5170 fraternitatem
1963 5123 2117 5170 tuam

526 5221 810 5277 rogamus,
845 5214 901 5261 et
930 5205 1227 5277 apostolica
1260 5207 1585 5262 auctoritate
1630 5216 1691 5262 ut
1718 5206 1864 5263 hanc
1891 5222 2115 5263 causam

528 5298 789 5371 suscipiat
816 5298 1205 5365 admonemus,
1232 5307 1287 5354 et
1327 5315 1450 5355 eam
1488 5299 1735 5370 diligenti
1766 5300 2115 5370 inquisitione

524 5392 904 5463 percognitam
941 5408 1008 5448 eo
1037 5391 1232 5449 ordine
1260 5407 1368 5465 quo
1394 5392 1656 5448 canonica
1684 5392 1933 5447 instituta
1976 5409 2115 5464 pra:-

528 5484 743 5555 cipiunt
770 5486 993 5541 tractari
1022 5494 1079 5541 et
1104 5485 1320 5542 deﬁniri
1364 5485 1529 5542 faciat
1561 5504 1575 5543 :
1632 5501 1934 5558 procurans
1962 5487 2118 5559 equi-

525 5577 652 5634 dem
683 5586 746 5632 ut
770 5579 872 5634 iste
898 5594 1025 5634 cum
1069 5587 1225 5635 tanto
1270 5580 1650 5637 moderamine
1673 5588 1729 5637 et
1757 5579 1862 5636 sibi
1899 5596 2116 5636 conser-

530 5680 651 5726 vata
688 5671 905 5744 justitia
945 5672 1016 5728 ad
1066 5673 1402 5729 audientiam
1454 5672 1802 5742 admittatur,
1848 5682 2119 5746 quatenus

524 5780 636 5821 non
679 5766 957 5822 incassum
1009 5767 1370 5839 apostolicam
1417 5767 1852 5826 misericordiam
1897 5775 1953 5824 et
1998 5768 2119 5840 ejus

523 5856 786 5933 suffragia
813 5860 1079 5933 quaesisse
1106 5860 1378 5919 videatur.

2142 4598 2193 4661 D

2216 1938 2377 1993 licam
2431 1938 2893 1993 benedictionem.

2287 2032 2564 2087 Gerardus
2602 2031 3011 2089 Cameracensis
3060 2031 3261 2086 electus
3313 2028 3381 2084 ad
3424 2043 3529 2083 nos
3585 2026 3807 2082 veniens

2214 2125 2443 2196 qualiter
2484 2125 2535 2180 in
2567 2124 2755 2180 eadem
2799 2123 3173 2181 Cameracensi
3221 2121 3463 2177 Ecclesia
3510 2120 3578 2176 ad
3622 2120 3805 2175 locum

2222 2219 2500 2291 regiminis
2540 2218 2846 2291 assignatus
2875 2218 2946 2273 sit
2984 2224 3233 2289 prompta
3274 2216 3429 2271 nobis
3454 2212 3805 2270 confessione

2219 2311 2611 2379 manifestavit,
2638 2328 2750 2366 non
2775 2311 3046 2383 denegans
3077 2319 3201 2383 post
3228 2309 3424 2366 factam
3459 2308 3589 2363 cieri
3618 2315 3672 2363 et
3702 2321 3800 2379 po-

2219 2405 2329 2477 puli
2350 2406 2671 2461 electionem
2701 2404 2915 2461 donum
2945 2403 3285 2476 episcopatus
3310 2403 3379 2459 ab
3412 2402 3652 2458 Henrico
3678 2415 3809 2471 rege

2218 2514 2275 2555 se
2318 2499 2585 2570 accepisse
2632 2519 2643 2554 :
2698 2498 3079 2555 defensionem
3124 2506 3309 2553 autem
3364 2510 3698 2567 proponens,
3750 2501 3809 2548 et

2219 2594 2457 2648 multum
2500 2592 2659 2648 nobis
2715 2591 2984 2655 offerens,
3032 2608 3089 2646 se
3142 2606 3317 2662 neque
3363 2588 3652 2644 decretum
3698 2603 3806 2643 no-

2222 2695 2404 2742 strum
2451 2686 2521 2742 de
2550 2685 2912 2758 prohibitione
2963 2684 3281 2758 hujusmodi
3312 2681 3662 2754 acceptionis,
3706 2697 3808 2736 nec

2218 2780 2394 2852 ipsum
2426 2780 2725 2836 Henricum
2765 2796 2950 2852 regem
2996 2795 3027 2835 a
3069 2779 3232 2834 nobis
3272 2775 3807 2833 excommunicatum

2220 2873 2406 2942 fuisse,
2453 2873 2628 2945 aliqua
2674 2880 2819 2929 certa
2850 2871 3290 2927 manifestatione
3334 2869 3673 2942 cognovisse.
3706 2868 3807 2924 Cui

2220 2984 2350 3024 cum
2385 2982 2488 3022 nos
2526 2967 2789 3039 congruis
2828 2966 3134 3021 rationibus
3160 2962 3587 3021 ostenderemus
3633 2977 3801 3034 quam

2221 3077 2381 3134 grave
2408 3069 2568 3126 esset,
2605 3061 2767 3115 etiam
2795 3059 2945 3115 omni
2985 3059 3291 3132 ignorantia
3320 3073 3449 3114 eum
3485 3064 3808 3123 excusante,

2141 3141 2188 3205 C
2220 3162 2424 3212 sancta:
2453 3154 2768 3226 apostolicae
2809 3152 2958 3209 sedis
2988 3152 3254 3226 synodale
3294 3151 3576 3208 decretum
3618 3159 3809 3207 trans—

2216 3248 2397 3322 gredi,
2455 3256 2511 3302 et
2563 3246 2878 3319 hujusmodi
2931 3246 3345 3318 participatione
3397 3260 3527 3301 cum
3584 3243 3810 3301 homine

2217 3341 2690 3398 excommunicato
2744 3340 3163 3406 commaculari,
3223 3338 3296 3395 ad
3352 3337 3802 3396 satisfaciendum

2218 3444 2506 3508 promptus
2539 3434 2743 3491 donum
2781 3434 2930 3507 quod
2959 3434 3235 3506 accepisse
3270 3433 3415 3489 visus
3443 3440 3527 3488 est
3550 3433 3812 3489 continuo

2218 3527 2270 3583 in
2300 3544 2497 3584 manus
2525 3537 2741 3584 nostras
2765 3527 3045 3594 refutavit,
3076 3535 3131 3583 et
3150 3527 3374 3583 omnino
3402 3542 3621 3583 causam
3652 3541 3813 3581 suam

2216 3631 2407 3679 nostro
2440 3621 2646 3694 judicio
2692 3637 2816 3678 cum
2848 3622 2929 3677 sui
2977 3620 3143 3693 ipsius
3186 3620 3254 3677 ad
3301 3636 3523 3676 omnem
3554 3620 3815 3676 volunta-

2219 3725 2331 3773 tem
2384 3726 2626 3773 nostram
2674 3715 3011 3787 subiectione
3054 3723 3109 3770 et
3162 3714 3519 3770 obauditione
3568 3713 3807 3786 reliquit.

2219 3813 2328 3866 Pro
2374 3811 2532 3882 cujus
2560 3809 2966 3875 humiliatione,
2997 3817 3053 3864 et
3093 3808 3334 3864 maxime
3364 3807 3621 3880 quoniam
3650 3822 3814 3863 cano-

2220 3903 2397 3958 nicam
2447 3903 2769 3959 electionem
2795 3901 2854 3957 in
2895 3917 2960 3957 eo
2992 3901 3327 3971 praecessisse
3360 3901 3691 3964 audivimus,
3743 3900 3815 3956 ad

2221 3994 2655 4052 misericordiam
2686 3995 2826 4052 moti
2855 4011 3064 4060 sumus,
3091 4004 3166 4063 et,
3202 3995 3395 4051 conﬁsi
3417 3996 3473 4050 in
3499 3993 3813 4050 testimonio

2223 4090 2371 4162 quod
2401 4089 2650 4146 nonnulli
2686 4088 3026 4145 confratrum
3071 4097 3393 4145 nostrorum
3430 4088 3816 4159 episcoporum

2222 4198 2348 4239 cum
2379 4184 2563 4239 multis
2591 4199 2689 4254 pro
2718 4199 2784 4238 eo
2814 4181 3301 4255 supplicationibus
3324 4180 3391 4237 ad
3418 4196 3518 4236 nos
3560 4196 3655 4253 per
3699 4179 3813 4251 epi-

2224 4278 2390 4331 stolas
2418 4292 2542 4332 suas
2569 4275 2906 4341 direxerunt,
2958 4275 3209 4331 videlicet
3252 4274 3397 4347 quod
3444 4276 3562 4345 ejus
3604 4288 3817 4345 prace-

2221 4368 2353 4425 dens
2380 4371 2486 4425 vita
2526 4377 2581 4424 et
2606 4369 2949 4425 conversatio
2994 4370 3232 4424 multum
3262 4368 3491 4424 honesta
3519 4375 3574 4422 et
3618 4365 3814 4421 lauda-

2225 4463 2347 4517 bilis
2377 4463 2560 4529 fuerit,
2591 4461 2660 4516 ad
2690 4464 3092 4533 promotionem
3123 4462 3241 4534 ejus
3268 4462 3518 4518 discretae
3559 4458 3817 4515 modera-

2223 4555 2388 4611 tionis
2430 4555 2866 4611 consideratione
2894 4572 3182 4612 assensum
3232 4555 3477 4626 preebere
3506 4570 3618 4609 non
3663 4551 3815 4608 indi-

2222 4664 2390 4719 gnum
2410 4649 2683 4706 duximus.
2701 4653 2963 4705 Attamen
2980 4666 3050 4704 ne
3071 4648 3216 4705 istud
3234 4648 3373 4715 aliis,
3396 4663 3631 4720 quorum
3647 4661 3815 4702 causa

2228 4751 2284 4799 et
2312 4742 2654 4799 conversatio
2683 4742 2810 4799 huic
2841 4744 2998 4815 longe
3025 4741 3308 4797 dissimilis
3335 4750 3390 4796 et
3409 4741 3587 4812 impar
3605 4740 3815 4795 consti-

2228 4837 2376 4906 terit,
2399 4837 2471 4893 ad
2498 4838 2808 4909 exemplum
2831 4836 2910 4891 vel
2939 4836 3287 4892 occasionem
3316 4833 3624 4907 quaerendae
3653 4832 3820 4888 mise-

2226 4930 2477 4986 ricordia
2522 4930 2576 4984 in
2617 4938 2898 5000 posterum
2946 4928 3065 4985 fore
3093 4928 3387 4995 debuisset,
3436 4925 3571 4983 illud
3612 4926 3818 4982 consti-

2225 5022 2452 5090 tuimus,
2494 5031 2557 5078 ut
2594 5038 2781 5079 coram
2809 5031 2865 5077 te
2909 5030 2963 5077 et
3004 5020 3284 5077 confratre
3321 5029 3510 5077 nostro
3558 5020 3817 5075 Remensi

2228 5115 2635 5189 archiepiscopo
2670 5120 2725 5171 et
2778 5115 2899 5170 aliis
2935 5114 3493 5185 comprovincialibus
3535 5113 3809 5184 episc0pis

2226 5208 2297 5264 ita
2321 5224 2378 5264 se
2405 5225 2498 5279 per
2521 5216 2927 5264 sacramentum
2953 5223 3185 5285 purgare
3206 5207 3420 5275 debeat,
3444 5206 3592 5278 quod
3612 5206 3660 5261 ei
3684 5214 3818 5262 ante

2226 5302 2594 5373 acceptionem
2630 5302 2804 5369 illam,
2834 5310 2910 5368 et,
2937 5310 2999 5358 ut
3025 5301 3246 5369 dicitur,
3286 5300 3662 5356 investituram
3703 5300 3818 5372 epi-

2225 5403 2480 5466 scopatus
2497 5410 2682 5465 regem
2707 5396 3248 5453 excommunicatum
3277 5392 3468 5459 fuisse,
3494 5403 3549 5449 et
3570 5393 3703 5449 illud
3730 5392 3820 5449 de-

2223 5496 2435 5545 cretum
2466 5496 2720 5544 nostrum
2749 5487 2817 5544 de
2858 5488 3225 5560 prohibitione
3253 5486 3637 5560 hujuscemodi
3668 5486 3815 5541 inve-

2226 5579 2425 5647 stiendi
2461 5589 2515 5635 et
2542 5579 2841 5652 accipiendi
2881 5581 3174 5650 Ecclesias,
3222 5596 3403 5652 neque
3451 5596 3547 5653 per
3575 5580 3817 5652 legatum

2224 5683 2497 5738 nostrum,
2525 5689 2704 5745 neque
2727 5674 2798 5731 ab
2834 5674 3012 5747 aliqua
3043 5690 3275 5747 persona
3306 5689 3431 5745 Quae
3458 5690 3516 5730 se
3541 5674 3620 5730 his
3644 5680 3819 5729 statu-

2227 5768 2299 5825 tis
2337 5766 2647 5825 interfuisse
2685 5777 2739 5824 et
2763 5783 2824 5825 ea
2867 5769 3085 5825 audisse
3125 5767 3411 5835 fateretur,
3450 5767 3817 5839 signiﬁcatum

2228 5869 2286 5919 et
2323 5861 2701 5920 indubitanter
2735 5861 3083 5919 notiﬁcatum
3126 5860 3307 5920 fuerit.
3338 5861 3687 5934 Quapropter
3711 5859 3818 5917 ad-
