4074 6172
258 308 367 366 4⁸77
1345 312 1540 368 LIBER
1580 311 1829 381 QUARTI

1954 342 2021 357 —-
2062 313 2268 370 EPIST.
2310 313 2486 371 XXIII.
3398 355 3405 360 -
3464 323 3569 380 478

254 447 561 493 monemus
583 433 984 491 fraternitatem
1028 442 1183 494 tuam
1213 446 1273 493 ut
1318 436 1614 494 concilium
1644 438 1698 493 in
1743 453 1862 510 par-
1890 441 1942 506 Α
1970 436 2288 495 fraternitas
2308 439 2519 514 agenda
2546 440 2786 514 suscepit
2809 439 2915 498 hoc
2942 443 3309 502 attentissime
3335 459 3571 519 perpen-

253 529 405 585 tibus
452 529 564 585 illis
604 543 904 585 convocare
933 538 989 586 et
1016 531 1291 588 celebrare
1330 532 1569 601 studeas,
1622 533 1859 590 maxime
1969 532 2065 589 dat
2093 543 2148 589 et
2165 536 2385 607 exsequi
2406 534 2649 605 studeat,
2671 542 2733 594 ut
2753 538 3097 610 congregatis
3121 538 3402 609 omnibus,
3427 551 3483 597 et
3508 540 3571 597 in

251 622 485 696 quidem
513 640 642 679 cum
669 640 938 680 consensu
966 633 1018 679 et
1052 626 1282 681 consilio
1311 627 1454 698 regis
1492 629 1855 696 Francorum,
1965 637 2239 683 conventu
2269 627 2652 696 residentibus,
2694 628 2985 686 manifesta
3015 640 3069 687 et
3113 635 3427 703 personanti
3473 634 3567 691 de-

247 718 297 772 si
340 716 461 772 ﬁeri
495 725 690 789 potest.
724 719 782 773 Si
812 727 1000 773 autem
1030 719 1209 791 aliqua
1240 721 1528 776 occasione
1558 721 1613 775 in
1641 720 1694 775 id
1724 737 1854 776 con-
1964 720 2313 776 nuntiatione
2342 722 2631 779 interdicat
2658 731 2740 788 ut,
2780 740 2878 795 pro
2905 725 3282 781 conservanda
3310 728 3568 800 deinceps

246 810 462 866 sentire
503 811 758 879 noluerit,
787 812 846 866 in
894 813 1223 883 Lingonensi
1256 814 1493 870 Ecclesia
1527 824 1856 870 conventum
1962 814 2019 868 in
2048 816 2439 884 promovendis
2466 816 2731 887 episcopis
2758 818 3020 874 canonica
3059 827 3114 874 et
3136 820 3433 890 apostolica
3464 837 3562 877 au-

246 903 569 960 celebrandi
592 905 805 960 consilii
835 906 1105 975 instituas,
1140 914 1303 978 atque
1330 908 1435 963 hoc
1470 923 1595 963 cum
1624 908 1855 964 consilio
1962 907 2234 974 ctoritate,
2280 908 2463 964 nullus
2496 910 3070 981 metropolitanorum,
3101 920 3195 966 aut
3224 913 3405 985 quivis
3450 915 3563 985 epi-

248 1006 304 1054 et
334 997 598 1070 prudenti
648 997 1004 1070 dispositione
1043 998 1228 1055 fratris
1278 1001 1451 1056 nostri
1488 1002 1856 1073 Lingonensis
1962 1017 2284 1073 scaporum,
2313 1002 2500 1069 alicui,
2547 1004 2643 1074 qui
2682 1019 2714 1058 a
2747 1003 2886 1059 laica
2936 1020 3168 1075 persona
3199 1005 3412 1063 donum
3449 1008 3561 1078 epi-

246 1092 491 1165 episcopi
520 1090 710 1160 facias;
743 1093 923 1149 sciens
959 1093 1217 1164 quoniam
1247 1094 1305 1149 in
1343 1095 1603 1150 omnibus
1636 1096 1853 1152 ﬁdelem
1960 1104 2214 1166 scopatus
2257 1097 2576 1167 susceperit,
2617 1096 2686 1153 ad
2723 1096 3160 1153 consecrandum
3188 1099 3343 1154 illum
3386 1100 3562 1171 impo-

248 1186 571 1257 adjutorem
601 1194 655 1241 et
684 1195 1096 1258 cooperatorem
1126 1204 1240 1242 non
1271 1188 1449 1243 solum
1474 1188 1654 1257 nobis,
1679 1189 1773 1245 sed
1801 1197 1855 1245 et
1960 1204 2090 1245 nere
2120 1205 2350 1245 manum
2380 1190 2600 1258 audeat,
2625 1190 2731 1245 nisi
2753 1189 3034 1262 dignitatis
3062 1206 3176 1246 sua
3200 1190 3411 1247 honore
3438 1193 3560 1247 ofﬁ-

248 1278 322 1335 ihi
351 1283 536 1349 [forte.
567 1280 686 1335 tibi.
717 1282 942 1348 Hann]
969 1288 1024 1335 et
1054 1281 1309 1336 omnibus
1338 1281 1530 1354 legatis
1553 1284 1755 1337 nostris
1792 1299 1851 1340 se
1958 1281 2149 1353 cioque
2177 1298 2362 1338 carere
2390 1290 2444 1339 et
2483 1282 2598 1353 ipse
2642 1283 2787 1339 velit.
2832 1282 3098 1337 Similiter
3125 1283 3293 1338 etiam
3323 1293 3386 1338 ut
3409 1285 3558 1339 nulla

245 1370 511 1444 deinceps
540 1373 654 1429 fore
704 1374 979 1444 promisit,
1012 1381 1066 1429 et
1092 1390 1193 1430 nos
1219 1375 1278 1429 in
1322 1390 1387 1431 eo
1416 1376 1651 1431 multam
1697 1392 1851 1446 spem
1958 1382 2215 1446 potestas,
2264 1383 2357 1431 aut
2394 1375 2570 1447 aliqua
2599 1391 2853 1446 persona,
2882 1374 2951 1430 de
2990 1374 3303 1446 hujusmodi
3336 1376 3563 1431 honoris

246 1465 524 1521 habemus
549 1474 604 1522 et
627 1465 1134 1523 ﬁduciam.Comes
1162 1468 1325 1523 etiam
1357 1468 1632 1548 Tebaldus
1659 1486 1755 1541 per
1782 1470 1851 1525 le-
1955 1467 2249 1524 donatione
2292 1468 2374 1524 vel
2419 1470 2732 1539 acceptione
2791 1468 3019 1525 ulterius
3083 1483 3142 1524 se
3193 1469 3561 1525 intromittere

241 1566 401 1632 gatos
429 1574 563 1615 suos
591 1561 845 1616 eamdem
888 1561 1049 1617 nobis
1075 1562 1501 1632 promissionem
1542 1562 1686 1630 fecit,
1715 1572 1774 1619 ut
1801 1565 1849 1619 si
1955 1560 2167 1617 debeat.
2218 1561 2380 1631 Quod
2409 1562 2455 1617 si
2483 1563 2917 1634 prasumpserit.
2949 1561 3141 1617 eadem
3189 1562 3457 1618 sententia
3504 1570 3561 1617 et

239 1669 336 1709 rex
368 1653 580 1725 legatos
607 1662 827 1710 nostros
852 1654 1092 1725 recipere
1112 1655 1305 1723 nollet,
1333 1656 1451 1727 ipse
1476 1673 1603 1712 cum
1624 1674 1847 1714 summa
1955 1655 2444 1711 animadversionis
2507 1671 2736 1711 censura
2805 1671 2973 1727 quam
3030 1654 3223 1710 beatus
3278 1654 3559 1711 Adrianus

241 1746 538 1803 devotione
569 1748 852 1819 reciperet,
887 1757 943 1803 et
972 1749 1050 1803 eis
1079 1764 1305 1805 omnem
1344 1764 1511 1822 quam
1542 1759 1721 1821 posset
1748 1767 1847 1823 ap-
1875 1801 1922 1823 η
1955 1764 2112 1822 papa,
2145 1750 2205 1805 in
2234 1758 2424 1805 octava
2452 1749 2661 1821 synodo
2690 1754 2799 1815 (an.
2832 1753 2944 1816 22),
2970 1748 3038 1803 de
3066 1747 3388 1819 hujusmodi
3420 1764 3557 1819 pra-

895 1801 939 1803 κρ
981 1801 993 1803 ἡ
1028 1801 1046 1803 -
1347 1801 1511 1822 τπη
1543 1801 1720 1821 rw---
1749 1801 1814 1823 -τ
1955 1801 2112 1822 τντ-ή,
2453 1801 2654 1821 -,,-η-
2694 1801 2798 1815 .——-
2832 1801 2943 1816 ——,,
2977 1801 3030 1803 --
3420 1801 3528 1819 ,ηπ

242 1840 868 1898 titudinemcelebrandi
890 1841 1187 1914 synodum,
1213 1852 1269 1899 et
1286 1845 1845 1917 ecclesiasticaexqui-
1873 1801 1923 1865 B
1955 1842 2332 1914 sumptoribus
2381 1851 2435 1898 et
2505 1858 2674 1899 sacra
2736 1842 3084 1898 auctoritatis
3138 1842 3554 1912 corruptoribus

240 1934 394 1989 rendi
436 1935 678 2007 negotia,
712 1935 914 2001 locum,
945 1936 1242 1992 consilium
1272 1937 1644 2010 auxiliumque
1670 1940 1841 1998 daret.
1954 1938 2147 1991 statuit
2192 1944 2355 2008 atque
2382 1936 2643 2006 ﬁrmavit,
2674 1951 2730 1990 se
2768 1936 3055 1991 astrictum
3076 1952 3139 1991 ac
3179 1935 3408 2006 ligatum
3435 1934 3557 1992 fore

242 2027 410 2083 Stude
439 2044 570 2100 ergo
597 2037 659 2083 ut
688 2029 975 2100 prafatum
999 2030 1333 2087 confratrem
1354 2040 1609 2087 nostrum
1638 2033 1848 2107 Lingo—
1950 2039 2267 2103 cognoscat.
2303 2034 2425 2103 Quo
2446 2030 2687 2101 capitulo
2710 2030 2938 2101 scripto,
2975 2036 3139 2099 atque
3166 2029 3220 2083 in
3251 2029 3545 2098 prasentia

240 2136 467 2177 nensem
517 2122 837 2193 episcopum
868 2124 1178 2191 convenias,
1208 2133 1263 2180 et
1290 2126 1575 2181 communi
1615 2128 1845 2183 consilio
1950 2125 2207 2179 omnium
2230 2125 2393 2191 lecto,
2421 2123 2493 2179 ad
2512 2123 2977 2179 collaudationem
3001 2130 3059 2177 et
3073 2122 3550 2178 conﬁrmationem

240 2214 333 2269 ubi
384 2216 541 2271 vobis
570 2217 763 2272 melius
793 2216 1086 2285 videbitur,
1140 2218 1414 2291 synodum
1458 2220 1755 2288 instituite,
1789 2230 1845 2278 et
1961 2217 2083 2289 ejus
2134 2218 2454 2273 universum
2500 2225 2707 2273 catum
2735 2216 2877 2271 illius
2906 2230 3196 2272 consessus
3225 2214 3547 2271 admoneas.

239 2310 565 2365 convocatis
602 2309 732 2366 illuc
760 2311 1171 2383 archiepiscopo
1203 2314 1487 2382 Remensi,
1519 2323 1575 2370 et
1624 2316 1841 2371 cateris
1950 2313 2063 2368 Eos
2094 2319 2279 2368 autem
2321 2312 2415 2384 qui
2448 2319 2572 2382 post
2612 2310 2949 2366 recensitam
2999 2326 3030 2364 a
3068 2308 3231 2364 nobis
3269 2307 3433 2378 hujus
3456 2307 3548 2364 de-

238 2411 515 2474 quotquot
541 2404 717 2474 possis
739 2404 1166 2477 archiepiscopis
1191 2415 1248 2462 et
1279 2407 1544 2479 episcopis
1572 2410 1839 2477 Francia,
1949 2405 2084 2460 creti
2115 2406 2504 2461 auctoritatem
2534 2405 2921 2460 investituram
2948 2402 3292 2474 episcopatus
3320 2417 3417 2473 per
3438 2417 3551 2457 ma-

236 2496 421 2567 primo
463 2497 714 2553 omnium
764 2514 984 2554 causam
1034 2515 1196 2571 supra
1243 2502 1534 2556 memorati
1586 2503 1840 2559 Camera-
1946 2514 2053 2553 nus
2081 2500 2425 2556 sacularium
2447 2499 2809 2555 dominorum
2839 2505 2893 2552 et
2916 2504 3254 2568 potestatum
3293 2511 3547 2568 suscepe-

235 2590 416 2646 censis
459 2591 613 2646 electi
658 2590 933 2647 discutere
967 2592 1208 2661 studeas,
1262 2593 1511 2650 videlicet
1549 2604 1611 2650 ut
1646 2611 1847 2652 secun-
1944 2600 2096 2660 runt,
2127 2601 2181 2648 et
2212 2594 2302 2664 qui
2351 2594 2426 2648 eis
2463 2592 2517 2647 in
2559 2591 2966 2648 ordinationem
3008 2605 3235 2645 manum
3264 2591 3549 2661 imponere

235 2682 371 2739 dum
420 2684 795 2755 prascriptam
825 2687 1158 2742 sacramenti
1196 2685 1727 2745 determinationem
1783 2706 1843 2747 se
1945 2694 2438 2758 prasumpserunt,
2471 2684 2541 2740 ad
2573 2701 2675 2740 nos
2697 2701 2865 2756 super
2890 2682 2993 2738 hac
3030 2700 3089 2739 re
3111 2683 3381 2738 rationem
3421 2682 3545 2739 red-

235 2792 424 2831 coram
456 2777 717 2832 omnibus
740 2787 1022 2851 expurget;
1054 2788 1109 2835 et
1138 2780 1375 2851 insuper,
1416 2796 1488 2835 ne
1513 2781 1567 2835 in
1599 2791 1839 2839 mortem
1942 2779 2158 2835 dituros
2215 2780 2403 2835 venire
2456 2778 2751 2850 apostolica
2817 2777 3142 2833 auctoritate
3195 2791 3549 2832 commoneas

236 2869 384 2924 illius
430 2870 530 2940 qui
561 2870 615 2924 in
638 2871 820 2942 ignem
852 2872 1126 2945 proiectus
1165 2882 1249 2927 est
1293 2874 1652 2941 consenserit,
1684 2874 1737 2930 in
1761 2892 1844 2931 eo-
1941 2882 2103 2945 atque
2134 2872 2437 2945 pracipias.

234 2962 363 3019 dem
393 2978 451 3018 se
498 2972 846 3019 sacramento
889 2964 1162 3021 defendat.
1207 2965 1368 3036 Quod
1397 2967 1439 3022 si
1469 2967 1676 3023 factum
1723 2967 1842 3024 fue-
2010 2969 2155 3022 Data
2186 2966 2339 3039 juxta
2372 2965 2605 3031 Padum,
2638 2965 2697 3020 in
2728 2964 2848 3020 loco
2900 2964 2993 3036 qui
3038 2963 3243 3019 dicitur
3272 2962 3541 3030 Ficarolo,

236 3057 325 3124 rit,
384 3057 791 3129 pracedentem
864 3058 981 3130 ejus
1036 3059 1351 3116 electionem
1401 3061 1841 3119 conﬁrmandam
1948 3068 2145 3133 quarto
2177 3060 2308 3116 Idus
2338 3059 2490 3128 Maii,
2534 3058 2838 3114 indictione
2866 3057 3082 3114 decima
3113 3057 3324 3130 quinta.

234 3166 350 3207 esse
397 3152 695 3223 apostolica
722 3151 1101 3208 moderatione
1126 3153 1495 3223 decernimus,
1541 3164 1596 3211 et
1622 3164 1675 3212 te
1702 3173 1833 3213 cum
1868 3160 1913 3223 C
2445 3172 2799 3229 EPISTOLA
2826 3173 3044 3228 XXIII.

233 3244 508 3301 confratre
533 3255 722 3301 nostro
748 3246 1006 3302 Remensi
1032 3246 1439 3320 archiepiscopo
1465 3248 1535 3304 de
1560 3252 1677 3322 ejus
1696 3267 1830 3307 con-

232 3339 556 3407 secratione,
614 3348 776 3411 prout
817 3348 1053 3410 oportet,
1106 3348 1348 3397 statuere
1395 3342 1668 3412 volumus,
1730 3344 1831 3400 nisi

232 3430 367 3489 forte
397 3434 504 3489 alia
534 3433 791 3505 sibiqua
827 3449 931 3489 nos
985 3434 1305 3507 ignoramus
1350 3436 1683 3505 obstiterint;
1708 3451 1831 3509 qua

229 3535 419 3583 tamen
463 3527 525 3582 in
572 3528 909 3599 providentia
956 3537 1135 3585 vestra
1175 3529 1541 3585 examinanda
1568 3530 1829 3602 relinqui-

229 3637 371 3677 mus.
402 3620 547 3676 Illud
577 3637 707 3677 vero
732 3638 1028 3678 commune
1058 3623 1267 3678 malum
1298 3639 1433 3694 pene
1453 3624 1625 3679 totius
1647 3632 1828 3692 terra,

2048 3300 2133 3343 ΔΙ)
2167 3300 2551 3344 ΒΒΒΝΔΒΒῸΗ
2577 3300 2932 3351 ΒῙΑΟΟΝΠΠ,
2963 3299 3039 3341 ΒΤ
3065 3296 3447 3341 BBINABDUH

2579 3394 2901 3438 ABBATBI.

2541 3492 2726 3561 (Anno
2754 3491 2936 3557 1077.)

1947 3603 2014 3656 Ut
2058 3601 2127 3654 ab
2164 3603 2397 3656 Henrico
2423 3605 2476 3656 et
2503 3602 2784 3672 Rodulpho
2812 3600 3022 3669 regibus
3074 3601 3177 3654 iter
3218 3602 3396 3653 tutum
3439 3612 3534 3667 pe-

2014 3676 2149 3735 tant,
2168 3677 2228 3726 ut
2258 3673 2331 3726 ad
2364 3675 2764 3727 Teutonicorum
2786 3678 2970 3742 partes
2990 3686 3044 3726 se
3066 3672 3304 3738 conferre
3325 3672 3540 3740 possit:

230 3715 480 3771 videlicet
515 3713 665 3786 quod
693 3716 881 3771 altaria
918 3715 1248 3784 venduntur,
1277 3723 1330 3772 et
1352 3716 1501 3788 quod
1540 3718 1641 3773 iste
1664 3719 1828 3773 etiam
2258 3713 3301 3813 ῖηὲῖςῖίλξν’ἓτᾍξξῇίνηςξῇἒῖέίξ

228 3808 284 3863 in
311 3807 498 3864 ofﬁcio
528 3809 611 3864 sui
629 3808 1105 3865 archidiaconatus
1133 3825 1191 3864 se
1212 3808 1410 3866 fecisse
1438 3826 1549 3866 non
1578 3810 1828 3884 denegat,
2010 3807 2331 3881 inunicetur,
2391 3807 2441 3870 et
2494 3807 2655 3883 regni
2711 3807 3086 3885 jubernacuh‘s
3152 3813 3539 3876 interdicatur;

228 3917 297 3956 ne
347 3901 605 3974 deinceps
630 3902 742 3969 ﬁat,
772 3911 888 3958 tam
918 3903 1068 3972 huic,
1099 3920 1265 3975 quam
1294 3904 1511 3961 cateris
1550 3905 1829 3973 omnibus,

2011 3888 2108 3956 qui
2133 3901 2252 3941 vero
2275 3889 2538 3955 paruerit,
2568 3890 2625 3940 in
2645 3889 2793 3955 regia
2822 3887 3087 3954 dignitate
3109 3886 3467 3952 conﬁrmetur.

227 3994 870 4053 interdicito.Decatero
892 3996 1629 4055 admonemusdilectionem
1647 4007 1829 4066 tuam,
2009 3996 2361 4053 Gasoomus
2433 3996 2738 4069 episcopus,
2799 4012 2988 4052 servus
3044 4010 3333 4051 servorum
3410 3995 3537 4061 Dei,

230 4097 287 4143 ut
315 4089 557 4161 reliquas
582 4106 771 4147 causas
794 4099 849 4147 et
874 4093 1113 4164 negotia,
1145 4092 1397 4147 videlicet
1423 4092 1831 4148 Catalaunensis
1939 4093 2277 4147 Bsnrunno
2327 4100 2531 4147 sancta
2559 4094 2828 4147 Romana
2876 4089 3135 4146 Ecclesia
3182 4086 3435 4154 diacono,
3486 4096 3543 4143 et

226 4184 491 4255 episcopi,
541 4185 898 4241 Carnotensis
927 4186 1211 4252 Ecclesia,
1258 4185 1590 4252 Aniciensis,
1630 4187 1830 4243 Arver—
1941 4186 2277 4241 Bsnmnno
2294 4185 2618 4240 Massiliensi
2636 4184 2840 4251 abbati,
2866 4180 3540 4254 salutemetapostolicam

228 4279 436 4343 nensis,
478 4294 583 4333 nec
610 4294 723 4334 non
754 4280 1077 4335 monasterii
1103 4280 1291 4335 Sancti
1322 4278 1594 4352 Dionysii,
1635 4288 1689 4334 et
1726 4278 1829 4334 alia
1941 4277 2400 4335 benedictionem.

225 4386 349 4442 qua
400 4372 709 4427 necessaria
748 4372 1131 4427 ecclesiastica
1176 4372 1429 4445 religioni
1469 4372 1821 4443 apparuerint
2012 4371 2355 4426 Fraternitati
2408 4380 2600 4428 vestra
2647 4380 2844 4426 notum
2892 4386 3011 4427 esse
3056 4385 3169 4426 non
3208 4369 3540 4443 ambigimus

224 4479 325 4537 pro
354 4466 657 4521 commissa
688 4466 787 4521 tibi
817 4466 931 4521 vice
962 4474 1175 4533 nostra,
1207 4474 1478 4538 quantum
1508 4468 1628 4520 Deo
1657 4465 1820 4520 auxi-
1848 4515 1899 4538 η
1929 4464 2052 4536 quia
2064 4463 2189 4519 ideo
2209 4464 2276 4519 ab
2295 4464 2447 4521 Urbe
2467 4464 2653 4521 conﬁsi
2673 4464 2740 4520 de
2786 4464 2885 4518 Dei
2911 4462 3296 4518 misericordia
3343 4472 3398 4517 et
3435 4462 3540 4517 ad-

225 4515 398 4613 lriante
425 4559 690 4629 potueris,
718 4559 795 4615 ita
829 4558 1120 4631 diligenter
1166 4515 1402 4615 tractare
1448 4567 1502 4614 et
1532 4558 1603 4615 ad
1649 4559 1819 4615 ﬁnem
1848 4515 1901 4577 Β
1923 4515 2134 4627 ἴυιοτίο
2162 4557 2305 4612 beati
2337 4558 2488 4612 Petri
2526 4557 2725 4629 egressi
2754 4572 2968 4624 sumus,
3015 4564 3079 4612 ut
3113 4556 3179 4611 ad
3212 4555 3537 4611 Teutonico-

226 4651 529 4723 perducere
568 4651 809 4719 studeas,
835 4660 1107 4723 quatenus
1148 4653 1206 4707 in
1242 4652 1319 4707 eis
1345 4660 1537 4707 nostra
1565 4652 1824 4723 deinceps
1931 4666 2053 4705 rum
2076 4659 2276 4722 partes,
2308 4650 2668 4722 composituri
2696 4651 2845 4706 inter
2882 4665 2977 4706 eos
3008 4649 3094 4720 (ad
3134 4650 3406 4706 honorem
3431 4650 3536 4705 Dei

224 4745 405 4816 possit
450 4743 761 4800 sollicitudo
790 4753 844 4800 et
894 4744 1053 4817 longa
1082 4744 1328 4817 fatigatio
1358 4744 1653 4806 sublevari.
1708 4748 1821 4801 νο·
1929 4751 1985 4798 et
2011 4744 2304 4800 utilitatem
2350 4751 2555 4800 sancta
2583 4743 2861 4812 Ecclesia)
2903 4758 3111 4815 pacem,
3142 4744 3535 4799 transiremus.

226 4839 413 4895 lumus
440 4838 611 4894 etiam
655 4846 719 4893 ut
741 4837 971 4894 fratrem
1020 4847 1278 4895 nostrum
1322 4841 1618 4911 Hugonem
1664 4854 1823 4895 vene~
1928 4838 2032 4895 Sed
2060 4838 2186 4909 quia
2217 4836 2515 4893 defuerunt
2542 4837 2636 4909 qui
2666 4853 2767 4893 nos
2787 4837 3092 4893 secundum
3120 4837 3267 4909 quod
3299 4837 3531 4908 disposi-

226 4932 459 4988 rabilem
523 4933 941 4987 Cluniacensem
1000 4930 1255 4988 abbatem
1336 4939 1517 4987 tecum
1610 4933 1823 5005 synodo
1926 4941 2045 4988 tum
2073 4939 2188 4987 erat
2218 4930 2609 4999 conducerent,
2637 4930 2885 5002 impediti
2912 4930 3146 4987 adventu
3164 4931 3308 5002 regis
3334 4931 3392 4986 in
3422 4933 3536 4986 Ita-

225 5028 490 5083 interesse
517 5042 581 5082 ex
610 5034 798 5081 nostra
829 5033 981 5097 parte
1011 5026 1293 5099 convitare
1318 5024 1568 5098 rogando
1601 5034 1655 5081 et
1680 5027 1820 5081 mul-
1926 5026 2074 5093 liam,
2111 5024 2169 5080 in
2215 5022 2601 5096 Longobardia
2634 5025 2775 5080 inter
2820 5023 3074 5081 inimicos
3103 5024 3407 5081 Chrstiana
3444 5040 3531 5081 re-

228 5130 343 5176 tum
365 5120 627 5177 instando
646 5135 928 5192 procures,
949 5136 1074 5176 cum
1102 5129 1327 5191 propter
1346 5120 1451 5176 alia
1471 5120 1668 5186 multa,
1694 5128 1815 5176 tum
1922 5118 2142 5191 ligionis
2182 5134 2300 5175 non
2344 5119 2465 5173 sine
2505 5134 2708 5190 magno
2749 5119 2993 5192 periculo
3040 5118 3428 5185 remansimus,
3478 5126 3535 5173 et

226 5215 470 5271 maxime
500 5222 564 5270 ut
604 5229 767 5269 causa
799 5214 1165 5269 Arvernensis
1194 5213 1449 5269 Ecclesia
1477 5214 1817 5283 competenti
1924 5213 2123 5282 adhuc,
2168 5213 2310 5270 sicut
2353 5210 2747 5281 desideramus,
2798 5212 2937 5268 ultra
2992 5222 3211 5269 montes
3263 5210 3529 5284 proﬁcisci

224 5317 279 5363 et
305 5308 467 5363 ﬁrma
495 5306 966 5364 determinatione
993 5323 1121 5363 cum
1156 5308 1261 5363 Dei
1290 5316 1345 5362 et
1367 5306 1516 5362 illius
1538 5306 1817 5377 adjutorio
1924 5307 2295 5379 nequivimus.
2341 5307 2611 5377 Quocirca
2660 5322 2951 5363 monemus
2997 5323 3116 5374 vos,
3170 5314 3226 5362 et
3277 5323 3343 5362 ex
3378 5313 3531 5378 parte

225 5401 469 5457 ﬁniatur.
500 5400 843 5459 Conﬁdimus
871 5401 1020 5457 enim
1072 5401 1132 5456 in
1172 5399 1553 5457 misericordia
1593 5401 1716 5467 Dei,
1761 5409 1819 5456 et
1922 5397 2065 5454 beati
2120 5400 2270 5455 Petri
2318 5400 2667 5473 pracipimus
2713 5409 2794 5466 ut,
2826 5399 2952 5456 fulti
2994 5400 3317 5457 auctoritate
3365 5398 3529 5471 hujus

222 5495 641 5552 conversatione
692 5494 817 5550 vita
862 5494 1003 5566 ejus,
1043 5493 1190 5566 quod
1241 5494 1444 5549 nullius
1486 5493 1811 5565 deprecatio,
1924 5494 2103 5549 nostri
2132 5494 2408 5565 praecepti,
2439 5504 2737 5567 nostraque
2765 5494 2881 5551 vice
2910 5495 2980 5550 ab
3009 5493 3203 5551 eodem
3244 5493 3529 5565 apostolo-

224 5590 428 5645 nullius
466 5588 620 5645 favor
656 5598 753 5644 aut
778 5588 976 5660 gratia,
1010 5602 1113 5643 nec
1163 5587 1345 5660 aliqua
1377 5603 1601 5658 prorsus
1627 5603 1813 5659 perso-
1920 5602 2043 5643 rum
2098 5586 2338 5660 principe
2373 5587 2625 5657 accincti,
2667 5596 2962 5661 utrumque
2991 5604 3198 5661 regem,
3225 5588 3526 5644 Henricum

219 5684 363 5741 nalis
392 5684 639 5755 acceptio
668 5698 795 5738 eum
847 5698 878 5737 ει
917 5681 1138 5737 tramite
1177 5680 1516 5737 rectitudinis
1537 5681 1815 5737 dimovere
1920 5680 2170 5738 videlicet
2197 5691 2360 5755 atque
2398 5683 2781 5754 Rodulphum,
2829 5681 3227 5738 commoneatis
3256 5689 3525 5753 quatenus

223 5778 439 5850 poterit.
470 5778 528 5834 Si
557 5776 730 5849 igitur
755 5775 943 5831 divina
970 5774 1257 5831 clementia
1289 5774 1418 5830 huic
1444 5783 1652 5830 nostra
1701 5775 1811 5832 dis-
1918 5776 2067 5832 viam
2095 5776 2398 5833 nobisilluc
2427 5793 2618 5833 secure
2643 5776 2959 5832 transeundi
2982 5775 3247 5847 aperiant,
3282 5782 3338 5831 et
3369 5771 3522 5843 adju-

222 5872 484 5945 positioni
526 5870 788 5929 effectum
836 5868 1065 5937 dederit,
1108 5869 1255 5924 inter
1301 5876 1497 5924 catera
1548 5884 1671 5941 qua
1719 5878 1812 5925 tua
1916 5871 2123 5928 torium
2152 5879 2313 5944 atque
2336 5870 2601 5929 ducatum
2630 5885 2728 5942 per
2754 5869 2893 5924 tales
2921 5882 3187 5940 personas
3226 5866 3296 5923 de
3318 5865 3523 5938 quibus
