4074 6172
519 337 619 393 479

1202 334 1256 388 S.
1299 333 1622 388 GREGORII
1663 332 1750 386 VII
1789 331 1984 386 PAPJE
2025 329 2119 385 OPl

2228 329 2295 385 1M
2332 329 2505 386 PARS
2547 332 2588 387 Ι.
2628 361 2699 374 --
2735 333 3137 390 REGISTRUM.

3710 337 3812 391 480

515 473 613 517 vos
639 460 780 516 bene
822 458 1120 526 conﬁditis,
1153 439 1450 527 praebeant,
1487 466 1550 512 ut
1577 457 1680 513 iter
1708 456 1866 513 nobis
1904 456 2118 513 Christo
2151 460 2204 524 Α
2233 454 2406 512 nardo
2436 455 2616 513 abbati
2650 458 2900 531 religioso
2932 459 3285 516 Massiliensis
3315 459 3654 525 monasterii,
3683 473 3822 530 pra.

517 563 837 626 protegente
884 559 1084 624 pateat.
1117 550 1504 608 Desideramus
1535 553 1685 608 enim
1714 565 1839 607 cum
1888 551 2119 607 consilio

517 641 1035 716 clericorumatque
1063 644 1326 700 laicorum
1357 645 1607 716 ejusdem
1647 646 1823 718 regni,
1865 645 1957 717 qui
2004 649 2121 701 Do-

519 741 735 797 minum
765 739 962 793 timent
1005 745 1059 793 et
1087 736 1343 810 diligunt,
1381 754 1604 795 causam
1649 739 1796 796 inter
1844 755 1958 804 eos,
2000 743 2119 796 Deo

520 834 755 900 favente,
809 832 1085 889 discutere
1131 852 1144 889 :
1181 841 1235 889 et
1262 834 1420 906 cujus
1467 835 1608 906 parti
1664 835 1843 907 magis
1871 835 1938 891 ad
1969 838 2119 908 regni

519 928 883 1002 gubernacula
907 926 1120 998 justitia
1148 927 1297 984 favet
1334 929 1734 985 demonstrare.
1783 930 1944 986 Scitis
1973 930 2119 985 enim

517 1023 641 1092 quia
664 1023 834 1076 nostri
867 1020 1030 1076 ofﬁcii
1062 1030 1116 1077 et
1144 1022 1455 1092 apostolica
1480 1022 1624 1078 sedis
1654 1031 1735 1077 est
1761 1022 2119 1094 providentia

517 1115 730 1187 majora
776 1114 1142 1170 Ecclesiarum
1185 1115 1405 1187 negotia
1453 1115 1744 1183 discutere,
1787 1124 1840 1171 et
1881 1115 2120 1172 dictante

513 1208 726 1280 justitia
764 1207 1012 1262 deﬁnire.
1044 1210 1164 1263 Hoc
1212 1217 1395 1264 autem
1428 1210 1577 1280 quod
1617 1210 1764 1264 inter
1801 1225 1894 1265 eos
1943 1211 2120 1281 agitur

518 1301 797 1373 negotium
841 1309 1004 1357 tanta
1035 1301 1311 1373 gravitatis
1361 1310 1444 1357 est
1489 1302 1737 1374 tantique
1771 1304 2012 1375 periculi,
2058 1313 2119 1360 ut

518 1395 562 1450 si
590 1411 618 1450 a
660 1395 816 1449 nobis
865 1394 1028 1449 fuerit
1073 1395 1252 1466 aliqua
1293 1397 1577 1451 occasione
1626 1396 1957 1468 neglectum,
2005 1413 2116 1453 non

519 1488 698 1543 solum
727 1487 827 1544 illis
867 1497 920 1543 et
950 1487 1133 1551 nobis,
1167 1488 1262 1543 sed
1309 1489 1474 1543 etiam
1519 1489 1814 1544 universali
1861 1490 2116 1546 Ecclesia

519 1596 782 1650 magnum
827 1588 881 1636 et
907 1581 1249 1637 lamentabile
1295 1582 1470 1652 pariat
1511 1581 1926 1639 detrimentum.
1969 1585 2116 1652 Qua-

520 1682 742 1744 propter
771 1674 812 1728 si
835 1673 1092 1729 alteruter
1123 1674 1513 1745 pradictorum
1541 1691 1732 1748 regum
1763 1675 1890 1731 huic
1917 1685 2120 1733 nostra

518 1767 782 1823 voluntati
811 1783 875 1821 ac
899 1767 1288 1823 deliberationi
1317 1784 1508 1839 parere
1536 1777 1590 1824 et
1611 1769 1679 1824 ad
1701 1777 1877 1825 vestra
1903 1771 2112 1825 monita

2227 549 2462 622 cipimus
2511 560 2572 607 ut
2616 561 2914 626 utrumque
2961 570 3168 627 regem,
3224 553 3531 611 Henricum
3576 552 3819 608 videlicet

2227 654 2282 700 et
2308 645 2681 717 Rodulphum,
2727 657 2824 704 aut
2869 665 2965 720 per
2990 664 3048 705 se
3088 657 3183 704 aut
3219 664 3314 718 per
3338 647 3568 703 idoneos
3595 648 3821 703 nuntios

2226 738 2552 795 admoneant
2579 749 2850 812 quatenus
2876 743 3023 797 viam
3052 741 3208 810 mihi,
3237 758 3334 813 pro
3356 740 3699 798 discutiendo
3727 757 3821 796 ne—

2226 833 2375 904 gotio
2404 833 2550 904 quod
2589 837 2820 906 peccatis
2847 835 3180 891 facientibus
3203 837 3346 891 inter
3388 850 3481 890 eos
3506 843 3691 891 ortum
3716 843 3818 903 est,

2225 927 2292 982 ad
2322 943 2436 996 vos,
2471 931 2586 983 Deo
2618 928 2852 998 favente,
2890 946 3077 986 secure
3105 929 3356 985 veniendi
3403 929 3706 1000 praebeant.
3755 931 3823 984 In

2226 1037 2424 1092 magna
2454 1022 2602 1077 enim
2632 1023 2854 1078 tristitia
2876 1032 2928 1079 et
2957 1023 3148 1079 dolore
3168 1039 3265 1078 cor
3291 1031 3544 1078 nostrum
3565 1022 3817 1090 ﬂuctuat,

2225 1115 2268 1168 si
2298 1130 2395 1184 per
2431 1115 2590 1170 unius
2615 1115 2862 1172 hominis
2890 1117 3200 1188 superbiam
3230 1123 3314 1171 tot
3342 1116 3507 1170 millia
3534 1114 3822 1171 hominum

2223 1207 2656 1265 Christianorum
2706 1210 2994 1281 temporali
3037 1217 3090 1265 et
3130 1219 3350 1265 atema
3388 1209 3557 1264 morti
3587 1207 3819 1264 tradun-

2223 1309 2334 1369 tur,
2377 1310 2432 1356 et
2476 1302 2782 1358 Christiana
2809 1304 2998 1375 religio
3041 1299 3420 1366 confunditur,
3470 1305 3820 1357 Romanum-

2225 1409 2330 1464 que
2365 1395 2659 1466 imperium
2684 1395 2751 1452 ad
2781 1395 3144 1467 perditionem
3186 1395 3523 1466 perducitur.
3571 1396 3824 1466 Uterque

2225 1503 2461 1558 namque
2509 1505 2604 1546 rex
2650 1505 2679 1543 a
2720 1490 2901 1557 nobis,
2945 1489 3058 1545 imo
3097 1489 3166 1545 ab
3211 1487 3506 1560 apostolica
3547 1486 3696 1556 sede,
3735 1487 3825 1544 cui

2226 1580 2351 1636 licet
2398 1580 2608 1652 indigni
2653 1582 3035 1653 prasidemus,
3078 1581 3417 1654 adjutorium
3463 1579 3706 1652 requirit.
3753 1582 3829 1634 Et

2224 1689 2340 1741 nos,
2391 1673 2459 1730 de
2488 1675 2862 1731 misericordia
2894 1675 3287 1746 omnipotentis
3331 1675 3428 1729 Dei
3473 1682 3528 1729 et
3553 1673 3827 1745 adjutorio

2225 1767 2367 1823 beati
2414 1768 2559 1823 Petri
2607 1768 2959 1834 conﬁdentes,
3010 1769 3182 1840 parati
3228 1784 3421 1824 sumus
3468 1782 3597 1823 cum
3645 1777 3826 1822 vestro

517 1861 704 1917 locum
732 1861 861 1916 dare
890 1863 1148 1928 renuerit,
1181 1837 1450 1934 suamque
1478 1862 1782 1934 superbiam
1822 1873 1984 1936 atque
2012 1880 2112 1919 cu~
2151 1837 2198 1898 B
2227 1861 2476 1929 consilio,
2507 1861 2598 1932 qui
2623 1865 2801 1917 Deum
2831 1837 3036 1918 timetis
3065 1870 3119 1917 et
3151 1860 3514 1917 Christianam
3541 1858 3704 1916 ﬁdem
3733 1858 3828 1946 di:

521 1953 771 2026 piditatis
800 1953 944 2012 faces
965 1964 1158 2011 contra
1188 1955 1456 2012 honorem
1488 1956 1587 2010 Dei
1614 1956 2002 2028 omnipotentis
2030 1973 2114 2013 ac-

520 2047 784 2115 cendens,
851 2048 922 2104 ad
999 2048 1393 2105 desolationem
1462 2051 1633 2106 totius
1700 2051 1939 2106 Romani
2010 2051 2114 2107 im-

522 2142 652 2211 perii
703 2141 961 2197 anhelare
1007 2143 1314 2211 tentaverit,
1359 2144 1619 2199 omnibus
1650 2144 1829 2199 modis
1857 2145 2118 2218 omnique

521 2235 745 2306 ingenio
773 2250 946 2306 usque
982 2235 1050 2291 ad
1082 2245 1343 2306 mortem,
1376 2237 1419 2292 si
1463 2245 1699 2309 oportet,
1743 2247 1938 2294 nostra
1981 2240 2116 2308 vice,

523 2330 634 2383 imo
681 2327 826 2384 beati
870 2330 1014 2384 Petri
1058 2331 1396 2400 auctoritate,
1447 2331 1493 2386 ei
1535 2330 1795 2399 resistite,
1847 2341 1901 2388 et
1949 2333 2120 2389 totius

521 2423 670 2495 regni
713 2422 1078 2496 gubernacula
1120 2423 1540 2479 contradicendo
1588 2433 1701 2479 tam
1744 2424 1918 2494 illum,
1951 2441 2119 2498 quam

521 2531 714 2572 omnes
760 2516 860 2572 sibi
905 2518 1314 2573 consentientes
1346 2534 1374 2572 a
1429 2518 1839 2590 participatione
1877 2519 2121 2590 corporis

521 2615 576 2664 et
600 2610 881 2681 sanguinis
911 2609 1133 2666 Domini
1182 2610 1358 2666 nostri
1410 2613 1539 2666 Jesu
1569 2612 1790 2678 Christi,
1823 2619 1877 2666 et
1904 2628 1935 2668 a
1979 2612 2119 2667 limi-

525 2706 688 2764 nibus
726 2715 926 2762 sanctae
954 2707 1212 2763 Ecclesia
1260 2717 1510 2780 separate
1560 2727 1571 2763 :
1622 2709 1752 2764 illud
1782 2725 1998 2781 semper
2028 2708 2120 2765 ha-

525 2802 714 2857 bentes
741 2800 796 2854 in
846 2802 1112 2856 memoria
1153 2801 1281 2872 quia
1328 2802 1506 2857 scelus
1536 2801 1862 2859 idololatria
1891 2803 2123 2859 incurrit

525 2893 617 2965 qui
673 2894 988 2965 apostolica
1044 2893 1158 2950 sedi
1219 2894 1441 2950 obedire
1490 2897 1818 2965 contemnit,
1867 2905 1921 2951 et
1967 2895 2119 2968 quod

521 2985 714 3042 beatus
740 2986 1040 3058 Gregorius
1069 2985 1263 3043 doctor
1310 2996 1531 3044 sanctus
1571 2997 1626 3043 et
1649 2989 1989 3045 humillimus
2030 2989 2121 3045 de-

522 3079 693 3135 crevit
738 3095 891 3152 reges
929 3097 959 3135 a
1009 3096 1106 3136 sua
1148 3080 1412 3153 dignitate
1466 3081 1682 3148 cadere,
1731 3083 1776 3137 si
1829 3083 2122 3139 temerario

2226 1954 2414 2026 ligitis,
2458 1955 2771 2026 aequitatem
2803 1972 2980 2012 causa
3023 1956 3279 2027 utrinque
3323 1954 3640 2021 decernere,
3671 1961 3726 2011 et
3773 1951 3825 2009 ει

2224 2049 2467 2120 prabere
2497 2049 2758 2105 auxilium
2801 2051 2888 2105 cui
2912 2049 3126 2122 justitia
3165 2048 3235 2105 ad
3264 2049 3418 2122 regni
3455 2046 3824 2119 gubernacula

2224 2140 2408 2197 favere
2454 2142 2805 2214 dignoscitur.
2845 2145 3208 2215 Quapropter,
3254 2143 3299 2197 si
3337 2142 3598 2197 alteruter
3633 2155 3826 2196 eorum

2227 2235 2476 2308 superbia
2518 2236 2741 2291 inﬂatus
2783 2236 2962 2308 aliquo
3013 2237 3233 2308 ingenio
3276 2235 3574 2307 quominus
3612 2233 3679 2290 ad
3727 2248 3826 2289 vos

2229 2329 2430 2399 venire:
2451 2331 2728 2401 possimus
2768 2330 3062 2397 obstiterit;
3108 2339 3164 2386 et
3192 2329 3260 2386 de
3309 2345 3408 2385 sua
3454 2327 3716 2400 iniustitia
3759 2327 3828 2382 ti—

2231 2438 2385 2478 mens
2404 2422 2672 2495 judicium
2722 2425 2891 2479 sancti
2916 2424 3149 2495 Spiritus
3193 2422 3473 2494 refugerit,
3502 2420 3827 2478 inobediens

2230 2515 2407 2572 factus
2446 2517 2756 2573 resistendo
2782 2525 2986 2574 sancta
3015 2527 3068 2572 et
3110 2516 3409 2573 universali
3451 2515 3611 2571 matri
3636 2515 3825 2571 Eccle-

2229 2610 2346 2678 sia,
2387 2610 2530 2666 hunc
2559 2612 2703 2667 velut
2741 2612 3058 2667 membrum
3087 2609 3435 2678 Antichristi,
3477 2619 3534 2666 et
3557 2607 3832 2664 desolato-

2231 2720 2350 2759 rem
2393 2704 2718 2760 Christiana
2767 2704 3072 2776 religionis,
3107 2703 3470 2771 contemnite,
3496 2711 3554 2758 et
3591 2711 3820 2758 senten-

2233 2799 2389 2867 tiam,
2419 2815 2582 2870 quam
2609 2798 2781 2854 nostri
2811 2798 2972 2871 legati
3005 2807 3193 2854 contra
3223 2813 3350 2854 eum
3378 2805 3564 2853 nostra
3596 2797 3708 2852 vice
3735 2795 3832 2852 de-

2234 2891 2442 2960 derint,
2494 2899 2812 2948 conservate
2846 2910 2860 2947 :
2891 2894 3125 2947 scientes
3150 2893 3274 2963 quia
3307 2895 3443 2946 Deus
3468 2891 3708 2961 superbis
3735 2905 3830 2942 re-

2233 2989 2402 3052 sistit,
2437 2988 2729 3040 humilibus
2751 2991 2928 3041 autem
2953 2987 3054 3040 dat
3085 2988 3325 3055 gratiam
3351 2988 3482 3052 (Jac.
3516 2988 3623 3050 1v).
3655 2982 3829 3038 Alteri

2233 3094 2357 3134 vero
2396 3080 2486 3151 qui
2523 3079 2804 3134 humiliter
2832 3095 2890 3136 se
2919 3079 3191 3146 habuerit,
3238 3087 3292 3134 et
3317 3077 3591 3150 judicium
3620 3076 3830 3143 (decre-

523 3189 662 3229 ausu
725 3182 1121 3245 prasumerent
1166 3182 1359 3229 contra
1421 3174 1733 3246 apostolica
1780 3175 1925 3231 sedis
1964 3178 2116 3248 jussa
2149 3187 2191 3250 C
2231 3180 2352 3228 tum
2380 3188 2507 3228 vero
2537 3189 2567 3228 a
2597 3173 2801 3245 Spiritu
2833 3182 3046 3240 sancto,
3080 3187 3173 3244 per
3199 3188 3296 3228 vos
3321 3180 3500 3227 autem
3533 3170 3832 3243 prolatum)

523 3268 706 3323 venire
751 3273 917 3335 (390).
951 3267 1118 3323 Alteri
1169 3276 1352 3323 autem
1401 3268 1492 3339 qui
1521 3276 1726 3325 nostra
1749 3269 1976 3342 jussioni
2021 3271 2123 3327 hu-

525 3361 728 3417 militer
793 3361 1052 3432 paruerit,
1104 3369 1158 3416 et
1205 3359 1572 3418 obedientiam
1627 3362 1909 3418 universali
1963 3365 2122 3420 matri

525 3455 686 3522 (sicut
714 3453 870 3510 decet
911 3453 1288 3512 Christianum
1326 3457 1527 3528 regem)
1554 3454 1879 3525 exhibuerit,
1920 3473 2123 3514 convo-

523 3558 644 3604 cato
687 3549 913 3605 concilio
944 3549 1193 3606 omnium
1223 3550 1546 3606 clericorum
1575 3558 1630 3607 et
1676 3551 1940 3607 laicorum
1987 3567 2126 3623 quos

525 3643 799 3699 advocare
830 3644 1104 3715 poteritis,
1137 3645 1427 3700 consilium
1471 3653 1526 3700 et
1554 3644 1889 3717 adjutorium
1915 3646 1971 3700 in
1997 3662 2118 3702 om-

525 3737 687 3790 nibus
707 3737 964 3806 prabete,
996 3746 1048 3792 et
1072 3737 1126 3792 in
1153 3739 1302 3810 regia
1329 3739 1594 3810 dignitate
1620 3756 1715 3810 per
1739 3741 2124 3797 auctoritatem

527 3828 813 3883 beatorum
869 3829 1251 3900 apostolorum
1303 3831 1448 3887 Petri
1500 3839 1553 3887 et
1585 3833 1740 3889 Pauli
1791 3843 1976 3890 nostra
2013 3836 2126 3892 vice

523 3920 866 3990 conﬁrmate,
909 3922 1274 3995 omnibusque
1303 3925 1594 3995 episcopis,
1627 3925 1936 3993 abbatibus,
1966 3928 2125 3984 cleri—

526 4015 606 4069 cis
635 4028 699 4070 ac
734 4013 904 4082 laicis,
936 4013 994 4069 in
1019 4015 1173 4070 omni
1204 4032 1370 4087 regno
1399 4015 1792 4084 habitantibus,
1837 4027 1900 4073 ut
1927 4019 2027 4073 sibi
2056 4019 2124 4075 ﬁ-

526 4106 720 4163 deliter
749 4107 911 4172 (sicut
935 4112 1177 4177 oportet)
1205 4110 1322 4180 regi
1352 4108 1613 4165 obediant
1641 4118 1697 4166 et
1736 4109 2039 4167 deserviant
2064 4129 2126 4169 ex

527 4208 682 4271 parte
711 4200 1104 4273 omnipotentis
1132 4201 1235 4257 Dei
1257 4202 1555 4274 pracipite.

598 4299 740 4350 Data
761 4295 1082 4366 Carpineta,
1110 4295 1351 4353 secundo
1380 4312 1462 4352 xv
1493 4296 1772 4355 Kalendas
1787 4300 1957 4370 Junii,
1978 4300 2122 4357 indi-

526 4389 706 4444 ctione
727 4388 938 4446 decima
967 4389 1182 4462 quinta.

1025 4528 1368 4584 EPISTOLA
1410 4529 1620 4584 XXIV.

1094 4668 1176 4708 AD
1202 4667 1550 4709 GERMANOS.

1134 4772 1314 4842 (Anno
1336 4772 1516 4845 1077.)

1010 4893 1264 4963 Ejusdem
1305 4897 1635 4963 argumenti.

600 5015 690 5072 Gn
699 5030 956 5072 EGOBIUS
974 5015 1282 5087 episcopus,
1304 5032 1491 5073 servus
1507 5034 1787 5075 servorum
1800 5020 1926 5088 Dei,
1941 5020 2120 5076 archi-

529 5108 816 5180 episcopis,
842 5109 1129 5181 episcopis,
1165 5108 1415 5178 ducibus,
1446 5111 1737 5168 comitibus
1769 5122 1824 5169 et
1853 5113 2123 5169 universis

530 5201 729 5258 Christi
772 5201 1023 5256 ﬁdelibus
1068 5201 1277 5258 clericis
1323 5211 1379 5258 et
1429 5204 1600 5272 laicis,
1655 5213 1770 5260 tam
1821 5206 2122 5276 majoribus

527 5310 694 5366 quam
725 5294 1050 5360 minoribus,
1083 5295 1141 5350 in
1170 5310 1337 5367 regno
1366 5294 1797 5352 Teutbnicorum
1825 5298 2120 5355 consisten-

527 5387 696 5455 tibus,
723 5388 957 5444 salutem
981 5397 1036 5444 et
1058 5389 1411 5460 apostolicam
1442 5389 1904 5446 benedictionem.

596 5483 804 5536 Notum
853 5481 966 5536 ﬁeri
1021 5481 1178 5538 vobis
1222 5482 1502 5550 volumus,
1543 5482 1742 5540 fratres
1788 5484 2118 5556 charissimi,

536 5574 665 5646 quia
696 5573 889 5646 legatis
919 5576 1138 5642 nostris,
1164 5575 1450 5632 Bernardo
1494 5576 1741 5633 videlicet
1769 5587 1971 5636 sancta
2010 5583 2121 5635 Ro-

529 5682 711 5723 mana
743 5669 1001 5726 Ecclesia
1032 5667 1182 5725 ﬁdeli
1207 5669 1319 5724 ﬁlio
1351 5678 1405 5725 et
1432 5670 1686 5740 diacono,
1720 5671 1958 5746 itemque
1986 5675 2115 5730 Ber-

603 5810 750 5886 (390)
775 5810 896 5866 Lib.
931 5826 1004 5878 ιι,
1027 5820 1153 5886 post
1179 5811 1340 5886 epist.
1364 5817 1454 5886 5_8,
1489 5811 1790 5886 indictione
1813 5831 1902 5886 χι,
1931 5815 1986 5870 in
2016 5815 2121 5886 pri-

528 5879 721 5952 vilegio
749 5879 1058 5940 monasterii
1086 5879 1267 5941 Sancti
1287 5882 1550 5942 Medardi.

2231 3282 2342 3322 non
2360 3273 2575 3322 contem
2603 3266 2766 3337 pserit
2788 3265 3179 3336 (indubitanter
3203 3267 3352 3322 enim
3381 3264 3658 3321 credimus
3680 3263 3833 3336 quod

2235 3360 2541 3432 ubicunque
2557 3360 2666 3416 duo
2696 3361 2779 3416 vel
2804 3369 2915 3417 tres
2945 3361 2996 3415 in
3011 3360 3232 3416 nomine
3260 3359 3483 3415 Domini
3506 3359 3830 3431 congregati

2232 3455 2459 3522 fuerint,
2493 3455 2778 3526 prasentia
2803 3455 2918 3527 ejus
2947 3455 3325 3510 illuminantur
3367 3455 3583 3524 (Matth.
3617 3457 3830 3519 xvui),

2235 3548 2309 3603 illi
2361 3550 2610 3620 inquam,
2663 3549 2947 3604 servitium
3001 3558 3056 3604 et
3109 3549 3472 3605 reverentiam
3521 3546 3831 3603 secundum

2232 3642 2379 3713 quod
2406 3643 2581 3698 nostri
2607 3643 2818 3715 prafati
2843 3643 3005 3714 legati
3037 3642 3398 3709 decreverint,
3425 3640 3677 3696 exhibete
3732 3638 3835 3696 ad-

2235 3737 2490 3805 nitentes,
2517 3745 2573 3791 et
2598 3736 2775 3792 modis
2808 3736 3065 3792 omnibus
3105 3737 3156 3791 ei
3197 3736 3584 3807 obsequentes,
3629 3741 3689 3787 ut
3729 3749 3816 3788 re-

2236 3830 2382 3901 giam
2413 3829 2736 3900 dignitatem
2762 3829 2988 3886 honeste
3028 3831 3201 3902 possit
3228 3829 3497 3896 obtinere,
3527 3836 3580 3883 et
3625 3836 3834 3884 sancta

2233 3924 2494 3980 Ecclesia
2522 3923 2641 3994 jam
2681 3940 2821 3994 pene
2849 3923 3054 3979 labenti
3095 3939 3427 3979 succurrere.
3460 3924 3579 3978 Non
3616 3921 3768 3977 enim
3799 3937 3834 3977 a

2233 4016 2398 4073 corde
2435 4026 2628 4073 nostro
2675 4016 2839 4073 debet
2866 4016 3116 4072 excidere
3171 4016 3319 4088 quod
3369 4016 3466 4088 qui
3513 4013 3835 4087 apostolica

2235 4109 2347 4166 sedi
2398 4110 2620 4166 obedire
2647 4111 2973 4175 contemnit,
3012 4111 3186 4166 scelus
3237 4109 3559 4166 idololatria
3602 4108 3840 4165 incurrit

2237 4205 2283 4275 (Ι
2309 4208 2432 4274 Reg.
2468 4211 2594 4274 xv),
2626 4214 2681 4261 et
2722 4205 2873 4276 quod
2921 4206 3109 4261 beatus
3136 4203 3431 4277 Gregorius
3474 4201 3614 4273 (391)
3643 4202 3840 4259 doctor

2233 4308 2456 4356 sanctus
2483 4309 2538 4355 et
2566 4300 2903 4356 humillimus
2931 4316 3087 4372 reges
3116 4299 3357 4356 decrevit
3384 4315 3414 4354 a
3453 4299 3564 4354 suis
3589 4297 3834 4369 dignita-

2231 4394 2376 4449 tibus
2406 4393 2626 4460 cadere,
2668 4401 2719 4448 et
2747 4394 3155 4465 participatione
3180 4393 3425 4464 corporis
3455 4401 3510 4449 et
3547 4390 3837 4463 sanguinis

2232 4486 2456 4540 Domini
2497 4486 2672 4541 nostri
2703 4489 2836 4542 Jesu
2861 4487 3064 4543 Christi
3108 4502 3312 4555 carere,
3345 4487 3391 4542 si
3424 4492 3834 4559 prasumerent

2156 4593 2200 4654 D
2231 4579 2543 4651 apostolica
2572 4578 2714 4636 sedis
2739 4581 2956 4637 decreta
2991 4590 3358 4637 contemnere.
3396 4580 3452 4636 Si
3481 4579 3631 4635 enim
3661 4577 3832 4633 cale-

2235 4675 2336 4730 stia
2369 4682 2423 4730 et
2450 4675 2750 4747 spiritualia
2777 4677 2929 4732 sedes
2961 4677 3103 4732 beati
3135 4676 3280 4731 Petri
3311 4675 3471 4731 solvit
3500 4683 3555 4730 et
3593 4673 3827 4746 judicat,

2235 4776 2440 4840 quanto
2494 4770 2671 4841 magis
2712 4778 2926 4826 terrena
2979 4778 3034 4826 et
3060 4770 3375 4826 sacularia?
3408 4766 3569 4824 Scitis
3615 4775 3828 4833 autem,

2233 4861 2429 4918 fratres
2489 4862 2819 4931 charissimi,
2850 4864 2975 4934 quia
3028 4879 3092 4918 ex
3124 4879 3234 4933 quo
3263 4871 3514 4932 tempore
3559 4860 3628 4915 ab
3671 4858 3838 4916 Urbe

2230 4956 2519 5024 exivimus,
2547 4957 2604 5011 in
2637 4972 2834 5028 magno
2864 4956 3107 5027 periculo
3129 4957 3267 5010 inter
3289 4955 3540 5010 inimicos
3567 4953 3838 5010 Christiao

2229 5063 2319 5104 na
2348 5047 2477 5105 ﬁdei
2522 5051 2826 5105 mansimus
2859 5069 2872 5104 :
2923 5058 2978 5104 et
3016 5057 3206 5104 tamen
3229 5048 3408 5104 neutri
3441 5045 3837 5119 pradictorum

2229 5159 2422 5215 regum
2453 5159 2628 5215 neque
2659 5151 2867 5199 terrore
2893 5158 3070 5214 neque
3097 5157 3288 5198 amore
3309 5141 3432 5198 ﬂexi
3461 5138 3680 5212 aliquod
3709 5155 3838 5195 con-

2229 5240 2311 5286 tra
2351 5232 2628 5304 justitiam
2669 5231 3002 5303 adjutorium
3054 5233 3430 5303 promisimus.
3469 5228 3643 5300 Magis
3680 5227 3834 5283 enim

2229 5322 2481 5377 volumus
2500 5329 2763 5388 mortem,
2790 5320 2834 5375 si
2861 5319 2963 5376 hoc
2986 5329 3228 5391 oportet,
3255 5319 3458 5385 subire,
3485 5334 3671 5390 quam,
3699 5333 3836 5389 pro-

2230 5410 2346 5480 pria
2373 5410 2652 5466 voluntate
2694 5407 2919 5477 devicti,
2948 5418 3011 5465 ut
3035 5408 3274 5464 Ecclesia
3319 5407 3420 5462 Dei
3446 5407 3512 5463 ad
3555 5405 3839 5462 confusio-

2227 5509 2352 5548 nem
2400 5494 2582 5550 veniat
2612 5494 2935 5550 consentire.
2967 5493 3052 5550 Ad
3093 5492 3201 5549 hoc
3228 5493 3373 5549 enim
3421 5508 3524 5549 nos
3551 5491 3837 5549 ordinatos

2229 5593 2284 5640 et
2323 5583 2374 5638 in
2404 5585 2699 5655 apostolica
2741 5584 2868 5640 sede
2905 5584 3234 5640 constitutos
3272 5597 3391 5639 esse
3431 5580 3836 5654 cognoscimus,

2228 5679 2289 5727 ut
2318 5671 2373 5726 in
2404 5670 2509 5728 hac
2533 5672 2639 5727 vita
2669 5688 2784 5728 non
2804 5688 2927 5744 qua
2954 5680 3136 5729 nostra
3167 5670 3262 5729 sed
3303 5687 3428 5744 qua
3459 5672 3587 5728 Jesu
3633 5667 3836 5726 Christi

2302 5815 2449 5887 (391)
2483 5817 2630 5874 Loco
2670 5831 2832 5889 supra
2864 5816 3049 5872 citato.
