4074 6172
247 262 341 317 481

1330 261 1528 318 LIBER
1565 261 1900 329 QUARTUS.
1936 290 2004 301 —
2042 264 2250 321 EPIST.
2292 267 2469 325 XXVi.

3438 277 3544 335 482

241 399 373 448 sunt
410 404 729 463 quaramus
765 390 987 463 (Philip.
1034 396 1121 459 ll),
1157 400 1215 449 et
1247 407 1345 464 per
1374 394 1580 450 multos
1626 392 1838 449 labores
1865 396 1921 461 Α
1945 395 2264 466 apostolica
2306 396 2552 455 debitam
2608 412 2703 471 per
2742 396 2966 455 idoneos
3009 398 3220 473 legatos
3255 401 3545 461 denuntiet

243 489 472 541 Patrum
504 491 799 557 sequentes
836 484 1065 558 vestigia
1092 482 1161 541 ad
1190 483 1433 542 futuram
1483 494 1540 542 et
1580 494 1842 543 aternam

241 576 513 650 quietem,
558 579 676 632 Deo
706 578 1027 646 miserante,
1070 576 1379 635 tendamus.

316 672 462 726 Data
504 670 831 741 Carpineta,
877 670 1116 727 secundo
1168 670 1448 727 Kalendas
1490 670 1667 741 Junii,
1706 669 1847 728 indi-

244 762 435 821 ctione
490 763 709 821 decima
754 765 966 836 quinta.

770 877 1124 934 EPISTOLA
1161 879 1348 934 XXV.

248 1000 331 1043 ΔΙ)
374 1001 721 1046 ΠΒΗΕΗΙΔΙ
756 1001 1286 1044 ABCBIEPISCOPUM
1326 1001 1845 1045 STRIGONIENSEH.

827 1102 1009 1171 (Anno
1068 1100 1246 1172 1077.)

250 1204 491 1269 Causam
505 1212 754 1284 assignat
778 1227 874 1266 cur
895 1213 1134 1284 epistola:
1153 1211 1373 1267 latorem
1398 1212 1546 1283 apud
1569 1227 1621 1267 se
1651 1210 1849 1267 tandiu

318 1284 634 1351 retinuerit,
656 1297 873 1352 eumque
886 1284 1229 1338 commendat.
1256 1285 1408 1339 Illius
1426 1285 1766 1353 promotion-3'
1775 1284 1850 1337 ad

316 1356 687 1409 sacerdotium
724 1371 827 1409 non
866 1355 1206 1409 adversatur.
1242 1359 1418 1411 Monet
1466 1370 1647 1424 regem
1678 1371 1851 1425 nuper

316 1428 539 1481 electum
588 1433 915 1497 commoneat
956 1433 1017 1481 ut
1064 1443 1164 1497 per
1191 1428 1391 1495 legatos
1416 1426 1655 1482 debitum
1697 1428 1850 1482 obse-

319 1500 512 1568 quium
561 1500 677 1553 sedi
712 1496 1011 1568 apostolica
1058 1496 1296 1568 prastet.

319 1610 598 1667 Gnsconi
612 1624 684 1666 us
696 1610 1004 1682 episcopus,
1020 1625 1206 1666 servus
1216 1624 1504 1667 servorum
1520 1610 1645 1677 Dei,
1660 1612 1853 1665 Nam;-

256 1718 388 1760 ιιι
406 1703 769 1775 Strigoniensi
797 1704 856 1758 in
892 1704 1170 1776 Hungaria
1188 1703 1594 1776 archiepiscopo
1617 1704 1844 1760 salutem

257 1806 309 1852 et
334 1797 692 1869 apostolicam
743 1796 1203 1855 benedictionem.

324 1893 453 1946 Non
502 1890 765 1947 admirari
820 1900 874 1948 te
906 1892 1161 1949 volumus
1186 1907 1293 1963 qua
1326 1891 1394 1949 de
1431 1906 1596 1949 causa
1620 1890 1847 1948 fratrem

259 1983 447 2054 istum,
481 1985 735 2042 videlicet
776 1985 976 2042 barum
1016 1986 1324 2043 litterarum
1362 1986 1703 2058 portitorem,
1731 1994 1850 2041 tan-

257 2078 345 2135 diu
365 2079 659 2135 nobiscum
688 2080 1083 2136 retinuerimus
1110 2098 1124 2134 :
1152 2095 1303 2150 nam,
1332 2096 1463 2137 cum
1491 2080 1560 2136 ad
1609 2096 1713 2137 nos
1754 2095 1848 2136 ve-

258 2174 349 2241 nit,
390 2173 446 2229 in
490 2188 721 2245 regnum
763 2173 1194 2231 Teutonicorum
1222 2174 1457 2230 transire
1502 2174 1848 2246 disposuera-

258 2282 398 2335 mus,
436 2275 708 2339 quatenus
746 2269 886 2323 inter
920 2283 1110 2341 regem
1150 2268 1457 2325 Henricum
1499 2276 1553 2324 et
1579 2267 1851 2341 principes

257 2368 413 2417 terra
442 2378 633 2433 pacem
668 2372 723 2420 et
750 2362 1104 2418 concordiam
1135 2377 1494 2435 componere,
1523 2365 1644 2419 Deo
1692 2362 1848 2434 adju-

255 2463 437 2522 vante,
493 2471 816 2526 possemus;
848 2456 1082 2528 acceptis
1120 2457 1286 2513 etiam
1313 2472 1410 2528 per
1442 2464 1850 2513 sacramentum

254 2550 321 2605 ab
340 2548 542 2605 eodem
573 2550 807 2606 Henrico
834 2565 961 2622 rege
988 2550 1399 2620 securitatibus,
1426 2566 1561 2622 quas
1587 2565 1652 2606 ex
1696 2557 1851 2622 parte

253 2643 393 2699 illius
430 2642 504 2699 ad
549 2642 949 2715 profectionem
976 2652 1229 2700 nostram
1258 2652 1389 2700 tunc
1417 2652 1671 2717 oportere
1698 2652 1849 2715 puta-

252 2737 439 2793 vimus
469 2754 483 2791 :
516 2737 674 2808 cujus
698 2738 776 2793 rei
803 2737 1010 2795 exitum
1035 2746 1424 2810 exspectantes,
1457 2738 1679 2794 interim
1708 2737 1853 2793 hunc

254 2831 549 2889 nobiscum
586 2846 809 2888 manere
848 2832 1231 2905 praecepimus,
1262 2839 1323 2887 ut
1351 2840 1405 2887 et
1442 2838 1657 2888 certum
1688 2830 1852 2903 hujus

256 2926 456 3000 negotii
499 2925 691 2994 ﬁnem,
720 2934 777 2982 et
819 2926 862 2982 si
900 2942 1007 2999 qua
1048 2926 1151 2982 alia
1178 2926 1486 2982 necessaria
1516 2925 1849 2993 viderentur,

257 3019 411 3077 vobis
435 3020 545 3077 hoc
602 3028 907 3077 revertente
956 3020 1371 3079 mandaremus.
1416 3022 1691 3077 Caterum
1724 3020 1855 3093 quia

1882 1787 1930 1853 Β

1951 488 2299 547 devotionem
2328 510 2339 545 :
2366 499 2421 547 et
2449 493 2525 547 ita
2552 490 2802 561 demum,
2833 491 2979 565 quod
3005 493 3077 550 ad
3102 510 3205 551 nos
3228 496 3441 565 attinet,
3475 497 3546 555 ad

1952 581 2222 640 honorem
2241 585 2342 641 Dei
2363 586 2758 657 omnipotentis
2768 594 2824 642 et
2834 585 2980 642 beati
2999 587 3146 643 Petri
3167 590 3545 661 apostolorum

1950 676 2212 749 principis
2239 678 2474 751 benigne
2498 678 2602 735 sibi
2632 679 3111 753 respondebimus,
3136 690 3192 738 et
3213 683 3547 742 excellentia

1952 784 2071 826 sua
2100 770 2167 827 ad
2184 788 2342 827 suam
2359 781 2413 828 et
2437 773 2606 829 totius
2623 774 2775 846 regni
2798 774 3095 832 utilitatem
3116 785 3323 833 sancta
3350 787 3404 834 et
3422 795 3547 851 apo-

1956 864 2162 921 stolica
2185 866 2527 923 auctoritatis
2555 865 2796 924 studium
2849 883 2976 925 cum
3017 870 3173 926 omni
3201 871 3467 929 cbaritate
3493 880 3549 929 et

1955 956 2336 1017 benevolentia
2367 960 2621 1019 exhibere
2655 960 2987 1019 curabimus.
3017 966 3224 1022 Catera
3252 981 3402 1036 vero,
3424 982 3547 1039 qua

1955 1050 2184 1125 longum
2207 1062 2326 1111 erat
2351 1054 2409 1109 in
2420 1054 2670 1127 epistola,
2703 1055 2821 1110 viva
2839 1054 3073 1115 fideliter
3092 1073 3225 1116 voce
3248 1059 3545 1130 nuntiabit,

1957 1144 2096 1202 sicut
2121 1146 2179 1203 in
2209 1148 2326 1220 ejus
2362 1147 2791 1221 orefposuimus.

2029 1243 2173 1297 Data
2199 1242 2528 1313 Carpineta,
2556 1258 2597 1299 v
2620 1241 2753 1299 Idus
2780 1242 2955 1313 Junii,
2995 1242 3296 1305 indictione
3331 1247 3545 1307 decima

1957 1334 2164 1405 quinta.

2422 1475 2775 1533 EPISTOLA
2820 1476 3041 1533 XXVI.

2010 1628 2092 1669 AD
2161 1628 2526 1675 DOHINICUH
2586 1630 3041 1673 PATBIABCHAM
3102 1629 3487 1677 GRADENSBH

2188 1724 2261 1765 ΒΤ
2305 1724 2586 1767 CETEROS
2630 1722 2951 1767 EPISCOPOS
2999 1725 3298 1767 VENBTIE.

2570 1841 2750 1913 (Anno
2812 1845 2991 1907 1077.)

1959 1974 2131 2029 Mittit
2173 1975 2493 2043 Gregorium
2533 1973 2769 2043 legatum
2817 1992 2918 2043 pro
2963 1977 3332 2033 ecclesiasticis
3371 1979 3547 2043 causis

2207 2046 2527 2110 tractandis,
2551 2049 2639 2101 cui
2664 2062 2746 2102 eos
2782 2046 2996 2103 obedire
3030 2049 3303 2118 pracipit.

2028 2184 2365 2242 Gnsconws
2380 2185 2688 2256 episcopus,
2704 2199 2895 2242 servus
2910 2200 3203 2242 servorum
3218 2185 3345 2253 Dei,
3361 2189 3552 2246 Dom-

1958 2291 2097 2334 NICO
2124 2276 2452 2350 patriarcha
2480 2277 2772 2346 Gradensi,
2792 2286 2847 2334 et
2874 2280 3084 2335 cateris
3099 2279 3555 2352 episcopisVene-

1959 2370 2069 2439 tia,
2100 2372 2338 2429 salutem
2365 2379 2420 2428 et
2445 2372 2807 2445 apostolicam
2852 2371 3311 2430 benedictionem.

2030 2464 2363 2521 Audivimus
2401 2466 2457 2521 in
2487 2466 2746 2523 Ecclesiis
2794 2466 2987 2523 vestris
3042 2466 3217 2524 multa
3265 2468 3555 2527 emersisse

1958 2559 2196 2630 negotia,
2238 2574 2362 2631 qua
2389 2566 2453 2614 ut
2486 2560 2701 2617 sincera
2747 2559 3124 2633 exploratione
3163 2561 3552 2633 discutiantur,

1959 2659 2013 2707 et
2046 2652 2323 2708 canonica
2350 2651 2659 2709 traditionis
2704 2651 3027 2711 deﬁnitione
3072 2654 3437 2713 terminentur
3460 2672 3555 2715 ec-

1959 2745 2276 2802 clesiastica
2314 2745 2587 2817 religionis
2628 2745 2764 2801 ordo
2815 2746 3083 2818 deposcit,
3110 2755 3166 2804 et
3194 2765 3224 2804 a
3252 2748 3412 2806 nobis
3431 2757 3548 2807 tam

1960 2846 2136 2895 vestra
2162 2838 2404 2905 dilectio,
2431 2853 2597 2909 quam
2616 2837 2779 2894 ofﬁcii
2795 2839 2967 2896 nostri
2993 2840 3175 2897 debita
3214 2841 3553 2911 sollicitudo,

1960 2931 2210 3005 requirit.
2233 2932 2565 3004 Quanquam
2587 2931 2739 2988 enim
2776 2947 2846 2988 ex
2871 2932 3308 2989 consideratione
3333 2935 3557 2992 credita

1961 3025 2120 3083 nobis
2154 3024 2580 3098 dispensationis
2608 3024 2881 3083 debitores
2926 3027 3104 3083 simus
3134 3027 3405 3084 universis
3450 3030 3553 3086 Ec-

256 3130 438 3185 eausa,
456 3113 601 3172 sicut
637 3114 793 3172 vobis
816 3123 1011 3172 notum
1037 3130 1156 3172 esse
1178 3114 1469 3183 credimus,
1499 3114 1569 3171 ad
1590 3113 1853 3187 gravissi-
1876 3135 1928 3205 α
1961 3119 2157 3189 clesiis,
2187 3118 2409 3191 speciali
2430 3126 2619 3175 tamen
2649 3134 2779 3175 cura
2833 3118 2983 3176 vobis
3020 3128 3075 3176 et
3118 3121 3312 3177 vestris
3369 3122 3549 3179 causis

257 3224 411 3272 mam
446 3209 624 3277 litem,
673 3216 728 3265 et
764 3224 901 3282 pene
955 3209 1026 3266 ad
1079 3210 1251 3267 totius
1280 3210 1473 3281 patria
1516 3208 1849 3266 divisionem

257 3303 515 3372 excrevit,
550 3306 732 3376 neque
764 3304 923 3361 nobis
960 3304 1142 3361 hocin
1171 3310 1421 3375 tempore
1465 3303 1701 3360 transire
1748 3319 1849 3375 op-

258 3407 557 3470 portunum
582 3413 700 3454 esse
719 3397 976 3467 vidimus,
1006 3398 1209 3455 diutius
1241 3398 1392 3454 hunc
1431 3406 1624 3455 tenere
1666 3397 1851 3454 nolui-

257 3508 413 3560 mus;
454 3491 753 3549 scribentes
780 3509 876 3565 per
903 3509 1033 3550 eum
1075 3492 1411 3551 fraternitati
1439 3500 1570 3562 tua,
1611 3500 1668 3548 et
1709 3493 1851 3547 mul-

256 3594 375 3642 tum
405 3586 766 3643 admonentes
795 3595 854 3643 ut
877 3588 926 3643 ei
941 3587 1085 3660 apud
1110 3595 1165 3643 te
1186 3587 1357 3659 prosit
1376 3586 1525 3658 quod
1553 3602 1684 3643 cum
1700 3593 1853 3642 tanta

261 3679 581 3751 fatigatione
614 3689 670 3737 et
694 3681 934 3754 periculo
967 3690 1020 3738 et
1036 3681 1397 3753 apostolicam
1414 3680 1677 3754 quaesivit
1696 3680 1854 3736 mise-

260 3773 589 3840 ricordiam,
620 3782 675 3829 et
711 3782 824 3831 tam
870 3775 1093 3848 longam
1124 3774 1268 3847 apud
1293 3790 1395 3831 nos
1439 3772 1566 3831 fecit
1612 3789 1848 3830 moram.

262 3867 386 3922 Hoc
412 3866 565 3922 enim
597 3868 737 3923 scire
765 3876 821 3924 te
868 3869 1145 3936 volumus,
1175 3867 1437 3940 quoniam
1477 3866 1718 3939 quandiu
1751 3881 1852 3923 no-

259 3958 478 4015 biscum
504 3960 626 4028 fuit,
658 3960 907 4032 quietum
933 3960 995 4016 in
1029 3961 1123 4017 illo
1149 3960 1403 4031 spiritum
1441 3969 1495 4015 et
1519 3959 1589 4016 ad
1614 3961 1854 4016 servien-

261 4052 397 4110 dum
426 4057 544 4110 Deo
569 4053 830 4110 devotum
849 4068 969 4111 esse
993 4053 1370 4127 cognovimus.
1399 4054 1743 4125 Quapropter
1763 4069 1856 4109 se-

264 4147 515 4203 cundum
543 4147 826 4203 miseriam
851 4147 1054 4204 horum
1084 4156 1422 4220 temporum,
1463 4155 1518 4203 et
1542 4146 1612 4203 ad
1632 4162 1856 4218 compa-

264 4241 544 4296 rationem
567 4255 757 4296 earum
787 4256 1144 4313 personarum
1171 4255 1308 4312 quas
1329 4256 1425 4312 pro
1454 4239 1774 4295 inﬁrmitate
1802 4247 1859 4296 et

263 4335 585 4391 necessitate
637 4335 962 4403 toleramus,
996 4334 1140 4390 hunc
1165 4350 1391 4407 quoque
1427 4333 1859 4391 misericorditer

267 4428 603 4499 portandum
635 4444 753 4485 esse
778 4444 890 4484 non
918 4428 1205 4501 indignum
1250 4427 1510 4484 duximus
1544 4447 1556 4483 :
1586 4427 1859 4500 siquidem

1954 3215 2348 3287 astringimur;
2374 3229 2501 3271 cum
2524 3221 2747 3286 propter
2771 3213 3102 3286 singularem
3130 3214 3431 3288 quamdam
3458 3230 3554 3273 co-

1956 3308 2279 3365 haerentiam
2308 3323 2477 3380 quam
2505 3306 2576 3363 ad
2594 3315 2842 3363 sanctam
2872 3310 3192 3365 Romanam
3220 3318 3275 3364 et
3302 3309 3559 3381 apostoli-

1956 3419 2081 3458 cam
2131 3401 2342 3457 habetis
2398 3400 2723 3467 Ecclesiam,
2756 3408 2879 3457 tum
2923 3410 3147 3473 propter
3185 3401 3541 3472 vicinitatem,

1956 3512 2081 3570 qua
2126 3509 2413 3567 nunquam
2468 3509 2572 3550 nos
2614 3495 2698 3551 vel
2747 3511 2871 3566 qua
2930 3494 3075 3567 apud
3125 3510 3222 3551 vos
3276 3504 3409 3552 sunt
3460 3495 3556 3552 diu

1959 3590 2227 3663 ignorare,
2260 3587 2364 3654 vel,
2394 3603 2516 3659 qua
2573 3603 2673 3644 nos
2709 3588 2979 3644 debemus
3031 3596 3087 3645 et
3114 3603 3434 3660 possumus,
3468 3605 3557 3645 ve-

1958 3692 2088 3740 stra
2130 3680 2465 3739 fraternitati
2508 3680 2786 3754 denegare
2815 3680 3040 3753 patitur.
3081 3682 3427 3755 Quapropter
3461 3683 3563 3738 mi-

1957 3778 2129 3835 simus
2169 3776 2242 3833 ad
2279 3791 2374 3833 vos
2426 3775 2575 3831 hunc
2615 3775 2876 3832 dilectum
2908 3775 3080 3831 ﬁlium
3126 3784 3379 3833 nostrum
3417 3776 3558 3833 Gre-

1958 3871 2177 3945 gorium
2226 3879 2282 3927 et
2330 3869 2627 3927 diaconum
2698 3877 2901 3926 sancta
2950 3873 3219 3927 Romana
3275 3870 3556 3937 Ecclesia,

1962 3974 2236 4039 quatenus
2298 3979 2406 4021 una
2453 3963 2738 4020 vobiscum
2803 3962 2873 4020 de
2928 3963 3300 4020 ecclesiasticis
3360 3963 3558 4033 causis,

1963 4068 2019 4116 et
2055 4058 2377 4117 Christiana
2424 4056 2709 4130 religionis
2759 4058 3126 4114 sacrosanctis
3188 4056 3561 4114 institutioni-

1963 4152 2088 4220 bus,
2142 4168 2265 4223 qua
2325 4150 2628 4208 necessaria
2673 4158 2832 4218 sunt,
2896 4154 3013 4207 Deo
3066 4149 3397 4223 adjuvante,
3437 4165 3560 4222 per-

1963 4254 2224 4314 tractans,
2278 4250 2463 4302 nostra
2514 4245 2629 4301 vice
2682 4258 2807 4316 qua
2856 4243 3179 4316 corrigenda
3224 4252 3354 4301 sunt
3398 4242 3565 4301 corri-

1964 4348 2079 4412 gat,
2140 4354 2263 4411 qua
2321 4337 2609 4395 statuenda
2675 4337 3009 4405 constituat,
3077 4345 3133 4393 et
3183 4336 3563 4394 ecclesiastica

1967 4433 2236 4489 libertatis
2274 4442 2438 4505 atque
2476 4430 2702 4503 iustitia
2744 4430 2841 4486 diu
2875 4438 2932 4485 et
2982 4430 3040 4484 in
3075 4430 3267 4486 multis
3294 4429 3564 4502 neglectas

268 4537 332 4577 ea
358 4537 488 4594 qua
526 4522 686 4579 nobis
712 4522 783 4579 de
811 4539 911 4580 sua
941 4522 1308 4579 manifestavit
1332 4521 1687 4590 conscientia,
1718 4531 1773 4578 et
1794 4520 1862 4577 de
1890 4515 1947 4586 Β
1970 4527 2213 4583 rationes
2263 4534 2321 4582 et
2360 4524 2537 4582 studia
2573 4524 2644 4581 ad
2670 4522 2912 4580 formam
2941 4522 3219 4579 canonica
3261 4530 3318 4579 et
3343 4530 3564 4595 θροεῖσ-

268 4616 474 4688 quibus
502 4632 534 4672 a
556 4632 614 4673 se
644 4615 972 4688 reprehendi
999 4616 1314 4685 conﬁtetur,
1340 4633 1370 4672 a
1391 4633 1492 4673 sua
1525 4615 1866 4672 confessione

272 4716 329 4765 et
352 4710 621 4766 relatione
638 4726 753 4767 non
772 4710 1109 4783 discrepant.
1132 4709 1294 4781 Quod
1316 4719 1503 4767 autem
1521 4709 1591 4766 ad
1611 4710 1865 4767 sacerdo-

274 4803 331 4859 tii
362 4804 600 4876 gradum
626 4806 937 4877 promoveri
956 4804 1255 4874 desiderat,
1283 4812 1339 4861 et
1364 4803 1526 4861 sinos
1553 4819 1615 4860 ex
1637 4802 1865 4876 imperii

271 4898 596 4955 auctoritate
636 4915 749 4957 non
797 4899 1165 4970 decernimus,
1193 4906 1444 4971 respectu
1472 4905 1661 4955 tamen
1687 4898 1865 4955 indul-

268 4993 474 5065 gentia
523 5008 637 5049 non
684 4993 1136 5066 contradicimus,
1192 5008 1293 5051 nec
1339 4992 1722 5067 denegandum
1760 4993 1864 5050 sibi

270 5101 392 5143 esse
413 5086 801 5159 judicavimus,
821 5089 868 5145 si
888 5087 1119 5162 quidem
1147 5088 1270 5157 alia,
1302 5104 1429 5161 qua
1451 5103 1554 5143 nos
1573 5087 1761 5156 lateat,
1778 5102 1869 5143 or-

269 5178 543 5237 dinationi
568 5196 686 5238 sua
714 5182 934 5253 gravior
982 5197 1147 5239 causa
1174 5198 1290 5238 non
1314 5179 1608 5248 obstiterit,
1640 5188 1696 5236 et
1718 5180 1867 5238 dein-

272 5289 403 5347 ceps
432 5274 606 5331 vitam
634 5283 691 5331 et
715 5290 901 5332 mores
938 5290 1067 5332 suos
1096 5276 1167 5333 ad
1194 5274 1525 5349 dignitatem
1544 5276 1679 5334 tanti
1707 5276 1869 5333 mini-

270 5368 430 5426 sterii
451 5384 697 5441 congrue
722 5369 1006 5427 instituere
1028 5377 1082 5426 et
1109 5380 1535 5443 perseveranter,
1563 5374 1679 5430 Deo
1701 5372 1867 5429 mise-

274 5470 455 5533 rante,
477 5478 695 5521 servare
730 5463 984 5521 voluerit.
1019 5467 1099 5521 De
1128 5471 1327 5521 catero
1356 5464 1722 5524 admonemus
1757 5465 1866 5523 fra-

273 5556 595 5613 ternitatem
620 5566 791 5629 mam,
817 5566 879 5614 ut
903 5572 1091 5629 regem
1129 5557 1223 5630 qui
1254 5557 1396 5615 inter
1425 5575 1525 5617 vos
1548 5559 1754 5617 electus
1782 5568 1867 5618 est

275 5664 405 5705 cum
428 5649 550 5707 aliis
574 5651 686 5707 tuis
713 5650 1083 5708 confratribus
1108 5659 1163 5707 et
1186 5652 1527 5725 principibus
1546 5662 1709 5711 terra
1735 5654 1867 5712 allo-

273 5742 464 5816 quaris
513 5744 866 5804 notiﬁcantes
895 5754 953 5803 et
990 5745 1340 5803 consulentes
1376 5747 1481 5805 sibi
1510 5756 1573 5805 ut
1619 5748 1864 5823 apertius

274 5838 440 5895 nobis
481 5855 641 5899 suam
680 5839 1041 5912 voluntatem,
1070 5849 1126 5899 et
1172 5856 1303 5915 erga
1329 5842 1689 5905 reverentiam
1726 5842 1869 5903 sedis

1974 4620 2093 4677 lica
2146 4619 2447 4691 disciplina
2483 4616 2767 4687 reducere,
2807 4624 2863 4672 et
2911 4631 3008 4688 per
3048 4614 3317 4673 auxilium
3363 4615 3566 4674 divina

1973 4713 2169 4786 gratia
2192 4712 2489 4769 efﬁcaciter
2518 4712 2693 4767 valeat
2719 4707 3048 4767 conﬁrmare
3082 4728 3095 4765 :
3138 4709 3226 4766 cui
3253 4725 3357 4767 nos
3382 4712 3565 4779 (forte,

1976 4811 2092 4875 vos]
2122 4823 2252 4863 cum
2291 4804 2444 4862 omni
2475 4804 2739 4861 cbaritate
2791 4803 3094 4861 assidentes
3149 4804 3225 4861 ita
3275 4802 3456 4862 favere
3512 4811 3568 4861 et

1975 4900 2309 4958 unanimiter
2351 4914 2641 4957 assensum
2688 4898 2932 4973 praebere
2984 4898 3128 4955 sicut
3187 4898 3382 4955 fratres
3444 4897 3567 4955 cha-

1972 4995 2226 5053 rissimos
2269 4993 2638 5051 admonemus
2683 5012 2695 5048 :
2742 5001 3015 5067 quatenus
3076 4990 3132 5048 in
3169 4992 3258 5049 illo
3305 5000 3569 5066 appareat

1974 5098 2237 5164 quantam
2265 5088 2634 5147 reverentiam
2669 5088 2730 5143 in
2764 5087 2991 5145 beatum
3026 5089 3253 5143 Petrum
3288 5086 3570 5159 apostolo-

1973 5200 2100 5241 rum
2154 5183 2460 5257 principem
2498 5182 2766 5252 habeatis,
2826 5182 2894 5239 de
2922 5180 3081 5254 cujus
3120 5180 3291 5238 domo
3328 5189 3385 5237 et
3420 5179 3568 5236 fami-

1972 5276 2038 5334 lia
2067 5277 2306 5335 mittitur
2330 5298 2343 5334 ;
2375 5284 2578 5350 quanta
2598 5276 2762 5333 etiam
2792 5274 2860 5333 de
2887 5285 3076 5331 nostra
3105 5273 3398 5331 dilectione
3417 5273 3569 5330 vobis

1972 5388 2105 5430 cura
2132 5372 2221 5441 sit,
2275 5371 2367 5445 qui
2395 5385 2525 5428 eum
2548 5368 2619 5427 de
2660 5370 2787 5426 sinu
2824 5377 3019 5426 nostro
3072 5367 3352 5436 misimus,
3382 5374 3572 5439 utpote

1973 5482 2071 5540 per
2090 5480 2257 5539 quem
2286 5473 2478 5522 nostra
2510 5462 2660 5537 apud
2688 5478 2785 5520 vos
2809 5462 3147 5531 sollicitudo,
3177 5470 3230 5518 et
3256 5477 3286 5517 a
3321 5460 3569 5517 Domino

1972 5561 2093 5617 Deo
2119 5558 2280 5616 nobis
2305 5574 2582 5617 concessa
2609 5557 2894 5631 potestatis
2922 5555 3215 5613 auctoritas
3239 5553 3440 5611 vicaria
3463 5553 3573 5611 dis-

1972 5654 2290 5728 pensatione
2309 5661 2733 5728 reprasentatur
2756 5660 2812 5709 et
2848 5652 3069 5723 geritur.
3190 5718 3193 5721 _

2042 5751 2187 5807 Data
2214 5749 2545 5821 Carpineta,
2592 5747 2787 5821 quinto
2814 5744 2936 5803 idus
2966 5739 3269 5811 [Kalendis]
3294 5736 3475 5808 Junii,
3494 5734 3575 5798 in-

1972 5840 2217 5904 dictione
2258 5843 2478 5903 decima
2508 5842 2717 5916 quinta.
