4074 6172
527 315 627 371 483

1008 435 1354 491 EPISTOLA
1396 436 1639 491 XXVII.

528 560 597 597 AD
653 556 943 597 DOWICUM
982 552 1121 592 SILYI
1128 553 1200 590 ωι

1125 638 1310 705 (Anno
1345 641 1525 700 1077.)

530 747 783 811 Queritur
836 756 919 797 eos
965 756 1086 795 cum
1143 740 1619 795 excommunicatis
1687 743 2113 795 communicasse.

595 817 767 870 Mittit
792 815 999 882 legatos
1021 815 1119 882 qui
1140 829 1223 867 eos
1237 818 1461 885 peracta
1473 814 1789 882 panitentia
1810 814 1879 868 ab
1908 828 2113 868 excom-

597 887 960 941 municatione
990 886 1292 940 absolvant.

593 990 959 1047 Gneooaws
1027 989 1344 1060 episcopus,
1392 1002 1579 1044 servus
1629 1002 1919 1043 servorum
1989 985 2113 1058 Dei,

524 1084 838 1141 Dommco
852 1084 1063 1140 SILVIO
1092 1082 1236 1151 duci,
1268 1091 1325 1138 et
1348 1082 1549 1154 populo
1580 1081 1843 1149 Venetia,
1878 1079 2110 1135 salutem

519 1186 573 1234 et
600 1178 953 1250 apostolicam
978 1175 1434 1233 benedictionem.

589 1272 913 1329 Meminisse
941 1270 1150 1328 debetis
1172 1279 1375 1344 quanta
1410 1270 1559 1327 vobis
1607 1268 1755 1341 apud
1780 1277 2025 1325 sanctam
2057 1275 2111 1325 et

517 1365 880 1437 apostolicam
910 1364 1096 1421 sedem
1142 1364 1328 1421 multis
1348 1365 1466 1436 jam
1496 1363 1837 1435 temporibus
1862 1371 1916 1418 et
1938 1362 2111 1419 chari-

519 1458 644 1514 tatis
674 1458 1059 1515 benevolentia
1087 1467 1143 1515 et
1186 1457 1613 1514 honoriﬁcentia
1654 1456 1828 1529 gratia
1856 1456 1927 1512 sit
1953 1455 2109 1513 exhi-

516 1551 650 1608 bita.
677 1554 747 1607 Et
786 1568 889 1608 nos
935 1552 1185 1624 quidem,
1213 1560 1355 1608 teste
1391 1550 1720 1607 conscientia
1758 1559 1962 1615 nostra,
1994 1566 2107 1606 non

515 1646 697 1701 solum
744 1653 1031 1718 postquam
1081 1644 1152 1701 ad
1194 1645 1573 1717 pontiﬁcatum
1605 1645 1874 1710 venimus,
1905 1643 2002 1700 sed
2052 1652 2108 1700 et

514 1746 678 1794 antea
725 1738 969 1810 pluribus
994 1738 1157 1794 annis
1192 1753 1291 1794 vos
1333 1746 1387 1794 et
1424 1747 1629 1794 terram
1679 1747 1915 1795 vestram
1952 1737 2107 1793 valde

513 1832 818 1898 dileximus,
846 1841 901 1888 et
926 1849 1037 1887 non
1064 1832 1185 1887 sine
1212 1832 1398 1904 aliqua
1431 1834 1821 1889 nonnullorum
1865 1831 2109 1903 indigna-

510 1926 658 1983 tione
704 1934 759 1982 et
810 1926 1093 1982 inimicitia
1144 1925 1214 1982 ad
1269 1926 1664 1998 providendum
1703 1925 1898 1982 honori
1930 1933 2107 1982 vestro

510 2018 749 2091 prompti
780 2017 1012 2088 fuimus;
1040 2018 1275 2074 multum
1315 2019 1476 2092 gavisi
1505 2036 1604 2090 pro
1632 2018 1916 2075 dilectione
1939 2035 2107 2092 quam

510 2128 636 2185 erga
665 2111 1023 2167 universalem
1066 2111 1318 2167 omnium
1348 2112 1589 2169 ﬁdelium
1618 2120 1874 2181 matrem,
1920 2111 2106 2168 videli-

510 2215 596 2262 cet
622 2214 872 2263 sanctam
920 2207 1224 2261 Romanam
1253 2207 1572 2273 Ecclesiam,
1618 2205 1902 2276 habuistis,
1944 2214 2000 2262 et
2036 2206 2101 2262 li-

507 2300 717 2357 bertate
756 2315 927 2372 quam
952 2299 1023 2355 ab
1060 2299 1281 2371 antiqua
1312 2300 1481 2373 stirpe
1503 2304 1777 2358 Romana
1804 2301 2105 2357 nobilitatis

508 2402 791 2465 acceptam
820 2394 1198 2451 conservastis.
1228 2397 1435 2449 Verum
1465 2393 1548 2451 his
1566 2395 1928 2467 temporibus,
1957 2394 2105 2466 quad

510 2484 629 2543 sine
656 2503 860 2560 magno
888 2487 1079 2543 dolore
1110 2502 1224 2542 non
1250 2486 1507 2557 dicimus,
1535 2504 1648 2543 non
1676 2489 1857 2545 solum
1887 2496 2105 2545 nostros

507 2580 864 2638 exacerbastis
890 2578 1142 2651 affectus,
1176 2580 1272 2637 sed
1296 2582 1683 2653 omnipotentis
1733 2582 1835 2638 Dei
1870 2582 2104 2655 gratiam

508 2674 663 2731 vobis
704 2675 894 2747 procul
942 2675 1112 2732 dubio
1140 2675 1371 2731 nimium
1413 2675 1811 2746 labefactastis;
1844 2677 2104 2747 quoniam

506 2764 691 2821 nescio
715 2763 914 2837 quibus
944 2766 1179 2836 peccatis
1213 2762 1539 2821 facientibus
1575 2782 1607 2822 a
1654 2774 1799 2822 statu
1828 2765 2106 2822 rectitudi-

505 2859 589 2914 nis
617 2858 914 2925 cxcidistis,
940 2867 995 2914 et
1024 2861 1168 2915 ultra
1193 2866 1342 2915 extra
1365 2860 1709 2916 consortium
1727 2861 2101 2918 membrorum

504 2952 704 3009 Christi
742 2962 797 3008 et
824 2952 1078 3009 Ecclesia
1108 2951 1233 3010 facti
1267 2954 1416 3023 estis,
1447 2964 1715 3011 sextantes
1758 2963 1812 3011 et
1838 2954 2101 3027 recipien-

505 3055 587 3103 tes
615 3062 709 3103 eos
740 3046 834 3119 qui
871 3062 969 3118 pro
1008 3047 1120 3104 suis
1149 3048 1442 3104 sceleribus
1465 3048 1921 3105 excommunicati
1946 3056 2095 3118 sunt,

504 3149 578 3209 et,
611 3141 1029 3198 exorbitantesa
1049 3141 1223 3198 lideet
1241 3142 1505 3198 catholica
1528 3151 1843 3199 sanctorum
1869 3145 2096 3198 Patrum
2124 3171 2169 3235 C
2203 3141 2283 3221 ius
2315 3166 2531 3221 intuens
2571 3141 2649 3221 ἔζη

506 3235 731 3303 unitate,
760 3234 1027 3305 doctrina,
1057 3243 1112 3291 et
1158 3236 1511 3291 corroborata
1559 3234 1819 3292 divinitus
1856 3236 2093 3293 auctori-

504 3336 633 3398 tate,
682 3344 778 3401 per
806 3344 1033 3385 omnem
1063 3328 1483 3387 inobedientiam
1521 3336 1576 3386 et
1604 3332 2009 3386 contumaciam
2039 3331 2098 3387 in

505 3421 761 3493 laqueum
776 3421 973 3479 diaboli
992 3421 1321 3492 ceciderunt,
1349 3433 1405 3480 et
1429 3423 1680 3486 ministri,
1712 3424 1821 3480 imo
1847 3425 1985 3481 servi
1998 3427 2097 3481 Sa-

505 3524 669 3584 tana,
685 3532 717 3572 a
739 3533 850 3588 quo
873 3516 1066 3589 captivi
1090 3525 1365 3586 tenentur,
1397 3517 1523 3574 facti
1550 3528 1697 3575 sunt.
1714 3520 1980 3591 Quocirca
2008 3519 2099 3576 do-

504 3609 680 3667 lentes
690 3610 756 3666 de
772 3611 1008 3682 periculo
1024 3611 1329 3668 animarum
1344 3620 1671 3681 vestrarum,
1686 3621 1739 3668 et
1761 3613 1831 3669 ad
1857 3614 2099 3671 reconci-

502 3701 777 3758 liationem
788 3704 981 3760 divina
1006 3706 1195 3775 gratia
1227 3721 1322 3761 vos
1336 3722 1594 3762 revocare
1622 3708 1921 3778 cupientes,
1952 3708 2099 3765 misi-

505 3811 631 3851 mus
642 3795 712 3851 ad
723 3812 820 3853 vos
832 3798 981 3852 hunc
992 3797 1249 3855 dilectum
1264 3799 1433 3855 ﬁlium
1447 3802 2029 3875 nostrumGregorium
2044 3810 2100 3860 et

498 3887 789 3946 diaconum
804 3900 1008 3947 sancta
1027 3894 1295 3949 Romana
1319 3894 1595 3963 Ecclesia,
1617 3904 1697 3964 ut,
1720 3896 2097 3967 pcenitentiam

500 3993 739 4056 agentes,
758 3984 827 4039 ab
847 3987 1428 4043 excommunicationis
1449 3987 1664 4045 vinculo
1690 3990 1747 4044 in
1770 3990 1917 4062 quod
1934 3990 2097 4061 parti-

497 4078 731 4150 cipando
756 4094 883 4134 cum
911 4079 1401 4135 excommunicatis
1432 4081 1669 4153 prolapsi
1703 4084 1854 4153 estis,
1877 4083 2098 4157 possitis

498 4171 724 4236 absolvi,
741 4171 856 4227 etin
869 4172 1258 4228 communione
1271 4182 1473 4230 sancta
1489 4176 1679 4232 matris
1696 4179 1954 4234 Ecclesia
1967 4194 2094 4249 apo-

495 4265 684 4321 stolica
708 4264 1042 4339 indulgentia
1056 4274 1111 4322 et
1133 4266 1505 4324 benedictione
1520 4271 1761 4327 restitui.
1790 4273 1950 4342 Quod
1966 4290 2095 4332 cum

495 4357 700 4414 factum
728 4358 913 4427 fuerit,
944 4362 990 4415 si
1009 4369 1198 4417 nostra
1228 4362 1455 4429 monita,
1486 4363 1599 4420 imo
1627 4365 1853 4422 verbum
1878 4368 2001 4437 Dei,
2026 4385 2091 4426 ea

496 4467 604 4526 qua
634 4463 853 4525 oportet
880 4455 1222 4511 veneratione
1249 4456 1537 4529 suscipitis,
1568 4458 1844 4529 volumus,
1875 4470 1929 4517 et
1955 4478 2089 4535 apo-

494 4548 682 4604 stolica
706 4564 802 4604 vos
828 4548 1154 4605 auctoritate
1179 4565 1474 4607 monemus
1496 4560 1557 4607 ut
1584 4568 1711 4609 cum
1738 4554 1889 4610 omni
1914 4556 2090 4611 chari-

492 4649 605 4698 tate
621 4650 675 4696 et
689 4642 995 4699 obedientia
1021 4643 1122 4699 sibi
1142 4645 1424 4713 assistatis,
1438 4655 1705 4718 quatenus
1719 4665 1846 4705 cum
1861 4651 2088 4707 consilio

492 4734 778 4792 confratris
814 4737 982 4793 nostri
1019 4738 1336 4809 patriarcha
1363 4748 1419 4795 et
1445 4741 1680 4798 aliorum
1709 4743 2083 4815 episcoporum

490 4828 634 4885 illius
656 4830 962 4901 provincia,
988 4847 1198 4887 necnon
1221 4849 1346 4889 cum
1369 4832 1645 4906 adjutorio
1675 4836 1847 4906 ducis,
1876 4847 1931 4893 et
1958 4854 2086 4894 om-

490 4921 646 4978 nium
664 4933 927 4990 vestrum,
949 4923 1017 4981 de
1027 4933 1173 4981 statu
1192 4927 1580 4993 Ecclesiarum,
1595 4937 1646 4984 et
1661 4929 1981 4987 Christiana
1995 4948 2086 4989 re-

487 5015 701 5089 ligionis
722 5018 913 5074 ordine
940 5033 1003 5073 ac
1031 5019 1452 5090 dispensatione,
1480 5037 1604 5093 qua
1633 5024 1932 5081 necessaria
1956 5035 2086 5082 sunt

480 5110 639 5183 juxta
666 5110 904 5168 formam
923 5127 954 5166 a
981 5112 1182 5168 sanctis
1203 5114 1453 5170 Patribus
1473 5115 1729 5171 traditam
1752 5126 2081 5188 pertractare

483 5205 668 5276 possit,
698 5222 780 5272 ac,
821 5209 934 5261 Deo
962 5204 1267 5277 adjuvante,
1301 5215 1485 5263 nostra
1520 5208 1633 5265 vice
1662 5208 1969 5282 disponeret

558 5300 697 5352 Data
742 5298 1076 5369 Carpineta,
1122 5299 1315 5371 quinto
1370 5299 1501 5357 ldus
1545 5302 1720 5371 Junii,
1783 5303 2080 5363 indictione

484 5387 696 5446 decima
728 5390 941 5461 quinta;

946 5496 1300 5554 EPISTOLA
1341 5498 1608 5556 XXVIII.

1045 5610 1128 5658 AD
1176 5618 1504 5663 HISPANOS.

1075 5710 1255 5774 (Anno
1299 5702 1481 5782 1077.)

481 5798 655 5867 Monet
682 5812 800 5867 illos
818 5814 1216 5942 Μαθὼν-(ιιί
1240 5817 1411 5890 ofﬁcii
1439 5816 1528 5870 sui
1558 5832 1689 5871 cura
1727 5815 1801 5873 ad
1826 5818 1914 5889 pie
1939 5833 2065 5876 san-

481 5931 486 5942 .
549 5887 731 5942 deque
782 5886 840 5941 υ’
974 5896 1085 5942 um;
1141 5887 1403 5942 Praeterea
1440 5894 1739 5942 commonet
1790 5892 2065 5942 Hismnim

480 5931 486 5943 .
549 5887 731 5953 eteque
782 5886 1085 5942 vivendum
1141 5886 1403 5945 Praeterea
1440 5894 1739 5945 commonet
1789 5886 2066 5962 Hispania

1246 553 1422 591 DUCEM
1468 553 1530 591 ΕΤ
1584 553 1825 591 POPL'LUM
1866 552 2119 592 VENETIJE.

1207 313 1257 366 S.
1303 311 1623 366 GREGORII
1664 311 1751 365 VII
1794 309 1986 365 ΡΑΡᾹΞ
2022 305 2298 364 OPERUM
2337 311 2509 366 PARS
2546 310 2589 367 Ι.
2627 340 2698 351 -—-
2738 312 3137 369 REGISTRUM.

3709 316 3813 374 484

2149 438 2201 499 Α
2303 452 2530 504 regnum
2554 440 2797 506 antiquis
2832 440 3299 494 constitutionibus
3318 440 3466 509 juris
3493 457 3603 496 esse
3645 447 3820 497 sancti

2134 1796 2183 1862 B

2306 510 2451 563 Petri
2492 525 2511 561 .’
2554 512 2699 578 quod
2742 526 2860 563 cum
2898 514 3196 580 temporum
3254 511 3459 580 injuria
3500 519 3551 567 et
3596 516 3819 569 Sarace-

2305 595 2425 655 rum
2463 581 2747 648 tyrannide
2778 586 3029 635 memoria
3053 583 3166 636 labi
3189 586 3419 653 caperit,
3448 588 3501 637 et
3529 586 3681 638 modo
3710 588 3817 655 ipsi

2301 651 2597 706 Saracenos
2660 655 2902 714 vicerint,
2980 655 3173 722 legatos
3222 651 3407 717 mittit,
3454 661 3514 709 ut
3557 658 3665 709 illis
3728 651 3813 710 si-

2301 725 2549 795 gniﬁcent
2576 729 2835 792 quantum
2868 726 3017 778 beato
3052 728 3204 780 Petro
3243 726 3491 795 debeant,
3540 732 3589 781 et
3630 744 3815 782 eorum

2300 793 2537 847 debitum
2582 798 2641 847 in
2681 799 2993 849 memoriam
3035 798 3147 850 illis
3186 803 3449 853 revocent.

2296 909 2969 982 Gannonwsepiscopus,
2996 927 3186 969 servus
3205 929 3488 969 servorum
3517 914 3644 982 Dei,
3670 914 3813 987 regi-

2222 992 2345 1071 bus,
2378 1003 2689 1073 comitibus,
2716 1005 3036 1077 caterisque
3064 1006 3394 1079 principibus
3422 1009 3699 1081 Hispania
3722 1024 3815 1065 sa—

2221 1098 2389 1154 lutem
2417 1107 2473 1154 et
2503 1100 2856 1171 apostolicam
2884 1101 3346 1157 benedictionem.

2292 1195 2416 1249 Non
2438 1194 2685 1266 ignorare
2707 1194 2984 1251 credimus
3009 1196 3350 1268 prudentiam
3380 1206 3636 1266 vestram,
3667 1199 3802 1273 quin

2221 1298 2407 1343 sancta
2454 1296 2507 1344 et
2552 1289 2844 1360 apostolica
2895 1289 3050 1345 sedes
3092 1291 3344 1362 princeps
3384 1300 3439 1347 et
3480 1294 3804 1350 universalis

2220 1391 2393 1438 mater
2416 1382 2483 1438 sit
2512 1383 2767 1439 omnium
2806 1384 3170 1440 Ecclesiarum
3198 1394 3252 1441 et
3280 1386 3528 1458 gentium
3558 1377 3706 1460 quas
3722 1388 3806 1445 di-

2218 1477 2341 1531 vina
2387 1477 2675 1533 clementia
2701 1478 2770 1534 ad
2810 1478 3148 1549 agnitionem
3194 1480 3277 1535 sui
3308 1481 3546 1537 nominis
3591 1483 3644 1536 in
3696 1482 3804 1539 ﬁde

2218 1571 2437 1626 Domini
2480 1587 2542 1627 ac
2570 1572 2860 1628 Salvatoris
2886 1572 3057 1628 nostri
3096 1576 3226 1629 Jesu
3277 1574 3474 1631 Christi
3524 1592 3615 1647 per
3646 1592 3807 1632 evan—

2216 1664 2443 1736 gelicam
2480 1674 2534 1721 et
2576 1665 2931 1737 apostolicam
2970 1666 3283 1722 doctrinam
3326 1669 3506 1724 venire
3540 1670 3809 1741 praordi-

2216 1758 2387 1826 navit;
2432 1759 2629 1833 quibus
2666 1758 2803 1815 hanc
2837 1776 3025 1816 curam
3061 1770 3117 1815 et
3153 1769 3470 1833 perpetuam
3498 1762 3663 1819 debet
3703 1780 3811 1821 ex-

2215 1853 2399 1909 hibere
2448 1854 2890 1921 sollicitudinem,
2930 1862 3025 1921 ut,
3069 1855 3206 1911 sicut
3243 1855 3310 1911 ad
3366 1857 3804 1914 conservandam

2214 1948 2494 2004 catholica
2531 1947 2657 2004 ﬁdei
2689 1949 2988 2014 veritatem,
3020 1948 3091 2005 ita
3117 1965 3333 2021 quoque
3356 1950 3425 2006 ad
3463 1967 3791 2024 cognoscen-

2212 2042 2340 2097 dam
2378 2050 2433 2099 et
2459 2042 2751 2099 tenendam
2771 2042 3043 2115 justitiam
3068 2042 3401 2099 documenta
3439 2054 3493 2100 et
3519 2045 3797 2102 salutifera

2214 2134 2560 2192 administret
2606 2136 2830 2191 monita.
2876 2135 2961 2192 Ad
3003 2136 3158 2208 cujus
3202 2135 3620 2208 dispensationis
3663 2138 3792 2194 ofﬁ-

2210 2229 2380 2297 cium,
2402 2229 2624 2301 quando
2640 2229 2941 2287 secundum
2968 2230 3309 2287 voluntatem
3333 2231 3457 2300 Dei,
3481 2247 3805 2304 quanquam

2214 2323 2363 2380 inviti
2395 2332 2451 2380 et
2485 2324 2711 2396 indigni,
2741 2324 3026 2380 constituti
3070 2341 3281 2395 sumus,
3334 2325 3601 2381 creditum
3644 2325 3806 2383 nobis

2212 2417 2571 2474 ministerium
2596 2418 2749 2474 valde
2778 2419 3236 2491 pertimescimus,
3279 2420 3518 2477 scientes
3545 2420 3806 2493 quoniam

2211 2516 2265 2562 et
2291 2506 2373 2563 his
2402 2508 2492 2580 qui
2524 2524 2688 2581 prope
2714 2517 2766 2563 et
2797 2508 2880 2565 his
2908 2509 2999 2580 qui
3035 2510 3192 2582 longe
3241 2519 3367 2566 sunt
3396 2510 3670 2567 debitores
3700 2527 3795 2566 su-

2213 2616 2356 2667 mus,
2386 2617 2485 2657 nec
2514 2602 2655 2673 apud
2700 2603 2997 2674 superbum
3036 2602 3280 2675 judicem
3327 2604 3687 2661 excusationis
3714 2604 3803 2660 lo-

2210 2710 2337 2751 cum
2368 2696 2567 2753 habere
2593 2696 2909 2769 poterimus,
2934 2697 2974 2751 si
2998 2705 3187 2752 nostra
3208 2697 3582 2753 taciturnitate
3609 2714 3803 2754 eorum

2209 2799 2303 2845 aut
2329 2791 2472 2846 salus
2495 2790 2782 2864 negligitur
2805 2798 2900 2846 aut
2925 2790 3080 2863 culpa
3115 2789 3345 2847 fovetur.
3378 2792 3546 2863 Cujus
3578 2792 3655 2848 rei
3682 2801 3795 2848 tam

2211 2883 2269 2938 in
2300 2883 2629 2956 propheticis
2657 2900 2823 2956 quam
2848 2884 3165 2957 evangelicis
3192 2884 3400 2957 paginis
3444 2886 3615 2941 multa
3641 2886 3802 2942 nobis

2205 2977 2552 3045 documenta,
2585 2987 2639 3034 et
2679 2995 2808 3034 cum
2838 2978 3170 3034 terribilibus
3202 2978 3360 3034 minis
3404 2980 3643 3051 exempla
3670 2996 3800 3052 pro-

2205 3071 2379 3143 posita
2409 3080 2554 3140 sunt,
2576 3088 2700 3144 qua
2729 3073 2975 3145 egregius
2997 3073 3088 3128 ille
3119 3072 3446 3144 pradicator
3473 3082 3528 3129 et
3556 3080 3803 3145 Aposto-

2699 3187 2711 3222 :
2764 3168 3069 3223 Necessitas
3110 3168 3520 3236 euangelizandi
3554 3170 3686 3223 mihi
3726 3172 3803 3224 in-

2203 3262 2421 3328 cumbit;
2455 3277 2534 3315 ca:
2563 3263 2704 3316 enim
2740 3262 2895 3324 mihi,
2924 3263 2973 3316 si
3000 3278 3106 3316 non
3134 3262 3568 3331 evangelizavero
3599 3265 3655 3328 (Ι
3677 3264 3801 3321 Cor.

2205 3358 2320 3420 1x)!
2356 3356 2699 3427 Quapropter
2723 3364 2778 3411 et
2815 3371 2939 3422 nos,
2980 3354 3340 3423 dilectissimi,
3372 3355 3462 3428 qui
3509 3364 3802 3427 praesentes

2204 3448 2504 3504 secundum
2529 3448 2856 3505 desiderium
2880 3458 3131 3505 nostrum
3156 3449 3321 3505 verbo
3346 3465 3456 3505 non
3481 3466 3800 3521 possumus,

2204 3542 2397 3598 saltem
2438 3542 2689 3599 absentes
2718 3559 2813 3615 per
2853 3542 3138 3615 epistolam
3167 3543 3235 3599 de
3263 3543 3435 3599 salute
3483 3552 3658 3599 vestra
3700 3559 3803 3600 vos

2205 3636 2501 3693 admonere
2522 3638 2831 3693 curavimus
2862 3656 2874 3693 :
2907 3636 3207 3693 scribentes
3235 3637 3405 3705 vobis,
3435 3638 3578 3693 sicut
3603 3638 3657 3692 in
3698 3653 3797 3695 vos

2204 3728 2463 3787 affectum
2503 3732 2702 3788 debita
2739 3730 3020 3787 charitatis
3048 3730 3334 3798 habemus,
3406 3731 3647 3803 primum
3676 3732 3802 3803 qui-

2206 3822 2329 3880 dem
2358 3834 2439 3893 ut,
2471 3824 2671 3897 gratias
2699 3833 2922 3895 agentes
2942 3828 3083 3893 Deo,
3118 3824 3209 3896 qui
3244 3839 3340 3880 vos
3367 3826 3704 3895 regeneravit
3741 3826 3799 3882 in

2204 3935 2355 3992 spem
2384 3920 2566 3974 vivam
2588 3927 2642 3975 et
2656 3918 3124 3990 incorruptibilem
3156 3927 3374 3974 aeterna
3403 3918 3529 3975 vita
3558 3917 3797 3991 gloriam

2203 4029 2299 4087 per
2324 4015 2514 4069 Jesum
2539 4012 2811 4069 Christum
2844 4014 3143 4068 Dominum
3170 4020 3439 4079 nostrum,
3472 4028 3686 4084 semper
3723 4014 3794 4070 il-

2203 4108 2315 4164 lum
2338 4108 2575 4163 timeatis
2599 4116 2654 4163 et
2680 4123 2742 4162 ex
2766 4115 2882 4162 toto
2921 4105 3084 4162 corde
3113 4105 3364 4177 diligatis,
3393 4105 3795 4165 transferentes

2202 4202 2257 4256 in
2282 4202 2431 4257 illum
2460 4218 2625 4258 omne
2654 4201 2979 4257 desiderium
3007 4209 3250 4256 vestrum
3282 4216 3443 4272 supra
3467 4216 3660 4257 omnes
3708 4201 3794 4258 di~

2205 4294 2363 4351 vitias
2388 4304 2442 4351 et
2464 4294 2702 4352 honores
2729 4294 2892 4367 hujus
2916 4293 3119 4361 saculi,
3150 4308 3315 4366 supra
3346 4310 3543 4349 omnes
3564 4311 3675 4350 non
3691 4311 3782 4352 so-

2202 4389 2315 4444 lum
2356 4389 2621 4445 humanas
2665 4388 2762 4445 sed
2820 4396 2874 4444 et
2918 4388 3186 4461 angelicas
3232 4396 3543 4455 creaturas;
3588 4388 3788 4445 ambuo

2198 4481 2365 4538 lantes
2385 4498 2572 4538 coram
2597 4482 2691 4537 illo
2716 4482 2770 4536 in
2787 4482 2937 4537 omni
2967 4482 3073 4537 ﬁde
3101 4490 3155 4536 et
3184 4481 3477 4537 devotione
3508 4482 3651 4537 sicut
3677 4483 3792 4540 ele—

2196 4576 2266 4631 cti
2299 4576 2420 4643 ﬁlii,
2449 4585 2505 4631 et
2540 4576 2597 4631 in
2626 4584 2831 4631 sortem
2869 4575 3203 4631 hareditatis
3229 4576 3383 4646 regni
3417 4576 3518 4630 Dei
3554 4592 3647 4647 per
3680 4577 3788 4633 im-

2197 4686 2441 4727 mensam
2472 4672 2697 4743 gratiam
2726 4671 2980 4726 bonitatis
3004 4670 3122 4741 ejus
3144 4669 3342 4736 vocati,
3385 4685 3493 4725 non
3538 4670 3785 4726 detinen-

2196 4772 2279 4820 tes
2316 4764 2619 4820 secundum
2661 4763 2977 4819 sacularem
3006 4763 3495 4833 concupiscentiam
3542 4762 3597 4817 in
3640 4762 3791 4832 inju-

2194 4859 2338 4914 stitia
2385 4875 2511 4931 qua
2539 4860 2608 4914 de
2658 4858 2879 4913 veritate
2918 4865 2972 4911 et
2999 4856 3254 4927 aquitate
3281 4871 3377 4911 sua
3438 4859 3587 4912 Deus
3632 4856 3787 4916 vobis

2191 4969 2517 5025 cognoscere
2538 4951 2684 5007 dedit
2709 4952 2785 5006 vel
2832 4949 3055 5005 daturus
3086 4959 3189 5015 est,
3221 4951 3315 5006 sed
3337 4949 3650 5007 exhibentes
3680 4966 3783 5007 vos

2192 5046 2379 5101 ﬁdeles
2397 5045 2684 5100 ministros
2698 5044 2765 5099 ad
2790 5043 3098 5099 faciendam
3113 5044 3406 5116 justitiam,
3428 5044 3497 5100 ad
3522 5042 3785 5101 tuendam

2188 5138 2496 5194 libertatem
2525 5137 2846 5193 Christiana
2875 5136 3000 5193 ﬁdei
3029 5146 3084 5193 et
3110 5138 3387 5210 religionis
3405 5138 3463 5192 in
3490 5138 3638 5193 omni
3665 5138 3785 5194 vir-

2187 5242 2303 5288 tute
2330 5242 2384 5288 et
2426 5231 2907 5288 administratione
2938 5232 3096 5303 regia
3123 5231 3404 5303 potestatis
3452 5240 3668 5298 vestra,
3712 5232 3787 5290 ad

2185 5325 2400 5381 laudem
2448 5335 2502 5381 et
2530 5324 2758 5399 gloriam
2780 5325 3015 5381 nominis
3040 5325 3160 5396 ejus
3197 5326 3289 5397 qui
3319 5341 3415 5380 vos
3446 5325 3617 5380 multa
3660 5326 3787 5397 glo-

2184 5420 2263 5476 ria
2288 5419 2613 5475 sublimavit.
2644 5422 2805 5487 Nam,
2849 5419 2998 5490 quod
3035 5434 3252 5490 semper
3296 5419 3451 5475 vobis
3479 5419 3631 5475 cordi
3657 5435 3781 5477 esse

2182 5514 2455 5581 volumus,
2482 5513 2656 5584 inquit
2674 5513 3026 5569 dilectoribus
3058 5513 3172 5568 suis
3191 5512 3461 5584 Sapientia
3492 5528 3588 5583 per
3612 5513 3773 5570 Salo-

2182 5623 2408 5665 monem
2460 5626 2471 5662 :
2516 5611 2624 5677 Ego
2657 5606 2938 5676 diligentes
2984 5622 3067 5663 me
3111 5606 3314 5675 diligo;
3365 5608 3781 5677 honoriﬁcantes

2182 5716 2265 5759 me
2324 5702 2588 5757 honorabo
2654 5705 2836 5768 (Prov.
2887 5704 3057 5769 vm);
3115 5701 3583 5772 contemptoribus
3650 5717 3781 5757 vero

2181 5797 2424 5853 minatur
2449 5796 2638 5853 dicens
2674 5815 2685 5851 :
2727 5798 2833 5863 Qui
2861 5802 3041 5851 autem
3084 5812 3175 5851 me
3207 5799 3565 5858 contemnunt,
3621 5800 3783 5853 erunt

2179 5891 2437 5963 ignobiles
2463 5895 2521 5960 (Ι
2547 5896 2675 5961 Reg.
2710 5890 2807 5962 ιι).
2828 5893 2899 5946 Et
2928 5890 3209 5962 apostolus
3236 5889 3438 5949 Paulus
3464 5890 3779 5963 generalem
