4074 6172
501 287 605 342 487

1172 285 1229 342 S.
1269 284 1587 341 GREGOBII
1625 286 1714 339 Vll
1754 284 1948 340 PAPzE
1987 285 2261 343 OPERUM
2296 287 2471 343 PARS
2508 289 2548 343 Ι.
2587 316 2659 328 -
2694 289 3099 345 REGISTRUM.

3687 292 3791 348 488

501 408 765 467 divinitus
813 409 914 467 illis
948 392 1147 467 tradita
1191 408 1516 466 universitas
1544 408 1834 466 hominum
1881 420 1998 467 tam
2034 412 2091 468 in
2117 415 2175 479 Α
2274 416 2414 470 Data
2442 414 2762 487 Carpinetae,
2789 424 2984 489 quarto
3009 412 3286 471 Kalendas
3305 413 3468 484 Julii,
3497 413 3794 471 indictione

501 506 644 562 coelo
693 521 857 578 quam
886 505 942 560 in
986 512 1128 560 terra
1180 504 1379 576 ligatur
1402 512 1458 559 et
1485 504 1731 574 solvitur,
1764 514 1820 561 et
1853 506 2093 563 caelestis

502 601 650 674 regni
665 600 833 672 janua
851 601 1060 655 cunctis
1096 600 1338 671 aperitur
1365 608 1420 657 et
1434 599 1727 657 clauditur.

2200 507 2413 564 decima
2441 509 2649 581 quinta.

1327 826 1691 916 LIBER
1764 825 2287 933 QUINTUS
2357 828 2970 919 REGISTRI.

562 982 732 1044 Anno
763 983 837 1044 ab
864 983 1282 1044 Incarnatione
1312 984 1558 1044 Domini
1585 983 1901 1044 millesimo
1929 985 2359 1060 septuagesimo
2382 986 2631 1063 septimo
2643 1031 2660 1062 ,
2700 984 3031 1044 indictione
3059 982 3284 1043 decima
3312 986 3523 1063 quinta
3550 979 3744 1060 (393);

990 1117 1336 1173 EPISTOLA
1371 1117 1628 1173 PRIMA.

609 1232 691 1275 AD
727 1230 1071 1277 CANONICOS
1111 1234 1332 1276 SANCTI
1368 1233 1637 1275 MABTINI
1678 1231 1989 1275 LUCENSIS.

1097 1313 1279 1384 (Anno
1331 1317 1511 1376 1077.)

501 1406 701 1475 Arguit
720 1422 802 1461 eos
830 1407 975 1477 quod
992 1412 1176 1463 contra
1201 1422 1300 1461 sua
1318 1408 1523 1461 monita
1536 1448 1555 1474 ,
1574 1410 1625 1461 et
1644 1407 2099 1476 postpromissam

572 1479 1017 1545 satisfactionem,
1049 1481 1394 1533 canonicatus
1423 1494 1483 1532 ac
1508 1479 1826 1548 praebendas
1850 1481 2098 1532 emerent.

576 1551 752 1617 Quare
774 1552 1015 1605 omnibus
1031 1554 1129 1620 qui
1146 1566 1232 1605 eas
1248 1553 1323 1605 sic
1333 1551 1520 1620 adepti
1555 1552 1788 1616 fuerint,
1806 1551 2096 1603 introitum

572 1621 794 1689 majoris
829 1622 1058 1677 ecclesia:
1087 1626 1137 1677 et
1171 1638 1352 1677 earum
1390 1624 1732 1677 retentionem
1772 1622 1993 1693 omnino
2046 1623 2100 1673 in

574 1693 807 1747 terdicit.

571 1794 925 1854 GBBGOBIUS
946 1794 1247 1870 episcopus,
1269 1813 1456 1855 servus
1485 1796 1910 1868 servorum_Dei,
1932 1813 2099 1854 cano-

502 1888 641 1947 nicis
671 1891 855 1948 Sancti
884 1892 1105 1948 Martini
1134 1891 1400 1949 Lucensis
1435 1891 1707 1948 Ecclesiae.

573 1985 887 2042 Meminisse
930 1985 1159 2055 debetis,
1200 1988 1412 2059 quoties
1465 1994 1521 2041 et
1558 2002 1683 2042 cum
1726 1993 1929 2059 quanta
1957 1986 2101 2057 '_cura

504 2094 598 2136 vos
612 2079 996 2136 monuerimus
1023 2080 1170 2152 apud
1186 2094 1285 2137 vos
1315 2088 1621 2148 manentes,
1656 2095 1727 2135 ne
1754 2088 1968 2135 terrena
1991 2095 2104 2151 per-

523 2180 642 2229 tura
671 2172 969 2230 commoda
994 2173 1218 2246 majoris
1266 2188 1431 2245 quam
1472 2172 1680 2229 animas
1718 2181 1924 2229 vestras
1958 2172 2103 2229 aesti-

505 2275 738 2335 mantes,
777 2267 850 2323 ita
882 2283 977 2323 vos
1005 2266 1076 2323 ad
1115 2266 1479 2323 obedientiam
1505 2266 1728 2339 justitiaa
1757 2265 2098 2334 exhiberetis,

506 2367 566 2417 ut
590 2360 816 2417 ulterius
855 2362 956 2417 sub
978 2360 1559 2417 excommunicationis
1586 2359 1830 2425 vinculo,
1857 2358 2007 2432 quod
2047 2360 2101 2414 in

505 2454 851 2528 acquirendis
875 2462 1068 2511 contra
1091 2454 1388 2526 apostolica
1426 2453 1642 2511 decreta
1672 2453 1977 2526 praebendis
2005 2468 2102 2510 vos
2132 2486 2179 2548 Β

497 2535 796 2605 incurrisse
835 2546 1188 2604 manifestum
1217 2556 1353 2618 erat,
1407 2563 1519 2605 non
1545 2547 1957 2620 permaneretis.
1997 2549 2100 2603 Ve-

507 2657 651 2711 rum,
693 2650 755 2698 ut
791 2642 905 2713 ipsa
934 2657 1023 2698 res
1073 2641 1303 2711 indicat,
1332 2640 1692 2697 substantiam
1735 2649 1927 2697 vestrae
1976 2640 2104 2697 licet

506 2735 708 2807 iniqua:
748 2735 1112 2807 possessionis
1142 2736 1518 2807 pretiosiorem
1549 2751 1713 2807 quam
1743 2734 2101 2807 vosmetipsos

504 2827 705 2897 facitis,
747 2829 859 2900 qui,
908 2829 1102 2901 spretis
1146 2828 1605 2885 admonitionibus
1649 2828 1850 2885 nostris
1877 2837 1932 2884 et
1971 2845 2100 2885 con-

505 2929 711 2993 tempta
738 2921 1032 2992 apostolica
1075 2925 1423 2991 auctoritate,
1469 2937 1565 2993 pro
1605 2922 1766 2978 lucris
1794 2923 2103 2995 temporali-

506 3013 612 3071 bus
660 3022 714 3071 et
750 3014 1013 3086 explenda
1062 3014 1356 3087 cupiditate
1410 3022 1610 3085 vestra,
1661 3015 1763 3072 sub
1811 3016 2099 3073 maledicto

506 3107 862 3165 anathematis
914 3117 1037 3180 post
1089 3108 1413 3181 promissam
1479 3108 1636 3165 nobis
1683 3108 2102 3166 satisfactionem

509 3201 743 3258 recidivo
795 3217 858 3258 ac
898 3200 1197 3258 deliberata
1259 3201 1716 3274 praevaricationis
1764 3203 1991 3259 crimine
2013 3204 2098 3275 ja-

508 3311 629 3352 cere
652 3312 766 3352 non
793 3295 1198 3368 pertimescitis.
1224 3296 1583 3368 Quapropter,
1632 3296 1891 3368 quoniam
1938 3306 2101 3354 tantae

510 3389 947 3462 praesumptionis
991 3389 1417 3457 contiunaciam,
1462 3398 1516 3444 et
1552 3398 1667 3445 tam
1697 3389 1953 3446 immanis
1978 3406 2102 3447 ava-

512 3482 645 3539 ritiae
686 3483 932 3556 culpam,
962 3491 1150 3539 nostra
1204 3499 1304 3539 nec
1351 3484 1712 3539 taciturnitate
1740 3484 2099 3554 dissimulare,

509 3593 608 3633 nec
628 3578 880 3649 patientia
933 3594 1043 3633 non
1071 3576 1237 3633 modo
1264 3577 1331 3633 ad
1364 3584 1622 3645 vestrum,
1655 3577 1749 3633 sed
1774 3578 1843 3634 ad
1884 3578 2103 3635 illorum

509 3672 676 3728 etiam
703 3688 833 3727 cum
869 3670 1066 3743 quibus
1113 3665 1527 3727 communicatis
1565 3670 1863 3743 periculum
1900 3672 2104 3729 diutius

512 3761 690 3822 fovere
733 3763 1026 3831 audemus,
1073 3766 1323 3835 praesenti
1353 3764 1676 3820 auctoritate
1719 3765 1973 3823 omnibus
2010 3768 2103 3840 qui

2208 1114 2481 1187 agendum
2508 1124 2710 1173 nostrae
2739 1115 3110 1173 sollicitudinis
3135 1116 3380 1173 debitum
3401 1159 3415 1183 ,
3462 1114 3799 1188 singularum

2209 1209 2607 1281 provinciarum
2678 1210 2941 1266 Ecclesias
2992 1226 3087 1282 per
3152 1209 3520 1282 nosmetipsos
3576 1208 3799 1263 visitare

2208 1319 2319 1359 non
2357 1319 2671 1376 possumus,
2714 1304 3080 1361 necessarium
3119 1303 3272 1360 valde
3297 1312 3377 1360 est
3418 1311 3497 1372 ut,
3554 1302 3801 1375 exigente

2210 1398 2414 1455 ratione
2440 1399 2521 1455 vel
2550 1406 2822 1470 tempore,
2874 1398 3111 1471 aliquem
3158 1398 3327 1455 modo
3381 1397 3451 1454 ad
3475 1397 3592 1453 illas
3621 1404 3804 1468 partes

2211 1492 2422 1549 mittere
2450 1492 2782 1562 Studeamus,
2829 1509 2924 1564 per
2962 1508 3127 1564 quem
3176 1492 3467 1549 commissa
3514 1490 3669 1546 nobis
3710 1506 3799 1546 se-

2207 1586 2447 1643 cundum
2464 1586 2797 1643 voluntatem
2816 1587 2915 1642 Dei
2947 1595 3366 1660 reprzesentetur
3394 1584 3713 1652 auctoritas,
3743 1591 3803 1639 et

2211 1679 2480 1736 Dominici
2505 1680 2679 1753 gregis
2720 1681 2866 1736 salus
2912 1689 3073 1752 atque
3101 1680 3411 1737 communis
3458 1678 3803 1752 providea‘tur

2211 1774 2434 1831 utilitas.
2489 1774 2698 1830 Scimus
2727 1775 2873 1829 enim
2911 1775 3175 1846 quoniam
3204 1774 3317 1829 sine
3368 1773 3693 1829 detrimento
3742 1778 3805 1827 et

2211 1883 2408 1942 magno
2451 1868 2761 1923 animarum
2801 1867 3033 1939 periculo
3080 1876 3199 1923 esse
3253 1883 3363 1923 non
3421 1875 3624 1937 potest,
3672 1879 3804 1921 cum

2209 1960 2349 2018 illius
2377 1960 2649 2035 diligentia
2672 1960 2741 2017 ad
2779 1976 2943 2032 quem
2971 1977 3190 2017 summa
3230 1960 3575 2033 negotiorum
3599 1967 3653 2014 et
3697 1973 3805 2013 cu-

2208 2072 2285 2113 rae
2312 2056 2605 2112 necessitas
2633 2054 2900 2127 praecipue
2919 2063 3142 2127 Spectat,
3177 2054 3269 2111 diu
3309 2054 3541 2109 subditis
3558 2069 3621 2109 ac
3653 2068 3803 2107 com-

2212 2150 2389 2207 missis
2408 2149 2508 2205 sibi
2545 2148 2804 2205 fratribus
2848 2148 3017 2205 deest.
3052 2150 3412 2220 Quapropter,
3462 2146 3808 2203 consideran-

2209 2251 2293 2300 tes
2325 2251 2377 2299 et
2402 2242 2553 2299 valde
2588 2241 2844 2298 timentes
2882 2256 2950 2298 ne
2978 2241 3295 2314 hujusmodi
3348 2257 3474 2312 erga
3495 2256 3589 2295 vos
3628 2238 3807 2311 provi-

2208 2336 2408 2393 dentiae
2459 2336 2642 2392 tandiu
2671 2335 3100 2408 praetermissum
3144 2334 3387 2391 studium
3444 2342 3495 2389 et
3541 2333 3694 2389 nobis
3742 2332 3805 2387 in

2208 2429 2545 2503 negligentiae
2574 2431 2789 2502 culpam
2817 2437 3120 2502 reputetur,
3153 2438 3207 2485 et
3228 2438 3419 2485 vestra:
3451 2426 3609 2483 saluti
3632 2424 3808 2497 (quod

2210 2525 2400 2595 absit!)
2454 2523 2823 2597 perniciosum
2871 2532 2966 2581 aut
3014 2523 3355 2579 contrarium
3405 2520 3591 2589 fuerit,
3676 2519 3807 2575 data

2208 2619 2449 2692 primum
2489 2619 2913 2691 opportunitate,
2958 2617 3212 2673 misimus
3262 2616 3331 2672 ad
3359 2631 3454 2671 vos
3501 2615 3645 2669 hunc
3687 2611 3806 2669 fra-

2210 2719 2348 2768 trem
2391 2719 2646 2768 nostrum
2696 2710 3082 2783 Landulphum
3130 2711 3342 2767 Pisanaa
3385 2708 3643 2765 Ecclesiae
3687 2707 3805 2762 ele-

2210 2815 2362 2863 ctum
2402 2806 2739 2879 episcopum,
2790 2806 2878 2861 cui
2926 2814 2980 2860 et
3026 2806 3203 2861 vicem
3248 2812 3495 2859 nostram
3542 2802 3595 2856 in
3649 2799 3810 2856 vobis

2210 2900 2614 2968 commisimus,
2662 2908 2723 2956 ut
2752 2915 2812 2956 ea
2840 2915 2961 2972 quae
2986 2898 3054 2955 ad
3096 2897 3349 2954 ordinem
3379 2911 3547 2953 sacrae
3582 2894 3808 2967 religio-

2209 2995 2296 3050 nis
2322 2994 2592 3067 pertinent
2618 2993 2719 3049 rite
2739 3007 3057 3064 exsequens,
3074 2992 3233 3064 juxta
3270 2990 3546 3063 prOphetae
3573 2988 3811 3057 dictum,

2204 3088 2396 3145 evellat
2436 3096 2490 3144 et
2536 3087 2812 3155 destruat,
2879 3086 3112 3142 aediﬁcet
3160 3095 3216 3141 et
3264 3084 3521 3155 plantat:
3577 3083 3663 3138 cui
3708 3096 3815 3138 vos

2208 3181 2429 3238 obedire
2456 3189 2510 3236 et
2546 3180 2876 3236 unanimiter
2910 3180 3164 3236 assistere
3206 3179 3483 3246 volumus,
3515 3176 3818 3233 admonen-

2208 3284 2290 3333 tes
2318 3284 2374 3331 et
2415 3274 2711 3347 apostolica
2757 3274 3078 3330 auctoritate
3124 3273 3501 3346 praecipientes
3532 3278 3621 3340 ut,
3676 3285 3814 3325 eum

2208 3385 2335 3426 cum
2386 3369 2540 3425 omni
2591 3368 2851 3424 cliaritate
2889 3376 2944 3423 et
2973 3367 3181 3424 honore
3212 3366 3596 3437 suscipientes,
3638 3364 3813 3419 talem

2208 3462 2308 3519 sibi
2344 3462 2610 3519 honorem
2639 3471 2693 3518 et
2733 3461 3090 3518 reverentiam
3136 3460 3456 3528 exhibeatis,
3489 3458 3707 3531 qualem
3737 3472 3810 3512 ex

2208 3556 2590 3613 constitutione
2611 3564 2925 3613 sanctorum
2953 3560 3177 3610 Patrum
3207 3553 3269 3609 iis
3298 3552 3550 3609 exhibere
3593 3558 3819 3623 oportet

2210 3666 2349 3725 quos
2372 3660 2563 3708 sancta
2591 3659 2645 3706 et
2666 3650 2963 3721 apostolica
2990 3648 3143 3705 sedes
3183 3648 3236 3703 in
3258 3654 3469 3719 partem
3513 3661 3629 3702 suae
3656 3644 3815 3699 solli-

2211 3744 2462 3801 citudinis
2530 3744 2916 3809 assumendos,
2983 3742 3282 3815 quibusque
3351 3740 3521 3797 vicem
3570 3740 3820 3795 Romani

511 3857 649 3914 inter
691 3874 786 3914 vos
818 3866 1009 3915 contra
1051 3858 1349 3930 apostolica
1402 3857 1673 3932 privilegia
1718 3860 1861 3917 beati
1906 3834 2104 3919 Leonis
2141 3866 2186 3929 (ζ
2213 3837 2482 3912 Ρουίίθοίε
2507 3837 2955 3895 committendam
2989 3852 3107 3893 esse
3132 3834 3414 3932 Ρτδεγίάεἶῖ·

512 3966 667 4024 papae
695 3950 981 4008 canonicas
1012 3953 1233 4024 pecunia
1282 3952 1464 4024 adepti
1491 3962 1640 4021 sunt,
1681 3954 1963 4012 introitum
1986 3972 2106 4013 ma-

504 4045 642 4123 joris
683 4046 946 4115 ecclesiae,
979 4046 1222 4103 videlicet
1262 4047 1441 4104 Sancti
1489 4047 1740 4119 Martini,
1788 4057 1842 4104 et
1888 4049 2107 4107 easdem

509 4141 797 4198 canonicas
825 4141 905 4197 vel
937 4141 1254 4213 praebendas
1276 4141 1505 4197 ulterius
1531 4141 1791 4197 retinendi
1835 4142 2107 4201 licentiam

513 4244 567 4292 et
583 4244 907 4308 potestatem
928 4251 999 4291 ex
1028 4244 1176 4307 parte
1201 4233 1592 4306 omnipotentis
1610 4234 1711 4290 Dei
1742 4244 1798 4291 et
1844 4235 1981 4293 beati
2001 4241 2108 4295 Pe-

511 4329 577 4385 tri
604 4329 984 4400 apostolorum
1016 4328 1269 4402 principis
1297 4344 1470 4401 usque
1496 4327 1567 4386 ad
1590 4328 1919 4402 condignam
1948 4332 2106 4389 satis-

530 4422 799 4479 actiouem
828 4422 1220 4479 interdicimus.

583 4520 722 4572 Data
772 4517 1084 4586 Florentiae,
1117 4516 1276 4572 tertio
1321 4514 1449 4573 Idus
1504 4518 1756 4589 Augusti,
1812 4518 2110 4577 indictione

515 4608 728 4666 decima
756 4610 961 4683 quinta.

1085 4713 1435 4771 EPISTOLA
1467 4717 1539 4771 Il.

712 4827 789 4869 AD
828 4828 1152 4871 EPISCOPOS
1191 4829 1267 4871 ET
1307 4831 1598 4876 CLBBICOS
1635 4834 1927 4877 COBCIC/E.

1119 4914 1299 4974 (Anno
1326 4914 1511 4980 1077.)

518 4999 629 5080 Prq
647 5015 742 5080 suo
790 5002 1062 5080 pastorali
1100 5004 1276 5080 ofﬁcio
1318 5008 1497 5080 Amittit
1535 5006 1771 5080 legatum
1811 5012 2110 5080 episcopum

592 5072 855 5151 Pisanum;
878 5073 1255 5151 electum,pqui
1268 5078 1383 5151 vice
1406 5093 1529 5151 sua_
1553 5072 1673 5151 quae
1699 5079 1772 5133 ad
1800 5072 2111 5151 religionem

586 5145 858 5213 pertinent
894 5149 1219 5214 exsequatur
1236 5164 1253 5213 ;
1293 5150 1385 5201 cui
1409 5153 1468 5202 ut
1492 5145 1724 5203 debitam
1755 5145 2111 5207 obedientiam

592 5214 883 5270 exhibeant
904 5219 1172 5287 praecipit.

2288 3934 2427 3989 Data
2455 3933 2628 4002 Senaa,
2666 3932 2932 3989 Kalendis
2960 3928 3327 4003 Septembris,
3358 3927 3651 3986 indictione
3670 3926 3814 3983 inci-

2216 4026 2391 4103 piente
2420 4027 2619 4100 prima.

2748 4118 3101 4178 EPISTOLA
3158 4120 3253 4175 Ill.

2324 4230 2408 4274 ΔΙ)
2447 4229 2829 4275 ΕΟΒῐῙΙιΡΗυΜ
2868 4230 2939 4272 ΕΤ
2978 4228 3302 4273 BAINERUM
3342 4224 3695 4270 EPISCOPOS.

2818 4316 2997 4379 (Anno
3037 4308 3217 4380 1077.)

2216 4404 2398 4463 Monet
2423 4408 2483 4461 ut
2510 4406 2569 4460 in
2604 4403 2844 4462 Ecclesia
2891 4405 3284 4469 Volaterrana,
3316 4402 3572 4472 quoniam
3598 4400 3663 4454 de
3692 4400 3821 4455 idc-

2287 4495 2387 4532 nea
2413 4480 2645 4548 episcopi
2666 4493 2892 4547 persona
2932 4479 3187 4538 convenit,
3216 4476 3284 4529 ab
3322 4474 3566 4528 omnibus
3587 4488 3827 4548 genera—

2290 4550 2391 4603 lem
2432 4546 2726 4603 electionem
2779 4551 2897 4616 ﬁeri
2939 4551 3250 4617 procurent,
3293 4550 3342 4599 et
3403 4560 3523 4599 eum
3571 4560 3671 4597 sua
3708 4546 3825 4599 vice

2290 4624 2615 4690 confirment,
2668 4619 2940 4690 quidquid
2986 4624 3159 4673 actum
3199 4618 3369 4684 fuerit
3406 4617 3730 4690 signiﬁcent,
3763 4621 3820 4669 et

2289 4686 2507 4747 electum
2530 4686 2627 4762 pro
2654 4686 2997 4761 suscipienda
3024 4690 3419 4744 consecratione
3439 4686 3518 4740 ad
3543 4701 3597 4740 se
3618 4702 3825 4755 quam-

2290 4766 2526 4833 primum
2554 4766 2799 4817 mittant.

2292 4858 2635 4914 Gnsconrns
2674 4856 2979 4928 episcopus,
3022 4868 3209 4910 servus
3237 4867 3518 4909 servorum
3549 4849 3668 4919 Dei,
3714 4850 3827 4905 ΗΑ-

2219 4967 2426 5007 DULPIIO
2469 4950 2691 5007 Senensi
2730 4949 3005 5021 episcopo,
3058 4955 3113 5003 et
3153 4949 3468 5003 RAINERIO
3506 4944 3827 5001 Florentino

2222 5042 2551 5120 [episcopo],
2615 5043 2848 5099 salutem
2914 5049 2970 5098 et
3030 5041 3391 5113 apostolicam
3476 5038 3826 5095 benedictio-

2222 5153 2372 5196 nem.

2295 5236 2414 5289 Non
2440 5231 2688 5303 ignorare
2712 5243 2805 5287 vos
2841 5227 3120 5287 credimus
3147 5238 3413 5303 quantum
3432 5225 3829 5284 sollicitudinis

591 5316 939 5373 Gnncomus
967 5317 1270 5391 episcopus,
1304 5335 1489 5376 servus
1530 5336 1811 5379 servorum
1844 5322 1964 5393 Dei,
1997 5340 2116 5382 om—
2141 5288 2194 5351 Β
2230 5288 2608 5400 quantumque
2639 5323 2971 5396 fatigationis
3009 5288 3382 5393 habuerimus,
3412 5321 3468 5378 id
3506 5329 3727 5393 agentes
3763 5328 3827 5375 ut

517 5407 678 5465 nibus
718 5410 1006 5484 episcopis,
1052 5411 1277 5482 clericis,
1335 5415 1667 5486 consulibus,
1713 5418 2012 5490 majoribus
2060 5429 2115 5476 et

520 5502 823 5560 minoribus
848 5505 902 5560 in
940 5506 1115 5564 insula
1146 5507 1367 5566 Corsica
1394 5510 1820 5568 consistentibus
1866 5513 2114 5581 [existen-

521 5596 709 5667 tibus],
736 5598 965 5657 salutem
990 5610 1045 5657 et
1069 5602 1429 5674 apostolicam
1447 5604 1897 5664 benedictionem.

592 5692 865 5764 Quoniam
929 5703 1151 5768 propter
1201 5697 1399 5754 multas
1450 5701 1828 5773 occupationes
1876 5702 1944 5759 ad
1995 5716 2117 5774 per-

2224 5421 2282 5477 in
2322 5420 2675 5477 Volaterrana
2742 5418 2986 5476 Ecclesia
3048 5417 3354 5475 secundum
3412 5414 3716 5471 Dominum
3767 5421 3827 5468 et

2225 5514 2604 5571 auctoritatem
2653 5527 2932 5569 canonum
2988 5512 3132 5569 utilis
3160 5520 3214 5567 et
3257 5509 3487 5567 idoneus
3525 5508 3823 5579 eligeretur

2227 5608 2530 5681 episcopus.
2577 5610 2669 5675 Et,
2710 5607 2836 5678 quia
2889 5604 3193 5662 secundum
3247 5604 3580 5659 voluntatem
3619 5600 3721 5656 Dei
3765 5600 3823 5655 in

2228 5718 2518 5775 personam
2556 5699 2775 5759 Bonoisi
2806 5699 3091 5757 Mantuani
3141 5694 3582 5770 archipresbiteri
3632 5701 3687 5751 et
3713 5709 3821 5749 no-

494 5852 501 5858 ’
592 5857 739 5926 (393)
770 5859 973 5917 Prmter
996 5855 1132 5917 duas
1160 5855 1379 5933 reliqua:
1411 5875 1601 5921 omnes
1631 5862 1901 5936 pertinent
1925 5862 1995 5922 ad
2022 5828 2381 5923 indictionem
2410 5860 2675 5936 primam.
