4074 6172
215 295 308 349 489

1366 295 1564 350 LIBER
1600 295 1900 361 QUINTUS.
1943 323 2013 337 —
2050 296 2256 352 EPIST.
2299 299 2362 350 V.

3404 310 3507 364 490

209 425 317 474 stra
341 417 574 475 consilia
617 416 672 475 et
702 417 954 476 voluntas
993 433 1188 476 eorum
1218 419 1311 490 qui
1343 419 1412 476 de
1441 419 1532 475 illa
1561 420 1806 478 Ecclesia
1833 425 1888 489 Α
1915 429 1970 477 et
1999 420 2225 478 ﬁdeliter
2247 423 2304 478 in
2331 424 2589 482 omnibus
2613 426 2863 484 assistere
2886 429 3163 498 volumus,
3203 441 3260 488 et
3284 441 3506 504 aposto-

206 520 332 568 sunt
371 513 650 582 convenit,
682 513 986 584 apostolica
1027 529 1123 570 vos
1163 514 1487 571 auctoritate
1517 529 1806 572 monemus

207 615 297 676 ut,
329 605 592 664 eamdem
638 608 934 664 Ecclesiam
955 607 1248 678 adeunte,
1283 608 1517 681 qualiter
1542 608 1804 682 generalis

205 701 404 757 electio
433 701 531 758 ﬁat
557 701 626 758 ab
650 702 907 758 omnibus
950 703 1172 771 curetis,
1205 711 1261 759 et
1288 719 1434 773 eam,
1467 702 1606 760 sicut
1634 703 1804 761 moris

204 809 265 850 ex
293 795 523 868 antiqua
555 802 877 853 sanctorum
923 799 1150 854 Patrum
1177 795 1468 854 traditione
1497 796 1664 854 fuisse
1709 813 1802 854 co-

202 890 488 961 gnoscitis,
516 899 703 946 nostra
734 890 848 947 vice
889 890 1238 948 conﬁrmetis.
1271 893 1395 961 Quo
1428 891 1570 948 facto
1599 899 1654 947 et
1683 907 1803 949 rem

203 997 370 1055 quam
400 982 653 1040 ordinate
682 982 827 1040 facta
856 983 1023 1041 fuerit
1061 985 1220 1042 nobis
1241 985 1356 1042 sine
1387 984 1650 1042 dilatione
1678 1001 1802 1042 cer-

203 1077 269 1133 tis
295 1077 500 1134 litteris
525 1077 720 1134 vestris
743 1077 1000 1148 indicate,
1033 1088 1090 1135 et
1113 1079 1351 1136 electum
1381 1096 1482 1152 pro
1510 1080 1804 1152 suscipien-

206 1170 269 1228 da
313 1172 730 1229 consecratione
769 1173 1093 1246 quantocius
1137 1173 1209 1230 ad
1245 1189 1350 1231 nos
1399 1189 1528 1231 cum
1571 1174 1802 1231 solemni

205 1263 425 1322 decreto
452 1266 584 1323 cleri
615 1275 672 1323 et
699 1267 880 1339 populi
905 1266 1194 1324 destinate.

272 1363 416 1416 Data
438 1362 654 1426 Roma:
679 1359 892 1418 decimo
915 1369 1072 1418 sexto
1102 1360 1380 1420 Kalendas
1407 1361 1682 1432 Octobris,
1714 1361 1801 1420 in-

207 1451 441 1509 dictione
464 1454 660 1525 prima.

759 1560 1113 1617 EPISTOLA
1151 1563 1244 1617 1V.

810 1682 892 1723 ΔΙ)
947 1681 1189 1725 CORSOS.

807 1767 991 1835 (Anno
1025 1768 1207 1832 1077.)

215 1865 448 1924 Latatur
494 1869 642 1938 quod
695 1871 931 1925 insulam
993 1871 1279 1931 Corsicam,
1331 1885 1452 1938 quae
1496 1870 1806 1938 antiquitus

268 1942 412 2009 juris
438 1947 558 1996 erat
583 1943 756 1996 sancti
783 1943 952 2002 Petri,
982 1942 1048 1994 ab
1078 1942 1415 1996 iuvasoribus
1443 1942 1802 2004 vindicantes,

281 2013 353 2066 ad
379 2014 690 2084 apostolica:
718 2013 862 2067 sedis
889 2013 1141 2067 ditionem
1161 2014 1357 2068 reverti
1377 2013 1545 2068 velint
1575 2032 1590 2062 :
1619 2015 1807 2081 inqua

278 2085 553 2139 voluntate
589 2100 672 2139 eos
699 2088 994 2153 cmiﬁrmat.
1018 2085 1428 2138 Paratissimum
1456 2085 1530 2138 ad
1549 2100 1664 2138 eam
1693 2101 1807 2138 rem

277 2157 554 2210 auxilium
603 2157 898 2226 pollicetur.
973 2159 1148 2210 Monet
1205 2161 1266 2210 ut
1335 2157 1509 2224 legato
1564 2172 1658 2211 suo
1712 2157 1809 2224 qui

271 2230 572 2296 provincia
606 2225 864 2296 regimen
915 2225 1172 2296 suscipiet
1215 2227 1446 2296 ﬁdeliter
1501 2228 1804 2297 obsequan-

280 2304 394 2353 tur.

278 2401 634 2458 Gnnoonrus
666 2400 972 2474 episcopus,
1001 2416 1190 2458 servus
1218 2417 1504 2459 servorum
1535 2402 1654 2470 Dei,
1685 2418 1804 2458 om-

215 2493 369 2550 nibus
419 2496 691 2568 episcopis
734 2505 790 2553 et
831 2495 960 2553 viris
1004 2495 1300 2565 nobilibus,
1344 2497 1658 2571 cunctisque
1695 2506 1807 2554 tam

214 2588 508 2660 majoribus
538 2606 708 2662 quam
757 2589 1065 2647 minoribus
1093 2591 1148 2646 in
1185 2591 1358 2646 insula
1405 2592 1626 2649 Corsica
1670 2607 1809 2648 con-

212 2683 545 2752 sistentibus,
613 2683 845 2740 salutem
912 2692 968 2740 et
1037 2684 1391 2756 apostolicam
1470 2685 1807 2743 benedictio-

215 2791 364 2832 nem.

279 2870 463 2936 Scitis,
513 2871 710 2928 fratres
749 2881 804 2928 et
843 2871 1148 2928 charissimi
1194 2875 1252 2930 in
1299 2873 1518 2930 Christo
1546 2872 1666 2942 ﬁlii,
1697 2889 1811 2928 non

213 2965 388 3021 solum
419 2965 598 3032 vobis,
642 2966 738 3022 sed
785 2966 970 3022 multis
999 2968 1249 3040 gentibus
1279 2966 1635 3024 manifestum
1666 2982 1808 3034 esse,

214 3058 473 3128 insulam,
523 3075 695 3131 quam
726 3058 1065 3129 inhabitatis,
1086 3061 1220 3116 nulli
1267 3062 1606 3130 mortalium,
1646 3061 1811 3116 nulli-

212 3168 315 3224 que
345 3153 628 3225 potestati,
659 3153 763 3209 nisi
799 3162 1003 3211 sanctae
1032 3157 1302 3210 Romanae
1332 3155 1583 3211 Ecclesia:
1626 3171 1689 3210 ex
1717 3155 1808 3210 de-

1913 513 2014 571 lica
2045 517 2364 574 auctoritate
2393 534 2680 577 monemus
2713 540 2726 576 :
2759 530 2814 578 et
2843 530 2902 578 ut
2929 525 3103 596 magis
3133 541 3356 583 securus
3390 543 3506 584 ma-

1912 609 2105 681 gisque
2148 610 2216 666 ad
2259 611 2444 668 omnia
2493 613 2632 670 inter
2674 630 2770 671 vos
2815 626 3107 689 promptus
3151 635 3269 676 esse
3312 621 3504 688 valeat,

1911 700 2234 759 ﬁdelitatem
2262 721 2501 776 quoque,
2531 707 2574 762 si
2603 709 2975 780 postulaverit,
3017 713 3295 784 praemissa
3324 723 3506 771 tamen

1911 797 2087 853 sancti
2113 799 2257 853 Petri
2305 808 2359 854 et
2396 799 2583 856 nostra
2621 811 3056 878 nostrorumque
3103 823 3501 878 successorum,

1909 906 2023 946 non
2069 890 2368 964 denegetis,
2413 909 2517 950 nec
2542 895 2720 968 aliqua
2751 899 3034 956 occasione
3069 900 3172 957 sibi
3201 900 3374 959 facere
3416 917 3502 958 re-

1911 984 2130 1041 cusetis.

1981 1082 2120 1135 Data
2163 1083 2361 1140 Romae
2391 1081 2610 1140 decimo
2653 1094 2806 1143 sexto
2835 1087 3097 1146 Kalendis
3120 1089 3395 1161 Octobris,
3424 1089 3502 1147 in-

1910 1172 2146 1231 dictione
2168 1176 2362 1247 prima.

2464 1284 2815 1341 EPISTOLA
2881 1289 2948 1340 V.

2409 1401 2489 1442 AD
2539 1403 3002 1456 AQUILEIENSES.

2491 1489 2684 1554 (Anno
2727 1490 2916 1561 1077.)

1911 1587 2054 1642 Illud
2081 1604 2135 1642 se
2162 1590 2302 1642 inter
2331 1593 2516 1644 omnia
2543 1594 2812 1661 praecipue
2839 1592 3150 1646 desiderare
3195 1594 3394 1655 scribit,
3443 1598 3506 1648 ut

1979 1662 2037 1713 in
2065 1675 2386 1730 unaquaque
2412 1665 2645 1718 Ecclesia
2673 1665 2798 1718 tatis
2823 1665 3086 1732 eligatur,
3118 1667 3217 1732 qui
3241 1680 3428 1720 nomen
3453 1672 3506 1719 et

1980 1733 2214 1800 ofﬁcium
2234 1736 2466 1800 pastoris
2495 1735 2683 1788 habere
2707 1735 2903 1801 dignus
2932 1737 3004 1788 sit
3033 1753 3049 1788 :
3076 1735 3274 1789 idcirco
3307 1737 3505 1804 legatos

1982 1818 2035 1876 se
2063 1804 2272 1876 misisse
2309 1804 2381 1857 ad
2411 1806 2792 1873 inquirendum
2822 1807 3107 1874 diligenter
3137 1807 3201 1860 de
3229 1809 3505 1876 qualitati-

1982 1872 2080 1927 bus
2121 1874 2188 1928 ab
2218 1877 2307 1948 eis
2335 1877 2392 1928 in
2419 1872 2725 1948 episcopum
2766 1872 2962 1932 electi:
2993 1893 3148 1945 quem
3181 1872 3507 1934 si—idoneum

1982 1947 2302 2014 repererint,
2349 1951 2659 2017 conﬁrment
2717 1967 2734 1998 :

1983 2023 2166 2088 gatur.

1985 2119 2346 2175 Gnaeonws
2362 2119 2673 2192 episcopus,
2705 2136 2891 2177 servus
2919 2121 3338 2183 servorumDei,
3363 2121 3508 2179 clero

1914 2219 1969 2266 et
1997 2212 2198 2284 populo
2218 2213 2580 2285 Aquileiensis
2615 2215 2876 2272 Ecclesiae
2929 2215 3165 2274 salutem
3205 2223 3259 2272 et
3287 2225 3506 2287 aposto-

1913 2304 2079 2361 licam
2113 2303 2572 2365 benedictionem.

1986 2400 2225 2473 Antiqua
2245 2410 2300 2458 et
2322 2411 2450 2458 nota
2469 2418 2640 2461 sacrae
2667 2403 3019 2460 institutionis
3049 2412 3133 2461 est
3157 2402 3362 2478 regula,
3398 2419 3511 2462 non

1917 2493 1985 2548 ab
2026 2493 2362 2565 hominibus,
2393 2496 2488 2552 sed
2513 2497 2582 2553 ab
2611 2500 2741 2553 Jesu
2769 2497 2984 2555 Christo
3031 2501 3148 2555 Deo
3190 2507 3246 2555 et
3268 2500 3510 2556 Domino

1917 2595 2128 2657 nostro,
2161 2587 2470 2660 plenissima
2512 2607 2627 2648 suae
2665 2591 2942 2663 sapientiae
2975 2592 3426 2662 consideratione,
3457 2601 3514 2650 et

1917 2681 2152 2737 veritatis
2189 2680 2525 2740 difﬁnitione
2558 2685 2795 2752 sancita,
2847 2686 2964 2757 ipso
2995 2686 3211 2743 dicente
3236 2687 3291 2742 in
3335 2690 3512 2744 Evan-

1916 2774 2054 2846 gelio
2088 2795 2099 2829 :
2140 2779 2244 2844 Qui
2280 2779 2447 2832 intrat
2480 2796 2579 2849 per
2610 2783 2809 2835 ostium
2845 2785 3037 2849 pastor
3064 2786 3141 2835 est
3179 2784 3377 2845 ovium,
3413 2786 3513 2853 qui

1917 2875 2098 2924 autem
2131 2886 2233 2925 non
2274 2874 2443 2926 intrat
2465 2889 2566 2943 per
2595 2876 2814 2936 ostium,
2858 2875 2951 2928 sed
2985 2876 3224 2929 ascendit
3251 2876 3510 2943 aliunde,

1920 2965 2023 3030 fur
2051 2971 2128 3020 est
2157 2969 2206 3020 et
2229 2966 2367 3020 latro
2393 2970 2562 3034 (Joau.
2591 2966 2682 3037 Χ).
2711 2967 3052 3038 Quapropter
3076 2967 3226 3038 quod
3247 2968 3299 3022 in
3323 2971 3510 3024 Eccle-

1920 3058 1998 3114 sia
2036 3057 2132 3115 diu
2176 3059 2408 3131 peccatis
2451 3058 2775 3116 facientibus
2821 3061 3136 3132 neglectum
3182 3069 3236 3116 et
3276 3061 3514 3118 nefanda

1921 3152 2315 3210 consuetudine
2341 3163 2663 3226 corruptum
2682 3153 2808 3222 fuit,
2831 3162 2887 3210 et
2915 3163 3016 3220 est,
3036 3170 3136 3210 nos
3155 3154 3224 3210 ad
3243 3153 3514 3212 honorem

2799 1950 2886 2003 sin
2931 1951 3129 2011 minus,
3200 1951 3343 2005 alius
3401 1952 3505 2005 eli-

212 3219 322 3304 bito
345 3219 434 3304 vel
452 3219 618 3319 jurist
633 3248 965 3318 proprietate
988 3248 1264 3321 pertinere
1307 3269 1318 3303 ε
1352 3257 1407 3304 et
1435 3249 1583 3320 quod
1615 3249 1694 3304 illi
1719 3249 1810 3322 qui
1841 3219 1890 3287 (ἶ
1923 3248 2025 3304 Dei
2056 3256 2111 3304 et
2136 3248 2369 3304 salutem
2400 3219 2568 3305 totius
2595 3219 3012 3305 Christianitatis
3045 3248 3304 3305 innovare
3351 3258 3404 3305 et
3427 3265 3511 3305 re-

213 3356 335 3397 eam
362 3341 636 3397 hactenus
665 3341 956 3412 violenter,
995 3342 1130 3398 nihil
1160 3343 1391 3412 servitii,
1424 3343 1559 3400 nihil
1585 3342 1814 3399 ﬁdelita-

212 3434 299 3500 tis,
328 3433 468 3490 nihil
501 3436 718 3506 penitus
756 3435 1113 3508 subjectionis
1142 3445 1236 3493 aut
1278 3436 1604 3493 obedientiae
1650 3437 1811 3494 beato

214 3531 377 3586 Petro
432 3527 776 3598 exhibentes,
829 3538 1150 3599 tenuerunt,
1195 3531 1521 3602 semetipsos
1582 3531 1813 3587 crimine

203 3622 512 3696 sacrilegii,
541 3632 598 3679 et
625 3623 936 3679 animarum
965 3639 1193 3680 suarum
1219 3625 1369 3696 gravi
1398 3623 1642 3695 periculo
1673 3624 1811 3680 obli-

214 3725 500 3789 gaverunt.
531 3718 938 3790 Cognoscentes
957 3727 1170 3786 autem,
1201 3733 1298 3790 per
1321 3718 1583 3790 quosdam
1626 3717 1815 3776 ﬁdeles

214 3819 436 3870 nostros
463 3820 520 3868 et
550 3820 762 3868 vestros
788 3811 1018 3881 amicos,
1041 3827 1140 3868 vos
1167 3812 1235 3869 ad
1264 3811 1534 3869 honorem
1563 3821 1618 3867 et
1646 3813 1812 3884 justi-

213 3903 349 3961 tiam
403 3904 689 3979 apostolici
729 3905 1086 3980 principatus,
1128 3906 1272 3964 sicut
1313 3915 1569 3978 oportere
1611 3923 1814 3980 cogno-

214 3998 389 4067 scitis,
418 3999 553 4056 velle
598 4000 819 4068 reverti,
847 4008 904 4057 et
937 3998 1036 4057 diu
1071 4000 1407 4057 subtractam
1450 4001 1517 4057 ab
1546 4001 1814 4057 invasori-

213 4090 318 4149 bus
365 4091 650 4165 justitiam
727 4094 890 4151 beato
964 4097 1125 4150 Petro
1200 4094 1390 4150 vestris
1471 4094 1814 4166 temporibus

213 4186 516 4260 vestrisque
559 4185 757 4244 studiis
802 4185 1108 4255 redhiberi,
1140 4187 1297 4244 valde
1337 4187 1506 4260 gavisi
1554 4203 1746 4244 sumus
1793 4205 1806 4242 :

212 4279 454 4336 scientes
504 4279 663 4336 vobis
708 4279 815 4337 hoc
840 4295 953 4336 non
980 4279 1164 4337 solum
1207 4279 1276 4337 ad
1323 4287 1680 4354 praesentem,
1713 4280 1810 4337 sed

214 4372 381 4428 etiam
409 4371 480 4429 ad
505 4371 758 4429 futuram
807 4373 1101 4445 provenire
1130 4373 1426 4431 utilitatem
1465 4382 1522 4430 et
1555 4374 1806 4447 gloriam.

211 4468 334 4522 Nec
357 4464 609 4524 difﬁdere
634 4465 862 4540 quidem
883 4475 981 4524 aut
999 4467 1306 4540 quidquam
1325 4467 1385 4522 in
1404 4467 1506 4524 hac
1527 4484 1693 4526 causa
1718 4484 1813 4525 vos

1920 3351 2171 3398 staurare
2213 3342 2488 3414 cupimus,
2533 3341 2786 3398 videlicet
2811 3349 2871 3396 ut
2895 3341 2964 3397 ad
3011 3342 3313 3414 regendum
3342 3359 3513 3415 popu-

1920 3434 2034 3490 lum
2060 3435 2160 3491 Dei
2198 3435 2256 3491 in
2297 3451 2618 3507 unaquaque
2645 3435 2906 3500 Ecclesia,
2962 3435 3206 3507 exigente
3243 3443 3510 3507 tempore,

1919 3528 2040 3584 talis
2068 3537 2124 3585 et
2149 3545 2214 3584 eo
2245 3529 2437 3585 ordine
2466 3528 2694 3601 eligatur
2734 3529 3040 3600 episcopus,
3074 3529 3164 3601 qui
3187 3529 3342 3601 juxta
3369 3531 3510 3586 veri-

1919 3622 2045 3679 tatis
2089 3623 2415 3678 sententiam
2462 3638 2575 3678 non
2605 3620 2693 3678 fur
2734 3631 2788 3678 et
2827 3623 2967 3678 latro
3014 3621 3119 3678 dici
3162 3623 3377 3692 debeat,
3417 3623 3513 3680 sed

1919 3731 2121 3772 nomen
2166 3725 2223 3772 et
2265 3715 2511 3790 ofﬁcium
2541 3716 2774 3788 pastoris
2817 3716 3019 3772 habere
3055 3715 3251 3790 dignus
3296 3717 3510 3774 existat.

1921 3812 2054 3868 Hac
2081 3808 2302 3882 quidem
2331 3818 2517 3866 nostra
2553 3810 2826 3880 voluntas,
2869 3811 2975 3866 hoc
3014 3817 3271 3867 nostrum
3302 3820 3385 3867 est
3411 3811 3508 3868 de-

1919 3903 2198 3974 siderium,
2222 3903 2348 3972 hoc,
2375 3904 2664 3960 miserante
2686 3907 2829 3974 Deo,
2857 3912 3130 3974 nostrum,
3161 3905 3344 3977 quoad
3369 3904 3514 3962 vixe-

1919 3997 2114 4067 rimus,
2160 3996 2496 4055 indefessum
2527 3997 2627 4054 erit
2652 3997 2913 4055 studium.
2965 3999 3237 4054 Caeterum
3266 3999 3416 4071 quod
3443 3999 3514 4056 ad

1919 4091 2204 4148 servitium
2232 4099 2288 4148 et
2321 4092 2563 4149 debitam
2600 4091 2920 4149 ﬁdelitatem
2961 4091 3101 4164 regis
3140 4091 3392 4164 pertinet,
3421 4108 3513 4149 ne-

1919 4201 2193 4258 quaquam
2246 4185 2618 4242 contradicere
2673 4194 2770 4242 aut
2823 4185 3084 4260 impedire
3108 4186 3382 4242 volumus.
3444 4189 3514 4243 Et

1920 4278 2043 4336 ideo
2079 4279 2213 4335 nihil
2238 4279 2385 4348 novi,
2409 4278 2539 4335 nihil
2583 4279 2788 4336 nostris
2816 4278 3287 4336 adinventionibus
3323 4295 3510 4353 super-

1917 4372 2177 4430 inducere
2203 4388 2490 4442 conamur,
2517 4372 2612 4428 sed
2642 4371 2774 4429 illud
2804 4371 3154 4428 solummodo
3194 4373 3510 4444 quaerimus,

1920 4466 2068 4539 quod
2093 4474 2149 4523 et
2175 4467 2427 4524 omnium
2459 4466 2608 4523 salus
2638 4464 2884 4538 postulat
2910 4475 2964 4521 et
3008 4465 3329 4535 necessitas,
3361 4475 3422 4522 ut
3449 4467 3510 4523 in

211 4557 465 4616 dubitare
493 4567 716 4631 oportet
741 4560 1026 4633 quoniam,
1069 4559 1114 4617 si
1145 4561 1310 4618 modo
1359 4571 1535 4620 vestra
1564 4563 1814 4620 voluntas
1841 4591 1892 4655 Β
1921 4560 2258 4618 ordinatione
2314 4561 2724 4634 episcoporum,
2794 4559 3096 4617 secundum
3154 4574 3512 4619 communem

211 4652 376 4709 ﬁrma
401 4662 458 4710 et
476 4668 607 4726 erga
629 4653 856 4710 beatum
880 4655 1106 4711 Petrum
1133 4653 1271 4711 fides
1297 4654 1526 4713 immota
1554 4672 1810 4728 perman-

210 4748 369 4818 serit,
407 4746 675 4804 habemus
722 4763 818 4821 per
867 4748 1301 4806 misericordiam
1345 4750 1447 4806 Dei
1503 4750 1562 4806 in
1617 4750 1813 4808 Tuscia

211 4843 424 4898 multas
449 4840 724 4898 comitum
753 4849 807 4898 et
834 4841 1109 4899 nobilium
1138 4843 1385 4901 virorum
1414 4844 1601 4916 copias
1629 4843 1698 4900 ad
1725 4860 1813 4902 ve-

210 4941 397 4992 strum
419 4935 780 5008 adjutorium,
805 4935 850 4992 si
869 4951 1087 4994 necesse
1111 4936 1298 5006 fuerit,
1323 4937 1811 5012 defensionemque

213 5039 456 5102 paratas.
493 5030 862 5103 Quapropter,
901 5031 1050 5104 quod
1078 5031 1133 5088 in
1171 5031 1274 5089 hac
1312 5048 1372 5090 re
1413 5033 1813 5106 opportunissi-

213 5139 377 5181 mum
405 5121 568 5180 nobis
594 5123 776 5181 visum
822 5132 924 5192 est,
955 5124 1205 5200 misimus
1246 5125 1317 5183 ad
1344 5142 1442 5184 vos
1469 5125 1699 5184 fratrem
1727 5143 1814 5186 ve-

210 5225 400 5275 strum
428 5215 820 5288 Landulphum
848 5216 1056 5276 Pisanaa
1083 5218 1338 5277 Ecclesia
1367 5220 1682 5292 episcopum
1723 5221 1812 5292 [in

210 5311 540 5385 episcopum
577 5310 870 5379 electum],
900 5311 986 5367 cui
1032 5312 1198 5369 etiam
1228 5313 1368 5370 inter
1395 5329 1492 5371 vos
1519 5315 1691 5371 vicem
1718 5330 1816 5372 no-

210 5413 394 5463 stram
441 5405 498 5460 in
547 5402 926 5478 spiritualibus
962 5405 1360 5478 commisimus,
1388 5417 1452 5464 ut
1495 5416 1702 5465 terram
1747 5425 1814 5466 ex

211 5507 375 5572 parte
393 5498 542 5556 beati
569 5499 711 5555 Petri
734 5506 791 5556 et
812 5507 1002 5556 nostra
1027 5499 1141 5556 vice
1162 5501 1438 5573 suscipiat,
1468 5511 1523 5558 et
1541 5518 1663 5560 eam
1683 5519 1812 5560 cum

213 5592 374 5649 omni
404 5590 594 5649 studio
618 5600 673 5647 et
692 5591 971 5665 diligentia
994 5602 1167 5667 regat,
1194 5602 1250 5651 et
1277 5593 1346 5652 de
1367 5595 1624 5652 omnibus
1650 5596 1815 5654 rebus

214 5701 286 5742 ac
311 5687 493 5743 causis
531 5686 692 5742 beato
720 5689 883 5743 Petro
914 5694 969 5743 et
997 5687 1154 5744 nobis
1184 5703 1279 5761 per
1321 5685 1475 5746 illum
1503 5689 1814 5762 pertinenti-

214 5777 323 5837 bus
350 5795 412 5837 se
438 5778 779 5836 intromittat
812 5798 824 5834 :
852 5779 940 5836 cui
968 5796 1063 5837 vos
1096 5797 1196 5854 pro
1224 5798 1414 5839 amore
1440 5791 1495 5839 et
1517 5784 1816 5844 reverentia

213 5873 467 5944 ejmdem
513 5871 659 5930 beati
704 5872 845 5931 Petri
873 5875 1249 5946 apostolorum
1295 5876 1553 5951 principis
1591 5877 1819 5937 obedire

509 5962 747 6020 ΡΔτῑιοι..
785 5963 1035 6022 CXLVIII.

1923 4663 2237 4713 sanctorum
2261 4657 2487 4711 Patrum
2513 4652 2928 4726 intelligentiam
2957 4660 3012 4709 et
3039 4653 3508 4726 approbationem,

1921 4750 2098 4822 primo
2124 4749 2370 4806 omnium
2401 4747 2708 4820 evangelica
2737 4756 2794 4804 et
2837 4746 3104 4804 canonica
3146 4757 3390 4806 servetur
3411 4765 3510 4807 au-

1921 4843 2166 4900 ctoritas.
2217 4841 2377 4914 Quod
2422 4849 2608 4898 autem
2642 4841 2800 4898 nobis
2841 4840 2909 4897 de
2937 4841 3200 4899 electione
3243 4843 3388 4915 apud
3415 4859 3512 4901 vos

1922 4936 2062 4994 facta
2105 4935 2466 5010 significastis,
2523 4943 2800 5009 gratanter
2853 4935 3157 5008 accepimus
3189 4955 3201 4991 :
3247 4945 3320 5005 et,
3364 4937 3409 4994 si
3436 4938 3512 4995 ita

1918 5032 2021 5088 rite
2050 5029 2254 5088 factam
2278 5045 2394 5087 esse
2445 5030 2754 5087 constiterit
2783 5037 2843 5085 ut
2885 5027 2939 5084 in
2975 5029 3125 5087 nullo
3161 5030 3315 5088 vobis
3358 5047 3510 5089 sacra

1921 5125 2254 5182 contradicat
2280 5124 2595 5194 auctoritas,
2624 5131 2766 5180 teste
2789 5122 3116 5180 conscientia
3148 5133 3332 5182 nostra
3357 5126 3510 5182 valde

1921 5219 2243 5293 gaudemus,
2281 5228 2336 5275 et
2370 5216 2729 5291 omnipotenti
2766 5220 2883 5274 Deo
2911 5217 3110 5291 gratias
3137 5219 3368 5292 agimus.
3409 5221 3512 5277 Ve-

1921 5328 2047 5370 rum
2071 5313 2196 5385 quia
2220 5312 2388 5381 (sicut
2430 5327 2592 5384 supra
2617 5311 2888 5380 diximus)
2927 5310 2983 5366 in
3012 5310 3319 5384 hujusmodi
3349 5328 3510 5373 causa

1921 5423 2035 5463 non
2070 5405 2378 5464 secundum
2402 5405 2688 5462 arbitrium
2726 5413 3003 5476 nostrum,
3027 5405 3125 5462 sed
3150 5421 3248 5478 per
3273 5407 3416 5464 viam
3458 5417 3513 5467 et

1923 5500 2224 5558 doctrinam
2254 5499 2687 5558 orthodoxorum
2710 5501 2936 5556 Patrum
2964 5499 3210 5557 incedere
3237 5503 3507 5576 cupimus,

1922 5594 2175 5662 misimus
2200 5593 2270 5652 ad
2313 5609 2409 5650 vos
2449 5593 2549 5651 hos
2577 5593 2783 5666 legatos
2821 5603 3042 5651 nostros
3081 5591 3280 5650 harum
3309 5595 3513 5652 littera-

1924 5705 2049 5747 rum
2072 5687 2384 5761 portitores,
2426 5695 2489 5744 ut
2513 5703 2735 5744 causam
2766 5686 3003 5760 undique
3028 5686 3310 5760 diligenter
3337 5687 3507 5758 inqui-

1923 5791 2069 5853 rant;
2097 5791 2170 5852 et,
2202 5782 2248 5839 si
2275 5797 2404 5839 eum
2432 5797 2600 5856 quem
2631 5797 2725 5837 vos
2764 5781 2988 5851 elegisse
3018 5780 3213 5848 dicitis,
3247 5779 3370 5846 vita,
3400 5793 3514 5834 mo-

1924 5877 2156 5950 ribus}et
2181 5875 2403 5935 scientia
2424 5875 2493 5932 ad
2521 5874 2733 5946 apicem
2758 5880 2924 5930 tantae
2953 5871 3227 5943 dignitatis
3252 5870 3510 5928 idoneum

3092 5961 3158 6013 ιο
