4144 6184
570 294 665 349 491

1254 291 1308 347 S.
1352 289 1675 346 GREGOBII
1712 291 1801 346 VII
1840 290 2036 346 ΡΑΡᾹΞ
2074 289 2349 347 OPERUM
2386 288 2558 345 PARS
2594 290 2636 344 l.
2676 316 2747 329 —
2782 286 3171 343 REGISTRUM

3765 284 3874 338 492

568 425 624 474 et
648 415 961 489 regulariter
995 415 1330 488 assignatum
1371 431 1489 473 esse
1518 416 1913 489 perspexerint,
1947 416 2161 474 electio-
2193 425 2245 484 Α
2274 417 2568 473 nitentibus
2614 414 2816 471 electus
2852 412 3042 481 fuerit,
3097 426 3225 468 cum
3254 409 3481 467 consilio
3512 408 3653 466 illius
3695 415 3751 464 et
3777 423 3881 465 eo-

566 526 695 567 nem
732 518 965 567 vestram
995 509 1165 579 (sicut
1187 509 1402 582 justum
1446 509 1557 582 est)
1594 516 1784 567 nostra
1815 510 1927 567 vice
1966 510 2166 567 contir-

567 614 766 662 ment:
816 605 902 661 sin
949 613 1133 661 autem
1173 604 1232 661 in
1260 621 1323 661 eo
1366 605 1571 676 aliquid
1600 604 1939 662 contrarium
1983 614 2037 662 et
2083 605 2167 663 di-

492 694 499 699 “
568 715 742 772 gnum
810 699 1262 772 reprehensione,
1328 699 1626 772 quominus
1698 699 1767 757 ad
1862 699 2169 772 episcopale

568 793 817 865 regimen
860 794 1137 865 pervenire
1179 793 1393 862 debeat,
1434 794 1775 864 invenerint;
1822 802 2010 850 amoto
2052 794 2167 864 illo,

568 889 740 945 talem
778 887 1040 945 studeatis
1082 888 1280 960 eligere
1310 904 1598 960 personam
1622 904 1746 962 qua
1769 896 1922 945 tanto
1972 888 2168 944 honori

569 990 627 1040 et
652 981 835 1040 officio
860 991 1147 1055 congruat,
1180 991 1236 1039 et
1271 999 1439 1055 quam
1481 992 1669 1039 nostra
1698 999 1793 1054 per
1820 982 2046 1040 eosdem
2087 982 2167 1038 le-

570 1084 727 1151 gatos
767 1086 1156 1150 reprasentata
1202 1078 1496 1134 auctoritas
1532 1077 1833 1150 approbare
1863 1085 1916 1134 et
1959 1077 2169 1134 conﬁr—

569 1186 719 1229 mare
740 1173 951 1230 debeat.
996 1171 1135 1227 lllud
1163 1172 1307 1227 enim
1335 1172 1547 1239 scitote,
1588 1172 1736 1244 quod
1776 1172 1819 1228 si
1858 1172 2084 1245 legalem
2114 1179 2168 1228 et

570 1268 889 1325 canonicam
941 1266 1260 1323 electionem
1318 1283 1413 1324 vos
1474 1267 1666 1324 fecisse
1721 1268 2163 1339 cognoverimus,

572 1362 756 1419 omnia
782 1360 936 1418 vobis
964 1369 1018 1417 et
1058 1360 1313 1417 Ecclesia
1341 1369 1558 1430 vestra,
1600 1377 1722 1434 qua
1752 1361 2045 1433 apostolica
2069 1362 2164 1418 de-

570 1458 666 1515 bet
695 1464 752 1512 et
773 1456 911 1512 valet
934 1456 1249 1523 auctoritas,
1289 1472 1416 1512 cum
1438 1456 1587 1511 omni
1625 1455 1890 1511 charitate
1915 1455 2165 1527 prasidia

572 1548 950 1610 exhibebimus
979 1568 992 1607 :
1025 1558 1079 1605 et
1114 1550 1157 1605 si
1187 1550 1309 1623 quis
1337 1550 1492 1606 aliter
1514 1550 1582 1607 ad
1622 1550 1810 1606 sedem
1846 1550 1991 1606 illam
2020 1550 2163 1623 aspi-

570 1662 691 1704 rare
718 1632 1155 1718 prasumpserit,
1185 1645 1374 1716 procul
1418 1642 1584 1701 dubio
1613 1661 1730 1701 non
1768 1647 1949 1702 solum
1978 1653 2165 1700 contra

572 1755 723 1809 eum,
754 1739 849 1798 sed
876 1740 1041 1797 etiam
1070 1748 1260 1796 contra
1286 1755 1478 1796 omnes
1506 1738 1745 1796 fautores
1771 1756 1897 1795 suos
1926 1739 2164 1811 gladium

2275 529 2400 569 rum
2429 512 2659 568 fratrum
2681 510 2774 581 qui
2808 508 2863 564 in
2892 508 3011 564 sinu
3038 515 3242 563 sancta
3270 504 3467 563 matris
3498 502 3751 560 Ecclesia
3780 502 3881 558 tir-

2274 608 2438 663 miter
2494 605 2865 679 perstiterunt,
2927 610 3191 675 quantam
3246 600 3349 657 sub
3414 599 3641 657 obtentu
3678 597 3884 654 divina

2275 702 2463 775 gratia
2515 700 2857 773 potuerimus
2905 695 3340 753 misericordiam
3392 693 3547 751 vobis
3598 691 3882 759 exhibere,

2275 806 2331 853 et
2359 804 2571 852 erratus
2599 793 2764 851 vestri
2806 792 3040 866 pondus,
3091 799 3379 863 quantum,
3412 792 3532 845 Deo
3568 786 3882 853 solatiante,

2275 891 2476 947 audere
2504 899 2559 946 et
2588 904 2747 962 posse
2784 887 3023 954 dabitur,
3054 894 3271 958 portare
3315 883 3491 957 parati
3536 898 3745 940 sumus.
3780 884 3887 938 Sin

2276 994 2459 1042 autem
2484 1001 2579 1040 vos
2607 992 2799 1039 contra
2826 983 2931 1038 hoc
2958 982 3083 1050 niti,
3118 991 3173 1037 et
3201 978 3581 1052 impedimenti
3613 977 3888 1050 objectio-

2273 1097 2368 1137 nes
2412 1096 2653 1153 quarere
2682 1088 2735 1136 et
2778 1077 3022 1134 invenire
3051 1074 3492 1149 cognoverimus,
3524 1074 3581 1129 in
3623 1088 3743 1129 eam
3773 1088 3887 1129 au-

2274 1184 2389 1232 tem
2422 1184 2627 1247 partem
2668 1172 2980 1230 consentire
3021 1181 3083 1227 ut
3125 1179 3313 1226 contra
3358 1168 3592 1225 divinam
3622 1176 3677 1224 et
3706 1182 3890 1224 cano-

2273 1271 2453 1327 nicam
2491 1269 2877 1326 auctoritatem
2908 1266 3175 1339 quispiam
3218 1265 3317 1322 sibi
3345 1264 3491 1321 sedis
3532 1262 3673 1319 illius
3715 1277 3890 1318 occu-

2274 1366 2553 1438 pationem
2595 1372 2916 1437 prasumat,
2966 1361 3152 1434 procul
3205 1360 3369 1416 dubio
3417 1367 3472 1414 et
3520 1358 3607 1413 ille
3650 1357 3886 1429 dignam

2271 1476 2385 1517 sua
2425 1459 2726 1532 iniquitatis
2756 1456 3070 1514 mercedem
3100 1455 3350 1523 inveniet,
3385 1462 3441 1510 et
3468 1453 3535 1509 de
3564 1452 3715 1509 vobis
3743 1467 3888 1507 san-

2275 1563 2363 1611 cta
2401 1562 2455 1610 et
2490 1553 2785 1626 apostolica
2824 1551 3005 1619 sedes,
3054 1557 3261 1625 quanto
3306 1556 3591 1621 provocata
3631 1546 3881 1618 gravius,

2275 1657 2430 1705 tanto
2454 1648 2741 1720 culparum
2769 1647 3012 1704 rationes
3042 1645 3220 1717 exiget
3243 1642 3565 1712 districtius,
3598 1638 3885 1714 judicabit

2275 1743 2539 1801 acerbius.
3006 1752 3009 1755 '

567 1835 743 1895 sancti
773 1836 950 1903 Petri,
983 1843 1038 1893 et
1064 1835 1381 1908 apostolica
1407 1833 1898 1891 animadversionis
1919 1833 2165 1907 jaculum
2196 1821 2246 1886 Β
2350 1840 2489 1894 Data
2536 1838 2733 1894 Roma
2782 1834 2995 1893 decimo
3035 1834 3229 1908 quinto
3273 1831 3550 1891 Kalendas
3594 1826 3882 1897 Octobris,

570 1928 815 1990 districta
839 1930 1115 1988 vibratum
1145 1938 1201 1986 et
1223 1930 1488 1987 emissum
1515 1930 1731 1986 sentiet.

639 2028 781 2082 Data
798 2028 997 2083 Roma
1017 2025 1231 2083 decimo
1257 2025 1448 2098 quinto
1472 2024 1751 2083 Kalendas
1775 2024 2052 2094 Octobris,
2080 2022 2160 2081 in-

572 2120 807 2179 dictione
833 2120 1032 2193 prima.

1128 2211 1477 2271 EPISTOLA
1508 2211 1605 2271 VI.

748 2329 816 2375 At)
856 2331 1260 2374 sunnaowsos
1304 2333 1560 2373 ECCLESLE
1603 2331 1984 2380 AQUlLEIENSIS.

1159 2413 1348 2483 (Anno
1390 2414 1577 2484 1077.)

569 2510 746 2569 Monet
774 2524 858 2563 eos
889 2507 1174 2578 diligenter
1199 2513 1386 2563 curent
1415 2512 1476 2561 ut
1504 2509 1683 2562 electio
1711 2510 1953 2579 episcopi
1987 2506 2163 2577 Aqui-

642 2583 874 2644 leiensis,
892 2586 1123 2651 propter
1147 2596 1307 2649 quam
1321 2580 1526 2649 legatos
1553 2583 1738 2642 mittit,
1765 2582 2017 2635 canonice
2038 2582 2162 2648 ﬁat;

639 2655 989 2709 schismaticis
1019 2658 1196 2706 autem
1232 2654 1494 2707 canonica
1521 2653 1764 2707 electioni
1789 2653 2159 2707 annitentibus

633 2724 1065 2780 misericordiam
1084 2723 1375 2794 pollicetur
1405 2743 1421 2774 :
1452 2725 1501 2778 si
1525 2740 1643 2779 vero
1675 2729 1860 2779 contra
1884 2727 2157 2789 nitantur,

635 2801 732 2851 aut
759 2800 810 2851 si
843 2799 963 2866 quis
994 2797 1148 2852 illam
1188 2797 1362 2851 sedem
1391 2800 1623 2867 occupet,
1677 2812 1866 2865 graves
1914 2798 2162 2852 minatur

623 2884 815 2939 pomus
828 2909 838 2923 .

623 2972 941 3029 Gnsconws
973 2969 1280 3043 episcopus,
1322 2985 1517 3027 servus
1546 2984 1833 3027 servorum
1876 2971 2004 3039 Dei,
2044 2987 2161 3027 om-

557 3065 717 3123 nibus
757 3065 1023 3138 episcopis
1067 3065 1421 3137 Aquileiensis
1459 3066 1725 3121 Ecclesia
1773 3063 2156 3137 suffraganeis,

558 3160 644 3217 his
677 3161 772 3233 qui
801 3176 860 3216 se
896 3176 1023 3216 vere
1054 3160 1245 3215 fratres
1281 3158 1653 3215 exhibuerunt
1680 3158 2029 3229 [exhibent],
2069 3175 2155 3216 sa-

2278 1932 2579 1990 indictione
2614 1932 2807 2006 prima.

2821 2043 3173 2101 EPISTOLA
3215 2041 3327 2101 VII.

2455 2166 2524 2208 AD
2550 2162 2765 2207 UDONEM
2783 2164 3151 2205 TREVIRENSEM
3176 2163 3238 2202 ET
3264 2161 3690 2204 SUFFRAGANEOS.

2862 2254 3052 2327 (Anno
3084 2252 3277 2324 1077.)

2279 2364 2553 2432 Signiﬁcat
2580 2358 2991 2416 sollicitudinem
3020 2373 3173 2414 suam
3194 2356 3265 2432 de
3284 2358 3445 2427 regni
3462 2355 3883 2432 _Teutonicorum

2344 2427 2747 2505 perturbatione
2769 2432 3013 2485 sedanda
3041 2450 3056 2484 :
3086 2447 3196 2499 qua
3223 2428 3289 2484 de
3316 2446 3373 2482 re
3387 2427 3477 2505 ad
3506 2441 3683 2505 omnes
3708 2428 3877 2505 prin-

2348 2500 2486 2576 cipes
2518 2506 2727 2559 litteras
2754 2505 2980 2569 misisse,
3017 2507 3076 2556 ut
3108 2505 3259 2555 tanto
3287 2501 3434 2576 malo
3462 2515 3611 2576 opem
3641 2500 3829 2576 ferant
3861 2517 3877 2551 :

2349 2571 2467 2647 qua:
2507 2593 2631 2632 cum
2675 2592 2744 2630 an
2784 2576 2856 2629 ad
2898 2590 2978 2629 eos
3021 2575 3367 2643 pervenerint
3414 2574 3630 2636 nesciat,
3656 2571 3878 2647 _i_teru_m

2350 2643 2683 2722 ementplaria
2730 2648 2901 2702 mittit
2956 2662 3066 2700 una
3114 2661 3231 2700 cum
3277 2648 3607 2722 sacramento
3653 2643 3882 2722 ῌεηνὶοί

2349 2715 2513 2791 regis;
2562 2722 2676 2793 qui,
2713 2736 2769 2772 eo
2813 2722 3125 2787 contempto,
3170 2732 3295 2793 suos
3340 2717 3542 2793 legatos
3583 2715 3880 2793 capi_per-

2347 2784 2585 2849 miserit:
2654 2794 2913 2847 Hortatur
2964 2784 3045 2845 eos
3102 2788 3184 2842 ad
3253 2788 3653 2843 ecclesiasticam
3710 2784 3879 2838 liber-

2348 2871 2533 2928 tatem,
2557 2868 2605 2918 et
2625 2863 2702 2919 ad
2720 2878 3041 2918 communem
3060 2862 3287 2915 salutem
3312 2858 3724 2926 defendendam.

2349 2978 2670 3033 Gnacoaws
2690 2974 2996 3046 episcopus,
3014 2987 3204 3027 servus
3230 2985 3511 3026 servorum
3530 2968 3648 3036 Dei,
3668 2969 3865 3026 Uooat

2276 3069 2581 3127 Trevirensi
2610 3066 3041 3140 archiepiscopo,
3069 3073 3125 3122 et
3165 3064 3280 3138 ejus
3312 3064 3575 3137 episcopis
3603 3061 3877 3135 suffraga-

2223 3165 2414 3253 wneis,
2444 3164 2677 3220 salutem
2704 3170 2759 3219 et
2805 3160 3163 3233 apostolicam
3196 3158 3650 3215 benedictionem.

558 3254 730 3312 lutem
761 3264 817 3311 et
857 3253 1209 3326 apostolicam
1256 3252 1723 3321 benedictionem;
1754 3253 1857 3309 illis
1898 3269 2023 3310 vero
2066 3253 2157 3325 qui
2340 3262 2423 3315 De
2478 3265 2634 3314 motu
2661 3264 2718 3313 et
2763 3254 3175 3328 perturbatione
3226 3252 3381 3326 regni
3435 3252 3873 3310 Teutonicomm

554 3361 667 3405 non
704 3349 885 3405 solum
914 3363 945 3403 a
988 3347 1245 3403 charitate
1285 3346 1659 3416 fraternitatis,
1712 3347 1807 3403 sed
1854 3347 1922 3404 ab
1951 3346 2158 3404 unitate

557 3444 719 3498 etiam
770 3443 1027 3499 Ecclesia
1071 3442 1412 3499 schismatica
1456 3443 1721 3514 pravitate
1773 3441 2155 3512 discesserunt,

553 3537 753 3596 debita
790 3536 1160 3594 sollicitudinis
1190 3537 1651 3593 exhortationem.

626 3634 815 3689 Clerus
835 3641 890 3687 et
914 3632 1151 3704 populus
1174 3631 1535 3703 Aquileiensis
1557 3631 1837 3701 Ecclesia,
1872 3631 2062 3706 legatis
2082 3630 2151 3689 ad

554 3738 655 3782 nos
684 3726 978 3797 litterisque
1023 3725 1258 3793 directis,
1304 3725 1694 3781 nuntiaverunt
1734 3725 1914 3795 nobis,
1954 3726 2151 3783 defun-

555 3827 646 3876 cto
674 3834 849 3890 nuper
877 3818 1140 3875 Sichardo
1168 3819 1426 3891 episcopo
1468 3835 1587 3888 suo,
1619 3835 1678 3875 se
1707 3820 2153 3879 archidiaconum

555 3912 798 3985 ejusdem
825 3913 1083 3968 Ecclesia
1121 3912 1175 3967 in
1203 3912 1386 3968 locum
1416 3912 1563 3969 illius
1592 3914 1873 3985 regiminis
1900 3916 2149 3986 elegisse,

554 4006 892 4080 postulantes
920 4015 984 4062 ut
1013 4015 1069 4062 et
1095 4022 1196 4062 nos
1225 4006 1481 4063 electioni
1518 4023 1713 4064 eorum
1741 4017 1944 4065 nostra
1967 4017 2153 4066 aucto-

552 4101 729 4158 ritatis
774 4115 1058 4157 assensum
1106 4099 1696 4174 conﬂrmationemque
1742 4102 2145 4161 adhiberemus.

551 4192 783 4264 Verum,
830 4194 954 4266 quia
996 4210 1113 4250 rem
1160 4203 1445 4266 tantopere
1487 4196 1924 4269 perspiciendam
1968 4197 2150 4256 adhuc

552 4290 893 4363 incognitam
935 4288 994 4344 in
1034 4288 1210 4361 prima
1240 4288 1521 4347 auditione
1564 4300 1676 4347 tam
1722 4292 1904 4349 subito
1956 4310 2152 4366 appro-

550 4384 680 4442 bare
721 4393 903 4442 tutum
928 4382 1187 4454 nonfuit,
1214 4384 1459 4441 misimus
1502 4384 1630 4443 illuc
1670 4386 1876 4459 legatos
1900 4398 2143 4457 nostros,

550 4489 610 4539 ut
634 4496 853 4537 causam
881 4487 935 4536 et
963 4478 1217 4536 ordinem
1256 4479 1535 4536 electionis
1562 4480 1744 4537 subtili
1776 4482 2145 4554 exploratione

550 4576 882 4647 perquirant,
914 4582 970 4630 et
997 4572 1259 4646 quidquid
1288 4572 1414 4630 inde
1446 4582 1542 4631 aut
1570 4575 2019 4633 confirmandum
2051 4586 2144 4634 aut

2266 3359 2525 3428 quantam
2588 3351 3018 3408 sollicitudinem
3057 3358 3429 3423 quantamque
3464 3347 3582 3420 jam
3627 3363 3720 3419 per
3742 3346 3869 3403 lon-

2267 3466 2397 3522 gum
2440 3457 2658 3519 tempus
2712 3446 3043 3503 anxietatem
3099 3443 3546 3510 sustinuerimus,
3610 3442 3697 3497 ille
3752 3456 3871 3514 pra

2266 3543 2522 3601 omnibus
2567 3542 2719 3599 novit
2747 3541 2837 3613 qui
2866 3541 3115 3597 omnium
3143 3547 3487 3597 secretorum
3514 3536 3761 3610 cognitor
3788 3544 3875 3592 est

2262 3647 2319 3695 et
2352 3639 2630 3711 inspector
2654 3652 2831 3693 verus.
2866 3636 2989 3704 Cui,
3033 3634 3197 3691 etiam
3227 3632 3274 3690 si
3323 3632 3461 3689 tales
3490 3630 3748 3689 exaudire
3788 3629 3873 3686 di-

2262 3741 2477 3807 gnatur,
2522 3732 2719 3788 multas
2747 3729 3171 3803 supplicationes
3201 3727 3453 3795 fecimus,
3488 3734 3541 3783 et
3578 3724 3865 3792 faciemus,

2261 3826 2617 3885 commonitis
2646 3835 2700 3883 et
2741 3825 2985 3881 exoratis
3011 3823 3199 3881 multis
3230 3821 3490 3879 fratribus
3515 3828 3570 3877 et
3597 3820 3870 3891 religiosis

2262 3919 2781 3994 congregationibus
2826 3918 2899 3976 ad
2944 3918 3191 3975 studium
3219 3915 3541 3975 earumdem
3584 3915 3865 3987 supplica-

2260 4016 2501 4086 tionum,
2547 4024 2609 4071 ut
2656 4015 3011 4071 misereretur
3062 4012 3237 4086 gentis
3284 4012 3450 4081 illius,
3507 4025 3607 4065 nec
3659 4007 3869 4066 sineret

2260 4126 2383 4167 eam
2413 4111 2467 4167 in
2488 4110 2705 4183 propria
2731 4108 2933 4165 armari
2964 4108 3192 4177 viscera,
3237 4114 3294 4163 et
3316 4104 3387 4162 ad
3416 4104 3628 4161 ruinam
3664 4101 3866 4160 dome-

2258 4205 2407 4263 stica
2437 4204 2776 4261 fortitudinis
2804 4203 2862 4259 in
2890 4202 3030 4259 bello
3060 4200 3381 4274 confligere,
3411 4199 3509 4271 sed
3551 4198 3719 4255 totius
3744 4196 3861 4255 disc

2257 4300 2458 4356 cordia
2521 4314 2711 4356 causas
2765 4313 2863 4355 sua
2935 4297 3143 4371 potenti
3216 4295 3417 4351 virtute
3471 4301 3863 4365 compesceret,

2257 4403 2313 4451 et
2354 4410 2453 4450 sua
2496 4392 2874 4450 moderatione
2922 4391 3036 4447 sine
3084 4391 3304 4447 funesto
3353 4398 3409 4445 et
3457 4389 3707 4445 luctuoso
3751 4389 3865 4444 line

2255 4497 2628 4561 componeret.
2669 4488 2904 4546 Litteras
2930 4501 3147 4559 quoque
3170 4485 3288 4559 jam
3313 4492 3437 4540 ante
3481 4492 3592 4540 tres
3642 4498 3864 4539 menses

2254 4590 2312 4640 et
2361 4599 2427 4640 eo
2456 4582 2692 4656 amplius
2720 4580 2850 4639 illuc
2897 4580 3212 4650 direximus,
3262 4578 3507 4635 videlicet
3538 4577 3730 4650 legatis
3757 4593 3863 4634 no-

546 4668 955 4742 reprobandum
985 4676 1087 4735 est,
1110 4667 1351 4741 diligenti
1384 4669 1873 4742 circumspectione
1915 4670 2141 4744 [adden-

2260 4678 2378 4737 stris
2405 4652 2682 4735 Bernardo
2712 4676 2941 4734 diacono
2970 4684 3181 4743 nostro,
3208 4682 3263 4731 et
3292 4673 3436 4730 idem
3463 4671 3743 4728 Bernardo
3768 4686 3861 4728 reo

548 4765 683 4819 dum
704 4766 845 4832 forte
870 4762 1029 4820 nobis
1052 4763 1281 4831 notum]
1310 4761 1526 4820 faciant.
1566 4766 1863 4822 Monemus
1894 4765 2058 4837 igitur
2086 4775 2142 4824 et

547 4870 663 4929 vos,
703 4872 939 4929 quorum
968 4854 1191 4927 quidem
1230 4858 1468 4913 multum
1506 4857 1750 4928 interest,
1790 4859 1927 4916 utin
1957 4859 2059 4917 hac
2081 4877 2140 4919 re

548 4955 738 5009 Vestra
781 4949 1157 5007 sollicitudinis
1194 4950 1436 5006 studium
1477 4951 1807 5022 adhibeatis;
1847 4964 2139 5027 quatenus,

544 5044 835 5102 auxiliante
862 5047 1001 5112 Deo,
1032 5043 1157 5099 talis
1184 5044 1253 5099 sit
1280 5045 1369 5115 qui
1403 5044 1460 5100 in
1487 5045 1727 5103 culmine
1755 5056 1921 5105 tanta
1958 5049 2137 5123 digni-

543 5139 670 5197 tatis
712 5136 1007 5211 prasidere
1030 5137 1249 5207 debeat,
1278 5146 1339 5193 ut
1366 5138 1541 5208 vobis,
1580 5141 1672 5214 qui
1724 5142 1772 5198 ei
1801 5158 1999 5201 manus
2029 5145 2137 5201 im-

543 5242 748 5305 ponere
765 5231 994 5302 debetis,
1025 5249 1137 5288 non
1160 5232 1389 5290 tristitia
1413 5243 1507 5289 aut
1528 5235 1788 5306 periculo,
1818 5238 1910 5294 sed
1936 5239 2133 5311 gaudio

541 5332 600 5384 et
626 5324 841 5395 honori,
877 5334 933 5383 et
958 5326 1265 5385 commissa
1303 5327 1402 5384 sibi
1430 5327 1571 5401 plebi
1599 5330 1761 5387 saluti
1799 5346 1915 5389 esse
1940 5332 2132 5391 valeat.

539 5419 709 5478 Vobis
743 5426 949 5490 autem,
982 5420 1099 5493 qui,
1146 5420 1328 5479 nescio
1358 5437 1430 5479 an
1470 5423 1668 5479 timore
1718 5432 1814 5481 aut
1842 5441 1947 5499 qua
1976 5443 2134 5486 occa-

538 5515 692 5572 ‘sione
733 5513 963 5583 seducti,
1014 5531 1212 5572 manus
1269 5526 1325 5573 et
1377 5516 1594 5589 linguas
1640 5526 1848 5577 vestras
1891 5537 2036 5579 novo
2081 5529 2137 5579 et

534 5606 784 5666 inaudito
828 5608 1117 5667 schismate
1146 5609 1439 5681 polluistis,
1467 5620 1525 5668 et
1551 5613 1621 5669 ob
1653 5612 1758 5671 hoc
1794 5615 1850 5671 in
1878 5615 2133 5689 laqueum

534 5702 892 5761 anathematis
941 5702 1226 5772 incidistis,
1283 5720 1533 5763 seorsum
1562 5706 1797 5765 dicimus
1849 5712 2131 5782 quoniam,

530 5798 575 5854 si
619 5799 676 5855 in
712 5796 933 5870 prafata
979 5797 1307 5867 Aquileiensi
1352 5800 1590 5857 Ecclesia
1630 5802 1820 5874 aliquis
1852 5803 2050 5877 dignus
2079 5814 2135 5863 et

529 5890 761 5952 idoneus
805 5890 862 5946 in
899 5891 1216 5962 episcopum
1258 5892 1412 5949 vobis
1454 5893 1662 5952 sincera
1702 5898 1981 5957 voluntate
2030 5914 2130 5958 an-

2248 4770 2445 4845 ligioso
2492 4769 2816 4829 Massiliensi
2847 4768 3051 4836 abbati,
3085 4785 3251 4842 quem
3294 4773 3517 4840 captum
3544 4780 3662 4822 esse
3698 4764 3859 4821 audi-

2248 4867 2449 4935 vimus,
2480 4883 2581 4923 nec
2622 4882 2733 4922 non
2763 4874 2818 4921 et
2854 4862 3118 4921 universis
3162 4861 3501 4934 principibus
3547 4867 3712 4916 terra
3739 4867 3858 4914 tam

2249 4960 2625 5017 ecclesiasticis
2655 4976 2822 5033 quam
2865 4955 3218 5015 sacularibus
3248 4954 3511 5028 personis,
3560 4953 3618 5009 in
3657 4951 3860 5026 quibus

2248 5053 2400 5128 quod
2426 5053 2585 5111 nobis
2627 5054 2698 5111 ad
2736 5052 3052 5110 evitandam
3082 5049 3315 5116 eadem,
3344 5046 3624 5117 incendia,
3656 5056 3712 5103 et
3749 5048 3857 5103 alia

2246 5150 2516 5207 bellorum
2544 5149 2805 5221 pericula,
2836 5147 3110 5220 optimum
3141 5154 3198 5202 et
3224 5146 3278 5201 in
3311 5142 3449 5200 tanti
3477 5142 3681 5215 negotii
3709 5141 3854 5199 difﬂ-

2244 5245 2457 5302 nitione
2502 5242 2871 5318 justissimum
2918 5240 3222 5308 videbatur,
3277 5254 3372 5296 eos
3415 5236 3760 5294 consulendo
3799 5246 3856 5293 et

2248 5336 2523 5396 hortando
2569 5353 2699 5393 cum
2742 5336 2893 5393 omni
2942 5334 3121 5392 studio
3166 5332 3387 5405 eXsequi
3433 5330 3853 5399 admonuimus;

2246 5441 2302 5490 et
2350 5440 2412 5488 ut
2460 5429 2659 5488 fortius
2708 5430 3023 5487 insisterent
3050 5427 3349 5502 apostolica
3396 5425 3724 5483 auctoritate
3770 5424 3854 5482 in-

2239 5526 2543 5599 junximus.
2570 5528 2795 5594 Verum,
2835 5525 2961 5597 quia
2988 5524 3147 5581 nobis
3194 5539 3309 5579 non
3337 5521 3466 5578 satis
3500 5527 3853 5593 compertum

2246 5629 2331 5677 est
2348 5628 2532 5676 utrum
2561 5620 2628 5677 ad
2654 5636 2750 5676 vos
2771 5619 3114 5692 pervenerint
3144 5617 3251 5674 illa
3279 5615 3480 5673 littera
3507 5623 3625 5685 aut,
3648 5615 3693 5669 si
3719 5630 3853 5685 per-

2245 5715 2370 5773 lata
2397 5715 2531 5783 sint,
2578 5730 2648 5771 ne
2675 5714 2819 5771 forte
2845 5714 2915 5771 de
2944 5728 3134 5772 earum
3186 5712 3411 5769 veritate
3444 5707 3651 5783 aliquid
3680 5707 3850 5766 dubi-

2243 5809 2390 5877 tetis,
2448 5808 2671 5866 easdem
2730 5808 2880 5865 vobis
2936 5808 3003 5866 de
3040 5806 3239 5865 nostris
3291 5802 3707 5876 exemplaribus
3755 5818 3848 5858 re-

2243 5903 2472 5978 scriptae
2498 5904 2717 5962 mittere
2744 5903 3079 5973 curatimus,
3121 5900 3481 5960 admdnentes
3528 5911 3622 5954 vos
3660 5903 3717 5951 ct
3744 5907 3851 5967 per
