4074 6172
261 317 353 370 493

1388 315 1586 374 LIBER
1622 315 1932 384 QUINTUS.
1971 345 2043 362 --
2083 319 2291 376 EPIST.
2335 321 2394 375 IX

3449 326 3552 381 494

262 453 442 494 veram
486 437 861 496 obedientiam
899 437 1298 510 praecipientes,
1356 439 1540 500 modis
1588 414 1849 502 omnibus
1875 447 1940 512 Α
1960 443 2397 516 procuravimus.
2437 442 2651 501 Dicitur
2689 443 2957 516 siquidem
2995 445 3294 517 legitimam
3331 455 3550 520 aetatem

257 547 482 604 operam
510 531 656 591 detis
679 541 742 590 ut
767 549 935 591 causa
957 532 1261 592 secundum
1288 535 1624 594 sententiam
1656 552 1844 594 earum

252 625 557 685 litterarum
588 635 920 700 pertractata
946 627 1113 686 ﬁnem
1140 627 1343 688 habeat
1366 639 1426 689 et
1449 631 1701 705 accipiat.
1731 632 1845 689 Mi-

249 719 423 780 simus
452 722 627 780 etiam
654 723 810 781 vobis
840 733 1249 782 sacramentum
1277 725 1427 799 quod
1444 741 1542 784 rex
1573 726 1845 785 Henricus

252 816 410 874 nobis
450 833 551 891 per
578 816 764 876 ﬁdeles
803 833 932 877 suos
961 819 1234 894 quosdam
1262 818 1423 890 fecit,
1451 819 1584 878 data
1625 821 1845 895 quidem

249 911 468 986 propria
497 927 667 970 manu
699 927 802 971 sua
838 912 898 970 in
933 929 1167 973 manum
1203 914 1422 973 abbatis
1449 915 1842 986 Cluniacensis,

249 1015 323 1076 ut,
378 1006 624 1080 perlecta
663 1023 752 1076 eo,
792 1009 1136 1082 cognoscatis
1173 1024 1340 1084 quam
1383 1018 1530 1067 recte
1560 1025 1845 1084 quamque

247 1096 484 1161 honeste
535 1115 636 1175 pro
684 1118 786 1161 suo
830 1104 1060 1162 nomine
1106 1121 1164 1161 se
1207 1119 1334 1178 erga
1387 1120 1492 1163 nos
1527 1104 1780 1162 habuerit
1824 1119 1842 1164 :

243 1191 444 1271 quippe
485 1211 519 1255 a
549 1197 708 1271 cujus
752 1195 1004 1257 ﬁdelibus
1040 1200 1209 1274 legati
1256 1200 1438 1258 nostri
1473 1208 1670 1274 postea
1699 1199 1843 1272 capti

244 1301 390 1362 sunt,
473 1289 731 1351 videlicet
803 1294 1087 1354 Gerardus
1149 1293 1502 1363 [Bernardus]
1580 1293 1846 1353 Ostiensis

243 1386 532 1459 episcopus
557 1387 616 1443 in
641 1388 1064 1462 Longobardia,
1085 1389 1404 1448 Bernardus
1432 1388 1605 1447 abbas
1646 1389 1845 1446 Massic

245 1480 429 1539 liensis
478 1480 535 1538 in
564 1489 709 1539 terra
749 1483 1077 1553 Teutonica‘;
1129 1483 1277 1542 unde
1305 1499 1434 1542 eum
1474 1482 1610 1540 nihil
1665 1483 1847 1541 adhuc

245 1573 477 1649 dignum
529 1571 725 1635 fecisse
751 1578 1132 1652 cognovimus.
1178 1579 1513 1652 Quanquam
1552 1593 1655 1635 nos
1707 1592 1846 1634 nun.

246 1684 412 1744 quam
452 1686 585 1730 eum
622 1670 680 1727 in
718 1671 896 1745 aliqua
937 1689 1134 1744 causa,
1169 1676 1292 1730 Deo
1338 1671 1694 1746 providente,
1736 1670 1841 1729 hac

248 1765 530 1824 occasione
567 1767 965 1839 contravenire,
999 1766 1276 1841 justitiam
1303 1765 1696 1824 circumvenire
1744 1772 1840 1823 aut

249 1875 468 1934 gravare
495 1860 748 1929 velimus,
778 1861 920 1919 sicut
933 1861 1103 1920 etiam
1124 1870 1251 1936 post
1277 1869 1522 1935 coeptum
1548 1858 1838 1934 negotium

253 1968 534 2030 nunquam
563 1955 709 2029 apud
734 1971 838 2015 nos
867 1964 965 2014 aut
1001 1956 1251 2030 precibus
1269 1964 1364 2014 aut
1390 1955 1573 2030 aliqua
1597 1960 1840 2013 ostenta-

255 2044 399 2108 tione
442 2049 817 2108 amicitiarum
859 2050 942 2109 vel
989 2049 1406 2109 inimicitiarum
1449 2048 1698 2108 obtinere
1742 2061 1841 2122 po-

255 2144 353 2201 tuit
421 2151 489 2201 ut
553 2144 853 2218 quidquam
915 2159 1019 2219 pro
1070 2161 1138 2205 eo
1191 2152 1395 2220 praeter
1448 2143 1599 2218 quod
1628 2143 1843 2218 justum

255 2237 524 2297 videretur
553 2238 736 2297 dicere
762 2238 847 2298 vel
871 2255 1095 2298 censere
1139 2240 1425 2299 vellemus.
1457 2242 1637 2312 Atque
1672 2237 1732 2293 in
1779 2253 1842 2295 ea

255 2345 331 2402 re,
355 2332 546 2408 quoad
577 2333 900 2404 vixerimus,
937 2333 1347 2402 incunctanter,
1377 2337 1499 2391 Deo
1527 2331 1842 2405 adjuvante,

254 2429 541 2501 persistere
581 2427 733 2487 nullo
760 2429 1003 2503 periculo
1045 2429 1172 2487 vita:
1197 2430 1282 2487 vel
1319 2426 1518 2487 mortis
1545 2425 1844 2486 deterrebi-

252 2539 394 2581 mur.
445 2524 612 2598 Agite
646 2539 808 2598 ergo,
841 2523 1182 2582 dilectissimi
1223 2522 1443 2595 fratres,
1496 2530 1558 2579 ut
1586 2528 1846 2596 appareat

249 2625 519 2692 quantum
538 2617 852 2676 libertatem
877 2617 1132 2677 Ecclesia
1156 2625 1214 2676 et
1233 2631 1588 2676 communem
1609 2616 1844 2674 salutem

251 2712 502 2770 omnium
549 2710 826 2786 diligatis;
863 2712 1099 2770 scientes
1126 2712 1418 2786 quoniam,
1467 2712 1513 2767 si
1544 2726 1709 2769 causa
1747 2725 1845 2768 nco

250 2806 422 2880 gleeta
450 2806 642 2878 fuerit,
671 2815 727 2864 et
755 2805 827 2865 ad
855 2807 1167 2882 graviorem
1190 2807 1361 2882 (quod
1380 2805 1528 2864 absit
1548 2807 1601 2876 ι)
1624 2816 1845 2863 εχαοθτ·

250 2898 533 2960 bationem
561 2901 795 2973 venerit,
834 2918 949 2961 non
979 2903 1159 2961 solum
1187 2901 1338 2974 genti
1368 2908 1566 2960 vestrae
1594 2907 1649 2958 et
1675 2909 1846 2974 regno

251 2996 704 3065 Teutonicorum,
735 2996 829 3054 sed
862 2995 1045 3071 quoad
1071 2997 1207 3054 ﬁnes
1234 2995 1667 3053 Christianitatis
1695 3003 1846 3064 sunt,

251 3090 478 3160 damna,
505 3090 766 3165 pericula,
789 3088 1201 3162 confusionem,
1231 3097 1288 3148 et
1314 3089 1727 3150 inaestimabiles
1746 3090 1848 3146 mi~

254 3184 529 3246 seriarum
557 3201 751 3244 causas
779 3185 973 3258 pariet.

319 3283 465 3339 Data
519 3282 714 3339 Romae
763 3279 1004 3339 secundo
1050 3278 1334 3339 Kalendas
1379 3278 1660 3350 Octobris,
1711 3274 1852 3338 indi-

253 3376 432 3434 ctione
474 3377 678 3448 prima.

775 3484 1132 3547 EPISTOLA
1171 3486 1323 3545 VIII.

256 3606 318 3650 AD
357 3602 683 3661 mensuum,
723 3605 1063 3661 RlCiiARDUM,
1108 3607 1168 3648 ετ
1206 3604 1388 3652 sonum
1423 3603 1850 3650 surrsacassos.

844 3698 1035 3765 (Anno
1077 3695 1262 3767 i077.)

261 3796 674 3860 Aurelianensis
719 3799 952 3870 episcopi
998 3799 1173 3857 multa
1216 3800 1412 3856 scelera
1445 3797 1853 3870 perstringens,

323 3874 574 3944 pracipit
612 3872 686 3927 eis
729 3871 890 3944 utqad
917 3887 1167 3944 etram—en!
1190 3871 1336 3927 illius
1385 3871 1650 3928 actio-num
1683 3887 1854 3928 conve-

325 3942 554 4009 niente—3,
592 3959 714 4000 eum
737 3942 812 3997 ad
834 3942 1262 4015 respondendum
1292 3944 1489 4015 litteris
1533 3947 1812 4000 convocem
1839 3959 1859 3998 .°

325 4018 502 4088 quisi
536 4016 624 4070 vel
660 4016 840 4088 venire
879 4012 1129 4077 noluerit,
1160 4014 1261 4088 ruet
1292 4015 1360 4070 de
1395 4012 1616 4088 objectis
1660 4031 1764 4088 non
1806 4030 1861 4071 se

321 4086 671 4159 purgaverit,
693 4087 994 4157 depositum
1009 4091 1062 4142 et
1074 4087 1357 4159 priuatum
1386 4086 1543 4142 illum
1569 4087 1860 4159 declarent,

327 4157 502 4232 quam
539 4161 862 4215 sententiam
895 4159 1055 4229 jubet
1119 4157 1492 4232 promulgari,
1552 4163 1602 4213 et
1627 4159 1698 4232 _in
1744 4158 1859 4228 ejus

330 4227 500 4287 iocum
542 4232 808 4288 Sermonem
851 4227 1170 4298 [Sanzonein
1197 4227 1268 4286 de
1295 4244 1405 4301 quo
1435 4244 1522 4301 ep.
1558 4227 1644 4303 14]
1685 4227 1864 4302 quem-

328 4304 458 4361 dam
509 4303 812 4373 subrogari.

332 4417 648 4472 GRBGORIUS
688 4413 998 4486 episcopus,
1045 4427 1235 4470 servus
1274 4425 1564 4472 servorum
1599 4412 1724 4482 Dei,
1771 4413 1863 4468 Rro

259 4524 467 4568 animo
496 4508 804 4568 Senonensi
847 4505 1281 4582 archiepiscopo,
1311 4517 1366 4565 et
1397 4509 1673 4566 RiCiiARDO
1713 4506 1864 4564 Bitu-

1874 1818 1931 1885 Β,

1954 553 2070 596 non
2096 539 2303 597 habens
2329 547 2521 596 contra
2553 537 2773 595 decreta
2804 547 3125 597 sanctorum
3166 543 3398 599 Patrum
3433 542 3554 600 sine

1953 631 2154 690 idonea
2190 633 2323 690 cleri
2349 641 2405 690 et
2427 633 2611 706 populi
2637 633 2907 691 electione
2936 634 3226 691 ecclesiam
3255 635 3538 694 invasisse.

1953 726 2168 784 Dicitur
2185 727 2356 785 etiam
2373 726 2502 784 huic
2516 726 2785 800 iniquitati
2803 727 2940 785 illud
2956 726 3246 798 addidisse,
3271 737 3334 784 ut
3354 730 3412 786 in
3433 746 3552 802 pro.

1954 822 2205 880 motione
2228 821 2557 880 clericorimi
2588 821 3069 880 archidiaconatus
3095 831 3151 880 et
3174 823 3428 881 abbatias
3453 839 3554 898 per

1953 915 2384 990 negotiationem
2427 915 2739 986 vendendo,
2769 917 2981 974 nullam
3027 917 3380 975 honestatem
3423 918 3551 976 nul-

1953 1011 2177 1085 lumque
2223 1013 2326 1070 Dei
2374 1011 2630 1070 timorem
2659 1012 2971 1068 servaverit.
3023 1015 3196 1085 Super
3235 1012 3340 1071 hoc
3379 1012 3551 1070 etlam

1954 1107 2037 1164 bis
2073 1113 2130 1164 et
2170 1114 2255 1164 ter
2282 1105 2525 1164 fraterna
2573 1105 2836 1163 charitate
2891 1121 2921 1161 a
2951 1105 3110 1162 nobis
3159 1117 3402 1178 vocatus,
3439 1123 3553 1165 non

1955 1201 2136 1258 solum
2171 1200 2242 1258 ad
2280 1215 2382 1258 nos
2429 1199 2606 1258 venire
2648 1199 2912 1272 neglexit,
2961 1200 3057 1257 sed
3097 1201 3263 1256 etiam
3314 1201 3551 1274 aliquem

1955 1295 2048 1368 qui
2104 1310 2234 1352 eum
2290 1294 2361 1352 de
2420 1294 2648 1368 objectis
2705 1294 2942 1367 legitime
2999 1303 3282 1352 excusaret
3335 1295 3552 1352 mittere

1953 1389 2300 1463 contempsit,
2384 1397 2436 1446 et
2513 1405 2544 1445 a
2612 1388 2774 1446 nobis
2842 1388 3204 1454 interdictas,
3292 1388 3548 1460 quinimo

1955 1499 1987 1542 a
2023 1483 2417 1542 communione
2446 1485 2688 1556 corporis
2725 1491 2780 1539 et
2826 1482 3108 1555 sanguinis
3137 1481 3364 1540 Domini
3397 1497 3552 1554 sepa-

1952 1587 2125 1650 ratus,
2192 1577 2435 1636 ofﬁcium
2493 1577 2798 1650 episcopale
2857 1577 3132 1634 celebrare
3179 1593 3293 1633 non
3350 1575 3550 1633 timuit.

1948 1673 2311 1732 Benedictum
2363 1673 2530 1730 etiam
2591 1671 2927 1730 deferentem
2993 1672 3200 1728 litteras
3233 1678 3450 1727 nostras
3493 1670 3552 1728 in

1947 1769 2203 1841 captione
2237 1783 2466 1826 suorum
2520 1765 2590 1823 ad
2638 1774 3018 1838 contemptum
3047 1765 3363 1838 apostolicae
3406 1762 3554 1822 sedis

1949 1862 2042 1920 diu
2087 1861 2231 1919 afﬁci
2300 1860 2560 1934 permisit.
2613 1863 2960 1934 Quapropter
3020 1859 3368 1932 iniquitatem
3439 1858 3554 1930 ejus

1951 1956 2204 2030 deinceps
2232 1972 2348 2014 non
2394 1955 2650 2024 ferentes,
2695 1954 2989 2027 apostolica
3030 1954 3358 2012 auctoritate
3401 1953 3553 2011 vobis

1952 2051 2303 2126 praecipimus
2328 2059 2412 2120 ut,
2450 2048 2523 2108 ad
2556 2048 3021 2108 examinationem
3065 2057 3292 2107 actuum
3321 2061 3554 2107 suorum

1950 2145 2006 2204 in
2035 2145 2219 2204 locum
2243 2159 2412 2218 quem
2436 2143 2610 2218 magis
2648 2150 2840 2216 aptum
2881 2141 3239 2215 probaveritis
3261 2142 3552 2201 convenia-
3639 2220 3664 2224 _

1951 2241 2043 2311 tis,
2088 2240 2157 2298 ad
2189 2252 2358 2313 quem
2383 2234 2536 2312 prius
2563 2238 2763 2296 litteris
2810 2235 3010 2295 vestris
3054 2252 3184 2295 eum
3222 2236 3555 2308 convocetis,

1951 2335 2151 2408 ibique,
2181 2333 2250 2392 de
2295 2333 2621 2407 supradictis
2656 2331 2810 2390 vobis
2849 2331 3199 2404 respondeat,
3252 2338 3329 2402 et,
3367 2329 3416 2388 si
3451 2347 3557 2404 ρο·-

1951 2437 2088 2498 test,
2155 2444 2215 2486 se
2266 2428 2616 2485 innocentem
2664 2425 2878 2484 reddat.
2935 2425 3097 2495 Quod
3167 2425 3212 2482 si
3271 2424 3444 2492 forte,
3500 2426 3558 2482 in

1953 2523 2206 2598 superbia
2233 2539 2333 2581 sua
2375 2537 2718 2595 permanens,
2751 2520 2889 2577 infra
2918 2519 3277 2592 quadraginta
3312 2514 3430 2578 dies
3465 2514 3558 2577 ad-

1954 2617 2277 2676 monitionis
2313 2617 2500 2674 venire
2535 2614 2955 2687 contempserit,
2984 2623 3080 2670 aut
3106 2613 3326 2672 veniens
3344 2612 3415 2671 de
3437 2629 3558 2672 om‘

1952 2713 2112 2770 nibus
2132 2709 2462 2785 supradictis
2499 2710 2760 2768 canonice
2785 2725 2844 2766 se
2871 2723 2984 2765 non
3026 2708 3434 2782 expurgaverit,
3467 2707 3559 2782 ju-

1954 2807 2102 2866 dicio
2130 2806 2303 2865 sancti
2326 2805 2555 2878 Spiritus
2592 2814 2649 2862 et
2671 2804 2996 2862 auctoritate
3019 2802 3317 2875 apostolica
3341 2810 3561 2860 sentem»

1955 2901 2112 2961 tiam'
2137 2900 2509 2960 damnationis
2564 2907 2620 2956 et
2668 2897 3026 2970 depositionis
3091 2898 3210 2953 sine
3260 2897 3410 2953 omni
3464 2912 3561 2970 spe

1957 2996 2318 3056 restitutionis
2343 2996 2401 3053 in
2429 3010 2558 3052 eum
2589 2991 3027 3066 promulgamus.
3067 2992 3249 3061 Quam
3294 3006 3390 3048 vos
3422 2991 3562 3049 sicut

1958 3093 2143 3163 decet,
2193 3098 2510 3164 sequentes,
2565 3103 2662 3162 per
2698 3102 2858 3146 aures
2909 3085 3320 3143 circumstantis
3374 3079 3562 3159 populi

1878 3177 1923 3243 C
1957 3182 2285 3256 diffundite,
2343 3193 2399 3242 et
2448 3185 2719 3242 Saxonem
2759 3182 2935 3254 ipsum
2987 3179 3056 3238 de
3113 3193 3221 3252 quo
3277 3194 3371 3237 vos
3425 3179 3562 3236 mihi

1963 3279 2276 3353 scripsistis,
2343 3278 2436 3351 qui
2488 3277 2628 3334 beati
2678 3276 2818 3333 Petri
2873 3275 3164 3333 consilium
3212 3282 3266 3331 et
3309 3280 3562 3332 nostrum

1965 3375 2216 3449 expetiit,
2246 3373 2303 3432 in
2323 3374 2444 3430 loco
2469 3371 2616 3428 illius
2643 3369 2873 3443 depositi
2901 3367 3207 3428 secundum
3228 3369 3408 3427 Deum
3436 3368 3564 3427 suba

1966 3479 2170 3544 rogate.

2031 3568 2179 3623 Data
2214 3565 2412 3623 Romae
2445 3558 2687 3620 secundo
2725 3561 2912 3619 Nonas
2953 3552 3232 3629 Octobris,
3260 3551 3563 3619 indictione

1965 3661 2166 3733 prima.

2533 3749 2883 3812 EPISTOLA
2920 3745 3022 3809 1X.

2043 3866 2122 3911 an
2161 3858 2518 3912 BAINBRIUM
2559 3859 2910 3907 nrrsaorum
2950 3848 3489 3910 insanissimum
3561 3913 3565 3916 λ

2571 3950 2751 4020 (Anno
2786 3949 2966 4022 1077.)

1968 4048 2219 4124 Prcecipit
2249 4053 2308 4106 ut
2340 4043 2485 4105 intra
2510 4060 2590 4105 XL
2619 4047 2732 4124 dies
2761 4047 3027 4124 adlocum
3056 4063 3210 4124 quem
3236 4049 3562 4124 Senonenscs

2040 4130 2091 4181 et
2130 4121 2230 4179 alii
2272 4125 2522 4195 episcOpi,
2552 4123 2748 4195 quibus
2794 4121 2852 4175 id
2881 4123 3158 4195 commisit,
3186 4123 3561 4195 probaverin‘t;

2041 4192 2318 4252 conve-niut
2367 4192 2458 4249 dei
2478 4193 2692 4264 objectis
2742 4194 3068 4249 criminibus
3109 4205 3164 4249 se
3201 4192 3560 4264 purgaturus;

2047 4267 2198 4334 Quod
2237 4269 2286 4320 si
2309 4282 2497 4336 parere
2523 4266 2843 4334 neglcwerit,
2891 4265 2973 4320 vel
2999 4281 3054 4321 se
3099 4279 3201 4321 non
3224 4270 3564 4335 purgaverit;

2046 4339 2418 4463 damnaltiogzis
2431 4339 2746 4393 sententiam
2761 4338 2875 4392 sine
2890 4351 2982 4406 spe
2995 4339 3358 4394 restitutionis
3374 4341 3430 4394 in
3446 4340 3561 4396 cum

2046 4425 2236 4463 nromu
2263 4426 2331 4463 aa
2361 4448 2376 4463 .
2591 4446 2594 4447 ν

2039 4414 2376 4480 promulgat.

2047 4510 2411 4568 Gnncoarus
2436 4505 2738 4580 episcopus,
2761 4520 2950 4564 servus
2973 4517 3256 4565 servorum
3271 4506 3396 4580 Dei,
3420 4508 3565 4568 ΒΑι·

258 4605 464 4679 rigensi
491 4599 867 4674 [Bituricensi,
897 4608 948 4661 et
960 4601 1036 4660 sic
1064 4601 1630 4678 semper],eorumque
1659 4599 1858 4660 suffra-
1885 4601 1935 4668 D
1969 4616 2152 4662 unum
2173 4601 2319 4660 dicto
2344 4601 2718 4659 Aurelianensi
2748 4601 3024 4674 episcopo.

254 4698 483 4773 ganeis,
515 4698 748 4756 salutem
785 4707 840 4755 et
870 4697 1227 4772 apostolicam
1255 4694 1712 4756 benedictionem.

331 4793 490 4852 Sicut
560 4785 934 4866 quorumdam
1004 4801 1247 4850 vestrum
1306 4791 1466 4849 novit
1531 4790 1856 4862 fraternitas,

259 4887 460 4947 multis
487 4885 611 4960 jam
634 4886 964 4946 clamoribus
987 4879 1291 4960 multisque
1320 4885 1515 4944 litteris
1557 4885 1859 4943 elaboravi-

261 4994 391 5042 mus
435 4981 500 5040 tit
541 4981 950 5040 Aurelianensis
999 4981 1241 5039 Ecclesia
1287 4981 1358 5039 ad
1411 4978 1707 5055 pristinum
1752 4986 1862 5040 sua!

257 5076 568 5135 nobilitatis
609 5083 821 5135 statum
865 5084 1216 5134 revocaretur
1278 5095 1290 5131 :
1344 5073 1441 5133 sed
1497 5075 1756 5149 peccatis,
1805 5082 1864 5132 ut

261 5168 578 5241 Credimus,
603 5171 794 5244 populi
833 5169 1294 5244 promerentibus,
1323 5164 1400 5226 ita
1440 5168 1866 5243 pseudoepisco-

262 5276 469 5340 porum
519 5263 728 5323 ibidem
785 5265 1074 5338 occupatio
1132 5264 1439 5339 praevaluit,
1483 5258 1632 5338 quod
1687 5262 1866 5322 adhuc

261 5360 502 5420 Omnino
525 5360 714 5433 spinas
737 5358 1079 5418 confusionis
1098 5374 1212 5417 suae
1229 5355 1530 5433 exstirpare
1552 5374 1668 5417 non
1689 5357 1867 5433 potui-

262 5470 420 5514 mus.
468 5456 694 5526 Quanta
741 5453 891 5513 enim
931 5452 1301 5512 inobedientia
1336 5448 1629 5512 Rainerius
1685 5453 1868 5512 dictus

262 5565 467 5609 eorum
494 5549 782 5622 episcopus
805 5557 1000 5608 contra
1025 5548 1412 5607 auctoritatem
1441 5545 1587 5606 sedis
1616 5547 1874 5621 apostoli-

265 5658 353 5703 ca:
381 5659 442 5702 se
467 5643 780 5715 armaverit,
810 5651 866 5701 et
889 5643 945 5700 in
972 5650 1240 5717 quantam
1267 5641 1643 5702 confusionem
1689 5658 1868 5715 quau-

259 5748 508 5814 tnmque
557 5736 949 5796 detrimentum
987 5738 1297 5816 Ecclesium
1330 5735 1483 5796 illam
1526 5736 1869 5812 perduxerit,

265 5833 407 5892 licet
441 5847 540 5891 vos
568 5832 707 5890 scire
734 5848 848 5890 non
892 5831 1232 5902 dubitamus,
1263 5829 1534 5906 quosdam
1563 5840 1750 5892 tamen
1774 5847 1870 5893 ex-

267 5941 534 5990 cessum
569 5941 797 5989 suorum
821 5923 1072 6002 religioni
1096 5935 1292 5990 vestrae
1318 5927 1654 5992 nominatim
1687 5927 1874 5990 dicere

2038 4697 2194 4754 Licet
2227 4711 2341 4754 non
2377 4695 2509 4753 alias
2544 4695 2650 4752 nisi
2688 4695 3062 4752 damnationis
3090 4694 3294 4755 litteras
3325 4695 3393 4756 ab
3433 4712 3567 4772 apo‘

1970 4789 2158 4850 stolica
2204 4789 2332 4848 sede
2362 4790 2480 4862 jam
2512 4806 2574 4846 ex
2601 4782 2766 4862 longo
2796 4798 3041 4862 tempore
3069 4787 3440 4850 inobedicntia
3471 4801 3564 4852 tua

1969 4885 2354 4960 promeruerit,
2381 4899 2480 4942 nos
2509 4891 2722 4953 tamen,
2745 4899 2810 4941 ex
2829 4883 3010 4942 radice
3038 4882 3396 4945 infructuosa:
3415 4903 3564 4946 men-

1970 4983 2040 5041 tis
2077 4989 2188 5040 tuze
2231 4978 2437 5053 aliquid
2481 4978 2614 5037 boni
2644 4979 2703 5036 in
2734 4994 2940 5037 vanum
2986 4988 3239 5039 excutere
3270 4989 3563 5049 tentantes,

1972 5077 2113 5135 hanc
2129 5084 2380 5134 nostram
2401 5071 2500 5132 tibi
2525 5073 2837 5132 curavimus
2862 5074 3086 5132 mittere
3113 5076 3466 5148 legationem,
3491 5077 3568 5132 vi-

1973 5170 2168 5230 delicet
2186 5169 2321 5228 utin
2340 5169 2630 5242 praesentia
2656 5167 2999 5227 confratrum
3024 5179 3340 5227 nostrorum
3360 5170 3565 5228 Ricbe-

1973 5266 2042 5325 rii
2072 5265 2407 5326 Senonensis
2435 5264 2852 5338 archiepiscopi,
2884 5271 2940 5320 et
2968 5264 3229 5322 Richardi
3255 5255 3564 5339 Biturig'en-

1976 5360 2085 5430 sis,
2132 5375 2356 5418 necnon
2399 5357 2880 5432 suffraganeorum
2923 5374 3187 5428 suorum,
3234 5367 3288 5416 et
3330 5358 3568 5418 aliorum

1976 5452 2360 5530 religiosorum
2407 5454 2499 5528 qui
2542 5456 2727 5512 Deum
2770 5452 3022 5522 timeant,
3076 5468 3440 5526 responsurus
3499 5453 3570 5511 de

1979 5543 2217 5623 Objectis‘
2237 5549 2438 5607 venias.
2481 5549 2695 5620 Quibus
2717 5546 2930 5605 litteras
2954 5553 3173 5604 nostras
3200 5543 3477 5617 misimus,
3506 5555 3569 5603 ut

1977 5643 2081 5717 ipsi
2108 5644 2166 5700 in
2184 5658 2251 5701 eo
2276 5643 2396 5701 loco
2422 5660 2591 5718 quem
2617 5642 2792 5716 magis
2821 5641 3062 5699 habilem
3082 5649 3137 5698 et
3159 5650 3346 5713 aptum
3377 5641 3564 5713 proba-

1979 5736 2177 5809 verint,
2216 5735 2566 5805 conveniant,
2597 5743 2652 5792 et
2697 5748 2925 5794 causam
2956 5742 3108 5790 tuam
3137 5732 3424 5803 diligenter
3454 5746 3570 5802 per-

1980 5831 2219 5908 quirant.
2249 5829 2576 5892 Terminum
2606 5838 2793 5887 autem
2830 5824 3176 5886 examinandi
3206 5824 3367 5894 huius
3395 5837 3570 5894 nego.

1979 5927 2047 5989 tii
2064 5925 2205 5990 infra
2223 5925 2582 6003 quadraginta
2599 5923 2724 5986 dies
2742 5929 2866 5994 post
2883 5914 3572 5991 receptionemlitterarum
