4074 6172
520 290 622 347 495

1198 293 1253 346 s.
1294 289 1614 347 caecos"
1653 264 1741 343 vn
1780 287 1976 345 mea
2014 285 2288 344 OPEBUM
2326 288 2497 343 mas
2538 289 2579 343 ι.
2619 313 2690 328 -η
2728 286 3126 344 nacnsrnvu.

3706 288 3804 341 496

518 422 832 473 nostrarum
862 416 1210 490 przeﬁgimus.
1258 414 1347 483 Et,
1388 415 1515 488 quia
1552 414 1621 473 de
1657 413 1977 487 obiiciendis
2005 413 2109 471 tibi
2134 417 2194 485 Α
2218 414 2683 487 eleemosynarum
2710 412 2973 472 subsidiis
2994 418 3051 470 et
3076 410 3452 471 Eeclesiarum
3473 409 3810 468 orationibus

518 518 742 566 cautum
763 520 817 566 te
842 518 1005 581 atque
1032 508 1323 582 providum
1350 507 1582 566 reddere
1610 508 1885 577 volumus,
1909 525 1972 566 ea
2001 508 2105 566 tibi

519 613 645 660 ante
667 603 1152 676 pertractationem
1173 602 1378 676 negotii
1407 601 1769 660 insinuamus.
1796 602 2010 661 Diceris
2037 602 2106 659 si-

518 695 741 767 quidem
756 694 1056 767 legitimam
1071 704 1290 753 eetatem
1310 712 1422 753 non
1433 695 1660 764 habens,
1678 704 1869 754 contra
1889 694 2107 754 decreta

518 796 833 844 sanctorum
869 791 1113 860 Patrum,
1155 790 1273 847 sine
1321 790 1518 847 idonea
1543 790 1672 847 cleri
1696 798 1750 847 et
1779 790 1967 863 populi
1993 791 2105 848 ele-

516 880 697 937 ctione
724 890 778 937 te
818 883 899 939 eis
928 884 1197 956 injecisse.
1230 884 1440 941 Diceris
1481 884 1632 941 enim
1665 883 1793 940 huic
1833 883 2107 957 iniquitati

517 974 648 1031 illud
670 974 961 1043 addidisse,
989 985 1049 1033 ut
1083 979 1137 1034 in
1160 978 1535 1050 promotiones
1556 977 1909 1047 clericorum,
1931 977 2107 1035 archi-

514 1066 851 1137 diaconatus,
879 1080 935 1127 et
955 1071 1197 1128 abbatias
1220 1088 1317 1144 per
1340 1072 1773 1146 negotiationem
1794 1070 2103 1139 vendendo,

516 1162 724 1219 nullam
753 1164 1096 1221 honestatem
1131 1166 1451 1239 nullumque
1492 1166 1593 1222 Dei
1632 1166 1890 1223 timorem
1920 1180 2106 1223 serva.

424 1334 427 1337 Α
518 1257 681 1312 veris.
723 1259 895 1330 Super
922 1258 1026 1315 hoc
1051 1260 1241 1329 etiam,
1271 1269 1331 1315 ut
1373 1260 1534 1317 nobis
1560 1259 1799 1326 videtur,
1830 1259 1918 1316 bis
1944 1266 1999 1315 et
2026 1266 2110 1317 ter

519 1348 763 1406 fraterna
786 1350 1047 1408 charitate
1064 1368 1095 1408 a
1121 1354 1283 1410 nobis
1304 1362 1548 1422 vocatus,
1574 1369 1684 1411 non
1708 1353 1891 1410 solum
1915 1352 1986 1411 ad
2004 1369 2110 1409 nos

520 1458 633 1498 non
677 1443 889 1512 venisti,
937 1445 1034 1503 sed
1068 1448 1235 1503 etiam
1264 1447 1503 1519 aliquem
1533 1448 1629 1520 qui
1674 1454 1729 1503 te
1773 1446 1842 1504 de
1884 1446 2110 1519 objectis

512 1534 658 1607 juste
719 1548 1001 1595 excusaret
1050 1540 1270 1598 mittere
1326 1541 1726 1612 contempsisti.
1799 1543 2111 1614 Suspensus

521 1630 686 1687 etiam
714 1631 783 1688 ab
806 1633 1094 1705 episcopali
1115 1634 1322 1705 ofﬁcio,
1351 1644 1407 1691 et
1430 1651 1461 1691 a
1491 1634 1885 1692 communione
1912 1650 2107 1707 corpo-

519 1724 597 1780 ris
643 1733 699 1780 et
726 1727 1002 1798 sanguinis
1030 1728 1279 1797 Domini,
1326 1729 1572 1801 publicas
1602 1729 1801 1785 missas
1828 1728 2110 1786 celebrare

2211 509 2514 567 hortamur.
2546 510 2717 565 Decet
2754 506 2903 565 enim
2941 513 3004 564 ut
3046 506 3141 580 qui
3185 513 3242 563 te
3287 506 3372 563 sui
3411 502 3711 578 corporalis
3754 511 3810 560 et

2216 603 2488 662 metuaris
2512 600 2668 675 regni
2690 616 2790 659 seu
2811 599 3040 658 honoris
3069 598 3346 658 hazredem
3365 606 3429 656 ut
3449 598 3630 656 bonus
3658 604 3810 671 pater

2216 697 2454 769 reliquit,
2482 694 2851 769 spiritualibus
2872 693 3106 763 auxiliis,
3127 701 3291 766 prout
3311 708 3429 750 esse
3446 692 3672 766 poterit,
3691 707 3808 749 non

2215 790 2467 849 videatur
2510 788 2785 859 fraudari;
2832 795 3104 861 quatenus
3150 802 3273 857 res,
3316 801 3443 859 quae
3490 785 3596 843 tibi
3637 784 3809 843 decus

2216 884 2427 957 paterni
2457 883 2765 939 ministrant
2791 881 2965 955 regni,
2990 880 3245 938 manibus
3264 894 3571 953 pauperum
3592 877 3808 950 delatae,

2217 977 2270 1034 in
2293 977 2431 1036 coelo
2453 978 2593 1050 patri
2610 973 2896 1035 conferant
2912 974 3175 1033 auxilium
3202 973 3433 1047 requiei.
3461 976 3624 1030 Nunc
3642 988 3768 1031 vero
3782 1014 3805 1043 ,

2217 1071 2294 1132 ﬁli
2335 1070 2681 1138 charissime,
2715 1069 3010 1143 apostolica
3053 1076 3109 1125 te
3148 1066 3463 1124 invitatione
3506 1081 3806 1125 monemus

2216 1173 2277 1222 ut
2307 1165 2476 1238 patris
2521 1164 2601 1223 tui
2646 1163 2813 1222 ﬁdem
2840 1170 2895 1220 et
2920 1162 3295 1231 dilectionem,
3325 1176 3491 1233 quam
3516 1176 3643 1233 erga
3677 1175 3812 1233 apo-

2215 1259 2467 1317 stolicam
2495 1257 2661 1332 gessit
2685 1257 3004 1325 Ecclesiam,
3034 1254 3203 1312 corde
3228 1254 3542 1328 prospicias,
3582 1252 3689 1311 ﬁde
3716 1253 3810 1311 in-

2216 1352 2426 1421 tendas,
2454 1360 2641 1409 mente
2677 1351 2950 1420 advertas,
2979 1358 3030 1407 et
3069 1348 3149 1407 sic
3186 1357 3239 1405 te
3267 1348 3445 1406 ﬁlium
3480 1347 3626 1406 beati
3656 1348 3805 1405 Petri

2215 1446 2444 1520 apostoli
2481 1446 2756 1515 exhibeas,
2784 1452 3058 1519 quatenus
3097 1458 3296 1501 sereno
3326 1450 3382 1500 te
3408 1441 3561 1499 vultu
3584 1441 3807 1515 conspi-

2218 1537 2366 1593 ciens
2402 1536 2458 1593 in
2499 1534 2879 1593 haereditatem
2919 1532 3140 1607 superni
3180 1532 3359 1606 regni,
3393 1531 3447 1587 in
3478 1532 3661 1589 locum
3700 1530 3807 1605 pia

2220 1629 2612 1699 retributionis,
2638 1637 2697 1686 ut
2713 1629 2941 1702 dignam
2966 1627 3213 1685 sobolem
3234 1625 3564 1683 introducat.
3591 1625 3645 1681 Si
3676 1641 3805 1683 vero

2218 1733 2274 1783 te
2300 1723 2563 1782 devotum
2596 1722 2955 1797 prospexerit,
2986 1718 3231 1794 profecto
3262 1736 3450 1778 vocem
3474 1719 3543 1793 pii
3572 1720 3657 1777 sui
3680 1736 3806 1776 ma-

515 1833 630 1873 non
676 1818 925 1876 timuisti.
981 1822 1251 1879 Clericum
1296 1822 1461 1878 etiam
1508 1821 1845 1881 deferentem
1901 1822 2112 1881 litteras
2145 1812 2197 1877 Β
2222 1819 2375 1893 gistri
2401 1834 2705 1886 assumens,
2728 1817 2873 1875 dicet
2907 1838 2921 1873 :
2955 1818 3084 1874 Volo
3108 1821 3170 1871 ut
3184 1816 3278 1871 ubi
3301 1832 3399 1888 ego
3426 1831 3543 1870 sum
3563 1818 3614 1869 et
3632 1815 3808 1871 hicsit

516 1919 733 1968 nostras
779 1914 877 1970 diu
920 1914 979 1970 in
1020 1916 1276 1987 captione
1329 1924 1556 1972 tuorum
1597 1915 1668 1973 ad
1711 1924 2101 1988 contemptum

518 2006 833 2075 apostolica:
855 2007 995 2064 sedis
1013 2007 1107 2063 diu
1136 2007 1285 2065 afﬁci
1312 2009 1628 2080 permisisti.
1671 2010 2034 2082 Quapropter,
2065 2009 2109 2065 si

517 2100 808 2170 cognoscis
851 2107 904 2156 te
949 2116 1114 2173 super
1150 2102 1233 2158 his
1279 2103 1539 2160 omnibus
1589 2104 1997 2176 inculpabilem,
2040 2104 2108 2160 ad

512 2201 840 2249 conventum
850 2192 1191 2250 confratrum
1204 2204 1417 2253 nostror
1426 2212 1523 2253 um
1539 2196 1689 2254 adire
1701 2205 1863 2270 atque
1878 2212 2107 2269 respon-

514 2285 644 2341 dere
669 2285 823 2342 nulla
848 2287 1058 2345 ratione
1086 2289 1488 2361 praetermittas.
1517 2289 1680 2360 Quod
1705 2290 1750 2346 si
1776 2290 1829 2345 in
1853 2290 2106 2364 superbia

513 2388 606 2435 tua
640 2395 965 2452 permanens
1002 2390 1099 2437 aut
1149 2382 1277 2438 illuc
1326 2384 1513 2440 venire
1550 2383 1964 2457 contempseris,
2012 2392 2108 2440 aut

512 2473 735 2529 veniens
766 2473 834 2529 de
859 2473 943 2531 his
967 2476 1228 2533 omnibus
1257 2477 1521 2534 canonice
1554 2485 1605 2533 te
1632 2493 1745 2533 non
1768 2493 2105 2550 expurgave-

510 2565 606 2634 ris,
625 2566 835 2637 judicio
864 2568 1041 2624 sancti
1071 2568 1327 2641 Spiritus,
1358 2578 1413 2626 et
1440 2571 1768 2628 auctoritate
1790 2570 2104 2643 apostolica

508 2657 676 2726 sedis,
701 2661 1027 2717 sententiam
1052 2660 1419 2720 damnationis
1442 2664 1561 2721 sine
1592 2663 1747 2721 omni
1785 2664 1900 2737 ipse
1938 2663 2105 2721 resti-

510 2751 743 2809 tutionis
770 2752 826 2808 in
855 2762 908 2810 te
943 2756 1383 2830 promulgamus.

579 2848 721 2904 Data
743 2848 940 2906 Romae
956 2849 1198 2907 secundo
1223 2853 1411 2908 Nonas
1431 2851 1704 2923 Octobris,
1733 2851 2034 2913 indictione
2055 2869 2099 2912 ι.

1068 2950 1420 3007 EPISTOLA
1461 2952 1515 3007 Χ
1527 2991 1542 3008 .

992 3064 1072 3105 ΑΙ)
1121 3064 1329 3106 BEGEM
1360 3066 1568 3107 DANIE

1064 3146 1247 3209 (Anno
1303 3150 1399 3199 107
1409 3151 1481 3211 7).

507 3238 894 3296 Commendans
923 3240 1037 3309 ejus
1062 3245 1235 3311 patris
1264 3243 1510 3309 defuncti
1529 3242 1930 3298 observantiam
1966 3258 2091 3313 erga

502 3313 869 3380 ﬂRomanam
911 3313 1221 3375 Ecclesium,
1266 3314 1516 3369 hortatur
1555 3320 1617 3369 ut
1663 3316 1999 3370 orationibus
2042 3320 2093 3370 et

574 3383 907 3451 eleemosym‘s
930 3384 1012 3456 illi
1023 3384 1373 3453 suffragetur,
1395 3390 1555 3455 atque
1577 3386 1690 3456 ejus
1714 3388 1773 3441 in
1796 3389 2091 3443 Romanam

572 3456 861 3509 Ecclesium
891 3455 1199 3524 obsequium
1235 3458 1498 3524 imitetur,
1543 3462 1593 3512 et
1622 3459 1678 3511 in
1728 3461 1885 3527 regni
1912 3459 2089 3513 admi-

567 3527 902 3600 nistratione,
923 3529 1191 3595 prcecipue
1219 3529 1278 3581 in
1327 3529 1529 3584 tuenda
1554 3529 1810 3598 Ecclesia,
1849 3532 1995 3600 capit
2026 3536 2089 3585 at

576 3597 778 3664 legatos
804 3598 878 3651 ad
904 3613 957 3651 se
988 3601 1189 3654 mittat.

571 3695 932 3753 Ganeonws
960 3698 1266 3770 episcopus,
1305 3713 1494 3757 servus
1520 3716 1805 3758 servorum
1830 3700 1949 3767 Dei,
1982 3701 2093 3775 regi

499 3790 785 3847 Danorum
828 3792 1063 3848 salutem
1117 3802 1172 3850 et
1217 3794 1575 3867 apostolicam
1622 3794 2088 3854 benedictionem.

568 3884 769 3941 Sancta
808 3892 862 3940 et
897 3885 1217 3943 universalis
1257 3895 1437 3944 mater
1462 3896 1675 3957 nostra,
1708 3892 1959 3947 Romana
1990 3892 2091 3947 Ec-

497 3977 658 4034 clesia
686 3978 906 4050 scilicet,
943 3988 1145 4053 quanta
1173 3980 1486 4039 dilectionis
1515 3991 1571 4039 et
1597 3983 1803 4039 amoris
1833 3984 2090 4041 instantia

496 4086 622 4145 erga
656 4074 825 4145 patris
853 4071 931 4130 tui
973 4091 1165 4131 curam
1195 4084 1249 4131 et
1291 4074 1516 4133 honoris
1554 4076 1635 4133 tui
1664 4076 2089 4135 sollicitudinem

496 4165 870 4238 invigilaverit,
903 4176 958 4225 te
984 4169 1137 4240 plene
1172 4184 1355 4238 nosse,
1383 4185 1489 4226 nec
1514 4170 1592 4225 tui
1634 4170 1901 4227 memoria
1940 4172 2087 4229 exci-

495 4259 641 4315 disse
665 4260 993 4331 dubitamus,
1026 4262 1272 4320 videlicet
1299 4279 1425 4321 cum
1451 4264 1567 4335 ipse
1587 4264 1857 4322 reminisci
1884 4267 2089 4338 poteris

494 4368 662 4425 quam
704 4371 897 4427 puram
942 4373 1179 4430 semper,
1225 4366 1281 4414 et
1316 4358 1371 4415 in
1412 4356 1666 4415 omnibus
1712 4358 1989 4418 servitutis
2035 4368 2090 4418 et

493 4446 693 4506 debitae
755 4449 1079 4507 obedientiae
1138 4452 1497 4508 reverentiam
1549 4451 1692 4507 circa
1730 4452 1872 4510 beati
1939 4454 2086 4511 Petri

2222 1932 2421 1972 mecum
2455 1915 2624 1986 (Joan.
2648 1917 2903 1979 xxxvu).
2944 1910 3033 1968 Sic
3055 1910 3203 1966 enim
3227 1925 3257 1965 a
3280 1909 3524 1966 Domino
3564 1916 3804 1981 potata-

2218 2018 2333 2066 tem
2376 2009 2645 2080 accepisse
2684 2005 2982 2075 credimus,
3011 2012 3073 2062 ut
3114 2018 3278 2077 quem
3326 2003 3534 2077 ligaret,
3581 2002 3800 2075 ligatus,

2219 2112 2274 2159 et
2304 2119 2468 2174 quem
2499 2103 2756 2171 solveret,
2786 2101 2844 2157 in
2869 2099 3021 2157 caelis
3057 2106 3199 2155 esset
3225 2095 3457 2155 solutus.
3502 2099 3574 2152 Et
3600 2095 3805 2153 idcirco

2218 2198 2413 2254 iterum
2444 2198 2754 2268 iterumque
2803 2209 3093 2251 monemus
3132 2200 3194 2249 ut
3232 2201 3287 2249 te
3338 2192 3412 2249 ita
3454 2190 3685 2264 dignum
3710 2205 3803 2247 ac-

2216 2290 2671 2363 ceptabilemque,
2709 2296 2872 2360 prout
2898 2285 3163 2360 fragilitas
3192 2285 3431 2342 humana
3471 2284 3799 2357 permiserit,

2216 2384 2460 2442 Domino
2496 2381 2844 2452 concedente,
2879 2381 3029 2438 omni
3057 2381 3248 2437 annisu
3273 2378 3529 2453 perlicere
3565 2387 3802 2452 satagas,

2215 2487 2276 2535 ut
2300 2486 2415 2535 tam
2443 2476 2730 2550 presentis
2760 2492 2928 2549 quam
2957 2476 3126 2532 etiam
3169 2474 3337 2531 l'uturi
3375 2474 3529 2547 regni
3558 2472 3801 2529 sublimi-

2215 2581 2385 2629 tatem
2433 2571 2685 2629 obtinere
2731 2570 2928 2627 valeas.
2959 2571 3119 2642 Quod
3148 2569 3192 2625 si
3238 2566 3383 2625 forte
3429 2573 3585 2639 pater
3626 2566 3798 2624 etiam

2213 2674 2360 2734 tuus,
2382 2665 2602 2723 diabolo
2622 2664 2903 2733 suadente,
2933 2663 3115 2735 aliqua
3147 2662 3383 2719 incurrit
3402 2661 3606 2719 animae
3628 2659 3799 2718 detri-

2212 2768 2416 2825 menta.
2446 2760 2648 2819 caalum
2674 2760 2879 2829 potius,
2911 2757 3023 2815 imo
3042 2756 3163 2814 οωιί
3191 2755 3491 2814 Dominum
3509 2754 3800 2812 hortamur

2213 2853 2460 2912 attendas
2502 2869 2669 2927 quam
2704 2861 2938 2921 terram,
2981 2860 3039 2907 et
3081 2857 3269 2908 contra
3309 2866 3373 2908 ea
3414 2850 3493 2907 tui
3532 2850 3799 2907 creatoris

2214 2948 2544 3005 invincibilia
2584 2963 2741 3004 arma
2792 2945 2958 3003 corde
3001 2942 3247 3019 quotidie
3302 2960 3443 3017 puro
3496 2959 3793 3017 exposcas;

2213 3051 2480 3114 quatenus
2505 3049 2560 3098 et
2590 3040 2837 3113 profectu
2860 3039 3141 3112 apostolici
3164 3038 3271 3111 .ﬁlii
3300 3038 3574 3105 laetemur,
3605 3045 3663 3094 et
3688 3036 3801 3095 tuis

2138 3173 2183 3238 Ο
2210 3136 2561 3210 comparibus
2588 3135 2807 3207 regibus
2838 3134 3186 3191 incitamenta
3223 3133 3402 3190 valeas
3428 3132 3670 3205 praebere
3695 3131 3799 3188 vir-

2211 3238 2412 3287 tutum.
2454 3231 2748 3286 Monemus
2771 3228 3012 3301 insuper,
3041 3226 3380 3294 charissime,
3418 3235 3481 3282 ut
3507 3225 3607 3281 tibi
3640 3242 3794 3282 com-

2200 3324 2356 3380 missi
2386 3340 2417 3380 a
2442 3325 2553 3380 Deo
2586 3321 2737 3396 regni
2763 3321 3030 3379 honorem
3056 3320 3209 3378 omni
3243 3320 3536 3389 industria,
3568 3316 3786 3375 solertia

2200 3417 2499 3491 peritiaque
2540 3414 2829 3473 custodias.
2882 3415 2966 3472 Sit
3006 3414 3112 3471 vita
3158 3422 3251 3472 tua
3291 3412 3479 3487 digna,
3525 3410 3793 3486 sapientia

2199 3510 2422 3580 referta,
2437 3511 2670 3583 justitiaa
2696 3519 2751 3566 et
2774 3507 3164 3566 misericordiae
3192 3507 3546 3566 condimento
3569 3507 3793 3579 saleque

2199 3604 2439 3676 condita,
2470 3614 2531 3662 ut
2558 3603 2626 3661 de
2649 3613 2702 3663 te
2730 3620 2853 3662 vera
2889 3603 3178 3677 sapientia,
3209 3614 3332 3676 qua
3376 3604 3527 3659 Deus
3568 3607 3673 3671 est,
3699 3600 3783 3657 di-

2197 3716 2320 3757 cere
2354 3708 2516 3773 queat
2547 3718 2561 3755 :
2591 3703 2693 3757 Per
2718 3717 2799 3755 me
2839 3715 2938 3756 rea:
2970 3699 3074 3755 iste
3095 3703 3288 3769 regnat
3314 3696 3590 3764 (Proverb.
3621 3699 3785 3762 VIII).

2197 3797 2508 3867 Pauperum
2538 3802 2592 3850 et
2628 3794 2962 3866 pupillorum
2984 3808 3049 3849 ac
3076 3790 3360 3850 viduarum
3394 3788 3612 3863 adjutor
3636 3788 3794 3847 inde-

2198 3886 2383 3944 ﬁciens
2403 3895 2518 3945 esto
2549 3906 2562 3942 :
2593 3887 2774 3944 sciens
2799 3903 2896 3961 pro
2920 3894 3069 3943 certo
3095 3884 3356 3959 quoniam
3383 3901 3449 3941 ex
3491 3881 3577 3941 his
3605 3883 3788 3957 operi-

2198 3982 2301 4039 bus
2329 3990 2382 4038 et
2407 3980 2776 4039 condimentis
2799 3996 2957 4037 amor
2984 3979 3081 4037 tibi
3110 3979 3488 4037 reconciliatur
3512 3979 3639 4036 Dei.
3674 3980 3789 4036 Au-

2198 4075 2432 4135 divimus
2457 4077 2695 4149 insuper,
2722 4091 2825 4133 nec
2846 4074 3183 4145 dubitamus,
3211 4072 3361 4148 quod
3388 4073 3491 4130 Dei
3522 4072 3785 4145 Ecclesia,

2198 4186 2321 4243 qua:
2349 4179 2524 4228 mater
2567 4180 2623 4228 et
2649 4169 2877 4228 domina
2922 4176 3111 4226 nostra
3159 4175 3265 4238 est,
3310 4166 3454 4224 sicut
3497 4165 3553 4223 in
3594 4166 3792 4224 multis

2195 4264 2315 4322 aliis
2342 4272 2611 4322 terrarum
2644 4264 2906 4336 partibus,
2931 4263 3004 4320 ita
3048 4262 3105 4319 in
3131 4263 3327 4320 vestris
3352 4261 3423 4318 ab
3454 4261 3655 4334 iniquis
3684 4260 3790 4317 ho-

2196 4358 2433 4416 minibus
2461 4367 2516 4415 et
2537 4357 2738 4415 diaboli
2762 4356 3026 4415 membris
3054 4356 3472 4430 comprimatur,
3502 4363 3560 4413 et
3585 4370 3698 4411 non
3724 4362 3792 4411 ut

2194 4450 2347 4508 decet
2396 4460 2612 4509 tueatur
2652 4459 2708 4508 et
2746 4459 3051 4509 veneretur.
3102 4448 3192 4508 Ad
3237 4450 3392 4523 cujus
3418 4448 3679 4506 auxilium
3733 4457 3792 4505 et

491 4541 721 4612 apostoli
752 4541 1020 4600 honorem
1047 4543 1368 4601 exhibuerit.
1399 4545 1523 4601 Suis
1560 4561 1797 4619 namque
1826 4549 2088 4621 tempori-
2122 4553 2171 4617 D
2202 4545 2489 4603 tuitionem
2532 4546 2590 4602 in
2620 4545 2877 4603 omnibus
2913 4554 2969 4602 et
2995 4560 3159 4619 super
3200 4544 3387 4602 omnia
3416 4550 3471 4600 te
3498 4542 3789 4616 invigilare

492 4632 615 4703 bus,
654 4643 716 4691 ut
741 4636 1039 4707 apostolica
1078 4645 1313 4694 testatur
1350 4637 1615 4707 Ecclesia,
1646 4648 1762 4695 tam
1792 4640 2079 4713 devotum,

491 4731 606 4780 tam
644 4725 850 4797 ﬁdum,
892 4738 1113 4801 tamque
1154 4730 1381 4788 unicum
1419 4731 1474 4789 in
1518 4734 1723 4791 amoris
1766 4736 1851 4793 sui
1894 4736 2081 4794 studio

492 4814 657 4876 fuisse
686 4821 860 4878 ﬁlium
899 4823 1173 4894 novimus,
1205 4834 1265 4881 ut
1302 4842 1439 4899 pene
1469 4826 1525 4884 in
1551 4829 1771 4903 regibus
1795 4829 1975 4888 nullus
2002 4832 2085 4888 in-

491 4912 769 4971 veniretur
798 4916 1093 4987 secundus,
1125 4928 1179 4975 et
1207 4919 1264 4975 ni
1295 4920 1563 4979 diabolico
1588 4924 1856 4981 instinctu
1894 4925 2083 4982 incen-

488 5003 627 5064 tivas
653 5006 915 5067 vitiorum
954 5010 1240 5070 illecebras
1271 5013 1496 5072 imitans
1521 5018 1772 5089 corporis
1808 5018 1891 5075 sui
1925 5018 2079 5077 frena

489 5098 746 5170 laxasset,
792 5102 933 5160 inter
977 5107 1189 5177 optime
1239 5110 1358 5165 Deo
1406 5110 1684 5181 placentes
1728 5127 1883 5183 reges
1924 5111 2079 5169 illum

487 5191 706 5252 coelicas
741 5193 899 5254 sedes
945 5199 1255 5257 inhabitare
1294 5218 1641 5275 nequaquam
1683 5203 2075 5265 dubitaremus.

488 5284 597 5344 Sed
648 5288 909 5359 quoniam
967 5293 1278 5361 credimus,
1337 5295 1599 5367 apostolis
1649 5297 1851 5368 quibus
1906 5298 2081 5359 ﬁdelis

484 5379 698 5438 exstitit
720 5380 1144 5456 opitulantibus,
1176 5387 1399 5444 Domini
1429 5387 1584 5446 illum
1625 5389 2000 5450 misericordia
2023 5402 2083 5451 et

484 5473 719 5545 gratuita
757 5476 957 5549 pietate
986 5479 1230 5537 lamenta
1264 5482 1609 5553 poenitentiae
1638 5492 1765 5541 ante
1801 5485 1928 5545 vitta
1964 5502 2079 5546 sua:

484 5563 657 5627 ﬁnem
685 5571 925 5629 contrito
952 5572 1117 5630 corde
1149 5573 1463 5647 arripuisse,
1503 5578 1722 5636 veniam
1752 5596 1911 5653 posse
1950 5598 2077 5641 con-

484 5661 637 5735 sequi
662 5680 773 5720 non
802 5660 1158 5735 dubitamus,
1196 5668 1307 5725 imo
1328 5669 1409 5726 sui
1434 5686 1709 5731 memores
1732 5673 1787 5730 in
1817 5676 2079 5734 orationi-

484 5756 603 5825 bus.
624 5756 825 5816 nostris
852 5758 955 5816 sibi
993 5757 1217 5820 concedi
1248 5757 1529 5822 charitatis
1554 5765 1756 5825 affectu
1792 5785 2077 5843 rogamus,

485 5853 539 5901 et
567 5853 641 5917 te,
680 5859 739 5911 ut
765 5851 1037 5927 optimum
1066 5852 1451 5932 decetuﬁlium,
1482 5857 1529 5917 ei
1561 5876 1893 5937 succurrere
1916 5863 2079 5936 largis

2196 4641 2475 4711 volumus,
2525 4650 2580 4698 et
2622 4649 2843 4713 paterne
2886 4653 3205 4706 monemus;
3253 4654 3382 4695 nam
3420 4636 3620 4697 talibus
3669 4653 3789 4695 non

2197 4735 2484 4808 resistere,
2540 4733 2671 4808 quid
2731 4732 2879 4792 aliud
2940 4742 3025 4791 est
3091 4748 3262 4807 quam
3320 4731 3489 4790 ﬁdem
3548 4732 3790 4805 negare?

2196 4829 2541 4902 Quapropter
2596 4844 2883 4886 monemus
2910 4836 2969 4885 et
3012 4827 3367 4885 obsecramus
3412 4834 3502 4895 ut,
3555 4824 3787 4899 postha-

2195 4922 2312 4979 bito
2350 4922 2504 4979 omni
2538 4921 2784 4979 humano
2817 4921 2964 4991 odio,
3007 4920 3208 4979 invidia
3235 4921 3554 4995 postposita,
3580 4919 3785 4978 etiam-

2194 5015 2239 5073 si
2292 5014 2599 5073 incubuerit
2645 5025 2843 5084 morte,
2897 5030 3022 5072 eam
3063 5031 3281 5085 eruere,
3328 5023 3644 5089 protegere,
3690 5013 3785 5072 fo—

2193 5126 2340 5180 vere,
2386 5111 2548 5180 tueri,
2594 5118 2651 5168 et
2694 5110 2763 5167 ab
2809 5109 3182 5168 insidiantium
3232 5107 3487 5167 faucibus
3523 5108 3783 5181 luporum

2192 5205 2402 5279 eripere
2451 5221 2549 5279 pro
2590 5219 2751 5278 posse
2795 5203 3039 5277 labores;
3087 5204 3262 5262 sciens
3307 5219 3407 5277 pro
3453 5211 3604 5261 certo
3631 5202 3786 5277 quod

2191 5300 2398 5356 nullam
2426 5299 2754 5368 orationem,
2777 5299 3099 5373 nullumque
3136 5297 3344 5371 gratius
3367 5296 3694 5356 sacriﬁcium
3722 5299 3783 5355 in

2190 5394 2431 5466 supremi
2466 5392 2673 5450 Arbitri
2710 5392 2880 5451 oculis
2905 5393 3109 5467 poteris
3135 5391 3355 5451 otl'erre.
3387 5394 3590 5451 Votum
3618 5392 3782 5449 insu-

2190 5503 2287 5562 per
2312 5495 2566 5544 nostrum
2593 5488 2723 5556 tale,
2749 5491 2872 5546 Deo
2898 5495 3056 5558 teste,
3080 5494 3185 5557 est,
3208 5487 3357 5561 quod
3385 5502 3531 5560 sape
3551 5485 3781 5546 velimus

2188 5582 2413 5640 nuntios
2434 5589 2559 5638 tuos
2581 5580 2784 5653 videre,
2810 5598 2907 5656 per
2928 5597 3067 5656 quos
3093 5598 3387 5656 possumus
3409 5581 3488 5639 tui
3510 5580 3776 5650 salutem,

2189 5677 2392 5734 anima:
2421 5675 2670 5734 videlicet
2694 5685 2748 5734 et
2769 5676 3036 5749 corporis,
3065 5676 3275 5750 plenius
3298 5691 3611 5751 agnoscere,
3640 5681 3696 5732 et
3720 5682 3778 5733 te

2187 5782 2381 5829 mutua
2436 5770 2580 5839 vice,
2643 5780 2809 5845 prout
2855 5773 3005 5829 Deus
3056 5769 3413 5841 concederet,
3454 5767 3779 5843 apostolicis

2186 5864 2627 5924 institutionibus
2668 5864 2920 5922 excitare.
2970 5864 3333 5937 Omnipotens
3377 5867 3558 5934 Deus,
3602 5876 3635 5921 a
3660 5877 3775 5936 quo
