4144 6184
281 196 383 254 497
1388 194 1589 253 LIBER
1627 194 1933 267 QUINTUS.
1972 225 2043 240 -
2079 196 2287 253 EPIST.
2330 195 2461 254 XIII.
3472 204 3576 259 498

280 325 422 383 bona
493 330 689 381 cuncta
755 322 1075 398 procedunt,
1135 323 1348 381 meritis
1423 323 1869 381 beatissimorum
1901 328 1955 393 Α
1982 323 2310 397 pensationis
2336 324 2641 381 necessaria
2666 324 2828 389 sunt,
2860 325 2979 381 Deo
3003 332 3250 394 auctore,
3277 302 3503 400 exsequi
3524 336 3579 385 et

281 418 654 493 apostolorum
680 418 825 475 Petri
853 426 908 475 et
933 417 1084 475 Pauli
1111 424 1187 488 te,
1219 417 1532 475 charissime
1557 417 1653 489 ﬁli,
1690 426 1872 475 custo-

280 512 413 581 diat,
445 520 501 569 et
535 527 631 569 sua
658 511 861 569 virtute
889 519 944 568 et
972 513 1170 583 pietate
1198 512 1519 571 corroboret
1547 530 1562 570 :
1590 519 1871 586 quatenus

279 607 356 664 sic
383 605 439 662 in
466 606 584 679 ipso
621 604 944 677 temporalia
986 602 1367 662 administrare
1409 606 1605 673 valeas,
1651 613 1712 663 ut
1741 615 1866 678 post

280 699 443 773 hujus
487 699 612 755 vita
664 704 865 755 metam
900 698 1087 756 aterni
1140 698 1294 772 regni
1340 699 1570 772 gloriam
1619 698 1865 757 obtinere

278 793 561 851 merearis.

349 891 493 947 Data
530 888 729 945 Roma
766 892 959 945 octavo
1006 884 1134 945 ldus
1176 886 1521 956 Novembris,
1566 886 1868 947 indictione

276 982 470 1058 prima.

819 1074 1179 1133 EPISTOLA
1205 1076 1315 1132 Χῐ.

594 1196 662 1238 ΑΙ)
686 1195 938 1238 ησαοηειι
966 1196 1193 1237 DIENSEH
1230 1196 1540 1239 EPISCOPITI.

877 1286 1058 1359 (Anno
1082 1283 1265 1357 1077.)

273 1395 570 1463 Conﬁrmat
624 1390 1218 1463 emcmnmunicationem
1265 1406 1328 1463 ac
1372 1389 1751 1463 depositionem
1797 1390 1868 1445 ab

346 1461 403 1519 eo
422 1466 635 1532 factam
658 1462 944 1532 cujusdam
958 1462 1177 1532 juvenis
1206 1464 1266 1516 in
1289 1462 1605 1520 Camotensi
1630 1461 1865 1518 Ecclesia

624 1534 715 1590 Ad
757 1550 927 1604 quam
950 1532 1243 1603 regendam
1286 1549 1424 1604 cum,
1454 1534 1620 1589 abbas
1646 1534 1859 1590 Sancta

343 1608 657 1677 Euphemus
676 1622 711 1659 a
739 1603 865 1675 rege
893 1603 1634 1677 Fraucm'umgpostularetur,
1660 1607 1859 1673 praeci-

338 1675 446 1750 pif
476 1683 559 1740 ut,
596 1677 867 1750 uoluntate
917 1679 1160 1750 omnium?
1204 1675 1492 1750 diligenter
1532 1677 1855 1750 perguisita,

342 1747 621 1821 quidquid
660 1764 761 1819 pro
807 1748 939 1821 ejus,
971 1749 1231 1821 canonica
1252 1748 1518 1821 electione,
1562 1747 1645 1801 uel
1672 1750 1860 1801 contra

339 1818 460 1878 eam
486 1818 771 1883 inuenerit,
794 1835 895 1890 per
923 1820 1133 1874 litteras
1164 1818 1268 1873 sibi
1292 1820 1575 1889 significet.

340 1922 966 1995 Gaesomrsepiscopus,
986 1935 1177 1978 servus
1198 1935 1482 1978 servorum
1495 1920 1623 1990 Dei,
1648 1924 1865 1979 HUGONI

271 2015 463 2075 Diensi
518 2014 773 2089 episcopo
826 2014 1058 2073 salutem
1114 2021 1170 2074 et
1224 2010 1582 2088 apostolicam
1633 2009 1863 2069 benedi-

268 2111 533 2168 ctionem.

337 2202 490 2274 Quid
517 2202 587 2260 de
633 2201 853 2275 negotio
880 2201 1229 2259 Carnotensis
1257 2199 1513 2257 Ecclesia
1554 2206 1743 2257 actum
1771 2199 1863 2268 sit,

261 2307 357 2357 tua
383 2297 677 2362 relatione,
714 2304 929 2353 remota
947 2296 1099 2352 omni
1128 2294 1502 2369 ambiguitate,
1533 2293 1672 2350 sicut
1696 2308 1867 2366 opor-

258 2400 474 2461 morat,
500 2390 822 2464 cognovisse
844 2389 1125 2447 vellemus.
1152 2388 1402 2447 Pervenit
1424 2387 1573 2445 enim
1606 2386 1678 2444 ad
1700 2402 1864 2443 aures

261 2494 497 2544 nostras
519 2492 575 2541 te
605 2482 1120 2542 excommunicasse
1155 2490 1211 2539 et
1245 2480 1733 2555 irrecuperabiliter
1771 2479 1863 2537 de-

251 2581 512 2655 posuisse
530 2577 833 2652 quemdam
852 2578 1117 2651 juvenem
1144 2576 1275 2633 illuc
1299 2575 1523 2649 indigne
1552 2574 1864 2648 appositum

251 2691 361 2749 pro
391 2674 671 2747 episcopo
705 2690 717 2726 :
754 2672 903 2745 quod
937 2671 1190 2744 quidem,
1216 2669 1262 2727 si
1292 2670 1367 2726 ita
1395 2676 1500 2737 est,
1527 2668 1686 2724 nobis
1724 2666 1868 2724 mul-

251 2778 381 2826 tum
432 2768 633 2841 placet,
664 2775 724 2823 et
769 2765 1024 2839 prasenti
1078 2763 1408 2821 auctoritate
1448 2760 1862 2818 conﬁrmamus.

249 2865 543 2923 (laterum
573 2860 875 2919 fratenitati
916 2868 1027 2917 tua
1061 2866 1261 2915 notum
1290 2870 1407 2913 esse
1450 2855 1702 2912 volumus
1741 2852 1869 2910 Phi-

246 2958 479 3031 lippum
540 2971 727 3028 regem
790 2956 1134 3011 Francorum
1183 2952 1375 3008 iterata
1435 2948 1867 3022 postulationum

249 3051 533 3109 missione
566 3049 635 3107 ad
660 3064 764 3105 nos
790 3047 1057 3106 direxisse
1098 3061 1199 3119 pro
1244 3044 1492 3102 Roberto
1521 3042 1717 3105 abbate
1743 3057 1861 3099 mo-

249 3144 487 3203 nasterii
515 3150 721 3200 sancta
764 3140 1084 3214 Euphemia
1123 3138 1193 3195 de
1215 3136 1483 3207 Calabria,
1523 3136 1615 3209 qui
1655 3144 1711 3193 et
1757 3135 1862 3193 hoc

247 3240 309 3297 in
361 3253 540 3300 anno.
586 3252 711 3293 cum
772 3236 828 3291 in
880 3231 1263 3307 Longobardia
1314 3245 1556 3299 eramus,
1609 3244 1706 3302 per
1757 3244 1861 3287 nos

253 3332 517 3390 transivit
545 3330 602 3387 in
627 3329 931 3393 Franciam,
979 3335 1042 3384 ut
1086 3342 1214 3383 eum
1256 3325 1327 3382 ad
1370 3323 1617 3397 regimen
1654 3324 1858 3382 Camo-

250 3427 430 3484 tensis
459 3423 721 3481 Ecclesia
749 3423 1069 3496 episcopum
1096 3420 1454 3492 probaremus
1482 3425 1540 3474 et
1572 3414 1857 3473 ordinare-

254 3536 407 3577 mus.
440 3521 717 3575 Reversus
745 3524 831 3573 est
854 3515 1023 3573 etiam
1048 3513 1139 3571 ille
1184 3511 1339 3569 idem
1375 3511 1653 3568 Robertus
1692 3508 1862 3566 abbas

260 3614 333 3670 ad
358 3628 483 3680 nos,
513 3610 701 3669 dicens
728 3625 788 3667 se
812 3608 1023 3666 donum
1055 3606 1406 3681 episcopatus
1440 3602 1708 3661 offerente
1732 3617 1861 3675 rege

265 3704 555 3774 refutasse,
596 3719 700 3761 nec
727 3701 1024 3777 quidquam
1063 3699 1192 3757 inde
1234 3698 1349 3756 sine
1395 3705 1587 3755 nostro
1629 3695 1860 3755 consilio

264 3798 449 3856 facere
493 3797 724 3855 voluisse
779 3796 861 3852 vel
900 3794 1175 3853 facturum
1229 3808 1350 3850 esse
1406 3812 1419 3847 :
1478 3798 1858 3863 veneruntque

262 3904 395 3949 cum
445 3906 508 3948 eo
545 3891 656 3949 duo
710 3889 890 3947 clerici
936 3886 1181 3962 prafata
1242 3884 1500 3943 Ecclesia
1556 3883 1860 3941 referentes

262 3986 443 4055 nobis,
465 3993 523 4042 et
561 3984 796 4041 multum
824 3982 1187 4049 afﬁrmantes,
1216 3994 1358 4053 pene
1387 3977 1636 4035 omnium
1670 3977 1761 4050 qui
1791 3976 1861 4036 de

265 4078 459 4137 eadem
486 4077 735 4135 Ecclesia
779 4084 908 4134 sunt
936 4074 1215 4148 majorum
1256 4081 1314 4128 et
1337 4070 1630 4128 meliorum
1670 4070 1861 4127 volun-

263 4182 405 4231 tates
435 4173 495 4229 in
533 4171 680 4228 hunc
715 4170 1059 4241 convenisse;
1089 4182 1204 4224 non
1230 4174 1416 4223 tamen
1441 4164 1680 4237 aliquam
1704 4162 1773 4220 de
1795 4178 1861 4221 eo

264 4267 594 4324 electionem
641 4264 840 4323 factam
894 4278 1033 4321 esse.
1084 4263 1295 4318 Verum
1344 4259 1491 4333 quia,
1544 4264 1861 4315 sanctorum

264 4362 498 4418 Patrum
531 4367 731 4417 statuta
771 4358 923 4431 sequi
955 4364 1011 4413 et
1054 4355 1342 4414 observare
1387 4352 1685 4426 cupientes,
1731 4350 1861 4407 nihil

1979 419 2203 492 implere
2230 418 2522 491 possimus.
2555 418 2649 474 Sin
2677 426 2863 475 autem
2884 419 3037 476 aliter
3059 419 3260 493 aliquid
3288 420 3575 491 inveneris,

1978 513 2126 586 quod
2162 520 2218 569 et
2260 527 2420 568 causa
2467 511 2647 585 potior
2688 521 2743 569 et
2786 512 2932 569 ratio
2979 514 3309 586 probabilior
3346 513 3575 571 admini-

1977 614 2133 676 stret,
2164 607 2348 664 itidem
2378 607 2533 663 nobis
2560 605 2839 664 notiﬁcare
2868 624 2978 664 non
3019 606 3238 665 differas
3262 628 3275 664 :
3303 616 3577 681 quatenus

1979 701 2037 758 in
2062 717 2173 775 quo
2199 709 2450 774 oporteat
2478 701 2637 757 nobis
2663 710 2720 758 et
2765 701 3006 758 ecclesia
3045 702 3357 775 providere,
3394 718 3455 757 ac
3482 718 3573 757 sa-

1976 793 2229 864 lubriter,
2262 798 2382 852 Deo
2411 794 2716 868 adjuvante,
2764 796 2915 868 quod
2945 795 3105 852 ofﬁcii
3143 797 3317 852 nostri
3355 803 3438 852 est
3465 796 3574 851 im-

1976 887 2217 963 pendere
2250 889 2526 946 valeamus
2551 892 2787 957 [Datum
2814 892 3011 945 Roma
3039 888 3225 945 indict.
3249 888 3319 962 1].

2506 994 2865 1051 EPISTOLA
2908 994 3038 1048 XII.

2188 1103 2268 1144 AD
2307 1102 2678 1144 MICHABLEM
2727 1100 2931 1143 BEGEM
2969 1101 3357 1144 SCLAVORUM.

2580 1185 2764 1247 (Anno
2788 1181 2967 1251 1077.)

1984 1280 2052 1333 Ut
2079 1278 2212 1332 alios
2239 1278 2454 1331 nuntios
2483 1279 2686 1338 mittat,
2715 1290 2811 1345 per
2838 1290 2988 1344 quos,
3021 1291 3185 1329 causa
3214 1278 3357 1329 inter
3384 1277 3573 1345 Spata-

2049 1354 2238 1403 tanum
2264 1353 2315 1403 et
2336 1351 2686 1417 Rogusanum
2729 1350 2995 1417 episcopos
3021 1347 3310 1416 diligenter
3339 1350 3569 1417 cognita,

2045 1420 2159 1489 ejus
2185 1422 2441 1489 petitioni
2464 1421 2774 1487 satisfacere
2806 1421 3001 1489 possit.

2046 1512 2393 1570 Gesconms
2470 1512 2774 1584 episcopus,
2849 1526 3038 1567 servus
3092 1526 3376 1569 servorum
3445 1514 3571 1579 Dei,

1966 1608 2289 1664 MICHAELI
2337 1606 2651 1663 Sclavorum
2694 1605 2809 1678 regi
2850 1605 3084 1661 salutem
3124 1613 3179 1662 et
3214 1604 3571 1677 apostolicam

1885 1732 1935 1797 Β
1967 1699 2426 1797 benedictionem.

2044 1796 2350 1867 Cognoscat
2403 1793 2607 1851 debita
2664 1802 2775 1850 tua
2828 1793 3133 1852 devotionis
3184 1794 3325 1850 circa
3386 1793 3573 1851 sedem

1973 1888 2325 1961 apostolicam
2364 1888 2691 1954 reverentia,
2742 1891 2963 1945 Petrum
3020 1886 3166 1958 apud
3216 1903 3312 1943 vos
3366 1886 3573 1945 dictum

1974 1990 2229 2042 nostrum
2259 1982 2501 2055 legatum
2532 1980 2709 2039 adhuc
2734 1980 2801 2037 ad
2832 1989 3083 2037 nostram
3131 1997 3244 2036 non
3292 1980 3574 2037 advenisse
3646 1982 3655 1997 ‘

1974 2076 2343 2150 prasentiam,
2395 2091 2522 2132 suas
2574 2083 2762 2131 tamen
2801 2074 3013 2130 misisse
3058 2075 3286 2142 litteras,
3330 2090 3453 2147 qua
3504 2076 3575 2132 ita

1972 2170 2163 2227 vestris
2199 2169 2540 2226 dissonantes
2566 2170 2829 2235 existunt,
2874 2168 3022 2241 quod
3062 2176 3295 2224 vestram
3325 2184 3571 2237 causam,

1971 2280 2067 2321 seu
2113 2267 2420 2336 Ragusana
2469 2263 2748 2329 Ecclesia,
2780 2263 2999 2336 penitus
3026 2262 3180 2318 ﬁnire
3210 2262 3571 2334 nequivimus.

1974 2360 2321 2430 Quapropter
2350 2359 2571 2413 Petrum
2610 2357 3032 2413 Antibarensem
3063 2356 3380 2428 episcopum
3412 2364 3575 2427 atque

1972 2454 2351 2523 Ragusanum,
2410 2450 2521 2507 sive
2574 2450 2709 2506 alios
2759 2450 2986 2507 idoneos
3041 2450 3290 2517 nuntios,
3350 2448 3420 2506 ad
3474 2463 3575 2505 nos

1973 2544 2191 2601 mittere
2235 2551 2474 2616 oportet,
2522 2558 2619 2615 per
2648 2558 2786 2615 quos
2815 2542 2885 2598 de
2932 2543 3026 2599 lite
3056 2558 3181 2617 qua
3206 2544 3345 2599 inter
3386 2543 3573 2615 Spala-

1974 2645 2166 2694 tanum
2209 2635 2672 2707 archiepiscopum
2712 2652 2774 2691 ac
2812 2638 3170 2707 Ragusanum
3203 2635 3574 2709 [Ragusinum

1973 2736 2024 2786 et
2064 2733 2141 2786 sic
2184 2728 2438 2801 semper],
2482 2728 2689 2801 justitia
2739 2729 2908 2799 possit
2947 2729 3163 2801 inquiri,
3212 2745 3275 2784 ac
3316 2728 3575 2785 canonice

1972 2822 2215 2890 difﬁniri,
2249 2822 2438 2896 tuique
2472 2824 2622 2895 regni
2651 2822 2828 2877 honor
2856 2837 2885 2877 a
2916 2822 3075 2878 nobis
3113 2822 3387 2894 cognosci.
3421 2824 3575 2879 Tunc

1975 2932 2123 2985 vero,
2170 2932 2233 2974 re
2280 2916 2517 2989 cognita,
2575 2923 2686 2972 tua
2743 2914 2988 2987 petitioni
3034 2916 3181 2986 juste
3236 2914 3571 2983 satisfacere,

1973 3010 2273 3069 secundum
2321 3009 2468 3083 quod
2521 3010 2793 3081 cupimus,
2848 3008 3167 3075 valebimus,
3216 3024 3279 3064 ac
3320 3009 3376 3065 in
3427 3008 3574 3065 dono

1892 3102 1939 3169 C
1969 3104 2168 3174 vexilli,
2196 3113 2252 3161 et
2295 3104 2349 3160 in
2399 3103 2752 3161 concessione
2799 3102 2964 3176 pallii,
3007 3102 3160 3174 quasi
3191 3102 3573 3164 charissimum

1970 3199 2113 3256 beati
2137 3198 2280 3254 Petri
2315 3197 2504 3265 lilium,
2535 3197 2775 3255 dictante
2802 3196 3126 3254 rectitudine
3154 3196 3463 3253 audiemus.

2040 3294 2380 3362 DataiRoma
2403 3291 2596 3364 quinto
2615 3290 2749 3347 ldus
2772 3291 3039 3361 Januarii,
3068 3290 3355 3348 indictione
3375 3291 3568 3365 prima.

2506 3393 2859 3450 EPISTOLA
2884 3394 3040 3449 XIII.

2040 3505 2109 3545 AD
2138 3503 2435 3543 GUIBERTUM
2474 3503 2827 3543 RAVENNATEM
2865 3500 3341 3554 ARCHIEPISCOPUM,
3383 3502 3495 3542 ETC.

2562 3583 2755 3648 (Anno
2786 3584 2969 3647 1077.)

1974 3678 2343 3732 Temeritatem
2385 3690 2567 3729 eorum
2610 3675 2672 3728 in
2709 3673 3051 3741 offendendo
3094 3678 3284 3728 sancta
3328 3677 3566 3730 Romana

2040 3748 2282 3803 Ecclesia
2317 3748 2592 3815 incusans,
2642 3746 2814 3800 saluti
2854 3748 3097 3817 ipsorum
3141 3745 3446 3814 consulens,
3496 3747 3571 3801 ad

2039 3818 2307 3887 synodum
2350 3832 2436 3872 eos
2487 3821 2656 3878 vocat,
2689 3819 3013 3886 promittens
3052 3832 3138 3871 eos
3178 3832 3386 3872 securos
3430 3817 3564 3889 fore,

2040 3904 2197 3958 seque
2215 3890 2450 3956 justitia
2490 3891 2722 3958 rigorem
2760 3893 3210 3958 temperaturum.

2041 3984 2399 4039 Gnscomus
2468 3982 2778 4054 episcopus,
2842 3997 3030 4039 servus
3088 3996 3374 4038 servorum
3440 3981 3567 4050 Dei,

1969 4076 2285 4133 Gntnnn'ro
2336 4075 2643 4131 Ravennati
2703 4073 3135 4147 archiepiscopo,
3203 4074 3570 4147 omnibusque

1971 4168 2335 4241 suffraganeis
2376 4169 2492 4241 ejus
2535 4177 2591 4224 et
2617 4168 2889 4225 universis
2916 4168 3184 4241 episcOpis
3209 4176 3266 4224 et
3284 4167 3572 4225 abbatibus

1969 4263 2030 4318 in
2060 4261 2298 4318 marchia
2328 4262 2585 4318 Firmana
2613 4269 2669 4317 et
2689 4261 3007 4329 Camerina,
3037 4270 3093 4317 et
3118 4261 3175 4316 in
3204 4261 3486 4333 Pentapoli
3510 4269 3568 4318 et

1970 4356 2207 4413 Emilia
2234 4363 2289 4412 et
2323 4352 2729 4427 Longobardia
2758 4354 2999 4427 partibus
3024 4354 3349 4410 constitutis.

263 4454 330 4512 de
356 4470 426 4511 eo
454 4462 553 4510 aut
589 4450 657 4508 de
699 4450 1047 4525 promotione
1075 4448 1192 4521 ejus
1220 4448 1340 4504 sine
1368 4446 1629 4504 electione
1676 4444 1859 4502 Eccle-

2041 4449 2287 4507 Salutem
2318 4448 2470 4505 vobis
2497 4463 2624 4505 cum
2662 4446 2959 4520 apostolica
2985 4446 3364 4503 benedictione
3393 4445 3564 4504 liben-

262 4548 358 4605 δίε
381 4546 549 4604 nobis
584 4544 929 4619 probandum
956 4557 1073 4599 esse
1089 4540 1475 4616 judicavimus,
1508 4555 1609 4596 nec
1628 4538 1863 4612 idipsum

263 4639 414 4714 quod
456 4639 547 4697 isti
585 4638 744 4697 nobis
787 4637 855 4696 de
898 4636 1178 4693 voluntate
1219 4634 1525 4692 absentium
1549 4630 1863 4690 referebant

260 4734 398 4793 satis
447 4732 751 4802 constabat,
802 4730 1147 4805 prudentiam
1191 4737 1347 4785 tuam
1391 4726 1753 4784 admonemus
1802 4734 1865 4783 ut

262 4826 552 4886 ecclesiam
581 4825 731 4883 illam
758 4833 853 4882 aut
878 4840 976 4897 per
1006 4833 1081 4892 te,
1113 4829 1209 4880 aut
1243 4836 1341 4895 per
1385 4819 1609 4878 ﬁdelem
1636 4828 1693 4877 et
1731 4834 1863 4893 pro-

264 4922 455 4979 batam
485 4919 583 4977 tibi
628 4934 938 4993 personam,
980 4918 1199 4994 visitare
1241 4914 1480 4985 studeas,
1529 4922 1585 4972 et
1611 4913 1867 4971 volunta-

266 5023 384 5073 tem
430 5013 675 5071 omnium
722 5021 834 5069 tam
874 5011 1151 5085 majorum
1188 5023 1357 5083 quam
1386 5008 1664 5066 minorum
1704 5022 1866 5080 super

268 5108 376 5165 hac
422 5122 484 5165 re
536 5106 777 5180 diligenti
831 5105 1175 5178 inquisitione
1232 5117 1553 5177 cognoscas.
1606 5100 1768 5172 Quod
1818 5100 1865 5158 si

268 5216 490 5259 causam
531 5216 597 5259 ex
641 5200 790 5258 omni
840 5207 993 5273 parte
1037 5198 1214 5256 divina
1259 5195 1608 5255 miseratione
1648 5203 1707 5252 et
1751 5194 1865 5252 dis-

269 5294 588 5370 pensatione
617 5294 690 5353 ita
718 5301 974 5368 coaptare
1015 5307 1171 5365 posse
1201 5290 1419 5361 videris,
1449 5298 1512 5348 ut
1560 5289 1779 5347 illorum
1808 5288 1865 5346 in

270 5390 444 5458 hunc,
463 5404 631 5462 quem
650 5404 815 5462 supra
835 5386 1098 5456 diximus,
1120 5385 1375 5443 abbatem
1398 5384 1649 5445 voluntas
1676 5383 1866 5450 libera,

269 5480 635 5540 consideratio
661 5480 920 5555 prudens,
949 5480 1143 5538 electio
1170 5480 1448 5551 canonica,
1474 5487 1529 5536 et
1554 5486 1868 5536 sanctorum

269 5577 503 5635 Patrum
526 5575 724 5649 regulis
767 5590 1075 5635 consonans
1113 5574 1487 5648 dignoscatur,
1515 5587 1686 5648 quam
1715 5570 1867 5629 citis-

268 5670 416 5730 sime
461 5668 623 5729 nobis
664 5677 811 5729 certa
838 5669 1165 5737 litterarum
1210 5677 1429 5727 tuarum
1479 5665 1872 5741 signiﬁcatione

270 5760 518 5824 indicare
566 5778 822 5837 procures
865 5782 880 5822 :
926 5771 987 5824 ut
1022 5780 1144 5840 qua
1178 5762 1251 5825 ad
1276 5762 1536 5824 effectum
1574 5759 1738 5833 huius
1763 5759 1870 5819 dis-

1970 4551 2057 4600 ter
2119 4543 2488 4610 mitteremus,
2550 4541 2594 4598 si
2652 4549 2851 4599 vestra
2900 4540 3195 4597 temeritati
3246 4548 3567 4598 sanctorum

1970 4641 2191 4695 Patrum
2236 4636 2528 4694 auctorita
2572 4650 2684 4692 non
2732 4634 3051 4692 obstitisset.
3104 4635 3285 4707 Quam
3334 4634 3568 4707 graviter

1968 4731 2115 4788 enim
2144 4730 2287 4787 ultra
2309 4744 2477 4802 quam
2505 4727 2847 4787 Christianos
2890 4736 3170 4801 oporteret
3196 4728 3422 4786 beatum
3461 4732 3565 4786 Pe-

1969 4832 2119 4882 trum
2149 4822 2457 4896 apostolum
2489 4822 2716 4896 ejusque
2758 4830 3009 4880 sanctam
3050 4826 3364 4880 Romanam
3392 4824 3567 4879 Eccle-

1972 4918 2131 4984 siam,
2180 4924 2418 4974 vestram
2473 4916 2662 4990 utique
2711 4916 2965 4974 omnium
3015 4916 3263 4973 ﬁdelium
3311 4924 3564 4985 matrem,

1971 5011 2239 5089 offensam
2279 5019 2444 5084 atque
2491 5018 2829 5068 commotam
2877 5008 3212 5081 reddidistis,
3275 5013 3423 5066 Deus
3485 5018 3567 5067 est

1997 5105 2147 5174 estis,
2215 5112 2634 5179 sanctorumque
2709 5108 2937 5162 Patrum
3008 5103 3215 5177 regula,
3284 5110 3568 5174 vestraque

1973 5199 2322 5257 conscientia.
2366 5198 2494 5268 Sed,
2537 5198 2795 5272 quoniam
2837 5197 3144 5255 humanum
3185 5205 3270 5255 est
3320 5211 3565 5269 peccare,

1974 5293 2185 5365 Deique
2211 5291 2561 5366 peccantibus
2606 5290 2883 5349 conversis
2909 5292 3123 5348 veniam
3167 5290 3427 5358 tribuere;
3455 5288 3565 5361 ipsa

1976 5401 2100 5460 qua
2126 5386 2373 5460 ejusdem
2419 5386 2512 5443 Dei
2551 5395 2607 5443 et
2656 5384 2881 5442 Domini
2926 5384 3189 5457 sanguine
3230 5380 3457 5439 fundata
3485 5388 3567 5436 est

1978 5479 2222 5537 Ecclesia
2274 5480 2345 5537 ad
2389 5480 2668 5553 gremium
2715 5494 2879 5536 suum
2929 5478 3108 5537 redire
3158 5490 3254 5532 vos
3290 5473 3471 5530 adhuc
3505 5478 3568 5526 ut

1978 5581 2156 5631 mater
2209 5581 2486 5647 exspeth
2543 5590 2559 5630 :
2606 5587 2954 5646 nequaquam
3004 5573 3057 5628 in
3106 5576 3283 5626 vestra
3328 5560 3559 5636 grassari

1980 5665 2261 5724 desiderat
2290 5682 2446 5736 nece,
2492 5666 2606 5725 imo
2634 5674 2833 5724 vestra
2863 5667 3019 5741 cupit
3061 5660 3216 5721 saluti
3261 5666 3567 5741 occurrere.

1981 5763 2330 5837 Quapropter
2384 5760 2522 5821 moti
2570 5767 2686 5818 tam
2728 5767 2911 5817 vestra
2942 5740 3123 5834 quam
3170 5742 3347 5806 omnis
3398 5740 3578 5821 gregis

3910 5638 3969 5675 ψ

3806 5646 3985 5903 ξ

3994 5598 4073 5627 -Λ
