4074 6172
461 308 562 367 499

1141 302 1196 358 S.
1240 299 1682 358 GREGORIINII
1723 299 1913 356 ΡΑΡᾸΞ
1951 295 2225 357 OPEBUM
2261 292 2436 364 PARS
2477 293 2517 350 l.
2558 317 2642 391 -.
2664 286 3065 349 REGISTRUM.

3611 293 3616 298 ”
3653 293 3751 348 500

463 432 662 493 Christi
686 431 850 490 nobis
872 427 1152 488 commissi
1201 426 1400 496 salute,
1440 440 1507 483 ex
1533 425 1927 499 omnipotentis
1952 423 2053 482 Dei
2080 427 2134 494 Α
2162 400 2275 480 non
2323 387 2674 493 denegamus.
2725 418 2937 486 Interea
2983 387 3283 490 apostolica
3333 415 3757 476 mansuetudine

463 536 616 602 parte
640 535 693 585 et
718 529 987 584 Romanae
1013 521 1298 590 Ecclesiae,
1317 519 1638 578 universalis
1659 519 1910 578 videlicet
1937 535 2051 576 ma-

463 619 576 686 tris.
625 619 915 695 apostolica
955 616 1274 674 auctoritate
1325 629 1618 672 monemus
1660 623 1715 671 et
1765 613 2056 671 invitemus

466 731 563 773 vos
590 722 653 772 ut
672 714 742 770 ad
769 711 1064 786 synodum,
1089 725 1278 784 quam,
1307 713 1430 766 Deo
1460 717 1702 777 auctore,
1729 707 1782 764 in
1811 708 2056 782 proxima

463 817 706 868 ventura:
753 805 1196 879 Quadragesimm
1241 803 1411 877 prima
1441 801 1787 861 hebdomada
1823 802 2057 860 celebra-

464 902 571 958 turi
600 914 812 967 sumus,
839 897 1176 955 conveniatis
1219 918 1231 953 :
1277 895 1508 953 scientes
1551 910 1650 953 vos
1689 910 1912 953 securos
1937 894 2057 952 fore

468 995 539 1053 ab
587 994 735 1050 omni
787 993 1006 1050 laesione
1053 992 1179 1048 vitae
1221 998 1279 1048 et
1329 990 1732 1058 membrorum,
1764 1003 2059 1062 rerumque

465 1096 790 1157 vestrarum,
847 1095 904 1143 et
949 1086 1016 1142 ab
1074 1086 1222 1142 omni
1293 1085 1538 1143 saeculari
1593 1084 1811 1158 injuria,
1865 1098 2060 1140 eorum

463 1183 672 1240 scilicet
708 1197 848 1256 quos
884 1180 1256 1252 constringere
1290 1179 1608 1252 poterimus.
1659 1177 1850 1235 Sciatis
1895 1177 2061 1235 etiam

468 1277 614 1350 quod
641 1275 785 1348 apud
831 1291 935 1331 nos
981 1274 1180 1331 nullius
1209 1269 1453 1346 unquam
1500 1272 1690 1330 odium
1737 1281 1832 1329 aut
1875 1286 2062 1346 preces

466 1385 564 1426 seu
608 1369 782 1442 turpis
822 1367 1080 1441 jactantia
1134 1369 1320 1425 locum
1370 1366 1621 1424 obtinere
1673 1366 1895 1440 poterit,
1952 1381 2061 1438 quo

468 1471 661 1520 contra
710 1478 805 1520 vos
856 1463 909 1518 in
962 1461 1142 1535 aliquo
1188 1461 1515 1534 injustitiam
1567 1475 1818 1518 exercere
1867 1461 2061 1533 possit;

470 1558 586 1614 imo
613 1557 852 1630 rigorem
873 1557 1106 1629 justitia:
1134 1561 1316 1628 (prout
1335 1555 1629 1628 possimus)
1670 1561 2061 1628 temperantes,

467 1651 748 1726 indulgere
775 1651 928 1708 vobis
961 1658 1226 1724 quantum
1251 1650 1368 1706 sine
1395 1649 1723 1707 detrimento
1752 1649 2064 1706 animarum

471 1755 773 1803 vestrarum
793 1755 848 1802 et
868 1753 1060 1802 nostro
1083 1744 1326 1818 periculo
1343 1744 1647 1817 poterimus
1659 1744 1830 1818 parati
1849 1757 2061 1803 sumus.

2163 527 2280 575 tam
2336 531 2434 573 vos
2487 529 2654 588 quam
2711 519 2940 572 emeras
2994 510 3301 586 ubicunque
3355 511 3760 586 possessionem

2164 612 2327 670 habet
2351 623 2665 676 monemus,
2705 614 2763 665 et
2801 605 3121 664 auctoritate
3159 606 3508 681 praecipimus
3544 615 3609 664 ut
3634 621 3760 664 om-

2163 723 2292 764 nem
2324 706 2594 763 bonorem
2625 717 2959 776 omnemque
2979 701 3340 760 reverentiam
3377 700 3480 759 sibi
3507 700 3761 759 exhibere

2165 817 2280 859 non
2305 799 2606 875 denegatis,
2635 812 2701 857 ac
2727 812 2856 856 eum
2892 812 3022 854 cum
3045 796 3304 855 omnibus
3331 810 3457 870 quae
3501 811 3602 854 sua
3626 803 3762 854 sunt

2165 904 2283 954 tute
2305 905 2362 954 et
2383 896 2502 954 sine
2538 893 2696 951 omni
2734 890 2986 949 molestia
3011 906 3106 949 seu
3131 889 3514 964 inquietudine
3541 906 3763 948 manere

2167 989 2494 1066 permittatis
2540 1007 2556 1046 :
2585 988 2819 1046 scientes
2845 985 2995 1060 quod
3039 985 3086 1042 si
3131 985 3290 1043 aliter
3314 985 3551 1045 feceritis
3594 984 3765 1058 (quod

2167 1102 2278 1144 non
2319 1084 2611 1155 credimus)
2638 1098 2701 1140 ac
2729 1081 2777 1140 ei
2805 1081 3073 1138 honorem
3110 1081 3580 1154 reverentiamque
3629 1080 3767 1137 sub-

2168 1181 2455 1249 traxeritis,
2483 1188 2540 1236 et
2579 1193 2708 1236 eum
2735 1184 2792 1234 et
2833 1189 2959 1250 qua
2985 1191 3085 1234 sua
3113 1184 3242 1234 sunt
3267 1175 3448 1249 quiete
3477 1184 3533 1232 et
3569 1190 3765 1232 secure

2170 1291 2391 1334 manere
2435 1272 2662 1332 minime
2705 1270 3078 1346 permiseritis,
3133 1270 3208 1327 ita
3265 1271 3323 1328 in
3372 1284 3468 1326 vos
3515 1269 3660 1327 sicut
3707 1270 3766 1326 in

2172 1371 2355 1428 hostes
2394 1377 2613 1426 nostros
2640 1374 2695 1424 et
2721 1366 3034 1440 apostolica:
3077 1364 3226 1424 sedis
3265 1363 3612 1422 adversarios
3648 1365 3766 1420 vin-

2171 1465 2375 1523 dictam
2393 1471 2450 1520 et
2469 1461 2780 1535 apostolicae
2805 1459 3029 1518 ultionis
3054 1459 3300 1533 gladium
3319 1473 3626 1516 exoremus.
3646 1461 3766 1516 Nos

2174 1571 2301 1616 vero
2327 1573 2459 1616 cum
2481 1555 2741 1631 praedicto
2763 1555 2881 1612 viro
2917 1556 3182 1622 Sanzone,
3239 1557 3358 1611 Deo
3385 1551 3632 1627 juvante,
3654 1552 3767 1610 tale

2170 1653 2463 1712 consilium
2500 1649 2927 1720 adinveniemus,
2965 1646 3115 1722 quod
3145 1649 3323 1706 honor
3363 1656 3558 1705 vestrm
3585 1647 3769 1705 Eccle-

2170 1748 2267 1807 siae
2291 1755 2346 1805 et
2370 1746 2574 1806 utilitas
2593 1745 2650 1803 in
2671 1743 2925 1803 omnibus
2944 1743 3141 1800 melius
3163 1758 3330 1816 quam
3354 1743 3513 1800 solito
3541 1741 3762 1816 vigebit.

468 1841 861 1899 Desideramus
903 1842 1048 1898 enim
1087 1841 1297 1914 potius,
1338 1843 1456 1897 Deo
1490 1848 1648 1908 teste,
1677 1847 1874 1898 vestrae
1911 1837 2068 1896 saluti
2097 1820 2148 1888 Β
2248 1847 2390 1902 Data
2429 1844 2629 1900 Romae
2655 1839 2850 1915 quinto
2877 1843 2982 1910 [ιν]
3023 1837 3302 1896 Kalendas
3337 1836 3638 1906 Februarii,
3684 1835 3769 1892 in-

469 1945 524 1991 et
555 1936 740 2009 populi
765 1935 918 1992 vobis
949 1933 1136 1992 crediti
1182 1935 1490 2002 consulere,
1529 1949 1699 2007 quam
1730 1942 1924 1995 nostro
1962 1947 2066 1994 saec

470 2029 639 2086 culari
660 2029 959 2087 commodo
997 2030 1055 2085 in
1084 2029 1263 2102 aliquo
1293 2027 1597 2101 providere.

543 2127 683 2180 Data
705 2127 904 2181 Romae
929 2124 1118 2197 quinto
1147 2122 1426 2180 Kalendas
1446 2121 1747 2193 Februarii,
1775 2121 2070 2181 indictione

471 2217 668 2294 prima.
866 2224 868 2226 '

1008 2312 1355 2368 EPISTOLA
1375 2313 1529 2367 XIV.

948 2432 1028 2474 AD
1070 2430 1588 2473 AURELIANENSBS.

1078 2513 1258 2576 (Anno
1287 2514 1467 2575 1077.)

487 2610 556 2664 Ut
597 2607 846 2672 Sanzoni,
893 2607 1010 2675 qui,
1044 2606 1342 2671 confutatis
1370 2605 1616 2658 omnibus
1641 2602 1744 2675 sibi
1770 2604 1838 2657 ab
1868 2604 2073 2656 ramulis

387 2715 449 2764 .
543 2679 757 2747 objectis
797 2674 1115 2764 criminibus
1154 2692 1331 2759 coram
1369 2674 1950 2764 episcopisjmlegatis',
1981 2675 2058 2764 qli-

543 2746 705 2818 grtum
733 2764 788 2804 se
821 2749 1209 2804 Aurelianensi
1235 2749 1562 2819 episcopatu,
1587 2747 1661 2800 ad
1688 2761 1844 2815 quem
1882 2746 2074 2800 electus

542 2824 746 2890 fuerat,
773 2820 1186 2887 demonstravit,
1219 2834 1421 2874 omnem
1450 2819 1700 2873 honorem
1727 2834 1789 2872 ac
1830 2832 2074 2873 reveren-

545 2897 681 2947 tiam
734 2891 1036 2952 emhibeant,
1093 2891 1254 2945 donec
1312 2890 1671 2960 dimnitivam
1734 2890 2070 2958 sententiam,

543 2963 720 3018 adhuc
748 2977 1080 3032 suspensam,
1111 2961 1358 3017 declaret.

543 3067 900 3124 Gnaeomus
923 3065 1230 3138 episcopus,
1261 3079 1450 3122 servus
1465 3078 1750 3121 servorum
1778 3063 1900 3132 Dei,
1925 3063 2072 3120 clero

2171 1938 2407 2002 dictione
2434 1936 2629 2013 prima.
2771 1985 2775 1989 .

2719 2037 3071 2097 EPISTOLA
3090 2037 3215 2094 XV.

2692 2156 2784 2200 ΑΒ
2838 2155 3252 2200 θΕΒΜΔΝΟε.

2785 2237 2968 2310 (Anno
3002 2239 3183 2305 1077.)

2180 2345 2400 2416 Legatos
2421 2341 2749 2414 apostolicos
2763 2344 2820 2397 in
2838 2340 3040 2416 synodo
3060 2343 3302 2416 Romana
3315 2353 3417 2411 pro
3435 2337 3772 2416 concilianda

2247 2412 2382 2501 pace
2407 2412 2653 2501 regno
2680 2415 2960 2501 Teutonico
2981 2414 3153 2501 fuisse
3174 2413 3473 2481 designatos
3508 2412 3778 2501 attiguas

2251 2485 2514 2559 impedire
2548 2485 2606 2540 si
2647 2487 2771 2556 quis
2811 2488 3128 2556 pramat,
3157 2499 3277 2540 eum
3317 2485 3767 2539 eacommunicat.

2251 2559 2603 2617 Praesentium
2649 2558 2966 2628 portitorem
3019 2557 3118 2613 hac
3167 2557 3232 2612 de
3287 2568 3456 2628 causa
3510 2554 3775 2628 directum

2252 2633 2444 2700 fuisse,
2472 2636 2537 2686 ut
2567 2622 2687 2685 cum
2739 2628 3131 2700 archiepiscopo
3165 2627 3468 2700 Trevirensi
3488 2625 3554 2680 de
3577 2622 3696 2700 loco,
3720 2628 3779 2677 et

2254 2696 2484 2774 tempore
2507 2705 2792 2758 conventus
2818 2696 3046 2766 statuat,
3062 2696 3176 2773 'quo
3205 2697 3375 2770 legati
3394 2696 3676 2771 apostolici
3688 2699 3780 2750 'seo

2253 2777 2438 2831 curius
2454 2777 2534 2830 ire
2548 2774 2781 2845 possint.

2257 2882 2609 2941 Gasconms
2645 2877 2930 2954 episcopus
2943 2920 2959 2950 ,
2982 2891 3173 2936 servus
3212 2889 3492 2936 servorum
3527 2874 3654 2946 Dei,
3693 2887 3780 2932 ar-

2187 2975 2562 3050 chiepiscopis,
2603 2973 2893 3048 episcopis,
2936 2970 3168 3043 clericis,
3217 2970 3469 3042 ducibus,
3519 2968 3782 3043 principi-

2183 3071 2308 3141 bus,
2385 3067 2815 3138 marchionibus,
2907 3065 3274 3140 omnibusque
3346 3063 3650 3140 majoribus
3721 3069 3786 3120 et

473 3168 528 3220 et
569 3161 768 3234 p0pul0
814 3158 1230 3217 Aurelianensis
1273 3158 1534 3217 Ecclesiae
1577 3158 1810 3228 salutem
1839 3164 1894 3214 et
1939 3171 2075 3230 apo-
2105 3185 2152 3249 ε
2182 3163 2492 3223 minoribus
2527 3163 2583 3221 in
2626 3161 2930 3221 Teutonico
2951 3176 3123 3236 regno
3170 3159 3506 3228 constitutis,
3532 3157 3786 3231 exceptis

469 3255 717 3317 stOlicam
736 3253 1196 3312 benedictionem.

542 3351 778 3410 Litteras
820 3366 853 3407 a
899 3347 1063 3406 vobis
1091 3348 1298 3406 delatas
1345 3347 1701 3420 apostolicam
1747 3347 1933 3406 sedem
1986 3361 2074 3403 ac-

475 3442 682 3520 cepisse
725 3460 839 3503 non
878 3443 1128 3517 ignorare
1165 3457 1264 3499 vos
1305 3441 1608 3510 credimus,
1653 3441 1850 3515 quibus
1884 3441 2075 3498 electio

471 3539 796 3614 episcOpalis
821 3537 962 3597 facta
989 3538 1046 3594 in
1085 3537 1328 3594 Sanzone
1365 3536 1622 3593 Ecclesiae
1649 3543 1841 3593 vestrae
1880 3535 2074 3592 clerico

476 3634 834 3691 intimabatur
856 3650 869 3689 :
892 3631 1094 3705 quibus
1130 3631 1390 3703 quoniam
1415 3630 1760 3687 honestatem
1789 3629 1907 3703 ejus
1929 3628 2071 3703 jam-

480 3727 697 3802 pridem
727 3725 1076 3799 agnovimus,
1121 3723 1289 3780 ﬁdem
1313 3723 1730 3780 accommodare
1765 3738 2072 3780 assensum-

481 3835 589 3897 que
618 3819 862 3893 praebere
905 3817 1077 3890 parati
1115 3832 1325 3875 sumus.
1366 3816 1472 3874 Sed
1506 3817 1771 3890 quoniam
1817 3817 2076 3875 instinctu

382 3988 387 3993 Ι
480 3929 655 3989 quove
682 3922 806 3970 actu
836 3912 1110 3969 nescimus
1135 3911 1431 3984 inopinatae
1461 3911 1656 3968 litterae
1679 3910 1812 3968 nihil
1833 3912 2076 3982 priorum

483 4020 678 4067 sensus
724 4005 1008 4071 habentes,
1039 4005 1174 4070 imo,
1200 4004 1472 4061 contraria
1499 4005 1818 4075 sentientes,
1859 4005 1927 4061 ad
1979 4020 2080 4062 no-

485 4109 654 4160 stram
684 4100 1034 4175 praesentiam
1068 4097 1261 4156 delatae
1285 4105 1432 4167 sunt,
1456 4105 1708 4156 nostram
1733 4096 2078 4156 difﬁnitivam

485 4195 830 4264 sententiam,
880 4209 950 4252 ne
999 4192 1178 4250 facere
1231 4190 1434 4265 aliquid
1491 4206 1655 4265 super
1709 4192 1814 4250 hoc
1858 4193 2079 4265 negotio

484 4290 887 4364 praecipitanter
931 4295 988 4346 et
1009 4285 1314 4344 inordinate
1351 4285 1679 4356 videremur,
1725 4286 2080 4361 quoadusque

2190 3258 2274 3316 his
2311 3257 2405 3330 qui
2443 3255 2703 3314 canonica
2729 3252 3287 3314 excommunicatione
3322 3259 3597 3324 tenentur,
3637 3251 3784 3309 salu-

2187 3363 2297 3411 tem
2337 3359 2394 3409 et
2431 3350 2789 3425 apostolicam
2828 3348 3263 3408 benedictionem
3309 3348 3382 3418 [Si
3423 3345 3653 3406 decretis
3697 3346 3772 3404 Β.

2188 3450 2252 3506 Ε.
2287 3445 2626 3516 obedierint].

2259 3545 2466 3600 Notum
2517 3539 2672 3598 vobis
2709 3538 2829 3597 ﬁeri
2851 3617 2853 3620 g
2876 3537 3150 3607 volumus,
3201 3537 3393 3595 fratres
3452 3534 3783 3604 charissimi,

2191 3636 2342 3711 quod
2361 3637 2417 3693 in
2444 3651 2506 3694 ea
2524 3634 2734 3710 synodo
2754 3649 2922 3710 quam
2947 3648 3123 3706 nuper
3141 3635 3342 3691 Romae
3365 3631 3784 3700 celebravimus,

2188 3731 2335 3789 inter
2381 3731 2552 3788 multa
2608 3728 2710 3787 alia
2761 3743 2885 3802 qua:
2923 3726 2992 3786 de
3031 3733 3174 3785 statu
3225 3729 3428 3784 sanctae
3468 3727 3791 3796 [Romanas]

2187 3825 2471 3894 ecclesiae,-
2495 3828 2613 3881 Deo
2653 3828 3002 3896 cooperante,
3047 3821 3385 3894 peregimus,
3429 3818 3498 3877 de
3533 3818 3693 3876 ruina
3728 3826 3789 3875 et

2189 3917 2515 3976 confusione
2564 3914 2888 3975 nobilissimi
2939 3913 3094 3988 regni
3150 3914 3312 3972 vestri
3351 3912 3640 3988 diligenter
3683 3921 3792 3970 tra-

2187 4020 2419 4082 ctantes,
2447 4011 2554 4068 hoc
2578 4009 2925 4069 salutifer-um
2953 4017 3009 4066 et
3032 4015 3410 4082 opportunum
3437 4022 3538 4080 pro
3567 4021 3788 4080 repara-

2189 4106 2337 4164 tione
2365 4105 2512 4179 pacis
2535 4108 2732 4162 vestrm
2757 4103 2879 4162 fore
2901 4102 3240 4176 putavimus,
3274 4109 3337 4158 ut
3359 4100 3599 4174 religiosi
3623 4099 3792 4173 legati

2189 4199 2501 4273 apostolica
2547 4197 2691 4256 sedis
2725 4197 2797 4256 ad
2843 4204 3026 4272 partes
3066 4203 3275 4254 vestras
3324 4193 3649 4268 dirigantur,
3693 4193 3790 4268 qui

2191 4293 2642 4366 archiepiscOpos,
2663 4292 2968 4366 episcopos,
3000 4299 3056 4350 et
3081 4289 3363 4365 religiosos
3397 4289 3644 4357 clericos,
3685 4303 3794 4344 nec

486 4386 645 4444 nobis
672 4392 770 4441 aut
808 4382 1064 4452 nuntium
1087 4397 1181 4439 seu
1207 4381 1418 4439 litteras
1445 4389 1654 4439 vestras
1681 4381 1948 4451 mittatis,
1995 4397 2089 4456 per
2195 4405 2312 4446 non
2349 4388 2520 4445 laicos
2555 4387 2624 4445 ad
2659 4386 2718 4444 id
2745 4385 2991 4456 idoneos,
3019 4386 3074 4442 in
3095 4385 3218 4443 loco
3261 4383 3354 4457 qui
3390 4367 3608 4457 utrique
3646 4383 3793 4456 parti

490 4494 627 4554 quas
664 4478 847 4538 omnia
887 4476 1133 4550 ejusdem
1162 4476 1368 4550 negotii
1419 4485 1536 4533 acta
1562 4476 1772 4548 plenius
1800 4491 2090 4550 cognosca-

2195 4481 2389 4540 habilis
2434 4488 2491 4539 et
2533 4495 2808 4554 congruas
2833 4479 2924 4552 sit,
2969 4477 3261 4538 convenire
3283 4485 3689 4544 commoneant,
3732 4485 3799 4536 ut

488 4589 635 4642 mus,
677 4571 1010 4647 suspendere
1056 4571 1286 4644 dignum
1333 4570 1610 4627 duximus-
1660 4572 1868 4626 Tamen
1910 4586 2084 4627 unum
2112 4578 2164 4643 Β
2192 4584 2288 4635 aut
2313 4589 2522 4650 pacem,
2543 4579 2660 4633 Deo
2683 4575 3000 4643 auxiliante,
3028 4574 3171 4632 inter
3189 4589 3286 4632 vos
3315 4579 3670 4647 componant,
3693 4579 3798 4631 aut

490 4681 591 4723 vos
613 4667 751 4723 scire
779 4667 1055 4735 volumus,
1086 4664 1240 4738 quod
1281 4664 1512 4723 clericos
1559 4664 1700 4734 illos,
1728 4663 1821 4737 qui
1847 4680 1879 4720 a
1930 4664 2087 4721 vobis

490 4760 700 4818 litteras
741 4760 901 4817 nobis
928 4759 1256 4830 detulerant,
1287 4759 1496 4834 quique
1537 4757 1773 4816 Sanzoni
1820 4757 2087 4815 contraria
2157 4754 2163 4759 ’

492 4852 818 4923 sentiebant,
863 4869 971 4910 una
1007 4868 1137 4910 cum
1175 4854 1572 4926 praenominato
1610 4855 1859 4912 Sanzone
1898 4866 2087 4910 coram

494 4947 877 5020 episcoporum
927 4954 1244 5004 nostrorum
1284 4947 1572 5021 prmsentia
1618 4947 1910 5021 diligenter
1960 4963 2087 5020 per-

497 5041 727 5098 scrutari
749 5039 981 5098 fecimus
1006 5058 1019 5096 :
1043 5034 1329 5113 quatenus,
1361 5041 1643 5115 utriusque
1672 5041 1839 5115 partis
1867 5041 2090 5098 veritate

497 5135 855 5208 praecognita,
883 5133 1012 5206 quid
1040 5134 1466 5206 improbandum
1495 5135 1859 5208 abigeremus,
1890 5134 2091 5208 quidve

496 5227 912 5302 approbandum
962 5227 1355 5285 laudassemus.
1418 5229 1665 5287 Tandem
1714 5243 1853 5301 pene
1907 5229 2091 5286 omnia

497 5335 623 5395 quae
659 5321 743 5378 sui
773 5321 956 5378 aemuli
981 5321 1080 5378 sibi
1136 5322 1456 5396 objecerant
1505 5325 1687 5381 Sanzo
1733 5324 1851 5396 ipse
1888 5321 2091 5381 confu-

499 5423 648 5482 tans,
677 5414 783 5473 sibi
811 5414 985 5488 magis
1019 5415 1202 5473 favere
1222 5415 1492 5489 justitiam
1514 5416 1677 5474 nobis
1703 5416 1883 5491 dignis
1915 5432 2091 5475 asser-

497 5507 743 5565 tionibus
768 5509 1188 5567 demonstravit.
1217 5513 1454 5580 Verum,
1483 5510 1609 5584 quia
1633 5509 1766 5568 nihil
1795 5526 1964 5585 super
1981 5511 2088 5570 hoc

499 5602 715 5676 negotio
739 5603 967 5676 aliisque
984 5603 1099 5661 suis
1125 5604 1300 5660 causis
1329 5605 1531 5678 absque
1554 5614 1744 5664 nostro
1786 5607 2090 5680 apostolico

500 5709 772 5754 consensu
828 5698 1123 5756 consiliove
1177 5713 1337 5772 agere
1388 5698 1559 5772 cupit,
1616 5699 1731 5758 imo
1777 5716 1835 5759 se
1887 5716 2095 5776 suaque

501 5789 688 5848 omnia
723 5788 826 5848 sub
846 5792 1019 5849 tutela
1058 5791 1205 5850 sedis
1243 5792 1557 5866 apostolicae
1596 5795 1902 5866 constituit,
1928 5811 2097 5868 quan-

501 5888 620 5942 tum
643 5884 745 5942 sibi
763 5885 913 5960 juste
931 5887 1236 5957 subvenire,
1260 5890 1377 5947 Deo
1406 5887 1758 5963 concedente,
1782 5903 2094 5963 possumus,

2194 4671 2284 4729 cui
2307 4669 2446 4743 parti
2478 4669 2684 4743 justitia
2713 4668 2935 4727 faveant
2950 4667 3212 4726 veraciter
3233 4666 3544 4726 addiscant.
3572 4669 3719 4725 Nam
3738 4666 3798 4723 in

2195 4763 2385 4822 eadem
2413 4763 2627 4839 synodo
2665 4763 2962 4822 difﬁnitum
3003 4769 3088 4821 est
3113 4761 3264 4836 quod
3302 4775 3409 4820 nos
3452 4766 3642 4819 contra
3673 4775 3798 4819 eam

2195 4867 2410 4932 partem
2460 4874 2584 4933 qua:
2625 4873 2816 4932 pacem
2861 4857 3010 4916 fastu
3035 4855 3311 4930 superbire
3355 4853 3695 4924 refutaverit,
3739 4861 3798 4912 et

2195 4952 2283 5010 cui
2299 4951 2511 5026 justitia
2533 4968 2646 5010 non
2663 4951 2883 5022 faverit,
2912 4951 3065 5010 omni
3110 4950 3404 5009 conamine
3427 4947 3800 5022 omnibusque

2195 5045 2378 5104 modis
2419 5053 2688 5120 potestate
2735 5045 2881 5104 beati
2930 5043 3077 5103 Petri
3120 5043 3489 5120 insurgamu.
3543 5046 3616 5101 Et
3665 5043 3798 5117 quia

2195 5139 2488 5198 nonnullos
2527 5139 2597 5197 de
2631 5153 2802 5214 regno
2845 5145 3029 5196 vestro
3058 5137 3422 5196 intelleximus
3462 5136 3640 5210 magis
3676 5135 3801 5209 jur-

2197 5234 2347 5308 gium
2382 5241 2437 5291 et
2477 5231 2811 5313 discordiam
2839 5248 3007 5306 quam
3043 5247 3237 5306 pacem
3275 5229 3516 5304 diligere,
3541 5245 3609 5288 ex
3646 5235 3801 5304 parte

2199 5327 2586 5401 omnipotentis
2611 5325 2712 5383 Dei
2741 5333 2797 5384 et
2827 5326 3117 5386 beatorum
3145 5325 3525 5400 apostolorum
3570 5324 3720 5383 Petri
3745 5329 3805 5382 et

2197 5420 2348 5480 Pauli
2384 5419 2762 5478 interdicimus
2786 5428 2850 5479 ut
2890 5419 3074 5479 nullus
3099 5421 3171 5479 sit
3197 5420 3314 5495 qui,
3353 5418 3534 5494 aliquo
3576 5418 3800 5492 ingenio

2199 5523 2294 5573 aut
2316 5512 2498 5572 studio
2524 5528 2621 5573 seu
2650 5513 2933 5586 violentia,
2958 5514 3222 5588 impediat
3246 5513 3539 5588 pradictos
3560 5512 3713 5570 viros
3727 5510 3801 5570 ad

2198 5607 2616 5668 restaurandam
2659 5608 2813 5683 regni
2869 5608 3042 5667 vestri
3084 5608 3440 5667 concordiam
3483 5606 3798 5677 convenire,

2197 5709 2292 5762 aut
2315 5702 2704 5761 convenientes
2721 5703 2940 5777 justum
2964 5709 3022 5761 et
3046 5701 3274 5778 legalem
3319 5701 3450 5760 huic
3499 5700 3800 5760 discordiae

2201 5797 2370 5857 ﬁnem
2414 5795 2720 5873 imponere.
2759 5796 2849 5858 Ad
2874 5795 3219 5874 reprimenda
3245 5795 3415 5856 etiam
3461 5794 3611 5854 mala
3638 5795 3800 5868 inge-

2201 5891 2292 5950 nia
2334 5897 2396 5951 et
2431 5890 2648 5952 illicitos
2675 5898 2922 5961 conatus,
2955 5889 3166 5965 judicio
3212 5891 3387 5951 sancti
3432 5887 3684 5964 Spiritus,
3744 5896 3804 5947 et
