4074 6172
262 285 354 339 501
1375 281 1570 373 LIBEB
1610 282 1913 350 QUINTUS.
1954 309 2025 326 --
2062 278 2267 343 EPIST.
2307 286 2461 342 XVII.

3354 328 3361 333 ί
3460 290 3561 344 502

259 407 594 466 auctoritate
635 408 949 481 apostolica
994 407 1135 465 sedis
1179 406 1756 465 anathematizavimus
1802 417 1856 466 et
1885 413 1931 479 Α
1968 418 2078 465 tem
2121 411 2343 469 consilio
2392 418 2447 469 et
2490 410 2714 469 decreto
2756 419 2973 481 nostro,
3004 422 3058 472 et
3100 412 3368 486 requisitis
3396 414 3564 471 utriu.

257 504 793 562 anathematizamus
834 505 1147 577 quicunque
1196 506 1310 562 sive
1356 520 1481 572 rex,
1530 504 1644 560 sive
1674 505 1858 561 archi-

253 602 568 674 episcopus,
600 602 711 657 sive
742 600 1050 672 episcopus,
1097 601 1208 656 sive
1238 601 1374 669 dux,
1424 601 1537 655 sive
1582 601 1854 671 marchio,

252 697 364 751 sive
392 697 627 768 alicujus
664 695 951 767 dignitatis
975 695 1054 751 vel
1084 696 1288 751 ordinis
1316 711 1553 768 persona
1592 696 1679 766 sit,
1713 713 1856 769 pra-

253 792 553 863 sumpserit
595 791 777 863 aliquo
825 789 994 846 modo
1025 791 1166 847 hanc
1203 790 1542 847 salutiferam
1583 793 1856 848 constitu-

250 887 467 942 tionem
510 886 855 957 perturbare,
888 885 1143 942 videlicet
1172 886 1261 959 qui
1294 902 1517 958 operam
1547 886 1756 944 dederit
1788 904 1858 944 ne

249 980 553 1055 pradictus
580 989 887 1037 conventus
926 981 1041 1047 fiat,
1078 988 1175 1035 aut
1207 980 1503 1037 concordia
1540 991 1707 1038 tanta
1736 998 1855 1054 per-

251 1075 604 1131 turbationis.
648 1074 966 1146 Adjecimus
996 1074 1163 1129 etiam
1194 1074 1378 1130 eidem
1405 1074 1759 1145 anathemati,
1800 1083 1859 1131 ut

250 1170 575 1242 quicunque
603 1170 767 1240 hujus
796 1169 1092 1241 iniquitatis
1121 1178 1492 1242 prasumptor
1526 1169 1709 1238 fuerit,
1740 1187 1855 1226 non

250 1264 431 1320 solum
478 1264 535 1319 in
575 1264 781 1331 anima,
832 1264 927 1319 sed
956 1265 1126 1320 etiam
1175 1264 1228 1319 in
1259 1280 1509 1336 corpore,
1554 1273 1610 1321 et
1652 1266 1708 1320 in
1738 1282 1856 1321 om-

250 1358 415 1414 nibus
430 1358 601 1414 rebus
622 1358 736 1414 suis
763 1358 1056 1414 vindictam
1086 1359 1480 1430 omnipotentis
1508 1358 1608 1415 Dei
1637 1360 1851 1429 sentiat,

253 1461 304 1508 et
325 1454 383 1509 in
409 1454 569 1509 omni
602 1453 987 1525 congressione
1020 1453 1145 1509 belli
1166 1453 1345 1508 nullas
1371 1454 1515 1508 vires
1534 1454 1857 1527 nullumque

254 1551 305 1604 in
338 1550 449 1604 vita
477 1564 577 1603 sua
609 1548 952 1620 triumphum
984 1548 1251 1611 obtineat,
1278 1547 1371 1604 sed
1411 1547 1609 1618 duplici
1648 1549 1853 1604 contri-

253 1645 404 1700 tione
446 1651 754 1716 prostratus
781 1659 1000 1715 semper
1026 1644 1246 1699 vilescat
1282 1652 1336 1699 et
1364 1642 1759 1712 confundatur,
1798 1651 1857 1700 ut

253 1740 331 1795 sic
366 1739 568 1795 saltem
592 1738 661 1794 ad
683 1737 1060 1811 paenitentiam
1093 1736 1267 1793 redire
1302 1737 1567 1793 addiscat.
1610 1742 1855 1795 Prasen—

1968 523 2073 579 que
2094 508 2563 580 responsionibus,
2595 518 2655 565 ut
2681 524 2803 565 eam
2835 508 3217 566 certitudinem
3242 520 3298 567 et
3325 525 3561 568 consen-

1967 618 2091 659 sum
2121 603 2429 673 inveniatis,
2461 620 2530 660 ne
2578 604 2636 661 in
2666 604 2944 662 mittendis
2980 605 3168 677 legatis
3195 605 3356 662 nobis
3398 605 3559 661 dubi-

1968 696 2197 753 tandum
2245 714 2358 754 non
2413 699 2502 767 sit,
2535 700 2802 756 ordinatis
2846 708 2902 755 et
2929 699 3268 755 confirmatis
3294 700 3560 756 omnibus

1966 808 2090 864 qua
2116 792 2183 848 ad
2205 793 2647 866 prosequendum
2677 794 2781 851 hoc
2808 795 3090 865 negotium
3121 794 3261 862 loco,
3289 802 3556 865 tempore,

1969 887 2048 942 vel
2084 888 2290 943 cateris
2342 888 2738 945 convenientiis
2765 891 3066 946 necessaria
3109 899 3256 957 sunt,
3308 889 3558 946 volumus

1969 990 2027 1037 ut
2054 991 2112 1038 tu
2140 991 2195 1038 et
2216 981 2382 1039 frater
2410 982 2497 1038 ille
2526 984 2617 1056 qui
2642 992 2827 1039 tecum
2851 983 3013 1056 hujus
3037 984 3114 1040 rei
3147 984 3415 1040 mediator
3442 999 3558 1040 esse

1968 1076 2243 1146 debuerit,
2289 1076 2604 1134 confestim'
2624 1078 2694 1133 ad
2736 1092 2839 1134 nos
2870 1078 3095 1134 veniatis
3126 1096 3139 1135 :
3171 1088 3437 1151 quatenus
3467 1095 3559 1135 co-

1968 1172 2129 1243 gnitis
2169 1172 2575 1239 securitatibus,
2611 1181 2665 1229 et
2689 1188 2811 1245 qua
2852 1188 2976 1244 spes
3015 1173 3160 1244 pacis
3184 1188 3302 1229 esse
3340 1173 3555 1241 debeat,

1968 1268 2172 1339 legatos
2211 1274 2431 1323 nostros
2461 1276 2572 1322 tam
2609 1267 2727 1323 sine
2752 1267 2990 1340 periculo
3024 1282 3189 1338 quam
3223 1267 3340 1323 sine
3371 1269 3555 1341 deSpe-

1967 1362 2176 1418 ratione
2220 1361 2430 1418 fructus
2456 1363 2654 1419 laboris
2684 1371 2738 1419 et
2783 1363 3117 1436 fatigationis
3148 1378 3341 1419 eorum
3371 1364 3558 1419 vobis-

1966 1473 2091 1513 cum
2131 1458 2350 1513 mittere
2391 1458 2684 1513 valeamus.
2731 1460 2847 1514 Nec
2882 1457 3085 1514 durum
3114 1457 3210 1513 tibi
3238 1458 3336 1526 sit,
3372 1457 3551 1526 frater,

1932 1588 1935 1595 η
1966 1552 2144 1608 subire
2172 1551 2319 1623 quod
2342 1552 2714 1623 imponimus;
2753 1552 3010 1625 quoniam
3043 1568 3108 1609 ex
3134 1568 3244 1625 quo
3272 1552 3327 1607 in
3372 1553 3557 1608 Eccle-

1966 1645 2041 1702 sia
2071 1648 2256 1703 locnm
2285 1645 2572 1703 sacerdotii
2597 1656 2650 1703 et
2676 1647 2920 1703 officium
2953 1646 3249 1719 suscepisti,
3281 1646 3413 1702 nihil
3439 1650 3557 1703 Deo

1962 1740 2181 1814 dignius
2208 1751 2300 1797 aut
2327 1741 2523 1798 anima
2551 1750 2659 1799 tua
2686 1742 2958 1798 salubrius
2990 1740 3192 1807 fecisti,
3221 1757 3386 1813 quam
3425 1743 3468 1796 si
3500 1742 3557 1798 in

252 1833 392 1890 tium
420 1849 554 1890 vero
601 1833 923 1905 portitorem
968 1832 1038 1888 ad
1083 1832 1186 1887 hoc
1236 1832 1395 1888 vobis
1436 1832 1746 1905 dirigimus,
1793 1843 1854 1890 ut
1883 1804 1929 1869 Β
1962 1804 2063 1892 hac
2093 1852 2152 1892 re
2182 1836 2481 1909 nequitiam
2509 1835 2794 1893 diabolica
2817 1834 3020 1893 fraudis
3058 1804 3278 1905 elidere,
3308 1845 3364 1892 et
3397 1835 3558 1893 saluti

254 1945 358 1985 una
383 1944 518 1985 cum
545 1926 835 1984 venerabili
878 1925 1045 1983 fratre
1073 1935 1267 1982 nostro
1308 1926 1626 1984 Treverensi
1668 1928 1851 1985 archi-

254 2023 535 2096 episcopo,
567 2023 659 2095 qui
691 2021 928 2078 Henrico
962 2020 1123 2085 favet,
1169 2030 1225 2076 et
1261 2022 1454 2087 altero,
1485 2024 1577 2093 qui
1608 2022 1754 2078 utilis
1802 2032 1854 2078 et

256 2119 546 2191 religiosus
569 2117 641 2173 ad
685 2116 793 2174 hoc
823 2117 891 2173 sit
929 2131 1066 2188 opus
1096 2115 1403 2188 episcopus,
1448 2132 1511 2172 ex
1540 2125 1694 2188 parte
1737 2120 1851 2173 Ro-

252 2210 439 2285 dulphi
466 2213 654 2268 locum
671 2221 724 2267 et
736 2220 953 2283 tempus
974 2210 1217 2283 pradicti
1242 2218 1556 2267 conventus
1578 2219 1849 2281 statuant;

257 2316 524 2379 quatenus
570 2307 729 2378 legati
775 2305 969 2375 nostri,
1018 2320 1158 2377 quos
1190 2304 1395 2376 prafati
1442 2320 1653 2373 sumus,
1697 2322 1851 2363 secu-

257 2401 362 2457 rius
405 2410 461 2457 et
504 2402 709 2457 certius
739 2400 807 2456 ad
854 2416 949 2455 vos
994 2400 1203 2468 venire,
1235 2408 1288 2455 et
1317 2415 1439 2471 qua
1486 2402 1850 2472 omnipotenti

259 2497 372 2551 Deo
393 2496 666 2567 placeant,
690 2495 807 2567 ipso
831 2493 1153 2562 auxiliante,
1184 2493 1465 2550 vobiscum
1498 2496 1712 2552 valeant
1738 2511 1854 2569 per-

260 2590 437 2649 ﬁcere.

324 2692 466 2745 Data
480 2690 682 2745 Roma
700 2686 931 2759 septimo
954 2685 1083 2742 idus
1104 2685 1307 2753 Martii,
1332 2684 1631 2743 indictione
1658 2686 1847 2759 prima.

776 2782 1131 2837 EPISTOLA
1187 2781 1341 2837 XVI.

628 2892 708 2935 AD
746 2893 995 2934 UDONEM
1038 2889 1481 2933 TRBVIBENSEM.

860 2972 1042 3035 (Anno
1076 2972 1261 3037 1078.)

263 3067 521 3124 Hortatur
563 3067 626 3118 ut
647 3079 746 3135 pro
781 3064 1139 3133 componenda
1164 3065 1221 3117 in
1256 3076 1427 3135 regno,
1450 3062 1847 3117 Teutonicorum

321 3153 451 3208 pace
478 3134 710 3203 laboret,-
738 3141 787 3189 et
812 3139 1082 3205 notiﬁcato
1096 3137 1365 3205 pontiﬁcis
1392 3134 1458 3188 de
1478 3150 1611 3203 pace
1629 3135 1847 3208 consilio

326 3207 399 3263 ad
425 3225 482 3263 se
518 3210 721 3274 veniat,
760 3224 825 3261 ne
867 3208 1072 3276 legatos
1101 3208 1317 3273 frustra.
1348 3210 1397 3260 et
1444 3221 1562 3259 cum
1600 3207 1845 3277 pericqu

324 3283 532 3335 mittat.
556 3282 733 3335 Monet
755 3287 818 3333 ut
837 3281 926 3333 cui
942 3278 1164 3348 justitia
1187 3281 1355 3346 favet,
1384 3278 1496 3346 ipse
1524 3292 1735 3348 quoque
1763 3280 1852 3345 fa—

321 3358 469 3415 veat,
492 3356 656 3422 atque
680 3352 815 3405 alios
834 3351 975 3405 idem
1002 3352 1179 3419 facere
1207 3353 1437 3404 moneat.

319 3444 1191 3517 Gemoniasepiscopus,servus
1202 3457 1486 3499 servorum
1500 3442 1847 3511 Dei,Unont

255 3540 561 3598 Trevirensi
606 3538 1040 3613 archiepiscopo,
1089 3538 1323 3595 salutem
1380 3544 1434 3593 et
1489 3536 1847 3609 apostolicam

256 3634 708 3694 benedictionem.

322 3732 540 3800 Quanta
566 3728 724 3786 nobis
757 3726 1066 3785 sollicitudo
1089 3733 1405 3799 quantaque
1433 3724 1647 3782 tristitia
1683 3724 1756 3781 sit
1783 3724 1850 3780 de

256 3824 663 3895 perturbatione
702 3823 813 3878 imo
844 3822 912 3877 de
941 3820 1165 3877 dissidio
1194 3820 1350 3892 regni
1381 3820 1543 3876 vestri
1570 3820 1701 3875 olim
1738 3819 1846 3874 cla-

253 3917 450 3974 rissimi
484 3925 536 3972 et
566 3917 945 3989 potentissimi,
977 3918 1031 3973 in
1066 3916 1453 3973 communibus
1492 3916 1685 3972 litteris
1715 3930 1849 3988 quas

258 4010 361 4067 hoc
396 4013 457 4067 in
490 4026 637 4066 anno
668 4011 736 4067 ad
765 4027 864 4067 vos
888 4011 1139 4067 misimus
1177 4011 1309 4067 satis
1334 4010 1489 4066 vobis
1512 4010 1847 4067 declaratum

257 4120 369 4162 esse
400 4113 678 4178 putamus.
704 4108 917 4161 Verum
941 4106 1069 4177 quia
1095 4120 1184 4161 res
1210 4104 1280 4159 de
1302 4104 1388 4160 die
1418 4104 1471 4159 in
1503 4103 1648 4159 diem
1672 4104 1849 4175 perni~

255 4200 453 4256 ciosius
506 4199 775 4270 implicari
824 4198 1053 4267 videtur,
1096 4198 1255 4254 nobis
1294 4213 1510 4270 quoque
1552 4213 1681 4253 cura
1721 4213 1847 4255 cum

256 4294 420 4351 nimia
474 4293 747 4349 anxietate
795 4292 959 4349 altius
1018 4294 1079 4350 in
1127 4301 1315 4348 mente
1363 4291 1561 4364 figitur.
1611 4291 1848 4348 Proinde

254 4388 523 4461 quidquid
552 4387 713 4444 nobis
743 4403 906 4459 super
937 4386 1038 4442 hac
1069 4402 1129 4442 re
1155 4385 1225 4441 ad
1264 4400 1500 4458 prasens
1530 4384 1728 4440 melius
1764 4386 1845 4441 vi-

254 4496 371 4539 sum
398 4490 504 4546 est,
538 4481 687 4554 quod
706 4489 893 4538 nostra
929 4479 1267 4553 providentia
1298 4480 1380 4536 vel
1412 4479 1729 4535 auctoritate
1768 4480 1846 4535 in-

1961 1939 2046 1988 tot
2067 1930 2304 1988 millium
2331 1931 2637 1998 hominum,
2662 1932 2967 2004 opitulante
2987 1935 3124 1999 Deo,
3149 1930 3434 1988 consulere
3462 1946 3555 2003 po-

1962 2025 2131 2082 tueris
2166 2045 2179 2081 :
2221 2034 2277 2081 et
2300 2026 2342 2082 si
2376 2027 2482 2082 hoc
2510 2024 2821 2099 fatigationi
2843 2034 2955 2082 tua
2993 2042 3093 2098 pro
3131 2034 3266 2082 voto
3297 2041 3410 2082 non
3435 2041 3555 2081 suc-

1961 2121 2204 2189 cesserit,
2231 2120 2327 2177 tibi
2355 2129 2540 2177 tamen
2568 2120 2712 2193 apud
2754 2120 2910 2177 illum
2936 2130 3083 2177 certa
3111 2128 3298 2176 manet
3320 2120 3555 2178 retribu-

1959 2216 2060 2281 tio,
2088 2216 2234 2287 apud
2256 2231 2422 2289 quem
2453 2232 2565 2272 non
2597 2212 2859 2272 infectum
2886 2215 3228 2286 reputabitur
3256 2230 3420 2270 omne
3454 2216 3553 2271 bo-

1960 2326 2098 2366 num
2134 2310 2280 2383 quod
2303 2311 2451 2384 justa
2495 2320 2551 2366 et
2579 2310 2951 2383 perseveranti
2994 2310 3277 2365 voluntate
3316 2312 3555 2384 concipi-

1960 2412 2069 2463 tur.
2092 2405 2236 2463 Illud
2262 2414 2447 2463 tamen
2477 2422 2508 2462 a
2533 2405 2826 2462 dilectione
2852 2410 2945 2461 tua
2972 2404 3200 2462 omnino
3226 2404 3385 2460 nobis
3413 2404 3555 2462 exhiv

1960 2499 2077 2555 beri
2100 2500 2369 2568 volumus,
2408 2509 2487 2569 ut,
2511 2501 2729 2557 etiamsi
2763 2500 2919 2557 illum
2950 2499 3141 2567 alium,
3181 2515 3347 2571 quem
3389 2499 3553 2572 hujus

1960 2594 2040 2651 rei
2084 2593 2451 2650 mediatorem
2481 2604 2535 2650 te
2580 2595 2781 2651 habere
2830 2611 2991 2666 supra
3035 2594 3297 2662 diximus,
3342 2595 3557 2655 socium

1960 2686 2165 2743 itineris
2192 2688 2397 2744 habere
2426 2704 2539 2744 non
2568 2690 2776 2760 possis,
2810 2696 2867 2744 tu
2906 2697 3093 2745 tamen
3139 2688 3209 2745 ad
3238 2704 3339 2745 nos
3366 2690 3551 2747 venire

1958 2782 2269 2839 nullatenus
2299 2783 2698 2853 praetermittas.
2746 2783 3105 2854 Pracipimus
3148 2784 3311 2839 etiam
3341 2784 3440 2839 tibi
3485 2800 3551 2841 ex

1960 2875 2281 2932 auctoritate
2305 2878 2365 2931 B.
2396 2876 2562 2946 Petri,
2595 2884 2655 2931 ut
2679 2876 2769 2932 cui
2793 2876 3004 2948 justitia
3032 2874 3199 2946 favet,
3231 2885 3291 2935 tu
3322 2877 3550 2935 omnino

1958 2968 2169 3044 faveas,
2215 2979 2271 3027 et
2310 2969 2418 3027 hoc
2464 2969 2610 3028 idem
2660 2968 2839 3025 facere
2869 2969 3098 3025 clericos
3141 2978 3193 3026 et
3220 2969 3386 3027 laicos
3415 2986 3551 3043 quos

1956 3065 2162 3138 poteris
2191 3080 2259 3122 ex
2300 3072 2452 3137 parte
2492 3073 2677 3120 nostra
2707 3079 3081 3121 commoneas.
3114 3066 3291 3119 Treva
3317 3064 3486 3120 etiam
3520 3080 3550 3120 a

1880 3182 1925 3248 ρ
1959 3160 2109 3216 vobis
2137 3160 2350 3232 provisa
2381 3176 2553 3233 usque
2578 3159 2647 3217 ad
2678 3159 2991 3232 quindecim
3018 3157 3134 3214 dies
3152 3167 3277 3230 post
3311 3174 3553 3214 conven-

1959 3263 2050 3311 tus
2078 3255 2410 3312 solutionem
2447 3255 2617 3311 illasa
2657 3261 2926 3311 servetur.
2972 3253 3244 3309 Volumus
3273 3261 3460 3308 autem
3490 3262 3552 3310 ut

1961 3349 2105 3421 apud
2133 3364 2318 3421 regem
2348 3348 2629 3421 diligenter
2666 3363 2925 3420 procures
2949 3355 3218 3419 quatenus
3264 3346 3420 3419 legati
3458 3362 3553 3402 no-

1960 3443 2056 3498 stri
2085 3443 2175 3514 qui
2206 3442 2262 3496 in
2292 3440 2540 3513 partibus
2562 3441 2663 3496 illis
2688 3450 2834 3509 sunt,
2866 3440 3184 3497 Bernardus
3208 3439 3419 3496 scilicet
3442 3439 3553 3495 dia-

1958 3551 2129 3592 conus
2146 3545 2351 3592 sancta
2376 3539 2644 3591 Romana
2674 3534 2961 3603 Ecclesia,
2998 3544 3052 3591 et
3071 3533 3383 3590 Bernardus
3414 3536 3555 3590 Mas-

1964 3629 2198 3687 siliensis
2245 3630 2445 3697 abbas,
2493 3629 2540 3686 si
2588 3630 2887 3699 voluerint,
2921 3629 3151 3686 licenter
3178 3636 3232 3684 et
3271 3643 3456 3684 secure
3484 3627 3554 3691 ad

1957 3741 2058 3782 nos
2085 3723 2265 3782 redire
2296 3724 2525 3780 valeant.
3064 3786 3070 3793 ,

2033 3822 2174 3876 Data
2189 3822 2386 3876 Roma
2403 3818 2635 3889 septimo
2653 3816 2784 3873 Idus
2804 3817 3008 3885 Martii,
3022 3816 3321 3875 indictione
3344 3816 3549 3891 prima.

2458 3945 2815 4002 EPISTOLA
2868 3945 3048 4001 XVII.

2531 4063 2719 4129 (Anno
2758 4062 2940 4131 1013.)

1958 4187 2234 4256 Signiﬁcat
2266 4200 2338 4252 se,
2377 4185 2787 4255 temperant-iam
2812 4185 2993 4252 potius
3017 4197 3183 4251 quam
3210 4184 3438 4249 rigorem
3460 4197 3547 4237 ca-

2028 4274 2225 4312 nonum
2259 4262 2514 4317 secutum,
2562 4270 2751 4309 causas
2798 4257 3161 4323 episcoporum
3203 4256 3452 4309 Francia
3500 4259 3551 4308 et

2027 4329 2358 4397 Burgundite
2412 4328 2760 4392 discussisse,
2806 4330 2855 4379 et
2908 4342 3027 4379 cum
3077 4327 3308 4393 singulis
3357 4327 3550 4380 mitius

2028 4403 2218 4467 egisse;
2259 4402 2531 4470 praecipue
2568 4413 2689 4452 vero
2726 4412 2844 4470 cum
2888 4398 3138 4470 Manasse
3176 4398 3423 4470 Remenst'
3463 4412 3551 4470 ar-

2027 4466 2375 4543 chiepiscopo,
2419 4466 2571 4541 cujus
2611 4470 2775 4526 etiam
2807 4467 3114 4538 juramentz'
3139 4468 3413 4537 exemplar
3452 4466 3550 4522 ad-

252 4577 512 4633 tervenire
545 4576 833 4647 potuisset,
866 4583 1143 4630 maturare
1170 4574 1479 4629 curavimus
1511 4591 1523 4629 :
1576 4573 1725 4644 quod
1756 4582 1844 4629 tua
1875 4585 1926 4647 Ι)
2022 4548 2167 4611 3w“-

254 4670 572 4727 fraternitas
615 4670 825 4739 litteris,
865 4669 1067 4742 quibus
1107 4667 1164 4724 id
1208 4667 1551 4739 singulariter
1578 4667 1847 4739 scriptum

256 4772 354 4830 est,
384 4765 601 4837 plenius
629 4772 942 4836 cognoscet.
974 4767 1257 4835 Rogamus
1281 4760 1448 4832 igitur
1485 4768 1542 4816 et
1578 4761 1845 4828 admone-

257 4873 375 4915 mus
405 4857 762 4931 prudentiam
788 4866 963 4927 tuam,
1002 4857 1057 4912 in
1085 4872 1191 4928 qua
1220 4855 1457 4911 multum
1497 4855 1846 4923 confidimus,

259 4960 314 5009 ut
357 4952 660 5010 secundum
714 4961 961 5008 tenorem
1009 4951 1328 5007 earumdem
1376 4950 1679 5004 litterarum
1731 4949 1847 5004 sine

258 5048 400 5102 omni
430 5047 691 5103 dilatione
720 5047 787 5103 de
834 5062 995 5102 causa
1019 5046 1118 5101 hac
1151 5054 1205 5101 te
1237 5045 1591 5113 intromittas,
1634 5052 1689 5100 et
1729 5059 1847 5099 om-

255 5142 411 5198 nibus
438 5150 559 5198 tam
585 5140 895 5197 minoribus
923 5155 1085 5212 quam
1117 5138 1433 5209 majoribus,
1466 5137 1646 5211 quoad
1672 5145 1844 5209 potes,

254 5236 379 5308 quid
405 5251 435 5291 a
463 5235 625 5291 nobis
651 5234 1028 5300 deliberatum,
1069 5240 1124 5288 et
1153 5231 1383 5304 qualiter
1409 5231 1507 5287 tibi
1536 5231 1848 5303 injunctum

252 5330 340 5400 sit,
360 5340 563 5387 notum
593 5328 763 5386 facias
790 5346 803 5384 :
828 5337 910 5398 ut,
940 5327 1234 5383 miserante
1266 5329 1406 5395 Deo,
1450 5334 1506 5381 et
1530 5324 1847 5398 adjuvanti-

250 5423 355 5481 bus
381 5424 466 5481 his
496 5424 588 5497 qui
616 5422 913 5479 Dominum
940 5421 1185 5494 diligunt,
1210 5428 1328 5476 tam
1348 5418 1534 5476 feralis
1557 5420 1847 5477 discordia

254 5518 494 5577 furorem
533 5529 629 5575 aut
676 5518 887 5590 penitus
917 5530 1263 5588 compescere
1293 5524 1345 5571 et
1390 5514 1558 5586 (quod
1606 5516 1846 5571 maxime

253 5615 528 5687 optamus)
552 5612 624 5668 ad
646 5612 861 5685 plenam
891 5626 1083 5683 pacem
1109 5610 1371 5666 reducere
1401 5610 1703 5681 possimus;
1730 5616 1845 5678 aut,

252 5709 299 5764 si
362 5706 501 5763 illud
549 5705 792 5778 peccatis
835 5703 1260 5777 impedientibus
1308 5703 1535 5760 minime
1591 5703 1847 5759 obvenire

252 5801 473 5874 poterit,
504 5800 701 5856 saltem
723 5814 827 5856 nos
853 5799 906 5855 in
932 5806 1084 5855 tanto
1127 5797 1361 5855 fratrum
1397 5807 1714 5856 nostrorum
1751 5814 1847 5871 pe-

249 5894 425 5952 riculo
456 5894 675 5967 cuipam
700 5892 1043 5968 negligentia
1061 5892 1415 5951 declinemus.
1443 5893 1729 5951 Notiﬁcato
1753 5907 1851 5951 au-

2029 4669 2388 4724 Gnnoonms
2406 4665 2710 4738 episcOpus,
2732 4679 2918 4721 servus
2939 4676 3223 4719 servorum
3247 4661 3368 4718 Dei.

2033 4763 2169 4831 Quia
2208 4761 2544 4817 consuetudo
2585 4768 2787 4816 sancta
2824 4762 3097 4814 Romana
3139 4755 3417 4827 Ecclesia,
3460 4757 3548 4813 cui

1958 4859 2077 4912 Deo
2107 4863 2330 4910 auctore
2360 4854 2485 4909 licet
2526 4853 2730 4925 indigni
2763 4853 3129 4922 deservimus,
3173 4860 3258 4908 est
3299 4850 3550 4924 quadam

1956 4949 2208 5015 tolerare,
2262 4947 2517 5020 quaedam
2563 4948 2727 5003 etiam
2776 4947 3157 5015 dissimulare,
3207 4945 3549 5003 discretionis

1953 5041 2370 5115 temperantiam
2417 5042 2595 5114 potius
2648 5056 2813 5114 quam
2860 5041 3099 5113 rigorem
3137 5056 3419 5098 canonum
3466 5055 3550 5096 se-

1956 5146 2206 5211 quentes,
2251 5152 2442 5193 causas
2482 5137 2863 5208 episcoporum
2903 5136 3151 5192 Francia
3203 5145 3364 5207 atque
3411 5138 3549 5190 Bur-

1956 5231 2198 5304 gundia,
2228 5232 2318 5303 qui
2362 5231 2611 5303 suspensi
2651 5246 2750 5286 seu
2792 5229 3038 5285 damnati
3092 5245 3122 5285 a
3150 5230 3332 5303 legato
3361 5236 3550 5285 nostro

1956 5329 2189 5398 Hugone
2212 5326 2398 5382 Diensi
2430 5327 2686 5399 episcopo
2726 5324 2966 5393 fuerant,
3006 5340 3116 5379 non
3148 5324 3264 5379 sine
3292 5324 3439 5397 gravi
3478 5324 3551 5381 la-

1954 5421 2088 5478 bore
2108 5420 2481 5478 discussimus.
2501 5420 2753 5493 Denique
2769 5422 3083 5476 Manassem
3102 5421 3441 5475 Remensem
3462 5435 3549 5474 ar-

1955 5516 2390 5588 chiepiscopum,
2412 5515 2503 5587 qui
2540 5515 2597 5570 in
2634 5514 2822 5571 multis
2849 5521 3133 5570 accusatus
3168 5512 3373 5583 fuerat,
3408 5528 3549 5569 sese-

1955 5626 2062 5683 que
2088 5625 2119 5665 a
2147 5609 2388 5683 synodis,
2420 5608 2490 5664 ad
2514 5624 2650 5680 quas
2671 5611 2834 5680 Hugo
2871 5608 3086 5664 Diensis
3105 5608 3392 5679 episcopus
3422 5621 3548 5663 eum

1957 5704 2230 5770 invitavit,
2281 5703 2660 5772 subtraxerat,
2719 5704 2846 5775 quia
2892 5701 3161 5757 sententia
3211 5715 3373 5771 super
3418 5713 3547 5752 eum

1955 5798 2079 5857 data
2107 5815 2221 5855 non
2248 5800 2515 5855 Romana
2547 5796 2808 5855 Ecclesia
2837 5795 3104 5866 gravitate
3128 5803 3182 5849 et
3208 5793 3365 5849 solita
3390 5805 3550 5845 man-

1957 5894 2241 5953 suetudine
2264 5890 2570 5959 videbatur,
2609 5893 2667 5949 in
2697 5888 2981 5964 proprium
3010 5887 3240 5962 gradum
3269 5884 3549 5941 ofﬁcium-
