4074 6172
506 260 606 312 503

505 397 613 455 que
637 382 997 450 restituimus,
1030 397 1093 438 ea
1118 379 1347 453 quidem
1381 381 1591 437 ratione
1618 384 1682 433 ut
1708 390 1873 449 supra
1897 388 2100 448 corpus
2127 378 2179 441 Α

508 477 680 534 sancti
701 478 844 533 Petri
864 477 1077 548 juraret
1104 474 1209 530 hoc
1235 473 1401 530 modo
1434 493 1448 530 :

581 594 604 619 σι
639 573 751 643 Ego
791 571 1066 625 Manasses
1102 568 1391 624 Remensis
1415 566 1850 639 archiepiscopus
1879 581 1980 638 pro
2008 580 2098 623 su-

508 665 689 737 perbia
718 678 828 717 non
856 661 1040 717 dimisi
1088 661 1237 734 quod
1266 677 1383 719 non
1422 660 1661 718 venerim
1706 659 1777 716 ad
1823 659 2095 733 synodum

512 756 1084 827 Augustodunensem,
1122 754 1191 811 ad
1220 772 1383 828 quam
1425 771 1512 812 me
1552 755 1771 811 Diensis
1812 754 2096 827 episcopus

509 851 732 905 vocavit.
764 850 817 905 Si
844 858 1070 906 vocatus
1097 851 1292 907 nuntio
1317 850 1397 905 vel
1434 850 1629 906 litteris
1660 849 1980 921 apostolicae
2007 864 2099 905 se-

504 939 588 997 dis
617 939 794 1009 fuero,
845 943 999 998 nullo
1052 943 1196 997 malo
1254 943 1473 1014 ingenio
1502 950 1556 998 et
1582 943 1730 999 nulla
1771 940 1965 999 fraude
2005 958 2097 998 me

501 1034 845 1103 subtraham,
880 1035 977 1092 sed
1006 1037 1223 1092 veniens
1254 1035 1566 1092 difﬁnitioni
1607 1045 1661 1091 et
1694 1035 1904 1108 judicio
1933 1036 2099 1108 hujus

503 1130 761 1186 Ecclesiae
799 1129 1029 1186 ﬁdeliter
1059 1129 1335 1185 obediam.
1385 1130 1547 1200 Quod
1576 1131 1619 1186 si
1668 1130 1896 1185 domino
1944 1146 2099 1202 papa:

504 1223 775 1295 Gregorio
808 1224 887 1279 vel
910 1224 1208 1280 successori
1234 1240 1334 1281 suo
1360 1224 1633 1296 placuerit
1656 1239 1747 1280 me
1769 1222 1837 1280 de
1872 1222 2099 1296 objectis

503 1325 628 1373 ante
652 1318 895 1390 legatum
925 1334 1085 1374 suum
1116 1318 1471 1391 respondere,
1504 1318 1648 1375 idem
1687 1334 1782 1390 per
1811 1318 1997 1373 omnia
2023 1318 2099 1375 fa-

502 1412 665 1467 ciam.
698 1412 1006 1468 Thesauros
1035 1421 1241 1482 autem,
1273 1421 1618 1481 ornamenta,
1649 1421 1705 1468 et
1738 1412 1940 1483 praedia
1980 1415 2097 1469 Re—

499 1506 708 1561 mensis
744 1506 994 1563 Ecclesiae
1032 1507 1163 1562 mihi
1188 1507 1500 1563 commissa:
1526 1506 1598 1562 ad
1625 1506 1896 1562 honorem
1926 1506 2098 1578 ipsius

503 1600 759 1656 Ecclesiae
778 1600 1009 1657 ﬁdeliter
1028 1600 1295 1670 tractabo,
1322 1610 1378 1657 et
1405 1599 1475 1656 ad
1490 1599 1853 1658 resistendum
1868 1600 2099 1674 justitiai

504 1707 570 1749 ea
610 1710 721 1749 non
764 1694 1102 1751 abalienabo.
1142 1718 1165 1744 ››

1194 256 1249 311 S.
1291 253 1611 310 GREGORII
1650 252 1741 305 VII
1781 249 1977 305 ΡΑΡᾸΞ
2014 246 2101 303 ΟΡ

2222 237 2289 305 IM
2325 248 2498 307 PARS
2534 249 2574 305 Ι.
2614 278 2685 291 -
2720 249 3120 306 REGISTRUM.
3693 246 3793 301 504

2705 376 3056 433 EPISTOLA
3085 376 3289 431 XVIII.

2565 485 2647 527 AD
2692 484 3038 527 RPISCOPUH
3081 483 3442 528 SPIBENSBK.

2790 559 2971 630 (Anno
3024 558 3206 629 1078.)

2204 653 2528 725 Episcopale
2536 656 2773 723 ofﬁcium
2784 653 3085 708 emercendi
3090 652 3427 720 facultatem
3436 654 3522 708 illi
3532 654 3798 716 concedit,

2276 726 2404 780 dum
2423 732 2729 780 ommrtuno
2756 732 3001 780 tempore
3022 726 3088 780 de
3112 726 3332 780 obiectis
3354 726 3463 779 sibi
3481 726 3798 779 criminibus

2276 730 2404 781 dum
2423 732 2729 796 apportano
2756 732 3001 794 tempore
3022 730 3088 780 de
3112 730 3332 795 objectis
3354 730 3463 779 sibi
3481 730 3802 779 criminibus

2274 796 2627 871 satisfaciat,
2655 803 2820 867 atque
2846 812 3055 851 omnem
3080 798 3428 871 venalitatem
3460 797 3532 850 ab
3566 796 3803 871 Ecclesia

2276 872 2375 923 Dei
2407 867 2621 996 ejicirttt,
2651 874 2703 923 et
2731 872 2794 923 in
2823 871 3000 938 ofﬁcio
3028 885 3122 923 suo
3164 868 3408 940 vigilans
3437 873 3488 923 et
3528 867 3804 923 studiosus

2278 956 2531 1011 apparea
2569 981 2581 994 .

2279 1035 2635 1092 Gneeonms
2655 1035 2965 1107 episcopus,
2982 1050 3171 1091 servus
3186 1048 3471 1091 servorum
3490 1032 3611 1099 Dei,
3637 1034 3807 1088 HBN—

2210 1142 2350 1184 nlco
2378 1128 2620 1199 Spirensi
2654 1129 2910 1202 episcopo
2939 1129 3173 1186 salutem
3203 1136 3258 1184 et
3296 1126 3659 1200 apostolicam
3696 1126 3798 1183 be-

2208 1222 2599 1279 nedictionem.

2280 1316 2417 1386 Quia
2456 1317 2512 1373 in
2551 1319 2898 1388 susceptione
2944 1317 3214 1389 Spirensis
3242 1316 3504 1373 Ecclesiae
3546 1331 3809 1373 veremur

2206 1417 2260 1465 te
2276 1418 2466 1467 contra
2495 1410 2775 1467 decretum
2803 1411 3113 1484 apostolica:
3129 1410 3273 1468 sedis
3297 1410 3505 1483 virgam
3534 1409 3602 1466 de
3628 1425 3804 1465 manu

2208 1504 2347 1575 regis
2395 1505 2635 1561 scienter
2678 1520 2741 1561 ac
2786 1505 3074 1561 temerarie
3116 1503 3445 1576 suscepisse,
3497 1503 3807 1575 episcopale

2209 1596 2451 1653 ofﬁcium
2480 1597 2741 1655 hactenus
2769 1606 2823 1655 te
2870 1614 3030 1671 agere
3057 1614 3171 1655 non
3212 1597 3605 1655 concessimus.
3636 1598 3801 1667 Quod

2207 1691 2252 1746 si
2273 1691 2577 1748 secundum
2602 1692 2761 1765 legati
2790 1693 2869 1749 tui
2897 1691 3063 1748 verba
3086 1692 3370 1749 decretum
3394 1699 3651 1748 nostrum
3671 1698 3804 1746 ante

576 1789 797 1861 Hugoni
826 1805 1044 1861 quoque
1071 1789 1360 1845 Bisuntino
1388 1789 1819 1861 archiepiscopo,
1851 1791 1976 1862 quia
2021 1789 2102 1844 Iit-
2131 1777 2180 1840 B
2208 1786 2581 1842 investituram
2613 1802 2710 1858 pro
2740 1795 2887 1843 certo
2912 1803 3023 1842 non
3051 1786 3378 1859 cognovisti,
3410 1783 3657 1841 ofﬁcium
3686 1785 3809 1855 epi—

504 1889 636 1938 tera‘.
668 1883 865 1953 quibus
904 1884 1231 1940 invitabatur
1269 1883 1339 1940 ad
1367 1883 1643 1956 synodum
1670 1900 1699 1938 a
1738 1883 1944 1939 clericis
1987 1883 2101 1939 suis

504 1984 731 2033 retentae
755 1986 809 2032 et
833 1994 947 2032 non
964 1977 1067 2033 sibi
1100 1986 1336 2034 ostensa:
1361 1977 1597 2045 fuerant,
1631 1993 1898 2048 suspenso
1932 1978 1989 2033 in
2016 1993 2101 2032 ea-

507 2072 631 2125 dem
647 2070 858 2142 synodo
877 2071 1181 2143 episcopale
1202 2070 1451 2127 ofﬁcium
1472 2069 1831 2138 reddidimus,
1856 2070 1958 2125 hac
1978 2087 2105 2126 con-

506 2162 711 2218 ditione
738 2163 885 2235 quod
916 2163 1112 2219 debeat
1135 2180 1191 2219 se
1220 2164 1288 2220 de
1318 2165 1548 2237 objectis
1572 2180 1761 2220 coram
1790 2165 1967 2236 legato
1998 2180 2102 2220 no-

507 2265 643 2323 stro,
673 2258 720 2312 si
750 2259 799 2312 ei
823 2259 1005 2314 visum
1033 2257 1223 2325 fuerit,
1255 2274 1383 2313 cum
1406 2257 1775 2330 suffragaueis
1802 2266 1897 2313 aut
1920 2260 2099 2313 convi-

505 2350 639 2406 cinis
664 2352 930 2423 episcopis
967 2368 1287 2423 expurgare.
1325 2351 1584 2407 Richerio
1630 2368 1756 2407 vero
1799 2353 2100 2407 Senonensi

505 2444 912 2516 archiepiscopo
948 2445 1310 2501 interdictum
1339 2445 1621 2501 reddimus
1657 2443 1923 2501 ofﬁcium.
1970 2448 2101 2500 Pro-

504 2538 811 2593 misitenim
845 2538 899 2593 iu
928 2554 1095 2594 manu
1124 2548 1310 2594 nostra
1340 2540 1507 2610 quod,
1535 2540 1648 2594 sive
1676 2555 1769 2610 per
1797 2556 1854 2593 se
1874 2539 1987 2594 sive
2006 2555 2102 2609 per

508 2631 763 2687 nuntium
789 2648 976 2700 suum,
1013 2648 1261 2697 causam,
1302 2649 1399 2703 pro
1432 2649 1539 2704 qua
1568 2633 1633 2688 ad
1664 2632 1939 2705 synodum
1970 2647 2102 2704 prae-

507 2725 601 2780 fati
629 2726 783 2797 legati
809 2727 981 2782 nostri
1013 2742 1128 2781 non
1159 2727 1319 2793 venit,
1354 2742 1537 2781 coram
1568 2726 1766 2781 eodem
1806 2726 1981 2798 legato
2009 2725 2102 2782 de-

505 2820 632 2875 beat
655 2834 948 2890 exponere,
981 2827 1034 2875 et
1059 2819 1112 2874 in
1138 2820 1369 2892 negotiis
1398 2820 1775 2875 ecclesiasticis
1806 2835 1905 2892 pro
1942 2836 2102 2891 posse

505 2927 608 2967 suo
646 2912 932 2989 consilium
964 2920 1018 2968 et
1049 2913 1305 2968 auxilium
1332 2913 1567 2969 ﬁdeliter
1596 2922 1648 2967 et
1676 2913 1957 2969 humiliter
1999 2913 2098 2968 sibi

508 3004 848 3077 impendere,
900 3007 1129 3078 ejusque
1183 3006 1427 3062 animum
1481 3008 1714 3079 placare.
1769 3005 2101 3063 Gotefredus

507 3106 693 3156 autem
721 3100 1071 3155 Carnotensis
1101 3101 1413 3172 episcopus,
1443 3100 1568 3171 quia
1607 3116 1720 3155 non
1750 3100 2008 3155 invitatus
2045 3108 2099 3155 et

506 3191 703 3247 absens
736 3192 1018 3264 judicatus
1066 3192 1258 3261 fuerat,
1316 3193 1611 3264 episcopali
1657 3191 1842 3248 ofﬁcio
1871 3208 1901 3246 a
1940 3191 2100 3247 nobis

506 3286 792 3342 restitutus
820 3295 931 3352 est;
972 3286 1075 3342 hoc
1118 3286 1341 3357 quidem
1371 3294 1561 3341 tenore
1614 3286 1764 3357 quod
1809 3302 1971 3341 causa
2005 3301 2101 3341 sua

507 3388 633 3435 ante
673 3379 913 3452 legatum
937 3389 1189 3436 nostrum
1221 3380 1416 3436 debeat
1442 3380 1727 3436 retractari
1754 3389 1916 3452 atque
1953 3378 2103 3435 difﬁ-

508 3473 631 3528 niri.
686 3473 992 3529 Richardus
1048 3474 1406 3546 Biturigensis
1453 3474 1928 3546 archiepiscopus,
1977 3474 2101 3546 quia

509 3566 645 3621 irato
670 3568 880 3634 animo,
909 3576 963 3621 et
991 3583 1102 3622 non
1126 3568 1369 3639 synodali
1395 3568 1623 3639 judicio,
1666 3567 1873 3625 dimisit
1919 3568 2099 3623 Eccle-

506 3659 644 3713 siam
673 3675 853 3725 suam,
878 3661 1084 3730 virgam
1110 3669 1165 3715 et
1199 3660 1465 3715 annulum
1506 3661 1729 3731 recepit,
1770 3661 2101 3731 promittens

506 3765 563 3806 se
597 3750 663 3805 de
688 3752 917 3822 objectis
944 3767 1133 3807 coram
1168 3753 1346 3823 legato
1378 3761 1570 3807 nostro
1618 3752 1952 3809 satisfacere.
1990 3757 2100 3811 Ro-

505 3841 743 3913 dulphus
769 3845 1101 3901 Turonensis
1131 3845 1590 3917 archiepiscopus,
1624 3848 1749 3917 quia
1778 3848 1972 3918 legales
2011 3863 2100 3903 ac-

507 3946 787 3991 cusatores
813 3952 923 3991 non
951 3937 1158 4007 habuit,
1185 3937 1504 3994 sacerdotali
1528 3948 1582 3994 et
1603 3940 1895 4009 episcOpali
1916 3938 2099 3994 ofﬁcio

512 4030 796 4085 restitutus
821 4038 926 4098 est,
949 4032 1116 4086 etiam
1137 4032 1406 4103 episcopis
1431 4033 1525 4103 qui
1546 4047 1672 4087 eum
1692 4042 2102 4100 accusaverant,

513 4123 581 4179 ab
622 4124 968 4179 accusatione
1002 4124 1412 4192 deﬁcientibus,
1442 4132 1498 4180 et
1541 4124 1668 4197 quia
1700 4140 1861 4181 causa
1905 4140 2003 4181 sua
2033 4126 2102 4181 ab

508 4224 845 4273 antecessore
885 4225 1073 4272 nostro
1118 4217 1295 4274 beata
1342 4218 1621 4273 memoriae
1664 4217 1977 4275 Alexandro
2019 4234 2104 4275 re-

510 4317 737 4365 tractata
770 4318 827 4366 et
850 4310 1213 4367 determinata
1247 4310 1454 4380 fuerat,
1484 4310 1773 4367 videbatur
1807 4312 1956 4384 quod
1990 4328 2104 4369 non

509 4402 627 4459 sine
664 4412 810 4460 certa
845 4404 1193 4460 accusatione
1227 4404 1451 4461 deberet
1483 4406 1787 4461 retractari.
1819 4405 1991 4463 Nobis
2018 4414 2103 4461 ta-

508 4513 635 4553 men
688 4499 866 4553 visum
912 4498 1015 4553 fuit
1069 4498 1215 4570 quod
1263 4498 1473 4570 legatus
1523 4507 1709 4554 noster
1751 4514 1879 4554 cum
1920 4500 2100 4571 legato
2131 4524 2181 4588 Β

471 4660 474 4664 ι
510 4591 725 4647 Diensis
753 4592 986 4663 episcopi
1015 4592 1257 4648 Turonis
1282 4591 1476 4648 debeat
1502 4592 1793 4664 proﬁcisci,
1820 4601 1875 4648 et
1902 4609 2099 4649 convo-

506 4698 633 4738 care
656 4699 849 4741 omnes
889 4684 1271 4755 suffraganeos
1299 4686 1601 4758 episcopos,
1624 4702 1725 4742 nec
1752 4702 1863 4741 non
1894 4687 2100 4743 clerum

510 4784 564 4831 et
601 4777 882 4847 populum,
915 4786 969 4832 et
990 4794 1052 4832 ex
1080 4788 1233 4849 parte
1260 4778 1404 4834 beati
1436 4781 1577 4835 Petri
1609 4780 1728 4837 illos
1744 4796 2101 4839 commonere

510 4877 570 4924 ut
598 4870 832 4942 qualiter
848 4870 1051 4926 electus
1077 4870 1242 4926 fuerit
1266 4872 1348 4928 vel
1377 4872 1664 4929 ordinatus
1689 4876 1954 4931 veraciter
1984 4891 2103 4946 pro-

508 4962 727 5018 ﬁteatur
758 4985 770 5019 :
812 4970 892 5031 ut,
924 4964 967 5019 si
1008 4965 1265 5019 claruerit
1303 4981 1430 5021 eum
1474 4966 1542 5021 de
1566 4965 1799 5037 objectis
1835 4971 2097 5025 innocen-

508 5063 621 5111 tem
640 5071 779 5125 esse,
810 5056 1037 5128 quaestio
1063 5058 1422 5115 accusationis
1446 5075 1561 5116 suae
1588 5060 1815 5116 omnino
1849 5061 2103 5133 deinceps

509 5149 772 5220 SOpiatur.
800 5149 895 5205 Sin
920 5159 1102 5206 autem
1131 5152 1452 5221 certissime,
1476 5162 1532 5209 et
1552 5152 1697 5209 unde
1719 5152 1955 5209 dubitari
1985 5170 2101 5212 non

510 5242 677 5315 possit
703 5251 896 5298 contra
927 5258 1053 5301 eum
1076 5246 1459 5302 testimonium
1497 5246 1691 5302 datum
1719 5246 1903 5316 fuerit,
1934 5262 2101 5304 cano-

509 5335 633 5391 nica
660 5336 928 5393 sententia
956 5336 1192 5395 feriatur.

580 5433 782 5485 Actum
811 5432 1009 5488 Romae
1036 5433 1269 5505 septimo
1289 5437 1397 5505 [γι]
1421 5432 1554 5491 ldus
1573 5435 1773 5506 Martii,
1804 5435 2100 5496 indictione

517 5537 689 5601 prima
700 5566 713 5579 .

2209 1882 2425 1952 scopale
2460 1879 2698 1936 faciendi
2738 1880 3053 1937 facultatem
3090 1888 3145 1936 et
3183 1880 3461 1936 licentiam
3491 1879 3586 1935 tibi
3614 1893 3809 1934 conce-

2209 1974 2423 2042 dimus;
2450 1990 2515 2031 eo
2545 1985 2729 2031 tamen
2750 1983 2939 2033 tenore
2962 1984 3021 2032 ut
3042 1982 3351 2047 opportuno
3366 1983 3613 2046 tempore
3635 1972 3809 2028 nobis

2209 2068 2292 2124 vel
2322 2068 2511 2141 legatis
2537 2070 2739 2125 nostris
2787 2069 2855 2125 de
2903 2068 3129 2141 objectis
3157 2077 3211 2124 te
3261 2066 3667 2123 satisfacturum
3712 2081 3809 2122 re-

2212 2171 2527 2234 praesentes.
2554 2167 2620 2217 Et
2649 2163 2778 2235 quia
2806 2163 2861 2218 in
2898 2163 3169 2219 Romanis
3199 2162 3457 2229 conciliis,
3496 2170 3611 2217 tam
3639 2176 3670 2216 a
3702 2176 3809 2216 no-

2211 2257 2296 2312 bis
2334 2273 2500 2329 quam
2560 2257 2629 2312 ab
2671 2258 3107 2313 antecessoribus
3153 2257 3373 2325 nostris,
3427 2255 3811 2328 promulgatas

2211 2351 2625 2407 constitutiones
2650 2366 2782 2418 non,
2810 2350 2951 2406 sicut
2987 2350 3189 2417 decuit,
3229 2359 3284 2405 te
3316 2364 3557 2406 servasse
3583 2364 3809 2421 compe-

2209 2445 2401 2512 rimus,
2436 2445 2684 2501 videlicet
2720 2454 2781 2502 ut
2819 2460 3043 2501 omnem
3081 2445 3431 2502 venalitatem
3459 2443 3529 2500 de
3572 2443 3806 2499 ecclesia

2211 2546 2305 2594 tua
2335 2539 2581 2610 ejiceres,
2623 2539 2967 2611 negligentiae
3002 2555 3117 2594 non
3165 2554 3342 2610 parvae
3388 2536 3795 2594 fraternitatem

2211 2641 2370 2688 tuam
2393 2649 2621 2706 arguere
2642 2648 2953 2705 possumus.
2973 2632 3138 2690 Unde
3157 2632 3455 2704 apostolica
3476 2632 3813 2687 auctoritate

2211 2726 2615 2794 interdicimus,
2644 2727 2830 2798 eiectis
2857 2726 2962 2782 illis
2983 2728 3077 2798 qui
3108 2726 3164 2781 in
3196 2725 3440 2782 Ecclesia
3469 2734 3560 2780 tua
3583 2740 3677 2796 per
3706 2740 3805 2796 pe-

2212 2821 2430 2875 cuniam
2473 2821 2711 2890 promoti
2764 2828 2924 2888 sunt,
2963 2828 3025 2876 ut
3066 2835 3248 2892 neque
3291 2818 3807 2885 arcbidiaconatus,

2212 2929 2387 2985 neque
2434 2914 3016 2986 archipresbyteratus,
3057 2929 3236 2985 neque
3283 2912 3495 2986 aliquid
3541 2912 3690 2984 quod
3729 2912 3809 2968 ad

2210 3008 2546 3081 Spiritualem
2591 3022 2781 3064 curam
2825 3007 3073 3064 videatur
3124 3007 3415 3079 pertinere,
3466 3006 3639 3079 pretio
3682 3006 3813 3063 dari

2207 3102 2516 3175 permittas;
2550 3101 2645 3156 sed
2667 3100 2967 3157 secundum
3001 3101 3224 3156 Domini
3253 3108 3587 3173 praeceptum
3613 3099 3813 3156 dicen-

2209 3197 2276 3252 tis
2305 3216 2317 3251 :
2360 3197 2542 3253 Gratis
2562 3198 2859 3265 accepistis,
2892 3198 3064 3263 gratis
3093 3196 3218 3249 date
3245 3195 3456 3265 (Matth.
3480 3199 3558 3261 χ),
3590 3201 3644 3249 te
3672 3194 3816 3249 irre-

2210 3288 2645 3362 prehensibiliter
2671 3289 2900 3353 habens,
2929 3297 2983 3344 et
3014 3289 3241 3345 clericos
3267 3305 3377 3345 non
3402 3296 3545 3345 caste
3563 3286 3810 3343 viventes

2210 3384 2385 3455 rigore
2427 3383 2683 3454 pastorali
2727 3384 3029 3455 corrigens,
3060 3385 3205 3439 sicut
3241 3384 3371 3438 olim
3416 3382 3699 3455 negligens
3744 3389 3815 3437 et

2208 3476 2514 3533 desidiosus
2564 3476 2743 3546 fuisti,
2798 3478 2874 3532 ita
2925 3476 3187 3549 deinceps
3235 3476 3291 3532 in
3322 3475 3809 3533 administratione

2207 3571 2441 3641 suscepti
2476 3568 2642 3625 ofﬁcii
2672 3570 2901 3641 vigilans
2930 3579 2985 3624 et
3010 3569 3297 3626 studiosus
3328 3584 3591 3642 appareas
3616 3588 3630 3622 :
3665 3584 3808 3641 qua-

2205 3672 2367 3729 tenus
2382 3664 2440 3719 in
2470 3664 2578 3719 ﬁne
2602 3664 2727 3719 vitae
2757 3672 2865 3719 tua:
2896 3664 3334 3735 omnipotentem
3354 3665 3667 3719 Dominum
3694 3663 3782 3718 cle
3808 3695 3826 3705 -

2208 3766 2454 3814 mentem
2483 3766 2537 3813 et
2556 3757 2971 3814 misericordem
2992 3757 3177 3830 operis
3196 3757 3277 3813 tui
3299 3756 3569 3814 rectitudo
3597 3756 3697 3812 tibi
3725 3754 3809 3813 fa-

2209 3851 2341 3907 ciat.

2279 3947 2419 4000 Data
2449 3946 2645 4001 Roma:
2667 3944 2879 4001 decimo
2908 3953 3102 4018 quarto
3146 3944 3429 4002 Kalendas
3461 3944 3688 4017 Aprilis,
3726 3945 3815 4003 in-

2207 4038 2446 4095 dictione
2468 4054 2515 4095 ι.

2723 4128 3071 4185 EPISTOLA
3108 4130 3255 4184 XIX
3268 4170 3279 4181 .

2428 4234 2508 4278 ΔΙ)
2545 4236 2934 4277 GUILIBLMUM
2976 4236 3185 4278 REGEM
3224 4234 3582 4278 ANGLORUM.

2800 4318 2984 4379 (Anno
3029 4317 3210 4384 1078.)

2217 4413 2472 4477 Legatum
2494 4423 2549 4463 se
2577 4411 2806 4475 mittere,
2834 4414 2895 4463 ut
2919 4410 3208 4480 diligenter
3235 4415 3285 4464 et
3316 4413 3407 4480 pie
3440 4413 3711 4465 caraminet
3732 4426 3810 4465 an

2286 4482 2562 4550 cpiscopus
2586 4481 3019 4549 Rothomagensis
3034 4496 3135 4551 pro
3155 4497 3261 4535 sua
3280 4482 3604 4550 (egritudine
3625 4488 3811 4551 pasto-

2283 4552 2395 4605 rali
2416 4551 2775 4606 moderamini
2793 4567 3021 4621 prceesse
3055 4553 3231 4606 valeat
3259 4571 3275 4606 :
3310 4556 3360 4607 si
3379 4558 3562 4607 autem
3586 4555 3811 4622 inﬁrma

2281 4623 2531 4678 valetudo
2560 4625 2648 4677 ita
2686 4639 2807 4678 eum
2835 4626 3178 4693 oppresserit,
3210 4629 3272 4677 ut
3308 4627 3485 4679 minus
3510 4630 3674 4695 aptus
3706 4625 3817 4678 tali

2282 4697 2499 4748 muneri
2520 4698 2843 4766 reperiatur,
2874 4698 3090 4749 omnino
3109 4696 3252 4748 alius
3271 4698 3518 4750 canonice
3547 4696 3807 4764 eligatur.

2282 4788 2628 4845 GBBGOBIUS
2652 4788 2965 4861 episcOpus,
2994 4802 3182 4843 servus
3206 4802 3489 4843 servorum
3513 4788 3612 4843 Dei
3631 4788 3811 4851 ..ϐω-

2209 4895 2441 4938 mauro
2480 4882 2592 4956 regi
2618 4882 2919 4953 Anglorum
2964 4881 3196 4938 salutem
3232 4888 3289 4937 et
3314 4880 3669 4954 apostolicam
3708 4880 3807 4936 be-

2209 4973 2594 5032 nedictionem.

2282 5066 2462 5124 Ofﬁcii
2509 5068 2685 5124 nostri
2727 5084 2859 5124 cura
2905 5068 3070 5140 exigit
3113 5076 3175 5124 ut
3217 5068 3460 5125 ecclesiis
3488 5066 3813 5141 pastoribus

2211 5160 2442 5217 viduatis
2489 5162 2723 5218 sollicite
2751 5161 3040 5218 subvenire
3086 5177 3459 5235 properemus.
3507 5161 3646 5233 Quia
3675 5177 3811 5218 vero

2210 5255 2351 5311 inter
2384 5271 2560 5327 reges,
2590 5264 2710 5312 tum
2744 5271 2902 5313 more
2926 5256 3227 5314 honestatis
3249 5272 3354 5328 qua
3379 5256 3540 5323 nites,
3574 5263 3704 5311 tum
3741 5256 3810 5312 li-

2210 5349 2375 5405 berali
2407 5349 2695 5421 prudentia
2736 5366 2842 5422 qua
2868 5352 3132 5419 muniris,
3176 5360 3231 5407 te
3264 5351 3479 5423 speciali
3508 5349 3810 5407 dilectione
3880 5358 3889 5375 '

2208 5443 2618 5514 amplectimur,
2651 5443 2881 5517 dignum
2907 5452 2990 5500 est
3024 5450 3084 5500 ut
3132 5445 3389 5501 Ecclesiis
3439 5459 3563 5517 quae
3589 5452 3720 5501 sunt
3750 5444 3810 5499 in

2209 5552 2380 5610 regno
2407 5536 2591 5594 divina
2635 5536 2989 5610 dispositione
3016 5539 3111 5595 tibi
3142 5540 3443 5595 commisso
3493 5538 3807 5611 specialiter

2207 5645 2395 5687 cavere
2441 5628 2786 5687 studeamus.
2818 5630 2979 5688 Unde
3024 5631 3465 5703 Rothomagensi
3519 5630 3802 5696 Ecclesiae,

2207 5739 2376 5797 quam
2400 5722 2609 5781 dudum
2637 5733 2856 5797 pastore
2887 5723 3233 5794 destitutam,
3271 5723 3600 5797 egritudine
3638 5724 3807 5794 impe-

2208 5816 2415 5887 diente,
2446 5817 2777 5890 audivimus,
2816 5833 3134 5878 succurrere
3168 5818 3276 5875 hoc
3316 5816 3503 5893 modo
3524 5815 3804 5890 disposui-
