4144 6184
1592 186 1627 197 κ

285 276 371 330 505
1390 278 1585 335 LIBER
1623 277 1923 347 QUINTUS.
1964 309 2035 323 --
2074 280 2283 338 EPIST.
2322 279 2448 338 XXI.

3467 286 3568 342 506

281 416 408 457 mus.
443 398 755 456 Hubertum
783 405 985 458 sancta
1009 402 1274 460 Romanis
1292 402 1545 460 Ecclesia:
1565 403 1855 461 subdiaco-
1887 411 1941 475 Α
1966 405 2169 478 judicio
2199 406 2375 464 sancti
2403 404 2642 478 Spiritus
2671 414 2725 464 et
2771 406 3090 465 auctoritate
3117 406 3416 480 apostolica
3444 423 3568 464 sen-

279 510 423 562 num,
453 508 622 567 quem
641 493 1007 566 experimento
1026 496 1185 553 nobis
1215 504 1271 552 et
1299 496 1395 553 tibi
1422 496 1638 554 ﬁdelem
1666 497 1854 556 didici—

278 604 409 658 mus,
438 588 643 645 liberali
670 587 856 660 gloriae
892 596 1022 658 tum,
1076 589 1153 646 ﬁli
1193 589 1531 658 charissima,
1560 592 1851 661 mittimus,

276 684 356 756 qui
394 698 522 739 cum
551 683 683 739 viris
717 683 985 756 religiosis
1024 684 1284 757 episcopis
1308 694 1363 741 et
1403 686 1690 743 abbatibus
1713 687 1855 760 ejus-

273 778 390 835 dem
430 777 595 834 etiam
644 776 898 833 Ecclesia:
930 777 1186 834 fratribus
1222 780 1547 851 praedictum
1585 780 1854 854 archiepi-

275 888 500 945 scopum
523 870 701 940 adeat,
731 870 978 947 diligenti~
1000 880 1053 928 et
1077 874 1157 945 pia
1190 874 1621 932 consideratione
1649 876 1855 931 exami-

267 975 355 1023 net
380 982 449 1023 an
499 966 753 1038 pastorali
786 965 1146 1024 moderamini
1179 983 1438 1040 praeesse,
1488 977 1548 1025 ut
1600 978 1852 1042 oportet,

270 1062 455 1117 valeat.
504 1061 561 1117 Si
613 1076 741 1116 vero
812 1060 1113 1117 valetudine
1171 1062 1435 1134 corporali
1482 1063 1562 1119 sic
1612 1063 1859 1136 judicent

267 1155 609 1223 destitutum,
645 1163 707 1210 ut
743 1154 944 1211 amodo
983 1156 1272 1228 episcopali
1307 1172 1417 1213 non
1446 1156 1516 1213 sit
1540 1166 1698 1230 aptus
1722 1158 1858 1230 regi-

264 1248 411 1315 mini,
444 1248 598 1321 prius
637 1247 1095 1305 admonitionibus
1122 1250 1224 1305 sibi
1262 1250 1586 1322 persuadere
1621 1268 1733 1307 non
1761 1252 1855 1309 de-

266 1344 479 1410 sistant,
533 1343 577 1398 si
601 1342 937 1415 oportuerit,
967 1344 1133 1399 etiam
1180 1345 1502 1401 auctoritate
1526 1346 1853 1416 apostolica,

268 1446 325 1493 ut
367 1453 468 1493 suo
497 1452 769 1493 consensu
798 1436 1085 1493 ordinetur
1122 1438 1383 1494 Ecclesia.
1416 1443 1490 1494 At
1534 1439 1578 1494 si
1607 1440 1856 1497 valetudo

270 1532 341 1586 sic
358 1546 488 1587 eum
509 1531 857 1603 oppresserit,
891 1539 952 1588 ut
981 1532 1314 1589 insensatum
1338 1540 1391 1587 et
1410 1530 1576 1589 ofﬁcii
1603 1533 1685 1589 sui
1716 1533 1854 1589 obli-

269 1625 473 1681 viosum
498 1623 824 1694 reddiderit,
849 1641 962 1681 non
993 1625 1295 1698 dijudicans
1313 1627 1498 1699 quanti
1528 1627 1626 1683 sibi
1665 1635 1719 1683 et
1742 1628 1858 1684 uni-

272 1734 432 1776 versae
466 1718 657 1791 patriae
698 1719 967 1792 aegritudo
1019 1720 1093 1775 sit
1132 1719 1462 1787 detrimenti,
1517 1721 1860 1793 praecipimus

1964 499 2191 556 tentiam
2238 498 2598 557 anathematis
2626 510 2681 557 et
2736 501 3083 574 depositionis
3128 501 3246 559 sine
3287 502 3437 559 omni
3466 516 3561 576 spe

1967 593 2389 665 recuperationis
2436 593 2489 650 in
2527 602 2583 652 te
2617 594 3105 667 promulgabimus.

2039 690 2173 744 Data
2201 691 2399 745 Romae
2421 697 2613 745 octavo
2642 689 2920 746 Kalendas
2944 690 3093 759 Maii,
3145 690 3437 748 indictione
3454 706 3495 749 ι.

2486 784 2840 840 EPISTOLA
2885 785 3049 840 XXI.

2233 892 2300 931 AD
2336 893 2590 932 HUGONEM
2626 894 2861 933 ABBATEM
2901 894 3316 936 CLUNIACENSEX.

2571 970 2752 1040 (Anno
2782 971 2962 1037 1078.)

1971 1062 2037 1116 Ut
2067 1062 2259 1133 legato,
2292 1078 2449 1131 quem
2481 1063 2555 1118 ad
2578 1078 2754 1132 regem
2774 1065 3049 1132 Hispania:
3075 1066 3262 1127 mittit,
3292 1065 3566 1119 auxilium

2034 1133 2300 1203 prwbeat.
2340 1139 2416 1190 De
2452 1137 2772 1203 Berengario
2806 1137 3127 1189 sententiam
3160 1151 3314 1191 suam
3348 1137 3565 1203 fratres

2066 1220 2158 1258 uos
2179 1220 2298 1259 cum
2319 1206 2492 1274 legato
2514 1209 2685 1261 mittit
2708 1207 3062 1261 nuntiatur-os
3109 1208 3315 1262 scribit.
3362 1208 3565 1262 Tribu-

2059 1279 2261 1331 ationes
2304 1291 2435 1331 suas
2487 1280 2727 1347 exponit,
2754 1293 2856 1347 pro
2886 1277 3083 1346 quibus
3118 1278 3565 1334 misericordiam

2038 1350 2256 1404 Domini
2308 1350 2605 1419 implorari
2648 1352 2809 1420 petit.

2040 1442 2404 1499 Gnaeoaws
2421 1442 2723 1514 episcopus,
2756 1457 2945 1498 servus
2976 1456 3258 1499 servorum
3275 1442 3398 1511 Dei,
3438 1445 3563 1499 Hu-

1968 1548 2120 1592 GONI
2184 1536 2531 1594 Cluniacensi
2568 1535 2775 1606 abbati,
2850 1535 3081 1594 salutem
3123 1544 3179 1592 et
3213 1536 3569 1609 apostolicam

1968 1628 2406 1687 benedictionem

2045 1724 2395 1781 Diversarum
2448 1725 2691 1796 gentium
2741 1726 3117 1795 concursione,
3167 1733 3222 1781 et
3269 1725 3568 1783 multorum

272 1814 581 1870 auctoritate
598 1814 903 1886 apostolica
926 1813 1098 1869 virum
1126 1822 1275 1870 tanto
1298 1813 1519 1887 ponderi
1547 1824 1852 1888 competen-
1888 1796 1939 1860 Β
1971 1818 2318 1890 negotiorum
2364 1816 2617 1890 fatigatus
2655 1819 3026 1889 meditatione,
3055 1819 3102 1875 ei
3150 1835 3346 1892 parum
3388 1819 3567 1876 scribo

276 1915 400 1973 tem,
432 1906 569 1962 bene
597 1916 874 1963 moratum
892 1916 947 1963 et
974 1908 1293 1979 sapientem,
1316 1908 1692 1965 universorum
1722 1925 1857 1965 con-

276 2016 424 2056 sensu
444 2001 706 2056 canonice
721 2000 842 2072 eligi
858 2009 914 2057 et
943 2001 998 2057 in
1022 2000 1495 2073 archiepiscopum
1522 2003 1854 2073 promoveri.

342 2098 477 2151 Data
520 2098 723 2151 Roma:
761 2095 1000 2152 secundo
1047 2099 1232 2153 Nonas
1285 2095 1515 2167 Aprilis,
1565 2096 1859 2155 indictione

277 2188 455 2265 prima.
770 2172 774 2176 Δ

799 2286 1152 2342 EPISTOLA
1170 2287 1307 2342 XX.

359 2404 437 2442 AD
468 2401 823 2445 BAINBBIUII
861 2403 1370 2445 AUBELIANENSEM
1401 2404 1774 2447 EPISCOPUM.

871 2484 1055 2555 (Anno
1079 2488 1253 2549 1078.)

275 2578 505 2647 Increpat
553 2579 699 2647 quod
746 2580 1016 2648 patientia
1056 2582 1319 2635 Romana:
1346 2580 1594 2634 Ecclesiae
1640 2579 1861 2646 abusus,

334 2649 499 2703 scelus
524 2651 717 2704 sceleri
744 2650 1012 2713 addendo,
1066 2655 1255 2703 cuncta
1298 2666 1433 2719 pene
1472 2650 1716 2705 Ecclesia:
1751 2666 1863 2704 sua:

335 2726 653 2775 ornamenta
673 2722 1093 2791 dilapidavemit:
1133 2723 1472 2790 quamobrem
1499 2722 1585 2774 illi
1612 2723 1864 2790 praecipit

334 2798 390 2845 ut
417 2794 676 2847 omnibus
691 2794 983 2859 restitutis,
1008 2792 1081 2847 ad
1099 2793 1366 2860 synodum
1396 2794 1454 2844 in
1476 2795 1588 2845 suis
1606 2792 1861 2860 part-ibus

335 2863 712 2919 celebrandam
744 2866 1045 2926 conveniat,
1079 2870 1129 2917 et
1153 2865 1344 2932 legatis
1365 2863 1430 2917 de
1472 2864 1718 2917 omnibus
1744 2878 1863 2932 quae

334 2936 415 2991 illi
438 2936 647 3006 objecta
664 2938 891 3003 fuerunt
923 2937 1189 2989 rationem
1226 2934 1439 2989 reddat.

341 3038 696 3095 GBEGOBIUS
723 3038 1025 3110 episcopus,
1046 3051 1233 3093 servus
1259 3050 1543 3093 servorum
1569 3035 1691 3105 Dei,
1717 3037 1863 3093 ΒΑι-

268 3147 448 3189 nsato
470 3132 873 3188 Aurelianensi.

330 3227 541 3296 Quanta
590 3224 645 3280 in
672 3227 854 3283 Deum
890 3234 944 3283 et
990 3225 1069 3282 tui
1113 3224 1323 3282 ordinis
1350 3225 1579 3281 salutem
1613 3224 1845 3280 commi-
1887 3203 1932 3267 (ἶ

264 3321 407 3389 seris,
437 3321 481 3377 si
499 3335 651 3377 sane:
670 3320 869 3376 mentis
895 3328 950 3377 te
967 3319 1133 3376 velles
1160 3318 1467 3388 ostendere,
1492 3335 1522 3375 a
1542 3317 1621 3374 tui
1649 3333 1852 3375 memo-

264 3414 339 3469 ria
366 3414 630 3471 excidisse
668 3415 854 3487 pejora
898 3413 1173 3485 operando
1202 3428 1546 3486 nequaquam
1584 3420 1855 3469 monstra-

263 3518 365 3559 res.
417 3507 696 3560 Decuerat
763 3512 818 3559 te
881 3518 1228 3576 summopere
1292 3502 1541 3559 meditari
1596 3511 1855 3573 quantam

266 3611 391 3667 erga
419 3605 473 3654 te
516 3597 839 3670 patientiam
879 3598 1133 3652 Romana
1176 3596 1415 3654 ostendit
1444 3595 1704 3663 Ecclesia,
1733 3609 1857 3667 quae

260 3688 393 3745 dum
436 3690 581 3747 ultra
609 3706 775 3764 quam
814 3689 1061 3763 oportuit
1087 3698 1169 3746 est
1208 3690 1452 3759 miserta,
1486 3688 1653 3761 ipsius
1685 3688 1856 3745 mise-

263 3781 493 3839 ricordia
545 3784 959 3857 quodammodo
1016 3799 1170 3839 versa
1201 3792 1286 3840 est
1320 3792 1417 3840 tuo
1459 3797 1623 3855 opere
1662 3782 1717 3838 in
1744 3783 1856 3838 cul-

266 3892 421 3947 pam.
454 3878 585 3945 Quae
624 3878 851 3951 quidem
885 3878 961 3934 sic
991 3878 1231 3934 nimium
1268 3876 1555 3949 impudens
1592 3876 1855 3944 abuteris,

261 3978 322 4025 ut
352 3986 513 4043 cogas
551 3987 653 4028 nos
706 3970 813 4028 tuis
857 3970 1091 4042 agitatos
1135 3970 1373 4027 stimulis
1396 3971 1451 4025 in
1490 3977 1546 4025 te
1596 3969 1858 4027 districtae

262 4065 531 4137 aequitatis
579 4080 809 4122 censura
845 4065 1146 4137 insurgere.
1196 4065 1347 4119 Inter
1392 4071 1587 4119 cmtera
1623 4078 1861 4135 namque

261 4174 382 4230 quae
403 4160 539 4215 olim
590 4174 841 4231 perversa
869 4166 1053 4214 mente
1090 4157 1267 4230 egisti,
1296 4166 1362 4213 ut
1405 4157 1600 4213 vulnus
1646 4157 1859 4214 vulneri

265 4251 553 4326 indigeres,
589 4253 729 4308 sicut
756 4252 919 4308 nobis
959 4251 1295 4308 insinuatum
1340 4258 1444 4319 est,
1492 4265 1627 4322 pene
1668 4259 1863 4307 cuncta

260 4345 509 4402 Ecclesiae
530 4345 631 4401 tibi
668 4346 983 4402 commissae
1012 4351 1360 4412 ornamenta,
1395 4343 1554 4416 pallia
1591 4342 1863 4421 videlicet,

263 4438 468 4507 calices,
491 4439 791 4506 thuribula,
830 4439 1096 4510 planetas,
1134 4447 1188 4494 et
1211 4445 1439 4494 caeterea
1470 4434 1685 4494 Sacrata
1721 4439 1859 4505 Deo,

1969 1928 2135 1984 quem
2169 1912 2412 1970 multum
2465 1911 2648 1985 diligo.
2694 1913 2959 1970 Abbatem
3008 1913 3222 1984 itaque,
3290 1913 3427 1970 sicut
3476 1928 3569 1969 rex

1968 2006 2241 2077 Hispania:
2300 2006 2507 2078 rogavit
2544 2014 2600 2063 et
2645 2020 2743 2063 vos
2804 2007 3089 2063 consilium
3158 2005 3405 2075 dedistis,
3450 2009 3567 2062 Deo

1968 2108 2211 2169 auctore,
2251 2100 2574 2172 episcopum
2606 2101 3072 2169 consecravimus;
3115 2108 3170 2157 et
3202 2101 3272 2157 ad
3308 2099 3568 2157 eumdem

1963 2209 2163 2266 regem
2204 2193 2546 2252 sacerdotem
2603 2194 2939 2251 cardinalem
2979 2193 3342 2263 Richardum,
3389 2194 3563 2250 vicem

1969 2296 2216 2345 nostram
2249 2288 2321 2344 illi
2356 2288 2787 2357 committentes,
2814 2288 2870 2344 in
2908 2287 3230 2360 Hispaniam
3251 2287 3557 2361 dirigimus,

1970 2382 2058 2438 cui
2099 2390 2163 2437 ut
2192 2381 2435 2454 praebeas
2466 2382 2725 2439 auxilium
2747 2391 2805 2440 et
2832 2381 3092 2439 idoneum
3129 2382 3340 2439 socium
3371 2380 3563 2440 frater—

1970 2476 2194 2532 nitatem
2225 2484 2373 2532 tuam
2399 2492 2681 2548 rogamus.
2726 2480 2809 2532 De
2834 2476 3187 2548 Berengario,
3230 2476 3375 2532 unde
3402 2476 3562 2532 nobis

1969 2568 2293 2640 scripsistis,
2328 2569 2461 2641 quid
2489 2569 2647 2626 nobis
2691 2569 2956 2638 videatur,
3001 2570 3085 2626 vel
3110 2569 3238 2642 quid
3283 2569 3568 2644 disposue-

1970 2662 2167 2733 rimus,
2208 2661 2405 2717 fratres
2448 2678 2586 2735 quos
2616 2662 2712 2719 tibi
2753 2663 3089 2720 remittimus
3132 2680 3263 2721 cum
3300 2664 3563 2737 praedicto

1970 2754 2227 2811 cardinali
2260 2763 2450 2812 nostro
2477 2756 2825 2813 nuntiabunt.
2874 2758 2987 2812 Vos
3032 2765 3216 2814 autem
3247 2765 3394 2814 certa
3431 2758 3561 2825 ﬁde,

1971 2849 2084 2907 imo
2129 2856 2184 2904 et
2228 2849 2505 2914 oratione,
2557 2850 2660 2905 Dei
2705 2850 3095 2921 omnipotentis
3130 2850 3563 2907 misericordiam

1970 2942 2291 3014 implorata,
2342 2950 2403 2998 ut
2442 2950 2659 2998 mentes
2698 2951 2914 2999 nostras
2959 2943 3261 3000 secundum
3292 2958 3445 2999 suam
3473 2959 3563 3000 vo-

1976 3035 2244 3092 luntatem
2285 3036 2593 3108 dirigat,et
2639 3036 2695 3091 in
2742 3050 2940 3109 magna
2982 3044 3305 3109 tempestate
3332 3051 3433 3093 nos
3459 3052 3560 3108 gu-

1970 3129 2212 3187 bernans
2237 3129 2306 3186 ad
2336 3138 2556 3201 portum
2576 3144 2694 3187 sum
2722 3130 2939 3203 pietatis
2977 3130 3256 3202 perducat.
3276 3132 3381 3187 Tot
3415 3130 3563 3186 enim

1963 3224 2225 3296 angustiis
2249 3223 2572 3295 premimur,
2622 3224 2895 3296 tantisque
2921 3223 3201 3280 laboribus
3239 3222 3559 3296 fatigamur,

1962 3326 2024 3374 ut
2053 3318 2087 3373 ii
2126 3318 2219 3389 qui
2250 3317 2541 3373 nobiscum
2563 3319 2710 3373 'sunt
2750 3332 2862 3374 non
2903 3319 3084 3374 solum
3120 3317 3230 3389 pati
3269 3324 3560 3389 nequeant,

1961 3410 2057 3467 sed
2098 3426 2198 3466 nec
2224 3411 2387 3467 etiam
2415 3409 2596 3467 videre
2623 3410 2847 3482 possint.
2881 3413 2951 3466 Et
2997 3411 3120 3467 licet
3145 3410 3384 3467 caelestis
3430 3409 3561 3467 tuba

1961 3504 2187 3571 clamet,
2262 3502 2406 3560 unde
2468 3503 2702 3576 quisque
2754 3503 3057 3561 secundum
3099 3520 3266 3561 suum
3314 3503 3561 3561 laborem

1963 3596 2277 3654 mercedem
2320 3596 2726 3668 recipiet(Luc.
2757 3602 2875 3663 v1),
2917 3605 2972 3653 et
3021 3598 3201 3654 bonus
3232 3613 3328 3653 rex
3378 3598 3559 3653 mani.

1964 3689 2130 3746 {estet
2155 3709 2166 3745 :
2195 3691 2498 3746 Secundum
2547 3692 2953 3747 multitudinem
2982 3691 3225 3747 dolorum
3249 3707 3482 3746 meorum
3502 3694 3560 3747 in

1964 3784 2116 3840 corde
2139 3800 2272 3847 meo,
2295 3785 2676 3840 consolationes
2717 3788 2842 3852 tute,
2877 3788 3124 3853 Domine,
3157 3786 3563 3855 Iaetiﬁcaverunt

1964 3880 2203 3934 animam
2226 3893 2400 3933 meam
2440 3878 2600 3947 (Psal.
2642 3882 2843 3945 xcm);
2872 3884 3055 3934 tamen
3084 3878 3413 3950 Irequenter
3444 3877 3562 3935 haec

1964 3972 2074 4028 vita
2112 3971 2272 4028 nobis
2298 3978 2382 4027 est
2400 3970 2588 4038 taedio,
2637 3980 2691 4027 et
2734 3986 2889 4027 mors
2914 3973 3092 4027 carnis
3129 3971 3416 4028 desiderio.
3453 3970 3561 4028 Sed

1967 4082 2092 4123 cum
2131 4076 2331 4138 pauper
2364 4066 2525 4121 Jeus
2560 4064 2648 4121 ille
2682 4064 2804 4137 pius
2847 4066 3181 4133 consolator,
3224 4080 3383 4121 verus
3410 4067 3560 4121 Deus

1968 4167 2023 4215 et
2054 4174 2209 4215 verus
2248 4158 2451 4227 homo,
2495 4173 2727 4215 manum
2770 4158 3030 4231 porrigit,
3062 4158 3217 4215 valde
3245 4158 3456 4215 tristem
3508 4163 3562 4214 et

1969 4251 2237 4309 afﬂictum
2265 4250 2539 4317 laetiﬁcat;
2580 4251 2713 4308 dum
2741 4267 2868 4307 vero
2899 4261 3109 4308 memet
3131 4251 3374 4321 dimittit,
3395 4251 3561 4308 nimis

1972 4362 2060 4403 me
2082 4345 2372 4401 conturbat
2408 4365 2419 4400 :
2448 4345 2505 4399 in
2529 4359 2617 4401 me
2653 4344 2853 4416 quippe
2881 4360 3097 4415 semper
3126 4344 3353 4412 morior,
3384 4344 3482 4400 sed
3503 4345 3559 4400 in

1971 4455 2062 4503 eo,
2093 4438 2367 4495 interdum
2408 4438 2545 4507 vivo,
2590 4446 2793 4499 etcum
2820 4436 3023 4493 viribus
3068 4436 3296 4493 omnino
3340 4435 3555 4493 deﬁcio.

266 4545 373 4587 non
396 4532 464 4588 ad
500 4534 797 4589 utilitatem
820 4532 922 4588 Dei
965 4540 1017 4589 et
1056 4531 1300 4604 praefatae
1330 4532 1621 4601 Ecclesiae,
1649 4546 1759 4587 non
1802 4532 1858 4587 in
1887 4548 1939 4611 Ι)
1968 4533 2056 4591 Ad
2084 4533 2238 4589 illum
2266 4547 2488 4606 gemens
2529 4530 2707 4587 clamo
2732 4549 2745 4586 :
2775 4531 2829 4587 Si
2852 4531 3032 4602 Moysi
3063 4538 3120 4586 et
3150 4533 3312 4585 Petro
3340 4537 3557 4586 tantum

271 4623 589 4695 adjutorium
627 4642 930 4699 pauperum
974 4633 1030 4682 et
1067 4625 1431 4697 captivorum,
1485 4625 1580 4681 sed
1612 4625 1683 4680 ad
1728 4624 1849 4680 libi-

272 4724 383 4774 tum
405 4727 564 4776 tuum
602 4729 656 4776 et
683 4721 907 4777 inanem
937 4719 1161 4793 gloriam
1193 4728 1358 4792 atque
1403 4718 1715 4790 superbiam
1743 4718 1849 4775 dis-

275 4812 483 4871 traxisti.
554 4813 716 4883 Quod
775 4813 997 4887 quidem
1061 4822 1331 4885 quantum
1398 4827 1502 4868 nos
1562 4813 1852 4868 contristat

276 4903 531 4964 advertere
583 4908 802 4979 poteris.
854 4909 1025 4976 Nunc,
1054 4906 1237 4978 itaque
1278 4905 1572 4978 apostolica
1603 4904 1699 4961 tibi
1750 4921 1850 4962 au-

278 5001 502 5057 ctoritate
534 5002 887 5074 praecipimus
922 5008 1015 5069 ut,
1045 5001 1195 5057 omni
1227 4999 1575 5057 excusatione
1603 5008 1815 5055 semota
1835 5041 1849 5066 .

277 5092 515 5167 quidquid
564 5094 834 5152 abstulisti
888 5094 1036 5166 juste
1106 5094 1387 5161 restituas,
1444 5102 1529 5163 et,
1587 5093 1853 5150 restitutis

277 5187 509 5245 omnibus
545 5188 615 5245 ad
642 5186 911 5262 synodum
942 5203 1065 5260 quae
1111 5188 1303 5244 vestris
1345 5187 1402 5242 in
1431 5185 1678 5261 partibus
1717 5186 1853 5243 cele-

275 5276 461 5337 branda
490 5280 594 5338 erit
620 5281 938 5350 convenias;
966 5281 1145 5354 ibique
1174 5297 1360 5338 coram
1403 5280 1592 5354 legatis
1619 5280 1848 5349 nostris,

276 5370 501 5432 videlicet
519 5378 755 5449 Hugone
792 5375 997 5443 Diensi,
1028 5383 1084 5431 et
1110 5378 1345 5447 Hugone
1396 5374 1592 5431 abbate
1633 5374 1849 5432 Clunia-

275 5468 429 5537 censi,
470 5485 573 5526 nec
622 5485 737 5526 non
765 5477 819 5525 et
845 5469 1082 5543 Rogerio
1130 5468 1460 5525 subdiacono
1516 5477 1738 5537 nostro,
1783 5468 1851 5525 de

275 5556 349 5615 bis
371 5569 422 5617 et
441 5563 560 5619 aliis
599 5577 727 5637 quat
768 5562 865 5619 tibi
893 5563 1232 5619 intentantur
1276 5563 1543 5619 rationem
1590 5563 1851 5620 canonice

272 5666 515 5725 exponas.
585 5656 748 5728 Quod
801 5657 846 5713 si
918 5656 1063 5714 forte
1134 5656 1202 5714 de
1248 5657 1506 5713 omnibus
1573 5672 1697 5729 qum
1754 5655 1853 5713 tibi

271 5745 466 5819 objecta
513 5750 715 5807 fuerint
772 5750 1029 5807 canonice
1080 5758 1134 5808 te
1170 5766 1287 5807 non
1337 5750 1743 5824 expurgaveris,
1788 5765 1852 5806 ac

265 5839 432 5900 ablata
454 5843 759 5902 secundum
790 5851 1042 5906 nostram
1062 5844 1370 5919 iussionem
1392 5859 1506 5902 non
1534 5843 1847 5913 reddideris,

1958 4626 2173 4702 pondus
2234 4626 2564 4698 imponeres,
2591 4624 2753 4681 credo
2794 4624 2917 4697 quia
2946 4624 3067 4680 illos
3106 4630 3366 4697 gravaret.
3413 4623 3560 4693 Quid

1961 4736 2090 4793 ergo
2137 4720 2206 4777 de
2250 4736 2371 4788 me,
2421 4719 2513 4791 qui
2542 4718 2681 4790 {nihil
2730 4717 2797 4774 ad
2852 4733 3046 4774 eorum
3092 4718 3558 4789 comparationem

1960 4814 2133 4881 valeo,
2163 4812 2259 4869 ﬁet
2281 4818 2303 4870 Ρ
2329 4816 2518 4869 Restat
2537 4827 2669 4883 ergo
2690 4820 2752 4868 ut
2775 4820 2871 4868 aut
2897 4820 2958 4869 tu
2982 4812 3098 4882 ipse
3121 4827 3249 4869 cum
3275 4821 3372 4869 tuo
3392 4814 3557 4868 Petro

1959 4905 2335 4981 pontiﬁcatum
2364 4920 2541 4977 regas,
2571 4914 2667 4962 aut
2696 4921 2784 4961 me
2809 4904 3188 4973 succumbere,
3220 4913 3275 4961 et
3297 4902 3558 4962 eumdem

1961 4999 2336 5074 pontiﬁcatum
2354 4998 2609 5055 confundi
2626 5015 2831 5057 cernas.
2860 5000 3013 5054 Tunc
3032 4998 3100 5055 ad
3129 4998 3259 5055 illud
3282 5013 3505 5054 recurro
3548 5018 3560 5053 :

1960 5096 2217 5153 Miserere
2243 5094 2368 5157 mei,
2404 5096 2646 5157 Domine,
2674 5097 2806 5164 quia
2844 5096 3090 5164 inﬁrmus
3121 5108 3240 5148 sum
3265 5093 3425 5163 (Psal.
3452 5096 3557 5157 VI).

1960 5190 2030 5244 Et
2058 5187 2225 5247 illud:
2254 5191 2535 5259 Tanquam
2559 5188 2869 5258 prodigium
2895 5188 3075 5256 factus
3102 5202 3221 5242 sum
3260 5185 3446 5242 multis
3469 5190 3555 5242 εει

1961 5287 2020 5338 tu
2048 5282 2268 5351 adjutor
2310 5283 2474 5349 fortis
2502 5281 2664 5351 (Psal.
2699 5284 2874 5347 ιιι).
2916 5281 3031 5336 Nec
3060 5278 3193 5336 illud
3222 5278 3554 5336 obliviscor:

1959 5378 2150 5432 Potens
2186 5380 2264 5430 est
2307 5376 2450 5430 enim
2483 5379 2621 5432 Deus
2675 5374 2744 5429 de
2779 5372 3057 5445 lapidibus
3112 5375 3233 5429 istis
3292 5376 3559 5428 suscitare

1958 5470 2100 5539 ﬁlios
2124 5468 2362 5526 Abralue
2394 5468 2614 5537 (Matth.
2665 5466 2783 5538 ιιι).
2831 5466 3201 5537 Omnipotens
3245 5466 3429 5534 Deus,
3464 5464 3557 5536 qui

1960 5578 2060 5637 per
2107 5569 2362 5618 sanctum
2419 5560 2664 5617 ofﬁcium
2721 5560 2868 5634 quod
2931 5558 3230 5617 committit
3287 5556 3560 5630 peccatori

1959 5655 2099 5713 mira
2135 5655 2335 5728 pietate
2374 5662 2692 5727 peccatores
2738 5652 3020 5726 justiﬁcat,
3094 5658 3362 5725 potestate
3414 5648 3557 5707 beati

1960 5752 2105 5806 Petri
2134 5748 2268 5804 mihi
2307 5744 2463 5804 valde
2490 5747 2718 5819 indigno
2741 5746 3037 5803 commissa
3059 5754 3113 5803 te
3140 5741 3348 5814 tibique
3363 5757 3559 5801 omnes

1961 5843 2156 5904 fratres
2215 5840 2457 5900 creditos
2517 5858 2549 5898 a
2612 5840 2818 5898 cunctis
2879 5840 3115 5909 peccatis
3167 5832 3445 5905 absolvat,
3506 5842 3561 5893 et
