4074 6172
480 306 481 311 ‘
528 291 635 346 ΜΗ

533 415 605 472 ad
648 415 832 473 sinum
874 412 1111 473 Abrahae
1169 410 1490 487 patriarchae
1559 412 1730 470 nostri
1779 412 1934 486 Izates
2006 430 2128 489 per-
2160 420 2214 486 Α

532 510 712 569 ducat.

602 607 743 662 Data
772 606 969 661 Romae
998 600 1170 659 Nonis
1211 600 1358 671 Maii,
1390 600 1686 659 indictione
1716 601 1911 676 prima.

1033 721 1387 778 EPISTOLA
1439 723 1582 779 XXI
1590 723 1629 779 ῐ.

817 853 899 898 AD
957 853 1293 898 HUBEBTUM
1357 854 1431 897 ΕΤ
1492 853 1842 898 ΤΕΠΖΟΝΒΠ.

1141 959 1317 1024 (Anno
1356 958 1536 1025 1078.)

536 1074 717 1130 Monet
754 1076 817 1128 ut
860 1085 979 1129 cum
1026 1073 1432 1142 suffraganez‘s,
1490 1073 1778 1129 abbatibus
1833 1078 1884 1129 et
1927 1075 2132 1131 clericis

608 1146 848 1218 Dolensts
892 1146 1115 1201 ecclesia
1160 1145 1347 1200 adsint
1372 1161 1477 1201 una
1525 1161 1641 1200 eum
1684 1147 1869 1201 Diensi
1894 1149 2132 1218 episcopo

606 1221 658 1272 et
696 1217 887 1272 abbate
923 1218 1291 1285 Cluniacensi,
1354 1218 1547 1287 quibus
1586 1220 1943 1273 controversia
1992 1217 2133 1274 inter

609 1291 853 1345 Evetium
898 1294 948 1343 et
995 1290 1165 1343 alium
1208 1289 1493 1360 quemdam
1540 1289 1605 1344 de
1672 1290 2134 1361 archc‘episcopatu

608 1362 883 1415 commissa
946 1364 1041 1424 est,
1119 1376 1182 1415 ac
1252 1365 1453 1423 curent,
1524 1364 1587 1415 ut
1658 1361 1962 1430 Anglorum
2037 1379 2135 1417 rem

609 1446 667 1487 eo
740 1430 972 1500 legatum
1016 1447 1175 1490 suum
1210 1435 1424 1501 mittat,
1466 1448 1571 1504 quo
1614 1432 1926 1502 hujusmodi
1972 1449 2135 1489 causa

613 1505 949 1561 terminatur.

611 1619 962 1677 GBBGOBIUS
993 1619 1298 1694 episcopus,
1331 1634 1521 1677 servus
1547 1635 1833 1679 servorum
1862 1622 1985 1691 Dei,
2015 1624 2143 1679 HU-

541 1726 744 1773 nsn'ro
787 1713 1124 1771 subdiacono
1155 1723 1211 1771 et
1239 1718 1499 1773 Teuzom
1526 1715 1799 1774 monacho
1827 1717 2057 1775 salutem
2077 1725 2132 1774 et

540 1807 897 1882 apostolicam
931 1807 1388 1867 benedictionem.

610 1902 861 1959 Pervenit
889 1902 960 1960 ad
1004 1917 1108 1959 nos
1148 1902 1314 1959 frater
1362 1911 1551 1961 noster
1598 1904 1815 1962 Evetius
1857 1904 2126 1982 [Everius]

540 1994 796 2053 Dolensis
813 1996 1273 2070 archiepiscopus,
1305 1997 1565 2054 exhibens
1584 2013 1645 2054 se
1672 2015 1772 2071 pro
1795 1999 2133 2058 discutienda

539 2090 910 2148 controversia
959 2106 1084 2163 qua:
1138 2090 1207 2148 de
1232 2090 1466 2149 introitu
1516 2092 1635 2165 ejus
1666 2092 1722 2149 in
1759 2094 2133 2167 episcopatum

538 2193 661 2242 orta
681 2192 787 2255 est,
834 2185 1207 2257 proclamante
1240 2184 1335 2241 illo
1380 2185 1450 2242 de
1479 2186 1803 2257 expulsione
1855 2204 1953 2245 sua
1977 2190 2134 2262 quasi

541 2279 873 2353 injusta,qui
892 2287 1019 2336 ante
1046 2278 1453 2336 ordinationem
1483 2280 1644 2354 hujus
1672 2281 1922 2339 eamdem
1948 2283 2134 2341 sedem

541 2372 848 2448 quamlibet
875 2389 1161 2446 perverso,
1200 2381 1262 2430 ut
1288 2373 1512 2446 dicitur,
1540 2390 1760 2432 accessu
1788 2384 2034 2449 ceperat,
2081 2386 2137 2434 et

539 2467 750 2526 nefaria
790 2468 1203 2527 conversatione
1242 2477 1510 2526 tenuerat.
1556 2469 1650 2526 Ad
1693 2485 1864 2543 quam
1918 2471 2135 2528 exhibi-

541 2563 753 2621 tionem
793 2578 852 2621 se
895 2571 1153 2622 vocatum
1199 2563 1380 2620 aiebat
1404 2580 1436 2621 a
1470 2563 1744 2621 confratre
1798 2572 1989 2622 nostro
2021 2568 2137 2620 Hu-

539 2673 683 2732 gone
701 2657 884 2715 Diensi
910 2657 1167 2730 episcopo
1195 2675 1211 2713 :
1236 2658 1384 2731 quod
1415 2665 1473 2715 et
1491 2658 1608 2730 ipse
1636 2658 1727 2732 qui
1748 2666 1878 2715 tunc
1896 2674 2136 2732 praesens

537 2750 728 2808 aderat
766 2749 1037 2809 fatebatur
1066 2770 1081 2809 :
1111 2766 1177 2808 ac
1212 2758 1502 2824 propterea
1530 2766 1590 2808 se
1617 2766 1902 2808 recusasse
1952 2752 2133 2809 redire

543 2844 848 2913 vobiscum,
875 2852 973 2901 aut
999 2844 1060 2901 in
1095 2844 1338 2917 aliquam
1366 2854 1577 2917 partem
1602 2854 1834 2914 vertere,
1855 2845 2032 2903 donec
2069 2848 2136 2904 ab

541 2953 639 2996 ore
664 2945 859 2995 nostro
892 2938 1025 3010 quid
1059 2938 1163 2995 sibi
1189 2938 1460 3013 agendum
1491 2938 1650 3005 foret,
1682 2955 1859 3013 quove
1891 2956 1949 2997 se
1975 2941 2129 2998 exhi-

1214 288 1271 344 S.
1313 287 1633 347 GBEGORH
1670 287 1761 344 VII
1798 288 1994 344 PAPJE
2030 287 2302 347 OPERUM
2338 284 2516 345 PARS
2554 283 2594 341 1.
2626 309 2707 326 ι·-
2742 275 3149 340 BEGISTRUM.

3734 273 3837 325 508

2660 470 2669 473 Α
2730 404 3084 463 EPISTOLA
3121 401 3338 457 XXIII.

2234 521 2321 566 AD
2334 518 2732 564 GAUSFREDUM
2750 517 2822 560 ET
2840 511 3134 557 ALTEBUM
3151 507 3545 554 GAUSFBBDUM
3563 504 3838 551 COMITES.

2846 594 3027 668 (Anno
3055 592 3230 662 1078.)

2244 700 2311 755 Ut
2337 712 2514 752 omnes
2538 696 2804 766 episcopos
2845 697 2895 746 et
2922 690 3137 766 abbates
3162 686 3483 766 Britannice,
3521 687 3572 766 et
3618 682 3846 766 clericos

2308 775 2358 825 et
2377 769 2540 825 laicos
2562 758 2804 824 Dolerisis
2826 763 3077 837 Ecclesia:
3113 760 3341 837 scientia
3367 758 3684 837 priestantes
3709 769 3825 837 pou

2307 843 2485 896 venire
2528 841 2742 907 {uetant
2790 835 3009 890 concilio
3060 829 3656 907 celebrando;_in_guo
3696 829 3846 907 inter

2311 917 2503 967 caetera
2528 897 2859 980 'diffinienda
2907 909 2985 960 est
3029 918 3196 958 causa
3234 905 3376 980 inter
3404 897 3845 980 Euetiumprdt-

2308 989 2496 1038 natum
2526 968 2978 1050 archiepiscoPum
2999 980 3049 1031 et
3070 974 3352 1050 queautam
3378 972 3549 1028 alium
3581 972 3680 1043 qui
3702 983 3758 1024 se
3778 968 3846 1024 de

2312 1072 2370 1111 eo
2398 1056 2598 1124 injuste
2643 1046 2930 1123 eamuIsum
2960 1046 3303 1120 querebatur.

2310 1150 2669 1205 Gnnoontns
2690 1145 3004 1218 episcOpus,
3031 1157 3225 1199 servus
3248 1153 3536 1196 servorum
3566 1135 3695 1205 Dei,
3722 1134 3845 1192 Oeli

2242 1245 2610 1301 Gsusrnsno
2656 1237 2961 1312 [Gaufredo
3002 1234 3429 1311 ]Rhedonensi,
3480 1234 3619 1290 item
3652 1232 3844 1288 Gans-
3886 1270 3897 1279 .

2245 1354 2440 1396 FBBDO
2464 1336 2581 1393 ﬁlio
2596 1335 2861 1403 Eudonis,
2884 1331 3162 1389 nobilibus
3192 1327 3485 1386 comitibus
3503 1325 3843 1396 Britannia,

2249 1432 2485 1491 salutem
2514 1439 2569 1488 et
2595 1428 2957 1504 apostolicam
2984 1424 3447 1484 benedictionem.

2313 1529 2437 1583 Non
2466 1527 2718 1599 ignorare
2764 1539 2862 1580 vos
2902 1520 3180 1580 credimus
3207 1526 3473 1593 quantam
3521 1516 3837 1574 molestiam

2245 1630 2621 1695 quantamque
2686 1616 3160 1693 perturbationem
3254 1613 3521 1671 sustineat
3588 1611 3844 1668 Dolensis

2243 1716 2511 1785 Ecclesia,
2565 1723 2620 1773 et
2683 1712 2958 1771 confrater
3022 1717 3210 1767 noster
3284 1708 3502 1765 Evetius
3569 1704 3842 1779 [Everius]

2239 1810 2701 1884 archiepiscopus,
2732 1823 2899 1881 quem
2949 1805 3021 1863 ibi
3052 1803 3450 1872 ordinavimus,
3503 1801 3572 1857 ab
3621 1800 3715 1856 illo
3744 1799 3845 1872 qui

2240 1906 2391 1980 prius
2437 1904 2625 1963 sedem
2672 1917 2953 1976 occupans
2973 1941 2989 1969 ,
3027 1916 3090 1957 ac
3138 1896 3494 1956 remordente
3548 1911 3678 1953 eum
3705 1908 3848 1951 con—

2240 2000 2465 2057 scientia
2494 2014 2611 2067 sua,
2645 2005 2708 2054 ut
2734 1996 2964 2063 dicitur,
2996 1993 3355 2067 exspoliatam
3385 1991 3660 2059 deserens,
3691 2004 3845 2046 nunc

2241 2093 2446 2166 injuste
2474 2108 2533 2149 se
2576 2092 2862 2162 expulsum
2885 2088 3279 2162 lconqueritur.
3335 2089 3457 2159 Qua
3504 2085 3572 2143 de
3616 2099 3675 2142 re
3712 2099 3845 2140 cum

2241 2186 2501 2261 prmfatus
2538 2186 2976 2259 archiepiscopus
3002 2199 3164 2240 suam
3188 2181 3347 2239 nobis
3391 2180 3667 2237 exhiberet
3694 2194 3844 2252 pra:-

2242 2282 2507 2349 sentiam;
2540 2280 2799 2355 quoniam
2829 2279 3057 2336 absente
3100 2278 3194 2334 illo
3221 2277 3313 2350 qui
3357 2291 3520 2349 super
3549 2290 3677 2331 eum
3706 2289 3846 2330 con-

2244 2378 2493 2450 queritur
2531 2391 2751 2432 causam
2776 2375 3046 2432 discutere
3085 2372 3232 2429 nulla
3288 2371 3500 2428 ratione
3530 2369 3847 2441 potuimus,

2242 2477 2426 2527 totum
2452 2469 2556 2525 hoc
2584 2469 2864 2542 negotium
2889 2466 3151 2526 confratri
3181 2474 3370 2523 nostro
3395 2464 3619 2537 Hugoni
3650 2462 3848 2518 Diensi

2246 2565 2529 2637 episcopo,
2559 2564 2648 2620 cui
2671 2563 2851 2619 vicem
2876 2571 3127 2621 nostram
3167 2558 3452 2629 dedimus,
3494 2558 3854 2615 committere

2242 2658 2613 2715 necessarium
2674 2657 2956 2725 duximus,
3037 2664 3097 2711 et
3148 2669 3214 2711 eo
3269 2662 3523 2726 tempore
3573 2660 3628 2708 et
3720 2652 3853 2708 loco

2243 2752 2378 2810 illud
2442 2752 2684 2826 diligenti
2749 2750 3098 2825 inquisitione
3176 2756 3508 2822 pertractare
3576 2763 3637 2803 ac
3691 2744 3855 2802 difﬂ-

2241 2847 2361 2904 nire
2415 2846 2652 2915 studeat,
2731 2846 2826 2903 ubi
2903 2847 2996 2918 qui
3068 2843 3123 2899 in
3206 2843 3311 2899 hac
3368 2857 3534 2900 causa
3589 2840 3854 2913 utrinque

2244 2941 2527 2998 necessarii
2580 2940 2690 2997 sint
2727 2940 3022 2997 convenire
3073 2945 3129 2994 et
3156 2938 3420 2994 interesse
3459 2937 3689 2993 valeant.
3722 2935 3852 2991 Sta.

541 3031 779 3090 bendum
806 3031 1143 3106 intelligeret.
1181 3035 1391 3090 Verum
1414 3033 1537 3106 quia
1567 3033 1791 3090 Diensis
1811 3035 2135 3109 episcopus,
2167 3038 2211 3102 C
2244 3036 2455 3092 tuimus
2497 3034 2649 3091 enim
2704 3033 2994 3107 praefatum
3047 3031 3385 3090 confratrem
3455 3039 3511 3088 et
3584 3029 3855 3087 vicarium

542 3134 606 3183 ut
630 3127 893 3196 diximus,
924 3142 1163 3199 praesens
1189 3126 1405 3196 aderat,
1431 3127 1814 3185 commisimus
1839 3128 1944 3185 sibi
1973 3144 2141 3203 nego-

541 3220 685 3277 tium
734 3220 898 3291 istud,
954 3228 1017 3277 ut
1055 3220 1113 3276 in
1149 3220 1378 3278 concilio
1430 3236 1543 3294 quo
1578 3236 1807 3278 causam
1852 3223 2143 3281 Remensis

542 3314 927 3388 archiepiscopi
991 3320 1047 3372 et
1108 3314 1344 3372 aliorum
1425 3313 1809 3388 episcoporum
1876 3316 2138 3389 Franciae,

540 3406 800 3482 adjuncto
851 3408 955 3466 sibi
989 3407 1189 3466 abbate
1235 3409 1604 3479 Cluniacensi,
1647 3417 1988 3468 tractaturus
2037 3420 2141 3482 est,

545 3502 712 3561 etiam
740 3501 848 3560 hoc
874 3503 1197 3577 regulariter
1221 3502 1464 3561 difﬁnire
1490 3512 1769 3577 procuret.
1801 3505 2144 3579 Quapropter

545 3595 916 3655 admonemus
945 3606 1003 3655 et
1023 3613 1122 3655 vos
1147 3604 1209 3654 ut
1234 3596 1441 3655 ibidem
1472 3605 1569 3654 aut
1594 3598 1735 3654 alter
1752 3607 2018 3668 vestrum,
2050 3608 2145 3657 aut

545 3691 737 3761 ambo,
760 3691 805 3747 si
821 3691 939 3747 fieri
956 3692 1151 3762 possit,
1184 3691 1394 3761 adsitis,
1416 3699 1473 3747 et
1494 3692 1852 3765 episcoposac
1863 3692 2144 3767 religiosos

544 3781 776 3840 abbates
827 3782 970 3839 illius
994 3784 1294 3856 parochias,
1328 3799 1435 3841 nec
1460 3800 1575 3841 non
1613 3786 1840 3844 clericos
1874 3795 1929 3843 et
1978 3786 2143 3846 laieos

542 3873 791 3947 ejusdem
802 3876 1080 3944 Ecclesia,
1100 3877 1193 3950 qui
1206 3876 1529 3934 utramlibet
1547 3886 1757 3950 partem
1775 3886 1870 3935 aut
1887 3893 2142 3936 accusare

544 3977 640 4027 aut
660 3967 952 4026 defendam
976 3969 1156 4027 idonei
1175 3969 1479 4040 videantur,
1507 3970 1696 4027 adesse
1718 3972 2136 4030 commoneatis.

543 4066 904 4124 Procurantes
932 4063 1094 4121 etiam
1113 4070 1176 4121 ut
1199 4064 1509 4137 Anglorum
1529 4080 1624 4121 rex
1641 4080 1706 4121 ex
1723 4080 1818 4122 sua
1837 4072 1989 4139 parte
2000 4066 2141 4140 lega-

2248 3138 2501 3186 nostrum
2523 3128 2801 3185 celebrare
2822 3128 3120 3203 concilium
3146 3134 3371 3200 propter
3382 3124 3551 3183 multa
3569 3133 3626 3182 et
3644 3140 3851 3198 magna

2249 3223 2466 3295 negotia
2492 3238 2614 3295 quae
2647 3223 2702 3279 in
2724 3237 2893 3297 regno
2928 3224 3269 3279 Francorum
3297 3235 3511 3279 emersa
3532 3219 3854 3293 apostolicae

2248 3317 2586 3374 auctoritatis
2631 3316 3033 3373 examinatione
3079 3325 3247 3389 atque
3282 3314 3490 3389 judicio
3534 3311 3778 3384 indigent
3832 3331 3849 3369 :

2249 3410 2342 3468 ubi
2386 3418 2439 3467 et
2463 3410 2569 3468 hoc
2601 3411 2915 3484 nogotium,
2943 3414 3064 3467 Deo
3095 3410 3406 3477 auxiliante,
3432 3406 3656 3466 difﬁniri
3679 3405 3854 3462 volu-

2248 3520 2375 3562 mus
2400 3513 2565 3577 atque
2606 3519 2915 3561 censemus.
2949 3505 3294 3577 Quapropter
3320 3504 3559 3559 multum
3581 3515 3855 3573 rogamus

2250 3607 2307 3656 et
2324 3599 2690 3657 admonemus
2717 3598 3091 3656 excellentiam
3115 3606 3376 3666 vestram,
3406 3605 3469 3653 ut
3494 3595 3622 3653 huic
3665 3609 3852 3652 causa:

2251 3701 2520 3767 quantum
2575 3694 2799 3766 potestis
2842 3707 3071 3765 operam
3120 3691 3291 3761 detis,
3322 3700 3378 3749 et
3420 3691 3712 3763 episcopos
3741 3703 3848 3745 nec

2248 3803 2356 3843 non
2383 3787 2667 3859 religiosos
2696 3787 2921 3843 abbates
2959 3795 3122 3843 terrm
3160 3784 3325 3853 illius,
3356 3785 3584 3842 clericos
3628 3798 3847 3855 quoque

2247 3889 2301 3936 et
2340 3881 2506 3937 laicos
2535 3880 2781 3953 ejusdem
2823 3880 3112 3948 Ecclesiae,
3135 3880 3229 3953 qui
3267 3878 3446 3936 idonei
3464 3886 3580 3934 tam
3621 3877 3845 3934 scientia

2247 3990 2413 4047 quam
2440 3974 2707 4046 religione
2735 3974 3042 4046 videantur,
3082 3973 3152 4031 ad
3195 3971 3481 4047 prmfatum
3521 3971 3838 4039 concilium,

2239 4068 2401 4142 juxta
2429 4068 2581 4141 quod
2634 4068 2789 4125 vobis
2834 4067 3197 4140 significatum
3234 4067 3420 4136 fuerit,
3465 4065 3841 4135 conveniatis;

543 4159 814 4217 tumilluc
830 4158 1027 4231 dirigat
1039 4165 1157 4214 tam
1172 4157 1672 4238 prudentemquam
1688 4158 1994 4232 religiosam
2010 4176 2137 4233 per-
2245 4171 2528 4235 quatenus,
2564 4162 2865 4234 opitulante
2898 4161 3083 4219 divina
3111 4161 3416 4228 clementia,
3452 4174 3548 4233 per
3576 4160 3845 4216 sinceram

543 4268 768 4324 sonam;
796 4260 1065 4326 quatenus
1101 4267 1262 4310 causa
1291 4253 1414 4321 ista,
1454 4252 1674 4311 sublato
1701 4253 1885 4311 favore
1904 4255 2136 4327 partium
2245 4256 2677 4342 explorationem
2723 4256 2780 4312 in
2823 4255 2927 4313 hac
2986 4271 3149 4313 causa
3182 4255 3285 4312 Dei
3328 4253 3591 4329 quidquid
3635 4253 3846 4327 iustitia

545 4347 806 4421 omnique
863 4346 1132 4438 personali
1173 4346 1505 4420 acceptione,
1556 4346 1626 4404 ad
1668 4346 1927 4404 effectum
1973 4349 2140 4422 justm
2247 4357 2301 4406 et
2354 4350 2538 4423 pepuli
2601 4350 2844 4423 requirat
2887 4350 3038 4407 salus
3107 4349 3386 4406 evidenter
3449 4357 3736 4422 appareat,
3793 4357 3847 4405 et

496 4560 499 4563 ·
544 4535 675 4593 inde
715 4543 988 4594 statutum
1016 4550 1082 4592 ac
1107 4534 1409 4593 diffinitum
1440 4533 1626 4601 fuerit,
1669 4535 1743 4592 ita
1773 4535 1842 4592 ab
1880 4537 2139 4593 omnibus

545 4645 785 4687 consona
817 4644 953 4688 voce
989 4629 1369 4703 sententiaque
1399 4628 1671 4698 ﬁrmetur,
1696 4638 1759 4686 ut
1790 4628 2140 4688 calumniosis

549 4724 1001 4794 proclamationis
1020 4723 1362 4797 improbitas,
1394 4731 1449 4780 et
1469 4723 1794 4781 reiterandae
1820 4725 2141 4797 quaestionis

548 4815 735 4874 omnis
769 4816 1016 4891 undique
1065 4818 1284 4876 occasio
1333 4817 1624 4892 omnisque
1669 4818 1885 4892 penitus
1930 4818 2140 4875 licentia

550 4909 855 4969 decidatur.
1592 4986 1597 4990 _

618 5008 760 5062 Data
804 5004 1089 5063 Lateranis
1123 5003 1419 5064 undecimo
1449 5005 1728 5065 Kalendas
1768 5006 1937 5076 Junii,
1999 5005 2139 5066 indi-

548 5100 728 5157 ctione
769 5097 965 5173 prima.

436 4490 437 4499 χ
545 4440 911 4510 diffinitionis,
933 4443 1052 4499 Deo
1089 4440 1444 4514 disponente,
1473 4442 1785 4512 perveniat:
1816 4450 1871 4499 et
1897 4443 2043 4514 quod
2062 4443 2134 4499 ibi
2162 4442 2214 4505 D
2249 4442 2429 4501 decisa
2473 4443 2689 4517 penitus
2738 4442 2839 4500 hac
2882 4444 2976 4500 lite
3014 4451 3071 4501 et
3098 4443 3457 4517 querimonia,
3506 4442 3602 4499 diu
3646 4450 3704 4496 et
3756 4442 3842 4496 ni-

2244 4538 2418 4594 mium
2475 4536 2698 4611 indigne
2727 4537 2976 4607 lacerata,
3018 4553 3187 4610 quam
3226 4536 3435 4609 praefati
3488 4549 3682 4592 sumus
3722 4538 3842 4591 Do-

2246 4632 2412 4689 lensis
2439 4632 2679 4689 Ecclesia
2712 4647 2811 4705 per
2839 4631 3267 4689 misericordiam
3303 4630 3409 4687 Dei
3438 4638 3622 4687 vestro
3662 4628 3846 4686 studio

2249 4734 2533 4799 vestraque
2543 4726 2775 4799 juvante
2794 4732 3197 4799 et‘procurante
3220 4722 3480 4797 potentia,
3502 4722 3738 4796 receptis
3756 4722 3847 4778 bo—

2249 4820 2338 4876 nis
2377 4821 2510 4889 suis,
2530 4835 2721 4893 pacem
2750 4820 2919 4877 etiam
2949 4828 3005 4876 et
3026 4819 3474 4892 tranquillitatem
3499 4817 3761 4890 recipere,
3789 4825 3845 4873 et

2250 4913 2310 4971 in
2322 4921 2470 4970 statu
2491 4929 2607 4970 suae
2621 4913 3017 4970 incolumitatis
3036 4912 3215 4969 venire
3238 4920 3295 4970 et
3310 4926 3627 4985 permanere
3639 4911 3842 4967 valeat.

2323 5009 2472 5064 Data
2496 5007 2784 5065 Lateranis
2811 5002 3099 5087 [Laurenti
3126 5022 3194 5065 ιι
3222 5006 3349 5065 Kal.
3372 5005 3524 5079 Maii]
3553 5004 3847 5064 undecimo

2249 5101 2527 5161 Kalendas
2543 5101 2717 5172 Junii,
2746 5099 3043 5159 indictione
3076 5100 3271 5176 prima.

1400 5363 1761 5452 LIBER
1836 5360 2302 5455 SEXTUS
2383 5360 2990 5454 REGISTRI.

805 5515 976 5579 Anno
1010 5512 1331 5578 Dominicae
1365 5511 1823 5577 Incarnatiom’s
1853 5515 2168 5581 millesimo
2203 5517 2633 5603 septuagesimo
2662 5524 2899 5611 octauo,
2942 5518 3269 5583 indictione
3303 5517 3582 5583 secunda.

1043 5646 1399 5707 EPISTOLA
1424 5650 1676 5707 PRIMA.

1113 5735 1199 5779 Δι)
1221 5734 1567 5779 ϐΒΒΠΔΝο8.

1144 5794 1332 5862 (Anno
1364 5797 1545 5862 1078.)

546 5866 724 5926 Mouet
770 5877 840 5925 ue
867 5864 1093 5936 faveant
1142 5880 1269 5925 neve
1328 5865 1709 5926 communicent
1749 5866 1822 5924 iis
1882 5867 1982 5937 qui
2027 5880 2139 5923 cou-

2322 5657 2411 5709 tra
2441 5652 2788 5711 interdictum
2821 5653 3128 5727 apostolicae
3177 5654 3319 5712 sedis
3341 5654 3605 5727 impedire
3628 5726 3631 5727 ν
3657 5666 3850 5711 conan-

2319 5730 2413 5781 tur
2437 5732 2745 5785 conuentum
2772 5726 3141 5799 episcoporum
3174 5731 3225 5799 et
3258 5726 3521 5784 latr:on
3542 5726 3847 5784 habendum

2318 5812 2495 5883 coram
2539 5797 3126 5883 ‘Iegatis;apostclicts
3189 5798 3254 5856 de
3310 5798 3444 5870 jure
3486 5800 3731 5883 'lienrici
3797 5803 3848 5855 et

2318 5867 2593 5939 Rodulphi
2616 5867 2697 5926 τη
2761 5867 3163 5928 Τθιῐιοπίοοηιηι
3227 5867 3412 5941 regno.
3479 5870 3702 5927 Inten‘m
3760 5884 3847 5927 eos
