4074 6172
199 277 291 333 509
352 282 353 285 γ

260 481 461 535 turum.

258 617 620 675 Gnsconms
638 617 947 691 episcopus,
974 634 1163 679 servus
1192 637 1477 681 servorum
1507 626 1635 693 Dei,
1671 643 1787 684 om-

191 710 345 768 nibus
384 712 602 770 clericis
630 721 687 769 et
721 713 875 770 laicis
903 715 960 770 in
988 731 1159 789 regno
1197 719 1495 776 Teutonico
1524 722 1785 779 constitu-

190 806 276 874 tis,
324 806 422 881 qui
473 808 1066 869 excommunicationis
1102 810 1323 869 vinculo
1373 829 1483 871 non
1512 822 1786 885 tenentur,

190 902 423 959 salutem
450 909 507 960 et
531 902 887 977 apostolicam
928 903 1391 965 benedictionem.

250 1019 389 1089 Quae
417 1027 474 1075 et
513 1027 715 1092 quanta
751 1035 884 1077 cura
910 1021 1074 1078 nobis
1115 1022 1289 1079 fuerit
1335 1031 1391 1080 et
1431 1032 1534 1094 est,
1562 1033 1623 1083 ut
1663 1043 1785 1100 pes-

186 1112 394 1169 tilentia
432 1122 488 1170 et
515 1112 696 1171 clades
720 1122 777 1171 et
820 1114 1087 1172 desolatio
1135 1132 1165 1172 a
1196 1127 1380 1175 vestro
1411 1134 1582 1193 regno
1632 1119 1787 1178 aufe-

186 1214 354 1279 ratur,
384 1217 441 1266 et
464 1224 590 1281 pax,
618 1208 877 1266 honestas
905 1218 960 1266 et
994 1209 1218 1267 solitum
1242 1211 1410 1269 decus
1455 1213 1614 1271 vobis
1658 1214 1787 1272 red-

187 1293 364 1371 datm,
414 1303 469 1358 in
517 1302 731 1379 synodo
775 1318 897 1376 qua
940 1302 1046 1361 hoc
1074 1320 1218 1362 anno
1268 1306 1325 1362 in
1368 1307 1788 1381 Quadragesima

188 1396 388 1453 Romae
432 1396 705 1453 celebrata
747 1396 860 1453 fuit
909 1396 1328 1457 declaravimus.
1369 1400 1586 1458 Judicio
1637 1404 1787 1460 enim

187 1490 353 1547 sancti
398 1490 638 1563 Spiritus
689 1490 1041 1550 decrevimus
1088 1501 1144 1551 et
1190 1494 1566 1569 praecipimus,
1619 1504 1681 1554 ut
1731 1497 1787 1554 in

188 1598 351 1658 regno
400 1592 585 1642 vestro
632 1593 937 1643 conventus
977 1588 1229 1644 omnium
1281 1576 1686 1663 episcoporum,
1735 1599 1789 1648 et

187 1693 372 1735 eorum
400 1678 663 1736 laicorum
691 1680 784 1754 qui
811 1683 991 1738 Deum
1019 1682 1217 1739 timent
1235 1690 1289 1739 et
1312 1682 1451 1741 inter
1472 1700 1568 1741 vos
1586 1701 1779 1758 pacem

188 1771 526 1843 desiderant,
558 1774 740 1844 ﬁeret;
787 1783 843 1832 et
887 1791 1076 1833 coram
1123 1778 1333 1834 nostris
1376 1778 1569 1852 legatis
1596 1778 1781 1838 decer-

186 1874 405 1924 neretur
456 1868 503 1924 i
554 1867 793 1925 Henrico
847 1869 937 1927 vel
985 1869 1307 1944 Rodulpho,
1363 1873 1456 1947 qui
1509 1874 1579 1931 de
1628 1875 1779 1950 regni

186 1961 553 2034 gubernaculo
605 1962 748 2020 inter
804 1978 863 2020 se
932 1964 1232 2034 decertant,
1290 1966 1525 2040 amplius
1579 1968 1785 2045 justitia

188 2055 407 2114 faveret.
473 2056 735 2131 lnjustior
790 2058 933 2115 enim
986 2075 1113 2132 pars
1175 2059 1386 2118 ratione
1438 2060 1673 2131 devicta,
1729 2072 1786 2121 et

189 2146 322 2203 beati
376 2147 531 2205 Petri
570 2148 891 2205 auctoritate
930 2149 1245 2220 constricta,
1286 2150 1501 2209 facilius
1544 2153 1781 2223 cederet,

192 2248 237 2299 et
279 2241 347 2298 ab
396 2241 625 2299 interitu
673 2242 982 2300 animarum
1037 2251 1091 2301 et
1136 2260 1451 2318 corporum,
1500 2250 1619 2304 Deo
1658 2263 1783 2320 pro-

192 2336 437 2408 pitiante,
465 2345 725 2394 cessaret.
753 2336 962 2395 Iustior
996 2353 1130 2395 vero
1160 2354 1286 2412 pars
1308 2340 1545 2413 amplius
1566 2340 1636 2399 de
1667 2344 1784 2399 Deo

192 2430 485 2502 conﬁdere,
508 2439 563 2488 et
586 2431 770 2505 adjuta
798 2430 943 2488 beati
968 2433 1111 2490 Petri
1144 2442 1432 2505 potestate,
1463 2443 1520 2493 et
1539 2437 1784 2495 omnium

186 2525 447 2598 justitiam
484 2524 835 2600 diligentium
859 2541 1156 2597 consensu,
1189 2527 1257 2584 de
1282 2528 1507 2586 victoria
1556 2531 1783 2589 omnino

190 2626 447 2692 speraret,
507 2634 683 2692 neque
740 2626 1037 2694 utramque
1082 2629 1324 2679 mortem
1383 2622 1626 2681 timeret.
1679 2626 1785 2683 Sed

191 2714 299 2787 quia
320 2714 575 2787 pervenit
595 2712 664 2769 ad
694 2728 797 2772 nos
824 2714 975 2788 quod
1002 2714 1211 2773 inimici
1241 2716 1338 2773 Dei
1369 2725 1425 2775 et
1454 2717 1551 2774 ﬁlii
1577 2716 1783 2776 diaboli

191 2805 405 2881 quidam
468 2806 615 2880 apud
670 2822 768 2865 vos
824 2816 1014 2865 contra
1071 2810 1420 2868 interdictum
1474 2812 1785 2885 apostolicae

190 2900 320 2958 sedis
342 2900 677 2975 prmdictum
722 2911 1053 2961 conventum
1078 2912 1441 2976 procurarent
1478 2905 1534 2961 in
1569 2905 1785 2964 irritum

190 2992 393 3066 ducere,
429 3003 486 3053 et
514 3012 630 3054 non
651 2997 894 3071 justitia,
923 2996 1020 3055 sed
1043 2998 1297 3072 superbia
1328 3015 1391 3055 ac
1421 2998 1587 3056 totius
1628 3002 1785 3074 regni

190 3087 521 3147 desolatione
562 3106 693 3148 suas
752 3089 1078 3175 cupiditates
1126 3091 1387 3148 anhelent
1436 3092 1683 3166 implere,
1731 3103 1786 3152 et

192 3182 548 3243 Christianam
574 3184 893 3258 religionem
922 3184 1229 3255 destruere,
1259 3201 1557 3245 monemus
1582 3203 1701 3257 vos,
1730 3197 1785 3245 et

193 3293 248 3335 ex
272 3289 426 3353 parte
466 3279 612 3337 beati
648 3280 796 3337 Petri
826 3280 1179 3353 praecipimus
1219 3296 1290 3338 ne
1319 3281 1519 3339 talibus
1569 3282 1783 3340 nullum

192 3372 514 3446 adiutorium
541 3372 850 3447 pmbeaﬁs,
900 3390 1075 3447 neque
1110 3374 1215 3431 illis
1252 3376 1691 3434 communicetis.
1722 3380 1785 3434 In

192 3467 442 3540 praedicta
466 3467 615 3524 enim
637 3467 851 3541 synodo
866 3468 988 3542 jam
1016 3484 1206 3527 omnes
1246 3478 1379 3526 sunt
1405 3470 1786 3528 excommuni-

188 3561 413 3629 Acationis
436 3569 490 3618 et
520 3560 886 3619 anathematis
920 3562 1139 3619 vinculo
1183 3562 1449 3634 innodati,
1482 3572 1535 3620 et
1573 3572 1637 3621 ut
1658 3564 1783 3621 nul-

193 3654 293 3712 lam
342 3656 641 3713 victoriam
703 3656 916 3730 possint
978 3657 1251 3723 obtinere,
1318 3666 1586 3731 potestate
1641 3658 1782 3715 beati

194 3750 325 3807 Petri
360 3757 496 3808 sunt
522 3750 748 3824 alligati,
794 3758 857 3807 ut
896 3749 1093 3807 saltem
1134 3752 1308 3808 coacti
1352 3750 1780 3821 confundantur,

195 3851 242 3900 et
264 3859 294 3900 a
319 3852 499 3902 morte
539 3844 851 3902 animarum
880 3860 1102 3902 suarum
1144 3853 1198 3903 et
1222 3844 1556 3903 desolatione
1598 3848 1785 3918 patrias

193 3946 375 3997 vestrm
402 3946 753 3996 revocentur.
782 3942 897 3997 Vos
926 3947 1136 4006 autem,
1160 3939 1355 3996 fratres
1378 3939 1785 4010 cbarissimi,de

194 4048 275 4090 Ine
312 4033 469 4092 nullo
504 4032 676 4090 modo
704 4032 981 4101 dubitetis,
1022 4032 1171 4107 quod
1194 4033 1411 4106 injustas
1450 4034 1591 4107 parti
1617 4034 1784 4091 scien-

194 4134 267 4183 ter
309 4127 495 4201 aliquo
534 4125 709 4185 modo
770 4126 1005 4185 faveam.
1050 4126 1224 4200 Magis
1271 4128 1419 4183 enim
1462 4144 1560 4200 pro
1606 4135 1786 4185 vestra

195 4221 357 4279 salute
380 4221 634 4280 desidero
672 4230 914 4279 mortem
951 4220 1155 4291 subire,
1200 4236 1368 4294 quam
1396 4222 1564 4279 totius
1593 4222 1785 4280 mundi

198 4316 418 4388 gloriam
474 4315 546 4374 ad
590 4323 835 4373 vestrum
878 4316 1157 4373 interitum
1223 4316 1483 4389 arripere.
1537 4315 1695 4387 Quod
1737 4316 1783 4373 si

197 4408 349 4482 aliqui
398 4410 470 4468 de
516 4408 755 4467 falsitate
807 4408 998 4467 conﬁsi
1043 4408 1237 4467 litteris
1282 4409 1365 4466 vel
1414 4410 1589 4467 verbis
1630 4410 1784 4468 aliter

197 4502 338 4561 vobis
380 4502 757 4571 indicaverint,
804 4502 957 4561 nullo
997 4502 1164 4560 modo
1197 4503 1305 4559 illis
1352 4504 1716 4577 acquiescatis
1758 4525 1772 4562 :

198 4597 369 4655 Deum
403 4596 555 4656 enim
585 4597 869 4665 timemus,
915 4604 970 4653 et
997 4612 1096 4669 pro
1140 4595 1259 4669 ejus
1306 4612 1492 4669 amore
1535 4598 1777 4670 quotidie

198 4688 512 4765 afﬂigimur;
538 4699 595 4749 et
617 4691 739 4749 ideo
766 4690 1078 4763 superbiam
1103 4698 1155 4747 et
1177 4689 1573 4747 oblectamenta
1598 4691 1781 4750 saeculi

207 4785 660 4858 parvipendimus,
687 4785 810 4859 quia
847 4784 959 4841 cito
986 4784 1131 4857 apud
1160 4799 1287 4841 eum
1313 4784 1585 4841 consolari
1614 4785 1781 4842 indu-

202 4875 426 4937 bitanter
451 4878 740 4938 credimus.
771 4878 1125 4952 Omnipotens
1168 4886 1225 4935 et
1260 4878 1566 4936 misericors
1608 4881 1776 4952 Deus,

204 4973 286 5043 qui
324 4974 466 5031 ultra
487 4988 663 5049 spem,
694 4974 834 5031 ultra
858 4972 1123 5030 meritum
1161 4972 1474 5044 miseretur,
1516 4981 1572 5032 et
1605 4991 1781 5033 conso-

213 5064 357 5123 latur
396 5084 493 5125 nos
538 5070 600 5125 in
638 5070 782 5125 omni
812 5068 1163 5125 tribulatione
1209 5073 1395 5125 nostra
1426 5072 1500 5136 (II
1542 5071 1661 5129 Cor.
1707 5069 1775 5143 ι),

205 5161 388 5232 aperiat
424 5178 523 5220 cor
564 5169 808 5221 vestrum
850 5163 907 5218 in
944 5163 1064 5236 lege
1110 5178 1231 5233 sua,
1260 5171 1314 5220 et
1359 5163 1648 5222 conﬁrmat
1684 5180 1779 5223 vos

205 5250 255 5308 in
278 5256 557 5331 pmceptis
582 5254 719 5326 suis,
743 5263 803 5313 ut
828 5256 1149 5314 auctoritate
1173 5256 1317 5315 beati
1337 5258 1483 5314 Petri
1511 5273 1543 5314 a
1571 5259 1779 5318 cunctis

205 5351 422 5417 peccatis
452 5351 737 5419 absolutos
762 5364 863 5410 vos
892 5350 960 5410 ad
986 5349 1211 5410 cmleste
1250 5366 1481 5426 regnum
1516 5351 1777 5425 perdth

205 5452 530 5514 regnatums.

202 5620 205 5625 .
268 5559 400 5619 Data
419 5562 645 5637 Capua,
662 5560 924 5621 Kalendis
947 5562 1118 5630 Junii,
1150 5560 1447 5621 indictione
1471 5562 1664 5637 prima.

1355 283 1558 343 LIBER
1594 285 1865 345 SEXTUS.
1906 314 1975 332 --
2014 288 2218 347 EPIST.
2266 291 2327 347 ll.

261 404 537 486 certiores
579 406 717 475 facit
751 419 809 464 se
833 406 988 467 nunc
1012 407 1174 469 modo
1211 409 1436 483 injuste:
1475 416 1631 484 parti
1655 414 1788 482 fau-
1813 420 1866 486 Α

3389 299 3492 352 510

2470 417 2827 475 EPISTOLA
2845 420 2921 476 ll.

1958 528 1959 531 ‘
2001 533 2083 578 AD
2106 533 2433 578 MANASSEM
2460 534 2791 577 nsunasnu
2815 506 3377 584 Ancmnrtscoruu.

2496 617 2686 685 (Anno
2711 620 2895 686 1078.)

1898 708 2149 785 Ostendit
2168 709 2370 785 legatos
2393 714 2661 785 Romanos
2684 727 2792 767 esse
2812 728 2919 767 non
2948 717 3161 768 tantum
3188 717 3285 785 qui
3304 719 3494 773 Roma:

1968 783 2087 859 nati
2097 781 2195 859 :ch
2211 784 2441 859 educati,
2461 789 2560 838 aut
2583 784 2655 837 ad
2678 786 2921 859 aliquam
2942 786 3022 839 ibi
3037 781 3359 855 dignitatem
3368 805 3496 859 pro-

1968 855 2105 907 moti
2132 858 2278 921 sunt,
2309 853 2404 908 sed
2424 870 2599 910 omnes
2618 853 2813 924 quibus
2844 853 3114 912 Romanus
3133 853 3395 927 pontifei:
3420 862 3494 914 ri-

1968 940 2047 1001 ces
2076 940 2202 1001 mas
2247 928 2550 1001 committit.
2595 929 2937 998 Quapropter
2975 945 3093 983 cum
3140 933 3327 998 arguit
3351 932 3497 1001 quod

1969 998 2161 1073 Diensi
2187 1000 2424 1068 episcOpo
2451 998 2620 1067 legato
2639 1012 2732 1052 suo
2752 1014 2858 1053 non
2876 1001 3346 1073 obtemperaverit,
3359 998 3492 1073 ᾗ)νί-

1966 1069 2167 1137 vilegia
2177 1084 2406 1141 quoque,
2426 1074 2592 1139 prout
2608 1073 2892 1125 necessitas
2906 1070 2988 1125 vel
2994 1069 3221 1142 utilitas
3236 1069 3491 1142 exegerit,

1962 1156 2115 1211 posse
2137 1140 2477 1197 commutari.
2510 1144 2689 1215 Monet
2708 1147 2766 1215 ut
2782 1158 2961 1196 coram
2985 1140 3175 1211 legatis
3199 1161 3252 1199 se
3270 1140 3493 1215 de'objeé

1968 1215 2064 1286 etis
2089 1216 2334 1267 canonice
2353 1218 2575 1283 purget.
2601 1213 2807 1286 Scribit
2822 1229 2923 1286 per
2949 1215 3153 1270 litteras
3182 1231 3307 1271 suas
3339 1213 3492 1271 man-

1969 1284 2131 1339 dasse
2152 1290 2346 1354 utqua:
2360 1288 2478 1356 ipse
2497 1286 2562 1339 de
2586 1283 2854 1340 nonnullis
2873 1287 3130 1357 episcopis
3150 1289 3491 1357 conquereba-

1971 1360 2061 1410 tur
2087 1357 2493 1425 indagarentur
2516 1399 2531 1420 ,
2560 1361 2609 1411 et
2631 1360 2879 1412 canonice
2897 1358 3315 1428 judicarentur.

1970 1453 2320 1513 GBEGOBIUS
2348 1454 2655 1528 episcopus,
2678 1469 2866 1511 servus
2894 1468 3177 1512 servorum
3215 1456 3340 1525 Dei,
3366 1457 3494 1514 ΜΑ-

1898 1564 2109 1606 NASSE
2134 1549 2395 1606 Remensi
2421 1548 2828 1623 archiepiscopo
2865 1549 3101 1607 salutem
3146 1558 3200 1607 et
3223 1550 3489 1626 apostoli-

1894 1660 2021 1702 cam
2046 1644 2503 1703 benedictionem.

1962 1742 2107 1798 Cum
2146 1754 2243 1795 vos
2272 1754 2333 1796 ea
2371 1738 2498 1796 sede
2527 1739 2829 1812 apostolica
2857 1739 3111 1813 ﬂagitatis
3139 1754 3260 1812 quae
3287 1747 3342 1797 et
3384 1740 3491 1798 ho-

1808 1853 1857 1918 Β
1892 1849 2085 1892 norem
2115 1833 2441 1907 praesulatus
2468 1834 2632 1891 vestri
2670 1834 3024 1904 condeceant,
3052 1844 3109 1890 et
3135 1850 3165 1906 ξι
3192 1834 3493 1907 praeceden-

1891 1928 2031 1987 tium
2060 1929 2292 1985 Patrum
2338 1928 2752 1987 auctoritatibus
2778 1944 3119 2003 nequaquam
3146 1928 3486 2001 dissentiant,

1891 2022 2121 2081 ﬁdentes
2138 2023 2323 2097 petite,
2346 2038 2442 2095 spe
2468 2022 2754 2081 certissimi
2776 2024 3048 2097 postulate
3073 2024 3308 2081 scientes
3335 2026 3489 2080 omni

1892 2118 2252 2192 ambiguitate
2282 2125 2491 2175 remota
2520 2133 2626 2175 nos
2656 2118 3009 2191 petitionibus
3054 2117 3365 2191 hujusmodi
3392 2134 3493 2191 pa-

1890 2221 2040 2270 ratos
2076 2228 2332 2282 annuere,
2379 2228 2507 2269 cum
2564 2213 2689 2286 quia
2728 2228 2825 2270 vos
2854 2212 3090 2269 fraterna
3120 2212 3409 2269 dilectione
3436 2213 3492 2271 in

1890 2307 2112 2365 Christo
2154 2308 2559 2381 amplectimur,
2588 2316 2708 2364 tum
2755 2308 2927 2364 etiam
2976 2307 3331 2363 nihilominus
3359 2308 3489 2380 quia

1893 2400 1963 2458 ad
1990 2402 2109 2460 haec
2132 2402 2500 2475 quorumdam
2531 2402 2775 2459 fidelium
2803 2410 3120 2459 nostrorum
3162 2401 3255 2474 qui
3284 2416 3381 2458 vos
3411 2402 3492 2459 di-

1889 2496 2069 2570 ligunt
2087 2497 2338 2569 precibus
2366 2504 2422 2554 et
2456 2496 2941 2554 interventionibus
2969 2495 3171 2553 sedulis
3208 2511 3492 2569 promove-

1892 2607 2037 2649 mur.
2071 2591 2337 2662 Quocirca
2366 2590 2764 2649 fraternitatem
2793 2598 3031 2647 vestram
3052 2598 3301 2664 rogatam
3331 2600 3491 2665 atque

1892 2685 2286 2743 commonitam
2329 2686 2586 2743 volumus
2634 2701 2706 2743 ne
2739 2684 2936 2743 debeat
2977 2684 3211 2758 graviter
3254 2684 3397 2742 ferre
3442 2686 3488 2742 si

1890 2780 2211 2837 studeamus
2238 2778 2310 2836 ad
2337 2786 2553 2852 tempus
2577 2796 2677 2852 pro
2705 2779 2987 2837 communi
3017 2779 3306 2836 honestate
3330 2788 3491 2852 atque

1893 2875 2141 2947 proﬁcuo
2167 2874 2329 2947 petita
2357 2882 2549 2929 contra
2578 2873 2868 2930 utilitatem
2898 2872 3154 2929 Ecclesiae
3186 2872 3488 2945 denegare.

1891 2970 2025 3025 Haec
2069 2975 2252 3026 autem
2280 2967 2468 3024 omnia
2495 2966 2565 3024 ad
2616 2966 2671 3024 id
2718 2965 2999 3040 praemissa
3046 2966 3326 3035 noveritis,
3364 2967 3490 3037 quia

1893 3062 2068 3137 petitis
2119 3063 2177 3119 in
2224 3062 2418 3119 litteris
2465 3062 2655 3119 vestris
2698 3077 2790 3130 ne,
2842 3060 3100 3117 adversus
3149 3059 3489 3133 privilegium

1893 3157 2043 3230 quod
2082 3157 2149 3213 ab
2189 3156 2290 3214 hac
2328 3157 2626 3229 apostolica
2664 3156 2792 3213 sede
2835 3171 2931 3212 vos
2974 3154 3175 3212 habere
3212 3153 3486 3223 fatemini,

1891 3250 2158 3325 cogamini
2200 3252 2302 3307 nisi
2342 3250 2441 3307 soli
2490 3250 2624 3306 mihi
2665 3259 2761 3307 aut
2795 3249 3062 3307 Romanis
3100 3248 3286 3322 legatis
3327 3262 3491 3321 super

1894 3344 2120 3417 objectis
2144 3344 2471 3417 quibuslibet
2500 3344 2845 3416 respondere.
2875 3343 3038 3416 Quod
3076 3344 3121 3400 si
3153 3358 3253 3401 vos
3279 3344 3487 3399 Roma-

1892 3454 1993 3497 nos
2021 3439 2225 3512 legatos
2252 3438 2549 3509 intelligere
2590 3436 2904 3494 videremini
2957 3437 3230 3511 quoslibet
3259 3436 3488 3511 cujusli-

1892 3532 1986 3590 bet
2013 3532 2208 3606 gentis,
2238 3531 2436 3605 quibus
2478 3535 2770 3588 Romanus
2798 3530 3046 3603 pontifex
3071 3533 3312 3605 aliquam
3340 3532 3488 3605 lega-

1895 3626 2104 3683 tionem
2134 3626 2399 3699 injungat,
2442 3626 2525 3682 vel
2554 3625 2724 3698 (quod
2750 3626 2930 3698 majus
2975 3626 3076 3697 est)
3102 3626 3278 3682 vicem
3326 3640 3482 3682 suam

1893 3720 2189 3793 indulgeat,
2216 3729 2270 3776 et
2293 3719 2638 3777 laudaremus
2660 3734 2788 3776 sane
2812 3719 2999 3792 petita,
3029 3727 3085 3775 et
3106 3719 3288 3792 petitis
3315 3718 3490 3775 liben-

1894 3823 1977 3871 ter
2017 3823 2398 3871 annueremus.
2441 3814 2550 3871 Sed
2601 3813 2729 3886 quia
2774 3812 3158 3885 prmmittendo
3195 3813 3486 3879 Romanis,

1892 3908 2149 3966 continuo
2183 3908 2508 3981 subjungitis
2541 3927 2554 3963 :
2595 3908 2723 3965 Non
2752 3907 3212 3975 Ultramontanis,
3246 3906 3491 3963 ostendi-

1891 4003 1965 4060 tis
1988 4018 2086 4060 vos
2111 4010 2325 4059 tantum
2356 4018 2451 4059 eos
2479 4001 2614 4059 velle
2633 4004 2924 4058 Romanos
2951 4000 3152 4059 habere
3173 4002 3380 4074 legatos
3399 4002 3490 4074 qui

1892 4096 1974 4153 vel
2017 4100 2218 4155 Romae
2246 4096 2382 4165 nati,
2423 4096 2505 4152 vel
2551 4096 2611 4152 in
2638 4097 2891 4153 Romana
2942 4094 3181 4154 Ecclesia
3208 4112 3237 4152 a
3263 4094 3491 4169 parvulo

1895 4190 2127 4261 educati,
2162 4190 2246 4249 vel
2275 4190 2331 4247 in
2369 4189 2561 4247 eadem
2588 4190 2696 4247 sint
2722 4190 2905 4263 aliqua
2933 4188 3191 4263 dignitate
3228 4189 3488 4263 promoti,

1892 4286 2162 4342 miramur
2187 4274 2423 4341 nimium
2461 4283 2810 4357 prudentiam
2836 4274 3072 4340 vestram
3097 4299 3337 4358 eousque
3364 4300 3488 4358 per-

1891 4378 2116 4435 ductam
2146 4387 2207 4435 ut
2248 4377 2603 4451 precaremini
2644 4376 3074 4434 benevolentiam
3097 4386 3344 4434 nostram
3365 4378 3491 4450 jura

1889 4472 2035 4529 sedis
2071 4472 2391 4545 apostolicae
2421 4470 2621 4529 debere
2648 4470 3005 4537 imminuere,
3052 4469 3216 4543 idque
3252 4470 3407 4526 nobis
3434 4470 3491 4525 in

1807 4588 1858 4652 ι)
1883 4566 2052 4624 solius
2080 4567 2243 4625 vestri
2270 4565 2505 4639 negotiis
2531 4580 2645 4623 non
2673 4564 2868 4622 debere
2914 4564 3075 4621 licere
3103 4562 3252 4637 quod
3286 4565 3345 4620 in
3386 4578 3490 4620 ne-

1890 4659 2057 4733 gotiis
2084 4660 2331 4717 omnium
2355 4659 2781 4733 prmdecessores
2817 4658 2996 4715 nostri
3037 4658 3157 4715 sine
3177 4657 3334 4714 omni
3364 4673 3493 4715 con-

1890 4753 2210 4811 tradictione
2244 4762 2300 4811 et
2328 4754 2541 4810 licitum
2588 4762 2643 4809 et
2677 4753 2982 4827 legitimum
3024 4762 3269 4810 tenuere.
3304 4754 3491 4810 Nostis

1890 4848 2039 4907 enim
2067 4856 2123 4905 et
2150 4846 2344 4905 Osium
2368 4848 2686 4921 episcopum
2720 4847 2776 4903 in
2805 4847 3031 4905 Nicaano
3061 4855 3119 4903 et
3146 4845 3407 4922 Cyrillum
3434 4847 3491 4903 in

1888 4942 2163 5016 Ephesino
2218 4941 2474 5013 concilio,
2503 4944 2889 4999 Romanorum
2932 4941 3053 4999 vice
3100 4940 3327 5009 (eisdem
3362 4956 3490 4998 con-

1888 5035 2230 5105 cedentibus)
2255 5035 2477 5094 functos
2500 5035 2667 5094 fuisse
2698 5035 3047 5110 pontiﬁcum.
3096 5035 3321 5109 Syagrio
3348 5050 3492 5108 quo-

1887 5146 1997 5207 que
2040 5130 2531 5205 Augustodunensi
2556 5129 2832 5204 episcopo,
2856 5130 3247 5204 Lugdunensis
3282 5130 3495 5187 antisti-

1885 5226 1959 5283 tis
1986 5224 2354 5299 suffraganeo,
2381 5241 2580 5298 papam
2606 5224 2932 5299 Gregorium
2966 5224 3026 5297 (l.
3056 5239 3131 5293 Ir,
3161 5226 3316 5296 epist.
3348 5222 3491 5280 indi-

1886 5320 2070 5377 ctione
2101 5335 2179 5387 II;
2212 5321 2368 5391 epist.
2418 5319 2540 5391 112)
2581 5318 2893 5376 celebrandi
2917 5318 3189 5392 generalis
3228 5317 3283 5373 in
3316 5318 3491 5375 Gallia

1883 5412 2102 5471 concilii
2155 5414 2335 5470 vicem
2390 5428 2549 5470 suam
2593 5414 2819 5485 legistis-
2845 5412 3158 5471 indulsisse.
3208 5411 3315 5469 Sed
3366 5413 3493 5484 quid

1882 5507 2005 5565 haec
2034 5507 2104 5563 de
2130 5508 2399 5581 episcopis
2432 5506 2737 5580 loquimur,
2765 5522 2892 5564 cum
2919 5506 3069 5564 idem
3107 5514 3327 5563 sanctus
3352 5522 3489 5579 papa

1882 5601 2219 5658 monachum
2247 5600 2568 5674 quemdam,
2614 5601 2885 5658 Hilarium
2930 5600 3177 5670 nomine,
3209 5601 3263 5657 in
3289 5599 3493 5656 Africae

1882 5693 2137 5770 partibus
2174 5694 2484 5752 litterarum
2516 5710 2745 5752 suarum
2786 5694 3111 5751 auctoritate
3144 5694 3367 5760 fultum,
3398 5707 3495 5747 us-

1882 5804 1990 5862 que
2041 5786 2181 5845 adeo
2218 5804 2383 5845 suum
2431 5788 2623 5844 fecerit
2667 5803 2783 5845 esse
2828 5786 3093 5843 vicarium
3132 5796 3195 5844 ut
3230 5801 3326 5859 per
3362 5799 3491 5841 eum

1888 5880 2090 5941 ibidem
2118 5881 2412 5940 concilium
2435 5880 2685 5954 generale
2711 5879 3098 5949 celebraretur,
3130 5887 3184 5936 et
3211 5876 3490 5950 quidquid
