4074 6172
834 178 842 207 l

584 274 676 328 5H

1267 272 1324 327 S.
1365 266 1685 326 GREGORII
1720 267 1811 324 νη
1850 266 2045 325 ΡΑΡΑΞ
2082 267 2160 323 0P

2268 264 2357 323 UH
2392 263 2567 322 PARS
2606 264 2645 321 1.
2686 291 2756 305 -
2791 259 3195 319 REGISTRUM.

3763 260 3867 315 512

584 396 828 471 synodus
854 405 1039 455 sancta
1086 398 1409 454 decerneret
1451 393 1521 450 ad
1562 392 1727 449 ﬁnem
1755 407 1823 449 eo
1846 400 2179 465 exsequente
2205 396 2258 462 Α
2285 371 2642 459 consortium,
2660 386 2868 447 eisdem
2895 383 3376 456 interventoribus,
3402 382 3628 458 provehi
3655 396 3867 439 merea-

580 490 994 564 perduceretur?
1021 492 1102 547 Ne
1134 490 1298 563 igitur
1336 486 1406 545 ad
1442 493 1659 544 tantum
1685 486 1815 543 velit
1840 486 2058 543 culmen
2087 501 2176 543 ve-
2288 479 2445 537 mini.

578 593 691 643 stra
730 585 1039 642 fraternitas
1067 583 1220 657 erigi,
1251 590 1313 640 ut
1341 596 1466 656 qua
1490 582 1547 639 in
1574 581 1750 639 causis
1775 581 2025 638 omnium
2054 582 2173 637 Ro-

578 680 753 736 manis
792 677 1139 752 pontiﬁcibus
1184 684 1300 735 rata
1346 676 1571 736 fuerunt
1610 684 1669 733 et
1713 675 1881 745 licita,
1911 674 1967 731 in
2009 675 2171 732 vestri

578 773 745 829 solius
773 788 937 830 causa
965 773 1136 829 irrita.
1159 772 1337 829 velitis
1364 780 1419 827 et
1447 771 1631 828 illicita
1677 769 1851 828 reddi.
1878 769 1967 826 Ad
1995 769 2050 827 id
2077 785 2173 826 au-

575 874 693 925 tem
736 867 889 942 quod
910 867 979 925 de
1008 866 1292 941 privilegio
1320 864 1528 935 dicitis,
1561 865 1800 922 breviter
1829 864 2053 921 interim
2080 879 2167 919 re-

486 1008 493 1015 ,
577 961 913 1035 spondemus
938 960 1088 1035 quod
1116 968 1350 1035 possunt
1377 958 1630 1032 quadam
1661 960 1717 1016 in
1746 958 2041 1032 privilegiis
2070 973 2171 1031 pro

574 1070 654 1126 re,
685 1071 784 1129 pro
813 1071 1062 1129 persona,
1092 1071 1191 1128 pro
1214 1062 1482 1126 tempore,
1508 1068 1606 1126 pro
1634 1053 1754 1110 loco
1777 1050 2021 1121 concedi,
2046 1067 2171 1125 qua

575 1151 775 1207 iterum
806 1166 903 1223 pro
945 1149 1169 1217 eisdem,
1216 1149 1262 1206 si
1302 1148 1593 1205 necessitas
1639 1146 1722 1203 vel
1766 1145 1967 1203 utilitas
1996 1146 2172 1219 major

575 1245 841 1318 exegerit,
866 1244 1095 1301 licenter
1117 1244 1297 1300 valent
1319 1241 1672 1299 commutari.
1690 1240 1981 1313 Privilegia
2005 1240 2172 1314 siqui-

571 1337 701 1394 dem
727 1353 841 1393 non
859 1337 1059 1394 debent
1082 1345 1399 1397 sanctorum
1421 1339 1646 1392 Patrum
1671 1335 2059 1391 auctoritatem
2083 1333 2167 1389 in-

574 1430 943 1504 fringere,sed
954 1431 1177 1487 utilitati
1195 1438 1401 1488 sancta
1415 1429 1669 1487 Ecclesia
1684 1427 2010 1501 prospicere.
2038 1426 2171 1484 Inde

570 1532 656 1581 est
670 1524 819 1599 quod
834 1525 1165 1582 Arelatensis
1185 1524 1448 1593 Ecclesia,
1470 1538 1585 1579 non
1605 1523 1786 1580 solum
1807 1536 1837 1578 a
1858 1521 2019 1579 beato
2032 1522 2169 1579 Gre-

570 1619 727 1692 gorio
764 1618 991 1677 doctore
1036 1618 1295 1676 dulcilluo
1338 1619 1541 1690 (epist.
1582 1617 1733 1685 l.1v,
1780 1632 1870 1687 ep.
1913 1620 2026 1687 52),
2066 1615 2165 1673 sed

571 1713 741 1770 etiam
790 1728 822 1770 a
862 1712 1105 1787 pluribus
1146 1712 1264 1785 ejus
1308 1711 1510 1769 sanctis
1552 1710 2008 1779 antecessoribus,
2038 1725 2167 1768 cum

2352 573 2491 626 Data
2524 567 2590 626 ad
2618 565 2792 640 [apud
2838 572 2888 622 et
2931 565 3095 622 sicin
3145 567 3288 635 seq.]
3336 568 3591 620 sanctum
3634 561 3869 618 Germa-

2280 675 2415 717 num
2485 657 2775 716 undecimo
2829 654 3111 715 Kalendas
3160 652 3517 729 Septembris,
3571 649 3871 709 indictione

2278 767 2477 825 pnma'
2825 819 3179 878 EPISTOLA
3208 819 3307 876 ιιι.

2496 930 2580 972 AD
2621 928 2930 974 BUGONEX
2970 927 3322 972 BPlSCOPUH
3360 922 3653 969 DIBNSRK.

2876 1007 3061 1072 (Anno
3098 1006 3282 1071 1078.)

2286 1096 2357 1151 Ut
2395 1095 2622 1164 querelis
2652 1096 2923 1151 Remensis
2961 1094 3347 1163 archiepiscopi
3375 1090 3544 1164 finem
3592 1093 3873 1160 imponere

2341 1163 2649 1237 procurent,
2673 1180 2912 1236 eumque,
2935 1167 2984 1220 si
2998 1166 3269 1236 paruerit,
3286 1163 3577 1237 adjuvant;
3591 1164 3680 1237 cui
3702 1164 3871 1217 etiam

2350 1235 2657 1293 iitteramm
2684 1235 3181 1308 suprascriptan
3198 1235 3474 1305 ememplar
3500 1236 3687 1288 mittit.

2351 1332 2653 1387 Gueooams
2693 1330 3003 1403 episcopus,
3036 1343 3225 1388 servus
3244 1342 3532 1385 servorum
3578 1328 3702 1394 Dei,
3741 1327 3874 1381 Hu-

2278 1441 2405 1481 eosr
2437 1425 2619 1481 Diensi
2660 1424 2933 1498 episcopo,
2964 1433 3020 1480 et
3041 1423 3264 1496 Hugoni
3290 1421 3631 1480 Cluniacensi
3659 1418 3873 1489 abbati,

2277 1520 2513 1576 salutem
2554 1528 2610 1575 et
2645 1518 3002 1592 apostolicam
3038 1516 3505 1575 benedictionem.

2348 1613 2484 1684 Quia
2520 1614 2575 1670 in
2601 1620 2804 1671 sancta
2831 1612 2955 1683 Dei,
2987 1612 3073 1669 cui
3102 1610 3283 1668 divina
3325 1608 3682 1683 dispositione
3730 1624 3871 1682 pra-

2275 1707 2541 1778 sidemus,
2596 1707 2858 1765 Ecclesia
2903 1705 3165 1781 regimine
3219 1705 3452 1763 sollicite
3497 1720 3599 1761 nos
3649 1703 3874 1779 vigilare

574 1806 803 1864 haberet
822 1807 994 1865 vicem
1023 1806 1163 1864 sedis
1203 1806 1537 1879 apostolicae,
1568 1813 1631 1863 ut
1656 1818 1850 1863 omnes
1877 1806 2161 1879 episcopos
2193 1800 2244 1866 Β
2273 1809 2510 1875 oportet,
2556 1801 2747 1858 vestris
2777 1800 3007 1859 assiduis
3036 1798 3290 1874 precibus
3314 1798 3476 1857 nobis
3503 1806 3566 1855 ut
3615 1796 3873 1856 divinum

577 1902 749 1959 totius
777 1901 928 1975 regni
954 1902 1318 1970 Francorum,
1348 1901 1496 1974 quod
1530 1909 1662 1958 tunc
1704 1901 1868 1958 latius
1906 1898 2167 1958 extende-

576 1995 757 2064 batur,
803 1995 871 2053 ad
909 1995 1205 2053 concilium
1242 2001 1592 2065 convocaret,
1623 2010 1828 2069 eosque
1862 1995 1919 2051 in
1950 1994 2166 2068 judicio

574 2090 958 2146 constrinxerit
982 2088 1127 2157 (sine
1153 2088 1310 2161 cujus
1347 2089 1565 2145 licentia
1596 2088 1762 2145 nullis
1790 2103 1857 2145 ex
1882 2104 2049 2161 supra
2085 2088 2167 2145 di-

574 2182 676 2237 ctis
702 2182 971 2255 episcopis
992 2182 1155 2256 longe
1182 2198 1213 2239 a
1233 2197 1334 2239 suo
1355 2182 1671 2254 episcopatu
1698 2180 1783 2237 fas
1809 2190 1927 2238 erat
1952 2182 2155 2252 abire);

571 2284 695 2350 post
722 2276 899 2349 aliqua
929 2284 1180 2350 tempora
1211 2292 1309 2349 pro
1348 2274 1681 2347 quibusdam
1708 2276 1884 2333 causis
1908 2274 2164 2348 pradicta

569 2378 813 2444 potestas
859 2379 916 2427 et
942 2370 1240 2427 auctoritas
1274 2371 1531 2439 cessavit,
1561 2378 1617 2426 et
1642 2384 1799 2426 suam
1843 2370 2021 2427 vicem
2048 2370 2164 2427 aliis

570 2463 771 2537 quibus
808 2464 1012 2537 placuit
1035 2463 1196 2521 sedes
1233 2462 1527 2536 apostolica
1550 2464 1838 2520 concessit.
1869 2464 2163 2520 Remensis

568 2557 736 2613 etiam
755 2556 840 2613 cui
858 2555 1118 2631 prasides
1137 2557 1379 2614 Ecclesia
1399 2555 1642 2629 quodam
1663 2564 1914 2629 tempore
1932 2556 2159 2628 primati

484 2705 490 2711 .
569 2649 860 2723 snbjacuit,
890 2660 947 2707 et
970 2650 1039 2719 ei,
1082 2657 1142 2706 ut
1164 2649 1430 2722 magistro
1472 2657 1596 2722 post
1623 2651 1943 2706 Romanum
1972 2650 2159 2721 ponti-

568 2743 751 2813 ﬁcem,
797 2741 1054 2800 obedivit.
1087 2741 1248 2813 Quod
1276 2750 1331 2798 et
1368 2742 1435 2799 de
1464 2742 1708 2814 pluribus
1747 2742 1871 2797 aliis
1900 2743 2160 2799 Ecclesiis

571 2836 800 2909 potestis
820 2835 1083 2905 invenire,
1110 2836 1155 2893 si
1182 2844 1505 2893 sanctorum
1532 2839 1759 2893 Patrum
1786 2835 1934 2893 dicta
1958 2844 2013 2892 et
2034 2845 2153 2892 acta

567 2929 871 3003 procuratis
898 2929 1190 3002 diligenter
1214 2930 1571 3003 investigare.
1601 2931 1715 2986 Nec
1744 2929 1803 2986 id
1828 2930 2066 2987 dicimus
2092 2940 2157 2987 ut

571 3022 846 3096 privilegia
883 3031 1077 3080 vestra
1105 3024 1365 3081 Ecclesia
1394 3031 1584 3080 contra
1633 3023 1907 3079 rationem
1944 3024 2028 3080 vel
2068 3026 2154 3080 in-

562 3116 727 3190 fringi
756 3115 991 3173 velimus
1018 3116 1101 3173 vel
1141 3117 1399 3174 imminui
1436 3115 1505 3173 de
1541 3116 1760 3188 quibus,
1787 3117 1895 3172 vita
1924 3118 2153 3186 comite,

562 3226 664 3268 suo
694 3219 964 3283 tempore,
995 3226 1089 3267 ore
1118 3209 1188 3267 ad
1225 3225 1289 3265 os
1322 3209 1554 3266 otiosius
1582 3210 1906 3267 collocuturi
1942 3225 2151 3267 sumus.
2192 3183 2238 3247 Ο

563 3303 670 3362 Sed
700 3304 918 3361 interim
940 3303 1293 3361 dilectionem
1312 3312 1552 3360 vestram
1579 3318 1646 3360 ex
1672 3311 1827 3376 parte
1850 3304 1994 3361 beati
2022 3320 2156 3377 apo-

568 3397 839 3455 stolorum
878 3396 1136 3470 principis
1172 3397 1321 3453 Petri
1349 3397 1750 3465 admonemus,
1779 3405 1861 3467 ut,
1895 3398 2155 3471 quemad-

563 3490 795 3547 modum
845 3491 1000 3549 vobis
1029 3495 1225 3548 Roma
1268 3491 1459 3565 positis
1500 3490 1911 3557 constituimus.
1963 3507 2155 3548 coram

562 3584 751 3640 Diensi
797 3585 1054 3657 episcopo
1076 3594 1131 3640 et
1149 3584 1490 3642 Cluniacensi
1518 3585 1744 3653 abbate,
1766 3585 1964 3656 quibus
1993 3586 2049 3642 in
2072 3585 2157 3641 his

561 3676 737 3733 vicem
782 3686 1029 3734 nostram
1061 3679 1464 3745 commisimus,
1505 3678 1890 3735 occasionibus
1942 3681 2157 3734 cunctis

563 3768 970 3842 obstaculisque
998 3770 1247 3839 remotis,
1269 3786 1432 3841 super
1456 3770 1684 3842 objectis
1726 3771 1985 3828 omnibus
2036 3772 2157 3829 sitis

564 3860 891 3934 respondere
955 3863 1146 3932 parati,
1208 3862 1448 3935 legaliter
1498 3863 1832 3931 satisfacere,
1894 3867 2156 3923 canonice

566 3953 857 4028 puriﬁcari,
887 3970 956 4011 ne
992 3956 1035 4011 si
1064 3954 1212 4012 aliud
1239 3972 1271 4011 a
1300 3955 1455 4012 vobis
1474 3955 1648 4027 (quod
1685 3956 1889 4027 absit!)
1936 3967 2152 4029 agatur,

563 4047 992 4120 tergiversationi
1020 4056 1075 4104 et
1106 4047 1246 4121 fuga
1268 4057 1324 4105 et
1348 4049 1702 4105 conscientia
1725 4049 2013 4119 scelerum,
2042 4067 2154 4107 non

564 4141 833 4198 exactioni
857 4141 1085 4215 justitia
1108 4151 1163 4198 et
1191 4141 1463 4215 aquitatis
1489 4158 1521 4198 a
1551 4142 1801 4215 pluribus
1828 4144 2153 4201 ascribatur.

564 4236 649 4291 De
684 4234 1089 4309 archiepiscopo
1132 4244 1319 4292 autem
1349 4235 1665 4305 Viennensi,
1704 4251 1871 4310 quem
1911 4253 2156 4311 conque-

565 4327 753 4383 rimini
781 4328 837 4383 in
878 4328 1097 4386 dimcesi
1126 4337 1305 4386 vestra
1346 4337 1403 4385 et
1437 4329 1750 4402 deposuisse
1785 4330 2154 4405 presbyteros,

566 4429 622 4478 et
657 4420 883 4478 eosdem
926 4422 1131 4503 iterum
1159 4422 1216 4478 in
1245 4422 1480 4496 gradum
1511 4423 1803 4496 pristinum
1830 4424 2153 4493 restituisse,

2278 1895 2573 1955 obtineatis
2612 1894 2935 1969 prasidium
2975 1894 3345 1967 deposcimu.
3386 1893 3729 1967 Quapropter
3771 1906 3878 1947 vos

2275 2006 2625 2064 summopere
2658 1989 2897 2047 studium
2948 1988 3204 2045 adhibere
3232 1986 3586 2045 admonendo
3633 1985 3873 2043 manda-

2276 2101 2401 2143 mus
2424 2083 3006 2159 quatenus/inquiratis
3036 2092 3090 2139 et
3115 2082 3392 2151 canonice,
3425 2089 3588 2156 prout
3614 2082 3871 2154 potestis,

2273 2178 2442 2235 ﬁnem
2472 2180 2755 2250 imponere
2784 2177 3087 2251 procuretis
3115 2176 3369 2249 negotiis,
3390 2175 3539 2233 unde
3569 2174 3875 2232 Remensis

2277 2272 2715 2345 archiepiscopus
2739 2270 3016 2327 confrater
3061 2279 3247 2327 noster
3295 2269 3409 2326 suis
3454 2268 3651 2324 litteris
3700 2267 3869 2324 nobis

2273 2374 2605 2439 conquestus
2639 2373 2737 2422 est.
2784 2364 3147 2436 Conqueritur
3174 2364 3316 2419 enim
3347 2363 3414 2419 de
3461 2361 3735 2419 confratre
3761 2378 3870 2417 no-

2272 2468 2389 2516 stro
2421 2458 2830 2531 archiepiscopo
2849 2458 3145 2515 Viennensi
3170 2456 3544 2526 Warmundo,
3570 2457 3662 2528 qui
3692 2456 3747 2512 in
3762 2471 3870 2511 suo

2268 2554 2734 2627 archiepiscopatu
2762 2551 3108 2626 presbyteros
3137 2551 3393 2624 deposuit
3437 2559 3494 2607 et
3521 2549 3743 2607 eosdem
3771 2565 3866 2606 re-

2265 2648 2460 2705 stituit.
2506 2648 2652 2718 Quin
2679 2646 2844 2703 etiam
2872 2645 3225 2719 conqueritur
3252 2644 3406 2719 quod
3448 2644 3559 2702 duo
3598 2643 3867 2717 suffraga-

2267 2742 2353 2797 nei
2381 2741 2627 2814 ejusdem
2650 2740 2955 2811 Bernensis,
2990 2739 3372 2797 Laudunensis
3395 2738 3601 2795 scilicet
3626 2746 3680 2795 et
3702 2739 3871 2795 Sues-

2263 2834 2549 2904 sionensis,
2599 2837 2904 2909 postposita
2945 2834 3204 2891 canonica
3248 2833 3597 2901 auctoritate,
3645 2831 3870 2890 Ambia-

2262 2944 2488 2986 nensem
2531 2930 2644 2986 ausi
2691 2938 2819 2986 sunt
2848 2929 3170 3002 episcopum
3217 2942 3555 2996 consecrare,
3587 2926 3718 2985 dum
3750 2927 3868 3000 ipse

2262 3032 2405 3078 esset
2430 3022 2715 3079 nobiscum
2748 3026 2947 3080 Roma
2970 3031 3026 3079 et
3060 3022 3127 3079 de
3170 3036 3227 3079 se
3269 3021 3597 3079 sententiam
3640 3020 3872 3077 humili-

2262 3124 2347 3172 ter
2387 3124 2743 3188 exspectaret.
2794 3116 2959 3186 Quod
2993 3132 3091 3173 vos
3126 3115 3291 3190 digna
3335 3123 3389 3171 et
3430 3114 3615 3171 solerti
3643 3113 3867 3188 indaga-

2265 3210 2415 3265 tione
2451 3208 2724 3266 discutere
2748 3218 2804 3265 et
2830 3225 3160 3282 cognoscere
3180 3209 3332 3266 omni
3361 3208 3528 3265 modo
3553 3206 3765 3265 studete
3792 3224 3867 3265 an

2266 3305 2340 3359 ita
2380 3319 2498 3360 sese
2524 3320 2613 3360 res
2648 3302 2869 3371 habeat,
2900 3313 2963 3360 ut
2995 3304 3343 3376 pradiximus
3388 3317 3492 3359 nos
3516 3302 3623 3359 suis
3662 3301 3871 3360 litteris

2264 3396 2614 3465 intellexisse,
2644 3397 2955 3470 prasertim
2981 3397 3025 3454 si
3070 3397 3215 3453 idem
3245 3396 3628 3452 Ambianensis
3670 3403 3869 3453 contra

2266 3493 2537 3548 Romana
2562 3491 2751 3563 synodi
2772 3500 2827 3547 et
2849 3491 3159 3563 apostolica
3179 3490 3319 3546 sedis
3350 3489 3631 3547 decretum
3652 3488 3719 3547 de
3742 3505 3865 3548 ma-

2264 3602 2341 3642 nu
2364 3585 2487 3642 laici
2535 3584 2771 3641 nefanda
2813 3584 3105 3641 ambitione
3131 3593 3187 3640 et
3223 3583 3519 3640 temerario
3548 3598 3684 3641 ausu
3721 3584 3871 3641 inve-

2265 3680 2518 3737 stituram
2540 3679 2814 3751 suscipere
2858 3680 3229 3752 prasumpsit,
3254 3680 3502 3736 canonici
3540 3678 3739 3751 rigoris
3771 3693 3863 3734 se-

2266 3764 2493 3829 veritaté
2508 3772 2689 3828 taliter
2711 3773 2766 3827 iu
2786 3788 2910 3828 eum
2938 3771 3213 3829 vindicare
3241 3773 3507 3845 et'punire
3527 3772 3725 3829 obnixe
3748 3780 3866 3828 sat-

2265 3865 2406 3938 agite
2454 3873 2515 3921 ut
2558 3865 2675 3938 ejus
2720 3867 2966 3937 exempla
2996 3867 3180 3923 cateri
3225 3865 3425 3922 imitari
3469 3865 3729 3923 timeant.
3778 3867 3865 3922 De

2265 3961 2519 4015 Manasse
2563 3965 2772 4028 autem,
2803 3959 2871 4016 de
2917 3976 3027 4032 quo
3053 3959 3310 4016 similiter
3348 3959 3721 4031 conqueritur,
3766 3960 3867 4033 qui

2266 4053 2460 4111 Oebali
2489 4068 2830 4126 suorumque
2856 4051 3066 4127 refugio
3095 4062 3151 4110 et
3177 4053 3375 4109 auxilio
3411 4054 3565 4110 illum
3593 4061 3647 4109 et
3677 4054 3865 4110 Eccle-

2266 4147 2399 4204 siam
2446 4146 2673 4219 fatigare
2697 4162 2812 4204 non
2836 4156 3034 4215 cessat,
3065 4147 3313 4204 laborare
3344 4156 3407 4204 ut
3432 4147 3502 4204 ad
3531 4161 3720 4220 pacem
3770 4162 3857 4205 re-

2265 4240 2392 4297 deat
2429 4250 2485 4297 et
2525 4240 2593 4297 ab
2640 4240 3032 4313 inquietatione
3080 4240 3337 4299 Ecclesia
3390 4249 3447 4299 et
3483 4241 3860 4314 persecutione

2270 4333 2654 4406 archiepiscopi
2709 4333 2971 4406 quiescat.
3006 4335 3165 4406 Quod
3208 4336 3253 4390 si
3299 4332 3439 4392 forte
3476 4335 3533 4392 in
3578 4349 3678 4392 sua
3715 4350 3853 4392 con-

2266 4426 2502 4483 tumacia
2563 4427 2856 4499 persistens
2921 4429 3139 4486 obedire
3190 4429 3449 4497 renuerit,
3519 4429 3624 4485 nisi
3688 4428 3854 4485 illum

563 4524 620 4571 et
654 4514 722 4572 de
760 4516 1027 4589 episcOpis
1055 4515 1409 4573 Laudunensi
1440 4523 1494 4573 et
1527 4518 1911 4574 Suessionensi
1954 4517 2153 4575 suffra-
2187 4552 2238 4615 Β
2262 4519 2463 4592 justam
2521 4520 2925 4577 excusationem
2981 4521 3185 4578 habere
3239 4521 3618 4594 cognoveritis,
3668 4520 3851 4595 quod‘

564 4609 752 4680 ganeis
797 4609 990 4665 vestris
1031 4609 1122 4682 qui
1168 4609 1595 4667 Ambianensem
1628 4611 1968 4683 episcopum,
1998 4612 2155 4669 vobis
2192 4609 2228 4615 ⁷
2264 4628 2481 4686 cunque
2552 4613 2709 4670 vobis
2777 4614 2982 4686 justius
3042 4613 3259 4671 videtur
3331 4614 3511 4672 facite.
3584 4618 3668 4671 De
3736 4615 3858 4671 aliis

564 4701 887 4759 inconsultis
905 4711 961 4758 et
983 4703 1349 4761 nescientibus
1375 4708 1577 4761 Roma
1605 4705 1772 4762 etiam
1796 4705 2011 4778 positis,
2028 4722 2153 4763 con-

562 4801 866 4864 secrarunt,
893 4804 947 4850 et
981 4794 1049 4851 de
1077 4799 1332 4854 Manasse
1370 4798 1464 4870 qui
1491 4814 1589 4855 vos
1619 4806 1677 4855 et
1704 4798 2010 4857 Ecclesiam
2059 4815 2152 4857 ve-

562 4893 755 4955 stram,
782 4887 909 4960 quia
950 4889 1252 4946 malefactis
1280 4906 1391 4946 non
1433 4900 1637 4961 potest,
1664 4893 1974 4951 maledictis
2013 4892 2153 4949 infe-

562 4986 708 5036 stare
737 4994 853 5036 non
880 4990 1076 5049 cessat,
1100 4990 1156 5038 et
1181 4981 1250 5039 de
1278 4985 1492 5041 caeteris
1519 4985 1795 5053 omnibus,
1830 5002 1992 5060 super
2027 4986 2151 5059 qui-

562 5071 664 5130 bus
681 5072 1133 5146 conquestionem
1161 5074 1315 5131 vobis
1328 5076 1643 5134 collibuerit
1659 5077 1859 5142 facere.
1892 5080 2153 5135 misimus

563 5166 772 5222 litteras
798 5173 1014 5224 nostras
1041 5169 1492 5226 commemoratis
1528 5170 1900 5229 confratribus
1924 5172 2149 5241 nostris,

560 5260 755 5316 Diensi
782 5259 1034 5318 videlicet
1062 5261 1317 5334 episcopo
1363 5271 1425 5320 et
1452 5263 1794 5321 Cluniacensi
1842 5264 2052 5333 abbati,
2091 5273 2151 5323 ut

561 5360 757 5409 cuncta
801 5351 1058 5411 studeant
1086 5353 1373 5428 diligenter
1414 5356 1691 5428 inquirere
1720 5356 1949 5416 sollicite
1973 5357 2155 5417 discu-

559 5453 701 5513 tere,
725 5445 971 5504 discussa
998 5455 1055 5505 et
1086 5446 1346 5522 indagata
1374 5449 1443 5507 ad
1472 5465 1692 5522 purum,
1714 5449 1885 5524 juste,
1906 5451 2153 5526 legaliter

560 5546 617 5597 et
658 5540 915 5599 canonice
946 5540 1205 5615 judicare.
1254 5543 1359 5600 His
1379 5544 1587 5602 nostris
1623 5545 1853 5603 monitis
1888 5547 2155 5605 obsecun-

558 5632 755 5693 dantes
795 5648 894 5706 per
938 5635 1127 5693 omnia
1160 5636 1448 5696 beatorum
1495 5640 1875 5711 apostolorum
1920 5640 2068 5699 Petri
2096 5648 2153 5698 et

559 5726 716 5786 Pauli
740 5726 1118 5788 benedictione
1139 5731 1196 5789 in
1214 5731 1470 5804 prasenti
1494 5730 1793 5803 donemini,
1815 5742 1873 5791 et
1885 5734 1942 5791 in
1962 5732 2150 5793 futuro

561 5835 593 5876 ι
625 5830 977 5894 peccatorum
1018 5824 1247 5885 vinculis
1286 5825 1521 5887 absoluti
1558 5827 1815 5886 omnium
1860 5827 1929 5888 ad
1955 5842 2149 5889 eorum

2260 4716 2444 4763 autem
2498 4705 2911 4765 necessitatibus
2960 4707 3217 4765 eumdem
3259 4707 3736 4781 archiepiscopum
3785 4709 3858 4777 (si

2262 4809 2448 4858 tamen
2483 4800 2640 4857 vobis
2681 4800 2968 4869 obedierit)
2995 4801 3135 4857 sicut
3171 4800 3402 4875 dignum
3442 4810 3527 4858 est
3567 4801 3849 4874 adjuvate,

2264 4894 2423 4967 eique
2446 4895 2803 4952 commissam
2830 4893 3132 4950 Ecclesiam
3157 4894 3480 4951 auctoritate
3517 4893 3661 4951 beati
3699 4895 3857 4951 Petri

2264 4987 2444 5062 (quod
2464 4996 2521 5045 et
2539 4988 2609 5046 de
2651 4987 2770 5044 aliis
2798 4987 3040 5044 ecclesiis
3084 5002 3179 5045 vos
3208 4996 3430 5062 oportet
3451 4993 3640 5061 agere)
3669 4984 3857 5043 defen-

2259 5080 2388 5139 dite.
2416 5083 2543 5154 Ipse
2586 5088 2797 5148 autem,
2838 5080 2984 5137 sicut
3010 5095 3080 5138 ex
3122 5081 3236 5139 suis
3267 5081 3628 5155 cognovimus
3655 5079 3857 5137 litteris

2258 5190 2393 5248 quas
2419 5175 2574 5234 vobis
2599 5173 2920 5245 direximus,
2953 5173 3199 5232 inducias
3225 5175 3439 5249 quaerit,
3468 5181 3529 5231 ut
3552 5173 3848 5232 subterfu-

2261 5269 2392 5342 giat,
2408 5268 2497 5325 cui
2519 5268 2747 5341 qualiter
2767 5268 3146 5342 rescripsimus
3169 5268 3325 5326 vobis
3350 5268 3513 5325 etiam
3544 5283 3642 5342 per
3661 5283 3855 5325 exem-

2260 5362 2379 5435 plar
2417 5360 2735 5418 indicamus.
2765 5364 2878 5419 Vos
2917 5371 3122 5432 autem,
3159 5361 3361 5421 fratres
3383 5362 3493 5419 mei
3520 5362 3850 5429 charissimi,

2256 5454 2480 5511 viriliter
2506 5462 2561 5511 et
2581 5454 2855 5527 sapienter
2894 5456 3063 5529 agite,
3092 5464 3383 5530 vestraque
3406 5456 3596 5513 omnia
3626 5456 3689 5512 in
3710 5455 3853 5513 cha-

2258 5548 2417 5606 ritate
2436 5546 2587 5618 ﬂant,
2640 5555 2705 5604 ut
2756 5548 3001 5621 oppressi
3037 5563 3136 5607 vos
3184 5548 3486 5622 prudentes
3528 5546 3852 5607 defensores

2255 5642 2548 5708 inveniant,
2575 5650 2634 5698 et
2675 5641 3051 5714 opprimentes
3095 5651 3374 5700 amatores
3410 5641 3640 5715 justitia
3696 5656 3854 5699 reco-

2259 5744 2543 5809 gnoscant.
2566 5735 2924 5808 Omnipotens
2945 5736 3099 5793 Deus
3113 5735 3383 5808 Spiritum
3401 5742 3659 5793 sanctum
3672 5734 3851 5793 cordi-

2260 5829 2364 5888 bus
2390 5828 2581 5888 vestris
2620 5828 2891 5896 infundat,
2922 5843 3127 5902 vosque
3152 5843 3249 5903 per
3276 5827 3422 5889 vism
3445 5828 3550 5888 sibi
3593 5827 3851 5901 placitam
