4074 6172
213 276 265 328 5l
277 275 308 328 3
796 289 802 296 ·
1113 268 1134 289 ⁸
1379 271 1573 328 LIBER
1611 271 1799 330 SEXTI

1919 301 1990 316 —-
2028 273 2232 330 EPIST.
2276 274 2338 327 ν.

3402 264 3504 335 δη

207 394 477 469 perducat
504 402 560 453 et
581 393 651 454 ad
685 394 1006 455 societatem
1029 402 1344 453 sanctorum
1369 399 1599 454 Patrum
1623 412 1805 469 perve—
1831 400 1887 466 Α
1910 399 2171 455 canonica
2211 397 2536 456 auctoritate
2587 406 2797 456 servata
2823 399 2880 457 in
2920 399 3196 460 omnibus.
3237 403 3500 460 Contem-

203 491 324 548 nire
349 488 543 548 faciat.

273 584 528 643 Data-ad
568 587 836 644 Sanctum
879 587 1244 657 Germanum,
1273 602 1340 645 χι
1366 585 1648 645 Kalendas
1673 588 1804 660 Sep-

206 678 462 749 tembris,
496 680 607 739 ind.
641 696 685 738 ι.

761 785 1110 844 EPISTOLA
1140 789 1238 844 IV.

360 896 449 939 AD
480 896 814 940 HBNBICUM
844 899 1238 943 LEODIBNSBM
1268 899 1643 944 BPISCOPUM.

797 979 980 1047 (Anno
1024 985 1210 1046 1078.)

208 1073 544 1128 Temeritatis
571 1087 691 1127 eum
718 1073 904 1140 arguit
933 1073 1077 1143 quod
1113 1078 1299 1129 contra
1335 1077 1590 1131 Romanae
1628 1074 1804 1130 Eccle-

269 1145 366 1198 sia
385 1145 767 1198 auctoritatem
785 1144 947 1198 verba
962 1144 1276 1213 jactave-rit,
1304 1151 1583 1215 monetque
1597 1149 1659 1200 ut
1690 1148 1802 1202 We-

271 1215 859 1299 remboldi'cujusdam
885 1230 1123 1299 causam,
1151 1219 1250 1285 qui
1273 1233 1328 1272 se
1349 1233 1462 1271 una
1474 1233 1610 1299 _cum_
1633 1234 1803 1272 umore

269 1287 476 1354 injuste
503 1287 573 1340 ab
610 1303 666 1342 eo
688 1288 1206 1342 excommunicatum
1233 1292 1550 1357 conquestus
1577 1291 1797 1355 fuerat,

269 1358 540 1412 adhibitis
571 1360 868 1413 Trevirensi
888 1363 938 1414 et
973 1360 1197 1414 Metensi
1228 1361 1506 1429 episcopis,
1541 1360 1798 1428 definiat;

269 1445 431 1497 quem
458 1431 651 1484 timore
667 1432 853 1501 mortis
876 1445 931 1486 se
948 1431 1234 1486 absolvisse
1254 1431 1367 1498 ait;
1395 1436 1606 1500 accepta
1633 1447 1800 1501 spon-

272 1502 443 1572 sione
469 1500 540 1554 ab
585 1517 643 1555 eo
689 1500 931 1557 omnibus
968 1502 1365 1569 satisfaciendi.
1412 1500 1798 1572 Contemptores

201 1573 236 1640 ._‘
268 1571 471 1641 synodi
499 1571 620 1626 illos
648 1577 828 1636 vocat,
873 1574 974 1642 qui
997 1573 1231 1642 synodus
1260 1589 1295 1627 a
1323 1588 1378 1628 se
1407 1575 1465 1627 in
1496 1571 1798 1629 Teutonicis

266 1643 529 1769 ﬁtibus
574 1643 781 1698 indicta
819 1645 1197 1714 impedimento
1236 1646 1443 1711 fuerint
1487 1662 1553 1700 ne
1589 1659 1796 1714 cogere-

269 1808 630 1865 Gnsoonws
651 1807 964 1881 episcopus,
977 1823 1168 1866 servus
1192 1824 1475 1868 servorum
1499 1811 1621 1878 Dei,
1649 1814 1802 1869 Hsu-
1835 1793 1880 1858 Β

206 1916 337 1959 nico
386 1899 680 1958 Leodiensi
727 1901 1012 1975 episcopo,
1059 1904 1294 1961 salutem
1336 1912 1392 1960 et
1444 1905 1798 1977 apostolicam

204 1994 670 2065 benedictionem,
703 1995 749 2051 si
791 1996 1265 2070 contemptoribus
1306 2000 1576 2056 Romanae
1604 1998 1798 2072 synodi

203 2088 397 2148 habita
443 2090 503 2146 in
544 2090 823 2162 praeterita
858 2089 1291 2164 Quadragesima
1333 2108 1448 2150 non
1486 2093 1802 2150 communi-

206 2192 303 2239 cat.

269 2278 456 2358 Lectis
482 2276 843 2336 fraternitatis
871 2280 1222 2350 tutelitteris,
1253 2296 1367 2338 non
1391 2295 1587 2352 parum
1619 2281 1798 2338 mirati

207 2387 392 2430 sumus
434 2389 549 2430 non
592 2388 657 2429 ea
699 2382 776 2442 te,
823 2390 930 2447 qua
959 2373 1164 2444 decuit,
1209 2374 1567 2448 apostolicam
1610 2374 1802 2432 sedem

207 2481 294 2537 pro
338 2467 655 2524 reverentia
684 2467 789 2523 sibi
834 2467 1142 2540 scripsisse,
1183 2468 1281 2526 sed
1321 2484 1425 2525 nos
1467 2468 1538 2525 de
1576 2468 1798 2526 absolu-

206 2559 341 2617 tione
381 2560 535 2617 illius
582 2559 894 2632 parochiani
943 2561 1048 2635 tui,
1083 2561 1178 2633 qui
1214 2561 1346 2618 olim
1379 2561 1449 2618 ad
1476 2577 1581 2619 nos
1620 2561 1797 2632 venit,

206 2653 438 2711 mordaci
470 2653 774 2710 invectione
813 2654 1248 2726 reprehendisse,
1283 2662 1548 2727 tanquam
1578 2665 1802 2728 aposto-

205 2745 308 2803 lica:
334 2747 483 2804 sedis
510 2763 623 2804 non
651 2756 797 2804 esset
819 2750 1119 2804 auctoritas
1158 2763 1545 2821 quoscunque,
1584 2755 1639 2805 et
1672 2749 1798 2806 ubi-

1915 499 2098 567 ptores
2130 492 2328 566 quippe
2351 493 2546 566 synodi
2578 493 2633 549 in
2671 493 2928 566 przedicta
2958 503 3147 552 nostra
3180 494 3505 554 salutatione

1911 584 2032 643 illos
2061 595 2318 645 notamus
2345 587 2438 661 qui
2475 586 2660 660 aliquo
2690 586 2909 658 ingenio
2929 587 3012 646 vel
3032 588 3289 647 violentia
3315 589 3504 648 conati

1912 688 2042 736 sunt
2079 679 2347 753 impedire
2376 695 2446 737 ne
2481 679 2773 738 concilium
2803 689 2900 739 aut
2935 690 3234 740 conventus
3262 682 3420 740 ﬁeret
3447 683 3505 741 in

1911 773 2224 831 Teutonicis
2263 773 2512 845 partibus
2529 815 2545 842 ,
2583 773 2640 831 in
2676 791 2785 847 quo
2814 774 2998 833 solerti
3022 774 3376 848 inquisitione
3416 793 3502 834 re-

1913 874 2338 940 cognosceretur
2377 875 2564 924 utrum
2608 869 2848 926 Henrico
2890 885 2963 925 an
3005 869 3300 942 Rodulpho
3329 870 3502 944 magis

1903 961 2120 1034 justitia
2145 959 2351 1019 faveret
2377 960 2446 1019 de
2467 961 2833 1035 gubernaculo
2871 961 3044 1035 regni.
3071 964 3340 1020 Praeterea
3359 963 3501 1021 scire

1911 1071 2010 1113 vos
2055 1055 2316 1113 volumus
2347 1070 2450 1112 nos
2478 1055 2682 1113 horum
2726 1055 3055 1129 portitorem
3089 1056 3388 1114 absolvisse
3427 1057 3498 1114 ab

1910 1149 2496 1219 excommunicatione,
2529 1149 2732 1208 timore
2762 1149 2979 1218 mortis,
3005 1148 3154 1206 facta
3176 1150 3246 1207 ab
3283 1167 3348 1209 eo
3371 1166 3502 1224 pro-

1909 1242 2176 1302 missione
2202 1242 2262 1300 in
2288 1252 2477 1302 nostra
2503 1260 2669 1302 manu
2707 1259 2768 1301 se
2797 1243 2988 1300 omnia
3014 1242 3287 1300 facturum
3311 1259 3502 1300 secun-

1908 1336 2044 1395 dum
2070 1345 2312 1396 vestram
2330 1337 2665 1411 jussionem,
2692 1336 2919 1396 consilio
2947 1335 3341 1410 praedictorum
3385 1337 3498 1407 epi-

1908 1447 2208 1505 scoporum
2244 1431 2469 1489 factam.

1977 1529 2116 1584 Data
2141 1527 2197 1582 in
2228 1526 2402 1600 burgo
2425 1523 2915 1599 Aquaapendentis,
2946 1531 3139 1584 octavo
3171 1523 3300 1583 Idus
3334 1527 3503 1582 Octo-

1907 1618 2043 1688 bris,
2088 1618 2390 1678 indictione
2415 1619 2675 1677 secunda.

2477 1715 2834 1772 EPISTULA
2863 1715 2932 1770 V.

2030 1821 2112 1864 Αι)
2153 1822 2582 1866 HBBIMANNUM
2623 1822 2957 1865 MEIENSBM
2992 1822 3370 1867 BPlSCOPUM.

2491 1903 2684 1966 (Anno
2729 1901 2912 1966 1078.)

1911 1994 2088 2050 Monet
2114 1998 2175 2048 ut
2203 1995 2499 2050 Tullensem
2523 1995 2829 2064 episcopum
2859 1991 3102 2061 adjuvet,
3132 1994 3222 2048 cui
3244 1995 3502 2050 concessit

1982 2070 2043 2120 ut
2069 2080 2247 2120 coram
2276 2073 2510 2136 quatuor
2545 2066 2824 2135 episcopis,
2851 2066 2902 2118 si
2918 2067 3142 2133 propter
3176 2067 3332 2135 regni
3359 2081 3503 2119 com-

1982 2139 2266 2192 motionem
2288 2153 2384 2192 ερατ
2399 2136 2563 2192 simul
2585 2150 2877 2191 convocare
2895 2150 2998 2189 non
3014 2137 3209 2206 possit,
3229 2151 3283 2189 se
3305 2151 3503 2206 expur-

1979 2213 2082 2275 get.
2109 2211 2247 2263 Eum
2277 2210 2464 2278 arguit
2482 2207 2625 2278 quod
2646 2208 2781 2261 bona
2800 2206 3027 2261 ecclesia:
3045 2205 3372 2275 quibusdam
3404 2209 3503 2262 mi-

1982 2280 2171 2334 litibus
2199 2280 2271 2334 ad
2294 2296 2348 2335 se
2377 2278 2776 2347 defendendum
2797 2278 3032 2346 largitus
3055 2279 3144 2332 sit.

1980 2372 2340 2454 Gnnoonws
2359 2372 2661 2446 episcopus,
2678 2385 2866 2429 servus
2874 2385 3161 2428 servorum
3176 2369 3302 2439 Dei,
3323 2372 3505 2429 Hset-

1908 2481 2118 2523 muivo
2159 2465 2395 2524 Metensi
2443 2465 2699 2540 episcopo
2744 2465 2982 2523 salutem
3037 2471 3093 2522 et
3147 2463 3500 2537 apostolicam

1907 2559 2361 2618 benedictionem.

1977 2654 2143 2710 Novit
2191 2653 2412 2712 dilectio
2475 2661 2597 2725 tua,
2662 2652 2830 2712 frater
2886 2652 3235 2724 charissima,
3293 2661 3498 2728 quanto

1896 2747 2017 2820 jam
2034 2755 2278 2821 tempore
2302 2748 2576 2806 Tullensis
2596 2748 2883 2822 episcopus
2898 2748 3158 2822 fatigatus
3175 2746 3503 2806 laboraverit

204 2855 409 2913 cunque
450 2841 597 2910 vult,
642 2840 810 2915 ligare
856 2850 910 2898 et
950 2842 1250 2900 absolvere.
1300 2841 1464 2915 Unde
1511 2841 1649 2899 scias
1696 2857 1800 2901 nos
1908 2848 2072 2915 atque
2119 2839 2308 2899 multis
2335 2842 2605 2916 angustiis
2650 2841 2928 2900 sudaverit
2969 2858 3069 2916 pro
3097 2841 3404 2915 repellenda
3436 2859 3503 2900 ea

203 2933 454 2993 adversus
467 2934 841 2993 temeritatem
858 2937 1261 3010 tuamgraviter
1278 2944 1592 2992 commotos
1604 2935 1796 3006 fuisse,
1905 2951 2074 3007 quam
2095 2934 2196 2993 sibi
2235 2935 2432 3009 injuste
2471 2934 2742 3008 objectam
2780 2951 2899 2993 esse
2941 2934 3223 2993 contendit
3249 2933 3496 2992 infamia.

203 3027 298 3085 nisi
337 3029 660 3102 apostolicae
690 3028 832 3086 sedis
872 3028 1242 3088 mansuetudo
1280 3045 1383 3087 nos
1424 3027 1710 3098 detineret,
1744 3038 1800 3087 et
1905 3027 2013 3086 Sed
2038 3029 2162 3102 quia
2194 3038 2418 3104 propter
2456 3029 2839 3088 imminentem
2866 3028 3023 3103 regni
3059 3029 3494 3087 commotionem

203 3121 294 3178 nisi
319 3137 489 3180 mens
514 3131 706 3180 nostra
733 3121 802 3180 de
830 3122 1026 3180 litteris
1062 3122 1197 3180 olim
1224 3139 1389 3196 super
1427 3122 1532 3180 hoc
1566 3124 1792 3196 negotio
1828 3165 1874 3235 ο

1905 3139 1997 3180 sex
2039 3123 2202 3182 simul
2237 3124 2520 3198 episcopos
2562 3125 2631 3182 ad
2669 3124 3119 3198 expurgationem
3160 3139 3318 3180 suam
3359 3139 3499 3180 con-

201 3215 290 3270 tibi
345 3216 687 3274 transmissis
735 3216 1150 3288 quodammodo
1213 3215 1509 3274 dubitaret.
1567 3216 1791 3274 Solliciti
1828 3197 1900 3236 Ψ
1908 3233 2102 3275 vocare
2147 3197 2507 3292 nonipotest,
2558 3218 2662 3276 hoc
2717 3197 2766 3275 ei
2823 3227 3048 3291 paterna
3097 3216 3495 3291 compatientes

203 3309 397 3366 etenim
448 3325 650 3366 sumus
693 3325 762 3366 ne
800 3310 996 3368 littera
1042 3309 1151 3368 illae
1195 3308 1386 3368 fraude
1429 3310 1658 3384 alicujus
1704 3320 1799 3369 aut

201 3400 431 3460 falsitate
453 3403 908 3461 immutarentur.
938 3407 1012 3460 Et
1044 3403 1168 3461 ideo
1194 3405 1472 3478 exemplar
1501 3422 1692 3464 earum
1724 3403 1798 3463 ad

201 3496 636 3570 cognoscendam
677 3497 1021 3555 voluntatem
1065 3506 1319 3555 nostram
1367 3499 1464 3556 tibi
1503 3499 1797 3556 ostenden-

201 3590 328 3648 dum
373 3606 497 3648 esse
549 3591 877 3664 putavimus,
931 3599 1010 3660 ut,
1060 3592 1105 3648 si
1145 3591 1371 3649 easdem
1425 3607 1542 3648 esse
1589 3600 1646 3648 et
1689 3608 1801 3648 non

201 3684 517 3742 immutatas
544 3685 820 3752 claruerit,
861 3685 1134 3759 intelligas
1175 3695 1228 3742 te
1276 3694 1372 3743 aut
1416 3685 1614 3759 spiritu
1654 3701 1796 3759 pra:-

201 3777 524 3852 sumptionis
551 3787 646 3835 aut
671 3779 979 3850 ignorantia
1012 3787 1207 3836 contra
1244 3778 1634 3836 auctoritatem
1664 3795 1796 3836 san-

201 3877 294 3929 cta
310 3874 592 3930 Romanae
614 3873 871 3930 Ecclesiae
892 3873 1053 3930 verba
1076 3873 1329 3946 jactasse,
1348 3873 1499 3946 quasi
1526 3873 1795 3932 imitando

202 3965 505 4024 Orientales
527 3965 621 4039 qui
642 3973 836 4024 contra
858 3965 1081 4023 beatum
1106 3983 1304 4040 papam
1328 3966 1539 4024 Julium
1567 3953 1792 4042 obloqui

203 4068 696 4134 presumpserunt,
727 4076 793 4118 eo
821 4059 971 4135 quod
1012 4060 1129 4134 ipse
1157 4061 1572 4119 sanctissimum
1614 4061 1790 4118 Atha-

203 4156 408 4212 nasium
437 4155 814 4228 patriarcham
854 4156 973 4214 sine
995 4172 1220 4214 assensu
1248 4171 1445 4213 eorum
1467 4155 1789 4222 absolverat,

203 4247 400 4323 tibique
439 4249 701 4322 deinceps
743 4267 939 4310 caveas
977 4268 1047 4309 ne
1096 4250 1416 4325 hujusmodi
1458 4257 1647 4308 contra
1691 4265 1792 4307 nos

206 4343 505 4402 temeritate
535 4344 826 4414 rescribas,
867 4344 964 4404 sed
993 4345 1174 4418 potius
1211 4345 1282 4404 ad
1311 4344 1640 4403 documenta
1679 4358 1793 4401 san-

209 4444 414 4494 ctorum
444 4439 678 4496 Patrum
699 4455 821 4512 quae
841 4448 896 4496 te
918 4439 1068 4513 loqui
1089 4447 1146 4496 et
1176 4439 1419 4498 scribere
1436 4438 1671 4496 doceant
1693 4436 1793 4495 bu-

1903 3310 2103 3385 pietate
2142 3313 2514 3370 concessimus
2563 3320 2625 3369 ut
2653 3320 2888 3384 quatuor
2921 3312 3208 3386 episcopis,
3251 3311 3320 3369 ad
3351 3325 3498 3384 prat-

1902 3422 2029 3463 sens
2097 3421 2287 3463 secum
2341 3405 2686 3478 jurantibus,
2762 3414 3121 3480 expurgatus,
3192 3403 3500 3479 episcopale

1903 3498 2159 3558 ofﬁcium
2199 3513 2298 3574 per
2330 3497 2515 3556 omnia
2559 3495 2742 3555 faciat.
2795 3501 2878 3556 De
2921 3497 3142 3556 duobus
3177 3507 3365 3555 autem
3402 3495 3498 3570 qui

1902 3600 2106 3651 statuto
2127 3591 2334 3665 judicio
2374 3593 2636 3650 interesse
2672 3591 2900 3662 debent,
2941 3591 3181 3649 inducias
3213 3609 3384 3666 usque
3423 3592 3491 3652 ad

1901 3685 2382 3761 Quadragesimam
2417 3703 2450 3744 a
2472 3687 2635 3744 nobis
2676 3687 2906 3760 accepit.
2941 3685 3138 3754 Unde,
3183 3685 3307 3758 quia
3334 3695 3396 3742 tu
3441 3685 3494 3743 in

1901 3779 2092 3837 eadem
2128 3780 2352 3839 dioecesi
2392 3779 2606 3854 positus
2633 3796 2713 3850 es,
2739 3795 3036 3838 monemus
3061 3788 3116 3837 et
3141 3777 3498 3837 exhortamur

1896 3881 2052 3931 tuam
2077 3872 2207 3932 mihi
2235 3873 2608 3932 dulcissimam
2633 3873 2953 3932 charitatem
2981 3882 3033 3932 et
3068 3873 3363 3948 apostolica
3398 3873 3493 3930 tibi

1898 3967 2220 4025 auctoritate
2263 3967 2612 4041 pmcipimus
2653 3977 2735 4037 ut,
2765 3969 2810 4026 si
2863 3965 3154 4042 praefatum
3182 3967 3497 4026 Tullensem

1899 4061 2216 4136 episcopum
2248 4060 2576 4136 culpabilem
2605 4059 2982 4119 indubitanter
3005 4077 3124 4120 esse
3151 4061 3493 4135 cognoveris,

1897 4155 2201 4214 fraternam
2233 4172 2462 4214 manum
2486 4155 2677 4214 auxilii
2707 4155 3026 4230 (utjustum
3049 4163 3150 4222 est)
3181 4156 3226 4212 ei
3256 4154 3496 4230 praebere

1898 4265 2014 4306 non
2053 4247 2307 4321 differas;
2359 4251 2627 4322 scriptum
2679 4257 2761 4308 est
2806 4249 2953 4306 enim
2994 4271 3007 4306 :
3068 4253 3225 4308 Alter
3267 4251 3496 4306 alterius

1898 4360 2058 4400 onera
2101 4348 2353 4415 portate,
2426 4347 2477 4398 et
2525 4346 2601 4399 sic
2654 4343 3030 4414 adimplebitis
3087 4345 3249 4414 legem
3297 4344 3500 4402 Christi

1899 4439 2045 4506 (Gal.
2081 4438 2190 4509 vr).
2241 4439 2314 4492 Et
2340 4436 2470 4494 item
2505 4453 2520 4491 :
2551 4438 2615 4494 Si
2653 4439 2779 4508 quis
2820 4437 3024 4493 viderit
3062 4438 3297 4505 fratrem
3337 4453 3495 4493 suum

211 4530 398 4588 militer
423 4547 699 4602 recurras,
726 4541 784 4590 et
827 4532 1131 4590 secundum
1174 4539 1422 4591 tenorem
1455 4531 1756 4590 litterarum
1772 4572 1787 4599 ,
1822 4533 2262 4618 mnecessitatem
2291 4531 2589 4596 habentem,
2614 4535 2664 4588 et
2691 4531 2945 4588 clauserit
2972 4531 3176 4587 viscera
3199 4547 3300 4587 sua
3324 4532 3394 4587 ab
3414 4548 3492 4596 eo,

213 4635 428 4696 quarum
456 4626 736 4699 exemplar
761 4625 861 4684 tibi
905 4625 1351 4696 transmittimus,
1398 4625 1646 4700 praedicti
1691 4623 1789 4681 ho-

213 4717 360 4776 minis
400 4720 691 4793 negotium
735 4719 806 4778 ad
849 4719 1017 4778 linem
1068 4720 1367 4794 perducere
1411 4717 1653 4777 studeas.
1695 4719 1794 4776 Vir

216 4809 326 4880 iste,
363 4812 799 4872 Weremboldus
839 4813 1084 4884 nomine,
1113 4823 1445 4888 conquestus
1488 4822 1572 4872 est
1612 4829 1671 4870 se
1714 4812 1792 4870 in-

213 4902 343 4976 iuste
383 4922 414 4964 a
453 4915 511 4965 te
540 4908 1090 4966 excommunicatum
1119 4923 1248 4965 cum
1289 4922 1461 4964 uxore
1505 4923 1605 4964 sua
1644 4921 1789 4978 esse;

218 4998 344 5057 unde
383 5002 491 5059 sibi
537 5001 629 5058 vix
682 5001 850 5060 ﬁdem
899 5001 1159 5060 adhibere
1216 5016 1528 5074 possumus.
1581 5002 1794 5058 Tamen

217 5103 492 5164 mouemus
516 5093 867 5168 prudentiam
895 5104 1074 5166 tuam,
1105 5102 1171 5153 ut
1197 5093 1268 5153 ad
1294 5093 1553 5153 notitiam
1578 5093 1792 5168 religio-

218 5196 390 5245 torum
430 5187 781 5246 confratrum
827 5196 1176 5259 nostrorum,
1218 5187 1556 5247 Trevirensis
1595 5187 1796 5245 scilicet

218 5278 594 5357 archiepiscopi
617 5289 672 5340 et
696 5281 962 5341 Metensis
988 5282 1248 5357 episcopi,
1276 5281 1439 5357 hujus
1466 5281 1545 5340 rei
1571 5297 1795 5341 causam

216 5370 410 5434 deferre
430 5375 622 5443 facias,
653 5392 953 5450 eorumque
980 5376 1208 5435 consilio
1233 5384 1290 5434 et
1309 5376 1520 5451 judicio
1553 5375 1795 5434 difﬁnire

215 5477 476 5538 prowres.
501 5470 588 5527 De
603 5477 749 5528 veste
775 5483 903 5528 vero
924 5469 1270 5543 monachica,
1296 5477 1353 5529 et
1373 5472 1492 5529 velo
1511 5471 1792 5546 imposito,

214 5562 266 5616 et
289 5563 520 5636 pecunia
547 5561 744 5635 ablata,
769 5564 1096 5623 eorumdem
1117 5564 1433 5624 testimonio
1453 5573 1507 5623 et
1516 5565 1791 5640 justitiam

213 5651 380 5715 facere
421 5666 480 5715 et
521 5658 792 5717 rationem
841 5673 1049 5731 ponere
1092 5671 1205 5716 non
1240 5671 1478 5729 recuses,
1525 5669 1793 5733 quatenus

212 5743 306 5807 sibi
333 5752 684 5810 occasionem
725 5751 1104 5826 proclamandi
1130 5749 1346 5811 auferas
1371 5761 1428 5812 et
1464 5753 1698 5828 teipsum
1724 5753 1793 5812 ab

210 5845 348 5900 omni
393 5845 741 5903 accusatione
792 5854 1076 5920 protegas,
1115 5845 1343 5920 justitiae
1385 5847 1699 5920 integritate
1739 5856 1793 5906 et

1899 4625 2155 4696 quomodo
2195 4625 2432 4682 charitas
2481 4627 2581 4682 Dei
2621 4629 2803 4681 manet
2852 4625 2912 4680 in
2955 4627 3050 4681 eo?
3081 4627 3129 4692 (I
3163 4627 3319 4682 Joan.
3369 4627 3488 4696 ιιι.)
3556 4683 3564 4700 τ

1900 4720 2169 4778 Praeterea
2209 4718 2450 4792 pervenit
2495 4718 2565 4777 ad
2592 4733 2694 4776 nos
2735 4717 2886 4792 quod
2931 4727 3153 4792 propter
3197 4717 3494 4777 instantem

1901 4812 2249 4870 inimicorum
2277 4821 2500 4871 tuorum
2543 4811 2948 4870 infestationem
2993 4821 3103 4870 tuae
3143 4811 3291 4871 bona
3319 4812 3493 4872 eccle-

1875 4904 1999 4966 'siae
2035 4906 2262 4980 largitus
2288 4907 2362 4964 sis
2406 4904 2738 4981 quibusdam
2779 4905 3075 4978 militibus,
3123 4916 3178 4965 et
3217 4921 3283 4966 eo
3326 4907 3494 4966 modo

1900 5000 2130 5060 honoris
2156 5000 2230 5058 tui
2278 4999 2512 5075 dignitas
2556 4999 2798 5075 quotidie
2840 5000 3013 5076 (quod
3049 5017 3164 5059 non
3211 5002 3490 5077 optamus)

1898 5093 2181 5153 minuatur
2218 5102 2378 5169 atque
2406 5093 2707 5153 decrescat.
2755 5094 2992 5153 Proinde
3037 5103 3192 5154 tuam
3233 5097 3488 5154 volumus

1899 5189 2236 5247 admonitam
2275 5203 2392 5246 esse
2434 5188 2807 5263 prudentiam,
2846 5203 2917 5248 ne
2943 5189 3168 5264 alicujus
3211 5191 3488 5264 magnitu-

1899 5282 2025 5343 dine
2081 5281 2447 5341 tribulationis
2506 5291 2730 5342 coactus
2789 5284 3177 5342 ecclesiasticas
3232 5283 3490 5359 cuiquam

1900 5375 2248 5437 hereditates
2272 5375 2540 5453 largiaris,
2564 5376 2712 5436 unde
2747 5379 2986 5436 multum
3014 5385 3070 5437 te
3099 5386 3289 5453 postea
3308 5378 3491 5453 paeni-

1900 5479 2032 5540 teat,
2062 5486 2192 5530 cum
2233 5471 2382 5546 quod
2414 5469 2582 5530 modo
2626 5472 2878 5531 turbatus
2921 5474 3096 5548 egeris
3131 5473 3282 5531 nullo
3325 5472 3494 5534 modo

1900 5564 2193 5624 emendare
2221 5565 2478 5638 potueris.
2508 5566 2742 5640 Oportet
2787 5573 2975 5624 autem
3011 5576 3075 5624 ut
3113 5573 3288 5624 totam
3333 5581 3489 5640 spem

1899 5667 2054 5718 tuam
2093 5659 2150 5717 in
2180 5659 2420 5718 Domino
2445 5675 2642 5734 ponas,
2669 5659 2975 5718 certissime
3003 5661 3182 5719 sciens
3217 5661 3342 5734 quia
3382 5664 3487 5717 Do-

1895 5755 2076 5813 minus
2105 5771 2210 5812 non
2238 5755 2566 5828 derelinquit
2590 5759 2865 5827 sperantes
2903 5756 2963 5809 in
3000 5771 3054 5811 se
3083 5754 3261 5825 (Prov.
3305 5768 3486 5821 xxxx,

1901 5854 2011 5918 25).
2032 5849 2377 5909 Conﬂdimus
2394 5848 2546 5907 enim
2573 5847 3012 5918 omnipotentem
3041 5846 3370 5916 Dominum,
3401 5863 3489 5905 ve-
