4144 6184
592 265 697 320 515

1279 259 1334 314 8.
1367 257 1699 318 ,GREGORII
1740 255 1825 311 Vll
1866 256 2062 312 ΡΑΡίΕ
2098 254 2184 310 ΟΡ

2295 255 2374 314 un
2407 213 2583 314 rius
2622 257 2664 312 ι.
2704 284 2774 298 -
2810 256 3212 315 scamnum.

3781 263 3888 316 516

618 388 693 445 ris
749 385 1096 458 aliorumque
1140 382 1557 456 religiosorum,
1624 397 1764 454 quos
1821 381 1878 438 in
1943 379 2182 456 partibus
2217 385 2271 450 Α
2299 381 2435 439 bens
2463 381 2759 442 defendere
2798 382 3108 453 tentaverit,
3156 381 3242 440 vel
3273 381 3497 455 aliquod
3531 383 3892 457 patrocinium

595 481 788 540 vestris
813 481 993 554 plures
1033 494 1150 537 esse
1189 478 1592 552 cognoscimus,
1629 477 1969 536 orationibus
2011 478 2187 550 placa-

593 587 735 647 tum,
757 591 951 649 pacem
981 573 1238 632 Ecclesiae
1262 588 1380 632 suae
1408 573 1520 631 cito
1550 588 1669 630 esse
1687 571 1968 630 daturum.

667 675 805 728 Data
833 669 999 728 Sutrii
1029 668 1270 740 [Sueiis],
1315 667 1606 727 undecimo
1632 665 1910 726 Kalendas
1948 667 2186 725 Novem-

597 766 729 834 bris,
754 765 1051 823 indictione
1070 763 1327 823 secunda.

667 859 732 917 ln
779 859 1006 917 nomine
1056 859 1260 926 Patris,
1301 867 1358 916 et
1402 857 1545 927 Filii,
1595 865 1651 916 et
1699 853 1934 931 Spiritus
1976 856 2183 926 sancti,

593 969 735 1011 anno
775 961 932 1011 sexto
969 953 1318 1027 pontiﬁcatus
1347 952 1560 1011 domini
1589 952 1841 1025 Gregorii
1881 967 2036 1026 papa:
2063 968 2186 1026 sep-

593 1049 748 1118 timi,
788 1048 994 1107 mensis
1021 1046 1346 1106 Novembris
1389 1048 1478 1107 die
1521 1047 1735 1106 decima
1778 1046 2041 1120 septima,
2094 1046 2185 1104 in-

594 1145 834 1204 dictione
873 1144 1131 1212 secunda,
1160 1146 1375 1200 Romae.
1419 1145 1536 1216 Ego
1580 1145 1764 1200 Marro
1793 1141 1990 1199 Gisleri
2018 1141 2183 1210 ﬁlius,

595 1236 870 1296 habitator
923 1239 976 1296 in
1027 1238 1226 1296 ducatu
1281 1237 1612 1311 Spoletano,
1663 1253 1763 1309 pro
1809 1235 2186 1309 redemptione

598 1333 794 1390 animm
849 1345 990 1390 mete
1039 1341 1094 1389 et
1137 1340 1424 1406 parentum
1479 1347 1734 1389 meorum
1791 1329 1973 1399 dono,
2024 1328 2185 1388 trado

597 1436 761 1500 atque
802 1423 976 1484 offero
1023 1427 1185 1484 beato
1225 1429 1386 1484 Petro
1417 1425 1799 1499 apostolorum
1839 1424 2101 1498 principi,
2131 1432 2186 1482 et

593 1535 757 1594 super
813 1522 983 1579 altare
1038 1522 1154 1594 ejus
1202 1521 1389 1578 omnia
1448 1536 1570 1593 qua:
1619 1519 1754 1576 mihi
1803 1519 2072 1591 pertinent
2118 1518 2187 1577 de

592 1618 804 1685 Castro,
832 1615 982 1690 quod
1016 1624 1240 1673 vocatur
1264 1614 1546 1672 Moricicla
1581 1612 1914 1685 [Moricida],
1945 1613 2188 1687 positum

590 1710 737 1776 inter
760 1711 1044 1768 ‘Muricem
1074 1719 1130 1769 et
1174 1710 1586 1784 Clarignanum,
1632 1709 1780 1782 quod
1818 1708 2189 1780 conquisitum

2295 478 2376 535 vel
2420 479 2722 552 potentiam
2769 495 2996 553 sperans
3044 478 3309 552 iniustum
3354 478 3640 558 negotium
3685 480 3896 553 agitare

2295 588 2460 632 ausus
2482 572 2664 646 fuerit,
2691 575 2930 648 graviter
2953 583 3012 633 et
3030 573 3376 633 severissime
3397 573 3712 647 puniemus.

2367 671 2510 726 Data
2551 670 2769 740 Romae,
2813 677 3006 730 octavo
3047 667 3325 728 Kalendas
3360 667 3707 742 Decembris,
3753 668 3895 730 indi-

2294 762 2472 823 ctione
2496 764 2758 825 secunda.

2838 861 3190 924 EPISTOLA
3227 861 3349 922 VII.

2509 974 2592 1018 AD
2634 973 2941 1020 HUGONEK
2979 971 3255 1018 ΒιΒΝειιι
3292 971 3667 1020 EPISCOPUK.

2903 1059 3086 1122 (Anno
3113 1057 3296 1121 1078.)

2303 1151 2370 1207 Ut
2414 1151 2702 1208 Robertum
2750 1150 3141 1207 Flandrensem
3186 1151 3430 1206 comitem
3477 1148 3547 1205 ab
3589 1150 3898 1222 apostolicis

2364 1225 2505 1280 sedis
2536 1224 2704 1293 legato
2733 1229 2782 1278 et
2824 1224 3146 1292 Lingonensi
3185 1224 3426 1293 episcopo
3467 1227 3897 1278 emcommum’ca-

2365 1300 2500 1358 tum,
2532 1297 2582 1350 si
2626 1311 2730 1350 non
2772 1297 3016 1349 canonice
3043 1294 3106 1349 id
3150 1295 3360 1360 factum
3402 1296 3685 1365 repererit,
3733 1296 3820 1350 vel
3848 1299 3902 1350 si

2367 1368 2687 1434 satisfacere
2713 1366 2965 1429 voluerit,
2997 1365 3256 1420 absolvat.
3304 1365 3457 1434 Quod
3479 1367 3531 1422 si
3554 1367 3671 1437 ipse
3705 1368 3894 1434 facere

2365 1440 2689 1509 nequiverit,
2713 1455 2818 1509 per
2847 1439 3129 1508 religiosas
3156 1437 3216 1492 id
3238 1439 3447 1508 efﬁciat
3466 1453 3748 1509 pmonas.

2363 1534 2721 1591 Gnnoonws
2750 1531 3054 1605 episcopus,
3085 1547 3276 1590 servus
3305 1547 3590 1603 servorum
3618 1531 3745 1602 Dei,
3776 1535 3902 1590 HU-

2295 1643 2443 1687 δοκι
2467 1626 2660 1685 .Diensi
2697 1626 2951 1700 episcOpo
2980 1626 3212 1686 salutem
3239 1633 3296 1684 et
3331 1626 3689 1700 apostolicam
3721 1625 3897 1686 bene-

2297 1722 2621 1781 dictionem.

588 1803 765 1863 habeo
804 1820 901 1879 per
940 1806 1474 1865 concambiationem
1502 1825 1531 1865 a
1565 1810 1784 1868 Litaldo
1826 1818 1882 1868 et
1923 1811 2181 1881 Hugone,
2218 1801 2264 1865 Β
2365 1817 2507 1888 Quia
2536 1831 2602 1873 ex
2630 1815 2914 1891 pastoralis
2951 1814 3122 1874 ofﬁcii
3152 1815 3492 1890 susceptione
3533 1824 3754 1890 oportet
3792 1832 3901 1877 nos

590 1899 881 1973 nepotibus
899 1901 1174 1976 Hugonis,
1205 1902 1300 1960 ﬁlii
1329 1904 1542 1974 Ascari,
1568 1904 1626 1961 in
1655 1905 1810 1978 plebe
1837 1903 1906 1962 de
1935 1905 2185 1970 Luzano,

591 2003 864 2052 reservato
906 1995 1196 2053 usufructu
1234 1997 1431 2056 diebus
1476 1998 1601 2058 vita:
1648 2015 1821 2070 meae,
1867 2007 1922 2056 et
1971 1994 2187 2054 Brutuli

593 2086 690 2144 ﬁlii
741 2089 849 2147 mei
879 2099 934 2146 et
983 2091 1224 2148 ﬁliorum
1264 2093 1496 2163 Brutuli,
1528 2093 1574 2151 si
1603 2094 1834 2151 masculi
1873 2091 2076 2150 fuerint
2119 2089 2188 2148 de

594 2182 838 2255 legitimo
901 2185 1154 2259 conjugio
1208 2185 1478 2260 procreati
1535 2187 1760 2266 (Pontif.
1821 2191 1880 2245 in
1935 2187 2187 2256 Gregorio

593 2279 858 2350 septimo).

1146 2377 1500 2435 EPISTOLA
1537 2379 1630 2436 VI.
1689 2387 1694 2398 '

1186 2473 1371 2543 (Anno
1412 2477 1595 2538 1078.)

597 2570 851 2655 Declarat
893 2586 960 2626 ea:
995 2585 1090 2655 suo
1127 2575 1394 2653 pi-cecepto
1423 2570 1756 2655 concordiam
1791 2570 2008 2655 factam‘
2025 2567 2206 2655 inter

663 2647 960 2714 episcopum
1018 2640 1394 2698 Tauriuensem
1455 2648 1506 2696 et
1552 2641 1800 2698 abbatem
1860 2640 2035 2714 sancti
2087 2640 2187 2695 Mi-

665 2712 878 2778 chaelis,
913 2717 963 2770 et
984 2715 1177 2784 quibus
1209 2714 1619 2770 conditionibus.
1653 2714 1722 2770 Se
1743 2716 1800 2768 in
1825 2728 1908 2767 eos
1938 2712 2184 2784 ultu-rum

663 2790 745 2926 ait
773 2788 1004 2912 «Iguiocton
1041 2787 1404 2856 acquicverint
1446 2789 1496 2842 et
1534 2784 1795 2856 injustam
1824 2799 2043 2840 causam
2083 2783 2184 2839 de-

694 2875 774 2914 em
799 2874 913 2912 erm
947 2898 959 2911 .

663 2963 1006 3019 Gancoaws
1035 2958 1342 3034 episcopus,
1371 2975 1563 3018 servus
1589 2975 1877 3019 servorum
1902 2957 2027 3016 Dei.

662 3057 868 3113 Notum
901 3062 1016 3112 tam
1048 3055 1403 3128 praesentibus
1430 3071 1596 3128 quam
1625 3057 1860 3129 posteris
1887 3056 2002 3116 ﬁeri
2032 3057 2186 3116 volu-

2297 1927 2553 1985 magnam
2603 1910 3031 1970 sollicitudinem
3063 1911 3268 1969 habere
3313 1910 3381 1969 de
3426 1911 3598 1969 salute
3638 1912 3900 1970 omnium

2295 2006 2535 2064 ﬁliorum
2572 2005 2854 2076 Ecclesia,
2897 2004 3166 2064 debemus
3209 2005 3525 2079 quantotius
3563 2005 3898 2075 emendare,

2293 2100 2338 2157 si
2360 2100 2493 2173 quid
2525 2099 2834 2158 noverimus
2862 2100 3019 2157 aliter
3039 2108 3256 2175 gestum
3284 2115 3402 2158 esse
3431 2115 3594 2173 quam
3630 2101 3903 2158 convenit

2296 2193 2604 2252 rectitudini
2655 2194 3058 2252 ecclesiasticae.
3111 2194 3352 2253 Proinde
3391 2194 3744 2253 notiﬁcamus
3803 2193 3896 2253 di-

2297 2288 2517 2346 lectioni
2563 2297 2694 2359 tum,
2743 2289 2900 2347 nobis
2953 2304 3049 2362 per
3099 2288 3348 2363 aliquos,
3397 2297 3454 2345 et
3496 2287 3742 2347 maxime
3793 2305 3898 2363 per

2295 2384 2680 2457 Ingelrannum
2749 2383 3143 2442 Flandrensem
3215 2383 3511 2450 clericum,
3585 2383 3900 2443 innomisse

2296 2477 2605 2535 Robertum
2634 2477 3034 2536 Frandrensem
3052 2477 3317 2536 comitem
3347 2477 3414 2535 ab
3436 2477 3689 2536 Huberto
3713 2477 3898 2554 legato

2293 2581 2481 2629 nostro
2520 2581 2576 2629 et
2603 2575 2839 2646 Hugone
2867 2571 3202 2646 Lingonensi
3244 2573 3519 2647 episcopo,
3547 2588 3644 2646 per
3684 2572 3900 2632 machi-

2293 2667 2544 2725 nationes
2609 2666 2954 2724 inimicorum
3024 2683 3285 2737 suorum,
3351 2667 3898 2726 excommunican

2293 2776 2428 2819 esse.
2463 2759 2624 2833 Quod
2655 2761 2779 2834 quia
2807 2777 2920 2819 non
2961 2760 3248 2831 debemus,
3277 2762 3322 2818 si
3362 2777 3553 2819 verum
3590 2769 3694 2832 est,
3722 2761 3894 2832 ferre,

2294 2856 2537 2930 rogando
2562 2855 2892 2913 mandamus
2931 2855 3257 2913 fraternitati
3286 2864 3397 2914 tua:
3441 2866 3524 2926 ut,
3554 2856 3600 2913 si
3635 2855 3736 2913 tibi
3767 2873 3895 2916 mo-

2294 2949 2492 3008 lestum
2521 2966 2634 3008 non
2661 2957 2764 3019 est,
2797 2950 2868 3008 ad
2897 2949 3016 3007 illas
3055 2958 3232 3023 partes
3262 2951 3485 3008 festines
3513 2950 3810 3022 accedere,
3840 2961 3899 3010 et

2297 3045 2342 3100 si
2386 3043 2660 3102 inveneris
2707 3061 2836 3102 eum
2865 3059 2981 3102 non
3009 3045 3268 3103 canonice
3314 3045 3894 3116 excommunicatum,

593 3165 717 3208 mus
757 3166 980 3208 causam
1033 3149 1177 3223 (394)
1224 3149 1508 3208 Cumberti
1550 3150 1902 3210 Taurin‘ensis
1944 3153 2185 3228 episcopi

2298 3138 2550 3197 absolvas
2596 3155 2725 3197 eum
2753 3156 2819 3198 ex
2848 3139 2995 3197 beati
3038 3138 3188 3197 Petri
3228 3139 3605 3213 apostolorum
3631 3139 3899 3214 principis

591 3252 647 3303 et
668 3244 877 3303 abbatis
913 3245 1095 3302 Sancti
1127 3243 1443 3316 Michaelis,
1473 3245 1709 3318 qualiter
1738 3247 2043 3306 ﬁniendam
2069 3265 2188 3308 esse

591 3339 892 3414 posuimus.
939 3338 1233 3396 Venientes
1270 3338 1420 3398 enim
1459 3349 1585 3398 ante
1641 3349 1893 3398 nostram
1943 3359 2186 3417 praesen-

591 3432 744 3505 tiam,
794 3442 918 3508 post
965 3431 1118 3507 plura
1163 3449 1438 3492 annorum
1483 3434 1752 3493 curricula
1807 3435 2007 3511 quibus
2051 3455 2186 3496 con-

588 3524 764 3604 questi
804 3537 935 3588 sunt
979 3529 1114 3587 alter
1159 3528 1420 3588 adversus
1465 3529 1736 3602 alterum,
1787 3547 1855 3588 ex
1903 3533 2183 3592 voluntate

587 3624 996 3698 acquiescentes
1043 3633 1098 3682 et
1144 3621 1466 3681 obedientes
1513 3633 1704 3682 nostro
1747 3624 1954 3698 jussui,
1990 3644 2181 3700 pacem

589 3720 731 3776 inter
759 3733 836 3789 se,
879 3717 1040 3775 nobis
1073 3717 1532 3790 praecipientibus,
1576 3718 1849 3778 fecerunt.
1885 3721 2093 3793 Quibus
2116 3739 2182 3782 ex

589 3811 914 3869 auctoritate
956 3812 1252 3885 apostolica
1298 3811 1682 3872 interdiximus
1725 3830 1797 3872 ne
1844 3814 1982 3872 alter
2027 3816 2184 3875 alteri

595 3905 936 3964 occasionem
979 3905 1271 3964 discordiae
1319 3906 1543 3964 ulterius
1571 3908 1862 3980 praeberet.
1912 3909 2023 3966 Sed
2067 3910 2183 3983 epi-

593 4017 790 4074 scopus
817 3999 1001 4058 abbati
1030 4009 1084 4058 et
1110 3999 1371 4074 praedicto
1398 4001 1737 4060 monasterio
1773 4002 2033 4060 emendet
2059 4019 2183 4078 quae

593 4094 642 4154 ei
693 4094 939 4166 abstulit,
997 4093 1098 4152 nisi
1152 4103 1423 4168 quantum
1466 4095 1635 4154 abbas
1677 4095 1725 4154 ei
1772 4096 2180 4160 condonaverit.

593 4189 855 4248 Similiter
890 4197 947 4248 et
989 4184 1157 4248 abbas
1189 4188 1445 4264 episcOpo
1469 4180 1652 4249 faciat.
1679 4194 1752 4249 Et
1786 4191 1892 4250 hoc
1926 4192 1981 4250 in
2003 4194 2184 4253 existi«

594 4285 838 4344 matione
889 4285 1135 4344 Astensis
1187 4284 1430 4359 episcopi
1482 4295 1538 4344 et
1595 4287 1835 4362 episcopi
1883 4290 2183 4363 Aquensis,

593 4393 695 4439 nec
721 4388 835 4439 ndn
873 4389 926 4440 et
976 4379 1186 4439 abbatis
1236 4381 1697 4452 Fructuariensis.
1748 4383 1808 4441 Si
1859 4393 2046 4441 autem
2075 4384 2187 4458 epi-

595 4490 792 4550 scopus
811 4476 1043 4535 voluerit
1058 4484 1114 4534 et
1129 4475 1369 4550 potuerit
1382 4476 1612 4551 probare
1629 4476 1764 4536 illud
1782 4480 2186 4538 monasterium

591 4570 650 4630 in
677 4533 1009 4645 praprietate
1037 4577 1092 4629 et
1129 4533 1340 4630 allodio
1380 4533 1464 4629 sui
1505 4570 1744 4646 episcopi
1787 4587 1906 4631 esse
1933 4582 2186 4633 constru-
2211 4533 2268 4616 υ

594 4673 768 4738 ctum,
799 4665 856 4723 in
874 4665 1129 4740 sequenti
1155 4665 1366 4740 synodo
1393 4673 1624 4740 uterque
1664 4681 1724 4724 se
1753 4675 2106 4740 praesentem,
2133 4677 2190 4728 et

593 4761 653 4820 in
681 4777 744 4820 eo
775 4760 989 4835 justam
1019 4769 1075 4819 et
1103 4761 1335 4836 legalem
1383 4760 1775 4819 difﬁnitionem
1815 4761 2098 4836 accipiant.
2131 4762 2186 4822 Si

593 4871 720 4913 vero
751 4854 934 4930 aliquo
975 4854 1367 4927 impedimento
1415 4857 1778 4924 cessaverint,
1825 4857 2031 4931 legatos
2057 4872 2187 4917 suos

594 4950 848 5024 dirigant,
903 4957 1170 5023 quatenus
1227 4948 1302 5008 eis
1351 4948 1456 5024 ipsi
1502 4958 1783 5025 reportent
1843 4953 2078 5026 qualiter
2134 4960 2190 5011 et

593 5045 814 5119 quando
849 5045 1019 5103 ﬁnem
1046 5060 1240 5103 eorum
1282 5045 1499 5118 negotio
1543 5045 1914 5120 imponamus.
1950 5043 2114 5117 Quod
2144 5048 2188 5106 si

591 5140 897 5215 episcopus,
929 5139 1146 5214 cognita
1171 5139 1421 5211 veritate,
1459 5142 1776 5218 cognoverit
1802 5140 1951 5199 idem
1985 5157 2188 5199 mona-

592 5235 821 5294 sterium
848 5251 966 5294 non
993 5251 1109 5294 esse
1132 5242 1517 5294 constructum
1541 5232 1600 5293 in
1626 5235 1833 5294 allodlo
1862 5236 1946 5294 sui
1975 5236 2194 5320 episco-_

591 5327 772 5405 'patus,
831 5330 916 5388 vel
959 5330 1127 5388 abbas
1172 5327 1517 5405 pel‘penderit
1545 5328 1692 5404 quod
1731 5331 2017 5406 episcopus
2044 5331 2189 5392 circa

591 5425 698 5485 hoc
748 5425 1034 5499 negotium
1051 5424 1264 5499 justam
1318 5434 1374 5484 et
1417 5415 1604 5485 veram
1656 5425 1854 5484 habeat
1891 5425 2186 5499 rationem,

587 5521 710 5588 sine
759 5521 936 5595 aliqua
987 5519 1390 5596 disceptatione
1442 5522 1527 5579 vel
1575 5521 1949 5580 controversia
1997 5522 2046 5580 ei
2097 5523 2188 5598 qui

591 5617 876 5676 veritatem
904 5624 960 5674 et
977 5616 1253 5691 justitiam
1295 5615 1546 5675 habuerit
1595 5616 1942 5690 acquiescat,
1992 5617 2189 5689 procul

590 5711 761 5776 dubio
787 5711 1016 5775 scientes
1055 5712 1180 5786 quia
1209 5728 1339 5772 eum
1368 5713 1460 5788 qui
1499 5711 1768 5788 injustam
1809 5727 2040 5773 causam
2079 5711 2180 5771 ha-

662 5887 812 5963 (394)
851 5885 950 5948 Est
975 5883 1329 5960 Cunipertus.
1375 5872 1571 5949 Hann.

2297 3243 2352 3292 et
2396 3243 2585 3291 nostra
2631 3243 2818 3307 parte;
2851 3233 2935 3291 sin
2991 3243 3212 3305 autem,
3256 3233 3408 3307 quod
3445 3251 3559 3293 non
3602 3241 3894 3307 optamus,

2297 3328 2577 3399 canonice,
2618 3336 2672 3386 et
2706 3337 2894 3386 tamen
2942 3328 3181 3387 voluerit
3207 3327 3535 3398 satisfacere,
3570 3328 3770 3386 iterum
3813 3345 3895 3389 ne

2295 3421 2515 3481 differas
2541 3439 2668 3481 eum
2714 3423 2838 3481 ovili
2869 3423 3160 3482 Dominico
3190 3424 3568 3492 reconciliare,
3599 3423 3724 3496 quia
3773 3424 3895 3498 ipse.

2295 3519 2559 3576 Summus
2607 3520 2800 3576 Pastor
2851 3534 3010 3577 ovem
3053 3517 3323 3592 perditam
3369 3517 3599 3593 propriis
3643 3517 3896 3578 humeris

2297 3613 2466 3672 voluit
2490 3613 2559 3672 ad
2586 3629 2807 3690 gregem
2844 3622 3146 3687 reportare.
3185 3613 3243 3671 Si
3273 3621 3462 3671 autem
3504 3612 3602 3670 tibi
3632 3613 3891 3686 possibile

2296 3723 2408 3766 non
2449 3715 2534 3766 est
2577 3707 2630 3767 id
2677 3724 2771 3782 per
2807 3709 3160 3782 temetipsum
3197 3724 3386 3783 agere,
3431 3707 3591 3765 mitte
3622 3723 3894 3782 personas

2297 3802 2574 3876 religiosas
2616 3818 2716 3878 pro
2745 3811 2818 3874 te,
2864 3816 2985 3877 quae
3013 3801 3378 3880 prmordinata
3430 3795 3692 3876 praedicto
3724 3803 3892 3864 modo

2297 3898 2509 3956 valeant
2543 3898 2716 3957 linire.

2369 3995 2514 4052 Data
2539 3992 2760 4066 Romae,
2798 3991 3034 4068 septimo
3071 3981 3202 4054 Kal.
3252 3989 3541 4066 Decemb.,
3587 3989 3895 4054 indictione

2297 4089 2555 4150 secunda.

2824 4164 3172 4222 EPISTOLA
3212 4159 3362 4220 VIII;

2444 4267 2524 4318 An
2562 4245 2925 4329 nassa-rubr,
2969 4273 3267 4317 moerens:
3309 4266 3380 4316 ετ
3416 4259 3745 4316 tineam-:11.

2890 4355 3076 4416 (Anno
3125 4354 3305 4423 1078.)

2299 4449 2599 4520 Quamdam
2627 4449 2815 4505 villam
2833 4465 2951 4504 cum
2975 4449 3215 4504 omnibus
3237 4445 3313 4503 ad
3349 4456 3466 4520 eam
3489 4431 3894 4520 pertinentier

2366 4523 2567 4577 clericis
2592 4522 2804 4578 Sancta:
2851 4523 3045 4578 Maria:
3083 4526 3134 4576 et
3173 4518 3362 4578 Sancti
3399 4518 3711 4577 Audoiitari
3733 4521 3899 4576 resti—

2369 4594 2630 4675 tuendam
2644 4595 2913 4675 pracipit.
2957 4587 3180 4675 _si
3196 4591 3370 4675 ju_stq_
3377 4593 3588 4648 ratione
3725 4605 3894 4648 suam

2369 4664 2923 4737 ecclesiam’pertinere
2949 4664 3294 4737 crediderint,
3322 4664 3601 4737 Bagoae-ru
3630 4665 3896 4737 Dicascm

2368 4733 2673 4809 episcopum
2718 4739 2952 4806 legatam
2996 4733 3195 4809 adeant
3223 4733 3628 4809 quadraginta
3657 4734 3896 4809 dierum

2365 4800 2574 4893 spatio}
2624 4825 2727 4879 quo
2765 4800 3321 4893 elaw0,-siﬂ'obedire
3363 4800 3542 4863 minus
3587 4807 3894 4890 uoluerint,

2365 4877 2665 4951 ingressuri
2695 4877 2926 4938 ecclesz
2947 4885 2997 4936 et
3051 4877 3415 4937 Christh
3447 4879 3893 4943 communionem,

2367 4953 2530 5010 donec
2559 4954 2899 5026 resipiscam,
2941 4949 3243 5007 interdicit.

2367 5049 2734 5130 Gnsconms
2760 5047 3067 5121 episcopus,
3094 5059 3284 5103 servus
3306 5059 3592 5103 servorum
3616 5041 3739 5112 Dei,
3771 5042 3896 5103 Hn-

2297 5149 2496 5204 Bltn'ro
2545 5150 2600 5200 et
2641 5140 2850 5208 clericis
2897 5148 2953 5197 et
2984 5139 3239 5198 omnibus
3284 5139 3579 5197 comitibus
3606 5137 3674 5196 de
3707 5145 3897 5195 castro

2297 5238 2479 5297 Sancti
2498 5237 2672 5305 Pauli,
2694 5225 2952 5297 Wioom
2976 5244 3032 5294 et
3055 5236 3326 5306 Euocat,
3347 5233 3580 5293 salutem
3601 5238 3656 5291 et
3671 5239 3900 5306 apostoé

2298 5333 2465 5392 licam
2489 5329 2950 5390 benedictionem.

2368 5425 2560 5486 Clerici
2603 5427 2821 5486 Sanctae
2867 5425 3057 5484 Mariae
3085 5431 3141 5483 et
3184 5423 3372 5483 Sancti
3403 5418 3739 5490 Audomari,
3785 5417 3894 5480 ad-

2297 5529 2488 5580 euntes
2514 5519 2870 5595 apostolicam
2908 5520 3124 5591 sedem,
3151 5518 3438 5594 conquesti
3479 5525 3610 5576 sunt
3637 5515 3706 5574 de
3733 5515 3896 5574 vobis

2297 5616 2449 5691 quod
2481 5616 2594 5690 jam
2619 5615 2795 5675 multo
2819 5619 3071 5690 tempore
3105 5613 3212 5676 sibi
3265 5621 3322 5672 et
3360 5627 3476 5672 suae
3513 5604 3764 5670 ecclesia:
3789 5625 3897 5667 au-

2296 5709 2451 5773 fertis
2495 5710 2793 5786 quamdam
2841 5710 3050 5782 villam,
3089 5711 3300 5771 Reseca
3349 5706 3714 5779 nominatam,
3757 5703 3896 5765 cum
