4144 6184
219 251 326 306 517

1403 247 1601 308 LIBER
1637 248 1903 306 SEXTUS.
1940 277 2011 290 —-
2049 250 2256 307 EPIST.
2298 253 2358 307 Χ.
2446 260 2448 262 ’

3421 263 3522 318 518

214 374 484 434 omnibus
525 373 593 432 ad
620 389 742 432 eam
772 371 1203 447 pertinentibus;
1232 378 1392 446 atque
1433 390 1563 430 cum
1606 374 1818 432 multo-
1843 380 1897 445 Α
1931 391 2167 433 rannum
2194 384 2249 432 et
2286 375 2420 432 alios
2451 373 2644 433 fratres
2690 349 2828 449 ejus.
2855 377 3016 436 nobis
3042 387 3169 436 sunt
3215 384 3520 454 conquesti,

215 473 325 528 ties
366 469 436 527 de
467 470 573 526 hoc
615 469 671 526 in
713 468 1135 543 provincialibus
1180 467 1402 541 synodis
1454 483 1646 526 coram
1697 468 1812 541 epi-

213 581 388 638 scopo
415 574 618 636 vestro,
649 572 703 623 et
734 563 805 622 ad
838 565 1103 622 ultimum
1127 579 1317 622 coram
1346 564 1598 637 Hugone,
1629 563 1816 620 Diensi

213 659 541 734 coepiscopo
585 668 642 717 et
666 658 941 718 confratre
988 667 1177 719 nostro
1206 657 1520 734 apostolica
1565 657 1817 716 Ecclesia

210 756 424 829 legato,
477 754 537 813 in
583 755 909 814 Pictaviensi
939 756 1170 813 concilio
1200 755 1482 828 querelam
1537 753 1814 825 fecissent,

208 858 388 923 atque
444 841 536 908 ille
589 867 654 907 ex
715 852 1044 908 auctoritate
1089 859 1273 908 nostra
1327 849 1674 923 praecepisset
1725 858 1811 917 ut,

209 960 406 1003 coram
456 945 707 1018 episc0po
763 954 970 1015 vestro,
1019 954 1119 1001 aut
1171 945 1506 1018 proclamata
1576 943 1817 1001 ecclesia

211 1040 464 1113 prafata
492 1049 544 1096 et
581 1041 788 1096 clericis
815 1039 1150 1106 redderctis,
1181 1047 1279 1095 aut
1311 1038 1458 1111 quod
1498 1045 1673 1094 vestra
1697 1037 1819 1110 jure

207 1151 333 1193 esse
359 1133 600 1192 debeant
618 1135 889 1192 rationem
916 1134 1189 1204 diceretis,
1222 1133 1614 1206 episcopusque
1645 1139 1820 1187 vester

208 1237 325 1287 tres
376 1229 653 1286 terminos
697 1229 854 1286 vobis
904 1238 960 1286 et
1004 1228 1074 1285 ad
1120 1227 1384 1284 ultimum
1425 1225 1818 1299 provincialem

211 1324 496 1399 synodum
550 1325 830 1381 statuisset
893 1331 953 1380 ut
1017 1322 1335 1380 utrumlibet
1395 1321 1656 1394 ageretis;
1724 1335 1822 1376 vos

214 1429 414 1476 tamen
461 1427 748 1485 neutrum,
797 1418 936 1475 sicut
981 1434 1291 1490 nunquam,
1335 1417 1411 1474 ita
1463 1431 1678 1489 quoque
1722 1431 1824 1472 nec

214 1522 349 1571 tunc
392 1512 576 1571 facere
617 1513 880 1572 voluistis.
938 1512 1103 1571 Unde
1152 1529 1219 1569 ex
1245 1511 1582 1569 auctoritate
1614 1509 1714 1567 Dei
1765 1517 1821 1566 et

214 1609 395 1668 sancti
452 1609 600 1666 Petri
662 1608 1038 1682 apostolorum
1105 1607 1396 1680 principis,
1473 1604 1819 1679 pracipimus

208 1703 367 1761 vobis
403 1713 487 1770 ut,
520 1703 566 1760 si
591 1702 666 1759 ita
695 1711 796 1771 est,
830 1701 1119 1775 pradictas
1160 1718 1247 1758 res
1282 1700 1551 1774 pradicta
1580 1699 1817 1756 ecclesia

1925 470 1995 528 ad
2018 470 2290 528 civitatem
2319 473 2669 528 Tarvennam
2689 487 2754 528 ex
2774 473 3093 530 auctoritate
3115 483 3303 532 nostra
3327 491 3523 535 omnes

1925 574 2240 637 convocate,
2290 573 2344 623 et
2384 564 2589 624 litteras
2625 575 2842 625 nostras
2887 568 2963 625 eis
2992 568 3150 642 legite
3197 586 3320 642 qua
3372 571 3522 629 vobis

1926 659 2208 718 dabuntur
2242 677 2307 719 ex
2333 670 2517 719 nostra
2546 672 2716 735 parte.
2750 663 2912 734 Quod
2937 664 2984 721 si
3016 665 3292 724 noluerint
3318 667 3520 737 venire,

1925 756 2012 812 vel
2062 757 2337 816 venientes
2380 757 2575 815 litteris
2621 759 2822 836 nostris
2851 775 2962 816 non
3005 759 3251 831 obedire,
3299 757 3524 820 omnem

1927 850 2162 908 ecclesia
2203 852 2552 925 ingressum,"
2587 860 2642 909 et
2691 851 2838 924 quod
2869 853 2927 909 in
2981 854 3172 911 litteris
3200 857 3402 913 nostris
3444 857 3524 915 eis

1926 945 2317 1002 contradicitur
2346 945 2722 1016 contradicite,
2783 956 2840 1003 et
2879 947 3098 1020 insuper
3143 947 3407 1023 quidquid
3435 951 3527 1021 ,de

1928 1038 2149 1095 ecclesia
2178 1042 2556 1098 Tarvennensi
2582 1040 2867 1113 possident
2895 1040 3134 1099 clericali
3163 1043 3520 1104 exhibitione.

1927 1133 2111 1189 Laicis
2138 1150 2356 1206 quoque
2397 1136 2452 1191 in
2483 1135 2673 1192 litteris
2719 1135 2924 1193 nostris
2972 1138 3285 1209 nominatis,
3330 1147 3385 1197 et
3412 1140 3524 1214 qui-

1929 1244 2143 1299 cunque
2189 1229 2278 1284 alii
2322 1227 2564 1301 praefatis
2616 1231 2821 1287 clericis
2869 1239 2993 1303 post
3047 1231 3254 1290 litteras
3303 1245 3524 1293 nostras

1930 1322 2070 1378 visas
2112 1323 2194 1379 vel
2247 1323 2559 1380 notiﬁcatas
2611 1341 2725 1382 non
2767 1324 3145 1386 obedientibus
3188 1342 3520 1386 consensum

1930 1416 2318 1490 auxiliumque,
2359 1427 2424 1475 ut
2451 1419 2509 1474 in
2534 1419 2720 1491 rapina
2749 1428 2804 1477 et
2831 1421 3114 1493 sacrilegio
3158 1431 3520 1494 perseverent,

1929 1511 2289 1582 praebuerint,
2322 1512 2601 1570 notiﬁcate
2630 1514 2777 1587 quod
2808 1515 2861 1570 in
2890 1516 3204 1587 praescripta
3231 1517 3386 1588 positi
3414 1518 3527 1575 sint

1928 1606 2507 1664 excommunicatione.
2580 1607 2902 1666 Mathildem
2973 1608 3191 1666 viduam
3253 1611 3526 1685 Arnulphl

1927 1700 2194 1768 advocati,
2245 1716 2367 1774 qua
2398 1710 2601 1758 terram
2645 1718 2811 1775 quam
2850 1703 3078 1760 maritus
3105 1719 3234 1760 suus
3284 1705 3525 1775 moriens

212 1806 267 1854 et
302 1797 520 1856 clericis
549 1796 664 1868 ejus
703 1797 823 1853 sine
873 1796 1133 1854 dilatione
1179 1795 1438 1852 canonice
1480 1793 1811 1862 restituatis;
1845 1780 1890 1845 Β
1925 1793 2072 1851 dedit
2101 1795 2342 1852 ecclesia
2365 1798 2579 1852 Sancta
2609 1796 2818 1866 Maria,
2855 1805 2909 1852 et
2937 1812 3102 1870 quam
3130 1797 3246 1870 ipse
3275 1799 3525 1871 promisit

213 1901 328 1962 aut,
355 1892 402 1949 si
432 1892 507 1948 ita
541 1907 652 1948 non
681 1900 794 1960 est,
828 1900 886 1948 et
905 1892 1056 1964 justa
1085 1891 1296 1948 ratione
1327 1907 1426 1964 pro
1474 1897 1624 1946 certo
1663 1886 1814 1944 scitis

214 1987 280 2045 ad
322 1995 567 2044 vestram
619 1985 909 2044 ecclesiam
948 2002 1040 2044 eas
1087 1985 1361 2059 pertinere
1411 1983 1630 2054 debere,
1674 1978 1813 2038 infra

215 2081 579 2155 quadraginta
621 2080 761 2152 dies,
807 2088 1103 2154 postquam
1145 2081 1356 2137 litteras
1401 2087 1620 2136 nostras
1672 2076 1816 2134 vide-

215 2178 349 2243 ritis,
395 2176 484 2233 vel
547 2176 592 2232 si
638 2192 729 2232 eas
776 2175 962 2232 videre
1007 2174 1336 2244 vitaveritis,
1391 2181 1679 2246 postquam
1721 2187 1813 2230 eas

217 2273 414 2327 missas
444 2270 601 2328 vobis
640 2269 1024 2343 cognoveritis,
1068 2272 1367 2342 Hugonem
1397 2266 1691 2340 prafatum
1729 2282 1816 2324 co-

218 2366 533 2438 episcopum
561 2373 618 2421 et
644 2363 870 2421 fratrem
908 2372 1185 2432 nostrum,
1214 2363 1285 2420 ad
1311 2363 1457 2421 diem
1486 2363 1813 2435 Ingelranno

220 2469 270 2518 et
304 2459 572 2516 fratribus
615 2459 735 2532 ejus
781 2476 813 2515 a
843 2458 994 2516 vobis
1023 2466 1153 2514 ante
1181 2457 1600 2515 denominatum
1649 2466 1816 2530 atque

221 2555 645 2629 pranuntiatum
685 2555 913 2623 adeatis,
944 2562 1028 2624 ut,
1055 2554 1306 2625 utrisque
1353 2553 1602 2626 partibus
1630 2567 1814 2609 coram

219 2651 430 2722 positis,
467 2651 582 2722 ipse
620 2649 926 2723 legitimum
955 2648 1127 2706 ﬁnem
1164 2646 1331 2705 faciat
1375 2647 1539 2720 hujus
1585 2655 1815 2705 conten-

219 2745 400 2801 tionis.
461 2743 622 2814 Quod
693 2752 747 2800 et
791 2744 836 2800 si
899 2743 1046 2801 istud
1114 2759 1277 2816 agere
1322 2743 1611 2799 nolueritis
1676 2740 1816 2798 inira

222 2837 567 2911 prascriptos
595 2837 734 2907 dies,
766 2837 935 2894 ﬁnitis
963 2838 1063 2907 eis,
1109 2835 1538 2894 contradicimus
1581 2833 1738 2892 vobis
1761 2843 1818 2892 et

221 2933 463 3001 Widoni,
500 2931 824 3005 Hugonique
853 2940 908 2988 et
931 2931 1228 2989 Eustachio
1251 2931 1568 3000 comitibus,
1596 2928 1815 2986 Oilardo

222 3042 437 3102 quoque
481 3025 860 3084 subdefensori
902 3027 1147 3100 prafata
1192 3025 1580 3101 possessionis,
1632 3025 1816 3082 omni-

222 3123 429 3195 busque
484 3121 664 3190 vobis,
715 3121 914 3179 amodo
963 3122 1230 3178 auxilium
1270 3130 1326 3178 et
1375 3136 1704 3178 consensum
1746 3119 1814 3178 ad

223 3218 324 3275 hoc
362 3217 710 3290 sacrilegium
743 3216 1073 3289 prabituris,
1107 3217 1256 3274 velut
1296 3216 1569 3289 sacrilegis
1619 3224 1675 3272 et
1720 3231 1810 3272 ra-

219 3313 493 3386 ptoribus,
553 3327 777 3368 omnem
823 3311 1038 3384 penitus
1087 3311 1328 3369 ecclesia
1374 3311 1711 3383 ingressum,
1763 3318 1818 3366 et

222 3407 587 3464 Christianam
639 3406 1106 3476 communionem,
1158 3414 1321 3479 atque
1370 3404 1603 3478 gratiam
1672 3403 1817 3460 beati

223 3503 364 3560 Petri
387 3502 767 3575 apostolorum
795 3500 1076 3574 principis,
1121 3509 1177 3557 et
1222 3500 1277 3556 in
1306 3500 1412 3556 vita
1440 3509 1495 3556 et
1519 3501 1578 3555 in
1615 3508 1813 3565 morte,

222 3597 320 3654 nisi
373 3595 517 3654 forte
564 3596 942 3669 panitentiam
1001 3594 1214 3668 egeritis
1271 3603 1328 3652 et
1394 3594 1594 3666 iniuste
1662 3601 1816 3665 rapta

223 3692 464 3748 ecclesia
518 3689 758 3764 prafata
786 3689 1047 3747 canonice
1097 3688 1456 3746 restitueritis.
1505 3688 1561 3746 Si
1611 3695 1816 3754 autem,

222 3785 373 3860 quod
401 3785 576 3843 absit!
618 3785 688 3842 ab
728 3785 989 3843 omnibus
1015 3783 1326 3842 Christianis
1364 3791 1486 3856 post
1537 3783 1657 3840 hac
1696 3797 1816 3838 om-

225 3881 337 3946 nia,
381 3879 637 3938 diabolica
676 3879 863 3937 infecti
889 3879 1116 3948 malitia,
1147 3879 1200 3934 in
1243 3878 1816 3936 excommunicatione

221 3976 539 4049 prascripta
590 3974 1022 4047 incorrigihiliter
1076 3988 1416 4046 perseverare
1478 3973 1810 4042 malueritis,

218 4070 568 4144 pracipimus
596 4068 974 4137 defensoribus
1025 4077 1080 4124 et
1113 4067 1358 4140 patronis
1415 4067 1691 4140 pradicta
1721 4082 1815 4123 ec-

219 4167 402 4224 clesia
428 4173 492 4221 ut
529 4164 709 4221 eidem
736 4173 792 4220 et
830 4161 1040 4220 clericis
1068 4163 1184 4235 ejus
1220 4160 1476 4234 prafatas
1516 4177 1604 4218 res
1655 4159 1819 4218 resti-

216 4269 372 4318 tuere
407 4257 665 4316 omnibus
694 4258 876 4315 modis
916 4265 1189 4330 satagant.

288 4357 436 4412 Data
452 4357 671 4424 Roma,
687 4369 775 4411 vn
794 4353 1030 4410 Kalend.
1059 4341 1402 4420 Decembris,
1424 4343 1719 4412 indictione
1743 4361 1815 4408 ιι.

771 4465 1116 4522 EPISTOLA
1155 4465 1262 4522 IX.

359 4589 444 4634 AD
482 4583 821 4637 CANONICOS
857 4589 1164 4634 Εοοιιςεῐλε
1201 4588 1676 4634 TARVENNENSIS.

822 4685 999 4747 (Anno
1041 4679 1224 4752 1078.)

213 4782 286 4838 Ut
347 4782 619 4859 canonicis
668 4781 734 4859 de
776 4789 972 4859 castra
989 4785 1175 4859 sancti
1225 4785 1415 4859 Pauli,
1463 4785 1604 4851 nisi,
1652 4783 1818 4859 utin

279 4856 556 4927 superiori
599 4857 827 4926 epistola
889 4854 1189 4921 mandavit,
1258 4857 1452 4912 litteris
1511 4854 1816 4927 apostolicis

276 4926 607 4990 obedierint,
651 4930 819 4982 omnis
851 4930 1072 4983 ecclesia:
1115 4931 1394 4997 ingressus
1423 4926 1812 4995 interdicatur;

278 5000 416 5052 laici
450 5001 612 5052 etiam
651 5015 758 5053 non
783 5000 1080 5055 obedientes
1119 5005 1668 5064 emcommunicentur;
1706 5002 1817 5054 Ma-

279 5070 516 5126 thildem
555 5077 824 5141 praeterea
877 5073 993 5126 vult
1028 5075 1236 5126 moneri
1280 5076 1362 5141 ut,
1402 5088 1566 5142 quam
1612 5074 1818 5127 terram

277 5144 520 5196 maritus
551 5143 669 5212 ejus
722 5143 951 5198 ecclesia:
992 5144 1238 5212 dederat,
1291 5145 1615 5200 tradendam
1648 5149 1814 5209 curet,

277 5219 333 5269 et
367 5217 489 5286 Aqui
535 5213 765 5269 decimas
818 5215 1042 5286 ecclesia
1089 5216 1438 5286 subtrahunt,
1495 5214 1704 5272 moneri
1755 5221 1818 5273 ut

279 5285 553 5353 reddant;
575 5289 666 5341 sin
690 5289 870 5343 minus
901 5285 1240 5343 damnatio-ni
1257 5289 1594 5358 subjaceant.

277 5396 639 5454 Gnsoomns
676 5395 983 5478 episcopus,
1022 5412 1212 5454 servus
1242 5412 1529 5456 servorum
1567 5387 1698 5473 Dei,
1729 5417 1814 5460 ar-

200 5488 631 5547 chidiaconibus
662 5482 1061 5568 Tarvennensis
1100 5491 1360 5551 Ecclesia
1402 5495 1720 5554 Ianonrno
1760 5506 1814 5554 et

199 5585 528 5655 Hunsn'ro,
557 5583 612 5641 et
636 5584 935 5656 canonicis,
961 5585 1006 5644 si
1021 5587 1285 5646 canonice
1303 5588 1554 5660 vixerint,
1577 5591 1812 5650 salutem

200 5686 262 5736 et
307 5679 673 5751 apostolicam
698 5671 1155 5739 benedictionem.

279 5773 532 5832 Clericos
559 5773 628 5830 de
671 5785 847 5832 castro
873 5778 1047 5834 Sancti
1090 5761 1265 5850 Pauli,
1297 5779 1365 5838 de
1405 5779 1606 5854 quibus
1647 5797 1808 5840 cano-

201 5867 322 5929 nici
350 5869 568 5929 Sancta
615 5867 799 5928 Maria
845 5879 898 5930 et
934 5873 1117 5931 Sancti
1168 5863 1468 5937 Audomai'i
1499 5871 1597 5949 per
1627 5877 1805 5947 ingel-

1926 1888 2180 1945 morienti
2229 1905 2287 1946 se
2332 1889 2563 1946 liberam
2614 1888 2827 1960 facere,
2888 1889 3183 1948 admonete
3237 1892 3413 1949 adhuc
3465 1902 3523 1950 ut

1924 1983 2072 2057 quod
2099 1984 2345 2057 promisit
2368 1983 2641 2058 perﬁciat;
2669 1985 2752 2042 sin
2788 1994 2994 2055 autem,
3025 1986 3082 2042 in
3111 1986 3336 2059 prafata
3373 1987 3525 2046 dam-

1924 2079 2163 2148 natione,
2211 2078 2451 2152 quandiu
2490 2096 2602 2136 non
2631 2078 2851 2150 fecerit,
2899 2089 3130 2162 maneat.
3161 2082 3520 2156 Rengeriutn,

1923 2173 2130 2241 Adam,
2170 2173 2548 2232 Bereweldum
2589 2184 2644 2232 et
2673 2183 2902 2234 cateros
2927 2175 3021 2248 qui
3061 2175 3391 2234 subtrahunt
3425 2177 3520 2236 deo

1924 2268 2090 2326 cimas
2127 2285 2399 2327 novarum
2447 2278 2722 2328 terrarum
2752 2270 2991 2343 praefata
3040 2271 3284 2330 ecclesia
3326 2271 3520 2331 adma.

1924 2371 2050 2421 nete
2102 2373 2162 2422 ut
2198 2364 2431 2422 reddant
2479 2374 2533 2421 et
2563 2364 2926 2436 satisfaciant;
2957 2365 3110 2439 quod
3139 2366 3184 2423 si
3212 2367 3518 2438 noluerint,

1925 2474 2208 2532 quousque
2265 2460 2610 2532 resipiscant,
2662 2459 2940 2533 praedicta
2999 2460 3338 2519 damnationi
3391 2463 3517 2520 sub-

1922 2551 2152 2623 jaceant.
2198 2557 2271 2609 Et
2308 2554 2414 2611 hoc
2463 2555 2624 2611 etiam
2664 2555 2915 2612 addimus
2961 2563 3021 2612 ut
3067 2556 3248 2613 nullus
3296 2558 3546 2632 accipiatr

1928 2645 1999 2726 de
2016 2658 2195 2703 manu
2218 2648 2466 2704 omnium
2497 2649 2908 2720 pralibatorum
2931 2649 3261 2709 oblationem
3279 2651 3519 2726 aliquam

1926 2739 2038 2797 sive
2064 2740 2120 2798 in
2145 2741 2273 2810 vita,
2300 2741 2412 2798 sive
2446 2743 2502 2798 in
2528 2752 2731 2816 morte,
2762 2759 3046 2817 quousque
3074 2745 3342 2804 canonice
3371 2747 3521 2820 quod

1927 2839 2286 2903 peccaverunt
2315 2831 2628 2889 emendent.

1997 2925 2140 2978 Data
2176 2924 2396 2994 Roma,
2447 2922 2684 2995 septimo
2723 2922 3000 2981 Kalendas
3053 2924 3398 2994 Decembris;
3441 2920 3520 2983 in-

1926 3011 2164 3070 dictione
2195 3013 2448 3072 secunda.
2607 3024 2609 3027 '

2502 3108 2865 3167 EPISTOLA
2894 3109 2971 3166 Χ.

2447 3214 2530 3256 ΔΙ)
2571 3215 2774 3278 ΒᾼἾΕΝ
2786 3215 3003 3257 NATES.

2531 3293 2716 3358 (Anno
2749 3293 2932 3355 1078.)

1927 3372 2104 3434 Monet
2126 3383 2189 3434 ut
2213 3381 2456 3450 episc0po
2487 3381 2809 3442 Ravennati,
2852 3380 2916 3434 ob
2942 3379 3183 3448 plurima
3206 3378 3440 3448 ﬂagitia"
3460 3395 3518 3434 an

2007 3455 2245 3508 Romana
2294 3451 2496 3520 synodo
2543 3451 2802 3520 deposito,
2853 3451 3057 3504 nullam
3107 3451 3351 3519 deinceps
3397 3450 3517 3506 οδε-ι

1997 3526 2259 3582 dientiam
2273 3527 2533 3594 prastent
2550 3540 2566 3591 ;
2585 3525 2684 3592 qui
2706 3537 2826 3576 vero
2849 3537 3010 3576 (tusus
3024 3523 3196 3594 fuerit
3214 3523 3518 3591 apostolicis

1991 3593 2280 3670 praceptis'
2301 3610 2618 3664 repugnare,
2649 3594 2987 3649 anathemate
3009 3593 3316 3649 damnetur.

2001 3693 2352 3750 Gnnoonlus
2378 3688 2683 3761 episcopus,
2715 3703 2903 3744 servus
2932 3702 3214 3745 servorum
3241 3687 3367 3757 Dei,
3393 3703 3517 3746 om-

1927 3787 2086 3845 nibus
2134 3783 2546 3842 Ravennatibus
2598 3781 2899 3855 majoribus
2947 3790 3002 3839 et
3039 3781 3378 3854 minoribus,
3429 3781 3522 3854 qui

1928 3883 2150 3940 beatum
2181 3883 2430 3946 Petrum,
2475 3877 2702 3950 ejusque
2744 3875 2940 3946 ﬁlium,
2984 3884 3235 3934 sanctum
3276 3875 3523 3935 videlicet

1928 3976 2300 4050 Apollinarem
2337 3972 2572 4046 diligunt
2631 3971 2864 4030 salutem
2917 3978 2972 4030 et
3018 3970 3374 4046 apostolicam
3423 3971 3519 4031 be-

1929 4070 2294 4130 nedictionem
2306 4105 2318 4124 .

2001 4170 2179 4239 Quam
2207 4163 2459 4234 ﬁdeliter,
2503 4177 2779 4236 quamque
2818 4159 3098 4220 humiliter
3142 4156 3304 4219 beato
3332 4162 3520 4235 Petro,

1929 4276 2127 4334 nempe
2174 4259 2551 4332 apostolorum
2618 4256 2866 4329 principi,
2924 4259 3214 4313 Ravennas
3276 4257 3520 4314 Ecclesia

1931 4372 2149 4429 semper
2189 4352 2496 4422 adhaserit,
2546 4359 2914 4423 quantamque
2957 4349 3122 4407 matri
3151 4356 3288 4418 sua,
3319 4357 3522 4408 sancta

1928 4450 2175 4510 videlicet
2200 4453 2470 4507 Romana
2495 4444 2772 4515 Ecclesia,
2805 4444 3168 4502 obedientiam
3187 4445 3244 4500 in
3265 4443 3521 4502 omnibus

1846 4546 2266 4638 “terhibuerit,
2330 4551 2508 4600 vestra
2569 4539 2882 4597 fraternitas
2931 4537 3135 4612 Optime
3181 4537 3353 4596 novit.
3421 4538 3521 4596 Ille

1935 4651 2120 4702 autem
2172 4639 2263 4712 qui
2309 4652 2458 4696 nunc
2521 4634 2778 4693 Ecclesia
2836 4632 3168 4692 Ravennatis
3235 4633 3522 4708 episcopus

1926 4753 2044 4796 esse
2083 4735 2299 4802 dicitur,
2340 4729 2619 4804 quomodo
2669 4733 2793 4787 eain
2844 4728 2977 4787 olim
3035 4735 3151 4786 tam
3194 4725 3519 4787 ditissimam

1928 4847 2093 4906 quam
2140 4829 2304 4886 etiam
2360 4823 2862 4898 religiosissimam,
2915 4824 3196 4898 tyrannica
3242 4823 3521 4898 deprada:

1923 4927 2072 4984 tione
2102 4920 2482 4990 devastaverit,
2514 4929 2570 4978 et
2599 4919 2914 4995 irreligiosa
2959 4919 3084 4977 vita
3111 4919 3360 4993 eXemplo
3401 4921 3523 4978 core

1926 5019 2141 5094 ruperit
2187 5026 2243 5075 et
2292 5033 2391 5074 vos
2441 5016 2703 5090 patiendo
2748 5014 3087 5090 videndoque
3144 5007 3415 5086 sensistis,
3465 5024 3523 5073 et

1926 5132 2029 5174 nos
2077 5121 2231 5173 certo
2292 5112 2664 5185 experimento
2711 5109 3023 5169 didicimus.
3088 5110 3196 5168 Sed
3250 5110 3376 5184 quia
3436 5109 3521 5168 his

1927 5209 2087 5269 malis
2118 5209 2345 5282 aliisque
2372 5206 2788 5282 quampluribus
2817 5206 3033 5280 ﬂagitiis
3074 5205 3314 5265 irretitus
3359 5213 3522 5279 atque

1927 5305 2189 5380 pollutus,
2224 5320 2293 5361 ne
2319 5303 2470 5377 argui
2515 5303 2694 5376 possit
2729 5311 2890 5375 atque
2933 5291 3205 5372 convinci,
3249 5300 3524 5374 superbia

1925 5393 2071 5458 fastu
2115 5400 2289 5457 elatus
2345 5403 2537 5456 eontra
2588 5398 2963 5470 apostolorum
3005 5396 3300 5470 principem
3343 5397 3521 5454 calca;

1924 5510 2092 5552 neum
2137 5492 2328 5562 erexit,
2369 5501 2425 5550 et
2452 5492 2508 5548 in
2534 5492 2897 5550 inohedientia
2922 5491 3046 5565 qua
3074 5483 3268 5548 sceleri
3296 5484 3520 5566 compa-

1924 5597 2076 5647 ratur
2094 5587 2416 5646 idololatria
2445 5596 2773 5661 perseveret,
2804 5603 2930 5644 eum
2967 5585 3089 5644 sine
3115 5601 3210 5659 spe
3242 5577 3523 5661 recupera-
3581 5601 3594 5607 '

1924 5683 2108 5755 tionis,
2160 5681 2394 5756 Spiritus
2464 5681 2643 5741 sancti
2701 5681 2928 5754 judicio,
3002 5671 3316 5752 apostolica
3381 5679 3523 5740 sedis

1923 5776 2265 5847 auctoritate,
2314 5777 2374 5834 in
2415 5784 2604 5833 sancta
2635 5775 2888 5831 Romana
2928 5771 3138 5845 synodo
3168 5789 3288 5831 esse
3315 5768 3524 5850 deposi-

1925 5869 2044 5931 tum
2099 5871 2449 5944 prasentium
2505 5866 2718 5926 indiciis
2777 5855 3146 5924 indubitanter
3205 5867 3527 5944 cognoscite
