4144 6184
604 215 705 269 519

562 341 944 410 -Quapropter
996 343 1057 392 ut
1099 332 1307 390 nullam
1350 332 1397 388 ei
1450 330 1709 404 deinceps
1757 347 1884 403 qua
1935 332 2195 403 episeopo
2224 336 2275 397 Α

600 430 832 488 debetur
859 428 1221 487 obedientiam
1250 425 1547 483 exhibeatis
1569 425 1826 482 omnibus
1854 425 2009 482 vobis
2036 425 2186 483 beati

605 524 747 581 Petri
780 524 1153 596 apostolorum
1186 519 1444 594 principis
1462 519 1784 577 auctoritate
1816 519 2189 592 pracipimus.

601 617 657 673 Si
707 617 799 690 qui
855 632 983 674 vero
1031 615 1616 674 excommunicationis
1682 616 2012 687 contagione
2081 613 2189 669 vul-

606 711 777 768 nerati
813 710 901 767 his
942 710 1231 790 salutiferis
1269 708 1388 767 ausi
1429 708 1629 767 iuerint
1660 723 1963 781 repugnare
1992 722 2191 781 prace-

607 806 738 877 ptis,
796 821 890 862 eos
939 805 1100 863 veluti
1142 804 1353 877 putrida
1404 804 1652 861 membra
1705 819 1736 859 a
1782 811 1902 859 toto
1963 818 2193 874 corpore

604 898 833 969 Christi,
887 898 1033 971 quod
1082 908 1166 955 est
1208 898 1449 955 Ecclesia
1502 897 1798 966 catholica,
1831 896 2194 953 anathematis

603 993 783 1062 gladio
833 1008 1143 1050 resecamus
1196 1001 1358 1065 atque
1408 991 1747 1065 projicimus.
1796 989 1969 1047 Vobis
2010 998 2194 1046 autem

606 1091 783 1145 Deum
810 1086 1161 1159 diligentibus
1202 1096 1257 1142 et
1295 1087 1454 1142 beato
1499 1086 1655 1142 Petro
1688 1084 2084 1153 obedientibus,
2128 1099 2195 1139 ex

607 1180 926 1239 auctoritate
958 1180 1205 1253 ejusdem
1238 1180 1609 1253 apostolorum
1639 1178 1920 1252 principis,
1943 1177 2193 1235 omnium

607 1284 951 1348 peccatorum
983 1275 1361 1331 remissionem
1397 1274 1675 1347 largimur.

677 1372 819 1425 Data
840 1371 1054 1437 Roma,
1072 1368 1305 1440 septimo
1322 1371 1426 1437 [vr]
1446 1366 1726 1424 Kalendas
1741 1364 2086 1435 Decembris,
2108 1365 2193 1421 in-

607 1461 843 1521 dictione
877 1461 1131 1520 secunda.

1157 1579 1508 1636 EPISTOLA
1537 1578 1641 1633 XI.

746 1709 826 1753 AD
861 1709 1152 1755 CLERICOS
1189 1710 1407 1752 SANCTI
1444 1709 1703 1753 MABTINI
1742 1708 2049 1753 LUCBNSIS.

1193 1816 1379 1879 (Anno
1426 1817 1605 1878 1078.)

603 1931 809 1998 Arguit
832 1945 913 1985 eos
940 1930 1325 1985 inobcdientiw.
1348 1931 1595 1999 Pracipit
1614 1933 1694 1997 ut,
1718 1928 2006 1983 secundum
2026 1928 2198 1997 privi-

677 2005 874 2069 legium
904 2008 1298 2056 antecesserunt
1322 2004 1651 2069 pontiﬁcum,
1684 2015 2005 2054 communem
2038 2015 2194 2066 regu-

678 2074 947 2141 laremque
987 2075 1155 2127 vitam
1180 2074 1411 2139 degant;
1439 2075 1521 2125 sin
1549 2074 1748 2132 minus,
1784 2071 2029 2125 Ecclesia
2047 2085 2197 2138 pra-

678 2144 907 2198 bendam
926 2146 983 2197 in
1004 2160 1168 2197 manu
1188 2146 1419 2212 episcopi
1436 2143 1681 2197 reddant.
1711 2142 1859 2208 Quod
1878 2144 1928 2195 si
1945 2146 2195 2195 neutrum

676 2217 854 2281 facere
880 2216 1231 2283 neglearerint,
1270 2216 1504 2268 omnium
1534 2215 1884 2269 Ecclesiarum
1914 2214 2195 2267 introitum

681 2289 755 2341 eis
786 2287 1053 2356 prohibet.

676 2403 1034 2458 Gnnconws
1063 2401 1373 2473 episcopus,
1394 2416 1582 2457 servus
1606 2416 1891 2459 servorum
1920 2399 2046 2467 Dei,
2078 2400 2194 2457 cle-

607 2495 731 2551 ricis
777 2495 958 2551 Sancti
988 2494 1211 2551 Martini
1258 2494 1519 2551 Lucensis
1552 2494 1825 2562 Ecclesia,
1869 2495 2103 2550 salutem
2144 2502 2198 2550 et

606 2590 960 2661 apostolicam
981 2588 1445 2645 benedictionem.

677 2684 818 2741 Cum
865 2682 1008 2755 apud
1047 2697 1143 2739 vos
1171 2697 1437 2752 essemus,
1485 2681 1780 2755 sapissime
1807 2697 1904 2739 vos
1950 2697 2043 2754 per
2093 2696 2195 2739 nos

606 2784 660 2831 et
681 2792 776 2848 per
799 2775 1097 2832 confratres
1117 2785 1335 2832 nostros
1353 2775 1744 2832 admonuimus
1758 2776 1858 2844 uti,
1882 2775 2187 2833 secundum

607 2870 948 2943 privilegium
974 2878 1387 2927 antecessorum
1426 2879 1782 2943 nostrorum,
1807 2870 1979 2926 sancti
2006 2870 2195 2927 videli-

605 2973 692 3019 cet
728 2964 925 3020 Lconis
975 2980 1125 3036 papa
1175 2972 1228 3019 et
1279 2964 1541 3032 Victoris,
1572 2964 1719 3035 quod
1772 2964 2018 3036 ipsorum
2066 2972 2199 3019 tunc

605 3058 995 3114 canonicorum
1024 3066 1220 3114 vestra
1255 3056 1516 3114 Ecclesia
1559 3065 1753 3129 rogatu
1806 3057 1905 3129 ipsi
1959 3056 2200 3113 ecclesia

606 3150 871 3219 fecerunt,
901 3166 1255 3208 communem
1272 3151 1692 3223 regularemque
1716 3150 1879 3205 vitam
1903 3150 2199 3219 duceretis;

604 3245 699 3302 sed
729 3261 853 3314 vos,
894 3260 1015 3315 qua
1046 3252 1221 3300 vestra
1267 3252 1398 3299 sunt
1426 3234 1751 3316 quarentes,
1786 3259 1897 3299 non
1926 3259 2047 3314 qua
2073 3246 2203 3300 Jesu

604 3326 806 3397 Christi
855 3338 1111 3410 (Philipp.
1161 3354 1228 3407 ιι,
1283 3338 1366 3409 2),
1398 3346 1612 3395 nostras
1655 3336 2053 3393 admonitiones
2101 3353 2199 3394 ne-

604 3432 865 3505 glexistis.
896 3435 1143 3506 Cumque
1168 3438 1338 3489 tanta
1371 3431 1709 3505 negligentia
1739 3440 1793 3488 et
1820 3431 2199 3489 inobedientia

604 3541 726 3599 qua
767 3527 945 3584 scelus
995 3526 1313 3584 idololatria
1360 3543 1390 3581 a
1442 3526 1645 3581 sanctis
1688 3526 1941 3582 Patribus
1978 3525 2195 3595 dicitur,

605 3621 799 3676 merito
831 3620 956 3692 jure
1000 3636 1097 3675 vos
1125 3619 1394 3675 sententia
1418 3618 1693 3691 judicialis
1746 3618 1902 3676 ferire
1956 3619 2196 3688 deberet,

605 3712 840 3784 episcopi
864 3721 1049 3768 tamen
1069 3713 1231 3769 vestri
1257 3722 1313 3768 et
1341 3712 1711 3784 quorumdam
1740 3711 1973 3770 fratrum
1998 3724 2199 3771 vestro-

606 3821 732 3863 rum
761 3804 1032 3878 precibus,
1065 3806 1363 3878 apostolica
1397 3806 1763 3863 mansuetudo
1792 3808 1952 3863 solita
1978 3808 2195 3878 pietate,

607 3905 667 3955 ut
696 3898 857 3969 ﬁlios,
887 3914 1059 3971 usque
1096 3898 1165 3955 ad
1185 3899 1536 3955 festivitatem
1563 3898 1823 3955 Omnium
1849 3902 2197 3966 Sanctorum,

605 3992 805 4050 deinde
834 3992 1023 4059 etiam,
1044 3992 1353 4049 interventu
1378 3992 1622 4064 ejusdem
1644 3993 1903 4065 episcopi,
1938 4010 2108 4066 usque
2130 3995 2200 4052 ad

606 4084 901 4158 synodum,
930 4085 1231 4141 clementer
1258 4100 1353 4141 vos
1390 4084 1667 4141 sustinuit.
1692 4085 1782 4141 Ad
1810 4102 1980 4159 quam
2004 4102 2201 4159 prace-

607 4178 788 4251 pimus
814 4187 878 4236 ut
919 4178 1131 4252 aliquos
1179 4178 1467 4235 mitteretis
1495 4178 1563 4236 de
1610 4179 1760 4236 vobis
1800 4181 1892 4252 qui
1926 4180 1993 4238 de
2022 4190 2199 4238 vestra

606 4272 770 4330 nobis
798 4272 1111 4331 obedientia
1148 4272 1565 4346 responderent.
1614 4273 1780 4347 Quod
1812 4275 1939 4346 quia
1970 4276 2197 4333 minime

606 4365 833 4439 factum,
877 4376 939 4424 ut
979 4367 1258 4436 decuerat,
1284 4367 1404 4441 jam
1434 4384 1580 4424 nunc
1609 4368 1879 4440 aquitatis
1906 4384 2017 4425 non
2064 4386 2197 4443 po-

1285 208 1341 264 S.
1382 204 1703 263 GREGORII
1740 205 1829 261 VII
1870 206 2065 260 PAP.~E
2104 204 2380 261 OPERUM
2418 204 2589 260 PARS
2628 204 2668 257 l.
2708 229 2780 243 -
2817 200 3220 257 REGISTRUM.
3798 203 3892 255 520

2839 327 3195 384 EPISTOLA
3233 328 3369 382 XII.

2480 434 2562 476 ΑΙ)
2586 430 3017 475 ΙιΔΝΒῐῙιΡΠῙῙΜ
3046 430 3393 473 EPISCOPUII
3440 428 3737 471 ΡιεΑΝωι.

2906 513 3087 574 (Anno
3118 510 3293 574 I078.)

2301 604 2514 657 Pisance
2541 600 2787 656 Ecclesia
2814 600 3185 668 episcopatum
3221 614 3338 652 cum
3366 600 3515 653 omni
3532 598 3661 666 jure
3708 599 3759 650 ei
3780 613 3899 651 eon-

2374 675 2573 740 ﬁrmat,
2593 676 2645 726 et
2664 678 2774 727 tam
2797 686 2860 725 ea
2880 687 3000 741 qua:
3026 672 3331 738 antiquitus
3356 670 3573 730 collata,
3596 684 3757 738 quam
3783 684 3900 737 qua

2374 744 2524 797 modo
2554 760 2589 797 a
2618 743 2897 803 Mathilde,
2925 747 2974 795 et
2999 757 3117 811 qua
3142 743 3200 795 in
3228 743 3479 807 futurum
3507 741 3575 794 ab
3616 743 3743 793 aliis
3775 756 3903 793 con-

2373 818 2641 879 ferentur,
2672 815 2921 868 concedit.
2955 815 3137 868 Vicem
3174 828 3327 867 suam
3356 816 3406 867 ei
3428 817 3592 881 atque
3638 827 3903 866 successo-

2373 887 2525 940 ribus
2569 887 2851 940 committit
2886 887 2944 938 in
2992 882 3171 938 insula
3226 886 3462 946 Corsica,
3496 889 3553 937 ct
3572 900 3673 952 pro
3721 884 3905 937 labore

2375 974 2531 1026 quem
2556 960 2766 1025 primus
2802 958 2859 1010 in
2892 972 2954 1010 ea
2992 957 3323 1010 restituenda
3350 957 3422 1009 ad
3450 959 3703 1011 Romanae
3730 955 3905 1010 Eccle-

2375 1031 2467 1083 sia:
2498 1028 2795 1082 dominium
2822 1028 3079 1095 suscipiet
3122 1027 3481 1088 medietatem,
3526 1026 3733 1081 duobus
3779 1042 3901 1080 vero

2375 1100 2489 1169 ejus
2536 1099 2919 1155 successoribus
2960 1102 3213 1166 quartam
3245 1103 3459 1168 partem
3494 1100 3730 1151 omnium
3770 1097 3904 1154 redi-

2376 1176 2526 1225 tuum
2574 1173 2827 1240 largitur,
2880 1185 3025 1224 arces
3065 1174 3244 1224 tamen
3273 1170 3371 1224 sub
3405 1170 3605 1223 ditione
3645 1172 3904 1225 Romam

2376 1244 2621 1297 Ecclesia
2656 1246 2906 1302 reservat,
2942 1256 3168 1309 quorum
3206 1242 3447 1296 custodes
3482 1242 3613 1308 illis,
3641 1242 3692 1295 si
3728 1256 3903 1296 neces-

2375 1318 2508 1369 sitas
2548 1316 2807 1382 eaegcrit,
2856 1313 2974 1367 vult
3004 1312 3236 1368 obedire.

2375 1404 2729 1460 Gnseonws
2742 1401 3052 1474 episcopus,
3065 1416 3252 1458 servus
3264 1414 3551 1457 servorum
3561 1399 3685 1469 Dei,
3704 1398 3906 1456 dilecto

2304 1492 2360 1550 in
2388 1492 2605 1551 Christo
2632 1490 2785 1549 fratri
2812 1494 3197 1549 Lannunpno
3220 1492 3412 1549 Pisano
3439 1491 3659 1564 suisque
3686 1505 3907 1548 succes-

2308 1585 2545 1643 soribus.

2227 1707 2275 1769 Β
2374 1676 2633 1746 Superna
2673 1672 3036 1731 miserationis
3078 1680 3323 1744 respectu
3353 1668 3422 1728 ad
3450 1671 3555 1729 hoc
3583 1670 3905 1729 universalis

2307 1763 2561 1819 Ecclesia
2607 1779 2798 1820 curam
2838 1763 3177 1834 suscepimus
3222 1770 3277 1818 et
3320 1761 3601 1835 apostolici
3644 1762 3904 1819 moderao

2306 1848 2469 1906 minis
2505 1849 2937 1907 sollicitudinem
2978 1851 3245 1921 gerimus,
3276 1857 3337 1905 ut
3357 1848 3519 1921 justis
3557 1850 3905 1920 precantium

2306 1936 2444 1993 votis
2493 1945 2700 1993 attenta
2754 1937 3087 2009 benignitate
3143 1935 3444 2003 faveamus,
3498 1944 3553 1991 et
3607 1935 3906 1993 libramine

2306 2027 2573 2099 aquitatis
2600 2026 2858 2083 omnibus
2896 2027 2953 2081 in
2994 2026 3316 2083 necessitate
3358 2025 3565 2097 positis,
3604 2035 3904 2097 quantum,

2306 2118 2425 2171 Deo
2452 2115 2709 2184 donante,
2732 2132 3041 2187 possumus,
3068 2115 3353 2171 subvenire
3372 2114 3690 2171 debeamus.
3718 2116 3903 2183 Unde,

2306 2205 2609 2277 postulante
2652 2213 2724 2269 te,
2766 2203 2935 2261 frater
2966 2203 3313 2277 Landulphe,
3355 2213 3417 2260 ut
3460 2203 3771 2267 ecclesiam,
3818 2204 3907 2260 cui

2305 2302 2421 2355 Deo
2467 2299 2677 2355 volente
2720 2314 2949 2370 praesse
2975 2298 3341 2371 dignosceris,
3387 2297 3612 2370 ejusque
3654 2297 3799 2353 bona
3836 2299 3908 2354 ab

2304 2392 2743 2449 adversariorum
2769 2392 2973 2464 impetu
3000 2401 3056 2449 et
3078 2390 3425 2448 infestatione
3456 2399 3661 2448 nostra
3687 2400 3909 2464 aposto-

2304 2487 2422 2543 lica
2444 2487 2783 2544 auctoritatis
2812 2485 3113 2543 munimine
3137 2494 3446 2554 tueremur;
3475 2486 3716 2542 inclinati
3749 2485 3910 2557 iustis

2303 2581 2554 2653 precibus
2596 2581 2705 2638 tuis
2751 2581 3095 2638 concessione
3138 2580 3421 2652 prasentis
3466 2579 3718 2652 privilegii
3764 2596 3909 2636 con-

2303 2675 2585 2732 ﬁrmamus
2605 2675 2699 2732 tibi
2721 2676 3091 2747 episcopatum
3114 2674 3394 2747 pradicta
3416 2674 3626 2730 Pisana
3651 2673 3908 2733 Ecclesia

2303 2786 2429 2826 cum
2464 2770 2617 2827 omni
2648 2769 2772 2842 jure
2797 2770 3016 2841 suisque
3047 2768 3405 2841 pertinentiis.
3437 2771 3506 2823 Et
3544 2767 3676 2840 quia
3710 2768 3910 2825 Pisans

2307 2864 2569 2931 Ecclesia,
2601 2879 2725 2937 qua
2754 2864 2809 2919 in
2846 2861 3213 2943 praﬁciendis.
3233 2862 3336 2919 sibi
3367 2862 3682 2935 pastoribus
3708 2878 3740 2917 a
3780 2879 3911 2919 eon-

2307 2957 2678 3014 stitutionibus
2704 2965 3021 3014 sanctorum
3056 2960 3281 3013 Patrum
3309 2955 3638 3027 deviaverat,
3667 2956 3909 3013 tandem

2310 3067 2407 3123 pro
2439 3051 2783 3109 restitutione
2814 3053 3053 3124 antiqua
3084 3051 3349 3107 libertatis
3384 3067 3498 3107 sua
3526 3050 3743 3107 salubre
3774 3068 3912 3107 con-

2306 3145 2486 3202 silium
2515 3146 2704 3201 matris
2727 3160 2843 3202 sua
2884 3154 3088 3201 sancta
3117 3148 3385 3201 Romana
3417 3146 3672 3201 Ecclesia
3709 3161 3905 3202 susce-

2311 3240 2411 3311 pit,
2456 3240 2530 3295 ita
2579 3248 2640 3295 ut
2669 3248 2743 3310 te,
2795 3256 2909 3296 non
2937 3239 3171 3307 aliunde,
3214 3238 3310 3296 sed
3339 3254 3434 3311 per
3475 3239 3691 3305 ostium,
3745 3239 3905 3310 quod

2310 3332 2558 3390 Christus
2585 3340 2686 3402 est,
2724 3334 3037 3402 intrantem,
3065 3332 3299 3406 gaudeat
3329 3333 3487 3389 nobis
3522 3332 3913 3390 ordinantibus

2311 3425 2510 3483 habere
2554 3437 2857 3499 pastorem,
2905 3427 3281 3499 indulgemus,
3332 3426 3685 3483 concedimus
3736 3434 3912 3500 atque

2310 3520 2594 3578 ﬁrmamus
2622 3522 2720 3578 sibi
2769 3531 2883 3577 tam
2931 3538 2991 3577 ea
3021 3537 3143 3593 qua
3170 3521 3237 3577 ab
3280 3521 3522 3593 antiquis
3564 3521 3911 3592 temporibus

2303 3614 2451 3688 juste
2480 3616 2670 3672 collata
2693 3624 2823 3674 sunt
2864 3632 3030 3689 quam
3070 3632 3132 3671 ea
3160 3631 3285 3687 qua
3336 3614 3519 3671 divina
3565 3616 3768 3686 pietate
3811 3632 3915 3687 per

2308 3709 2718 3766 serenissimam
2735 3709 2903 3765 ﬁliam
2922 3718 3169 3765 nostram
3181 3708 3533 3779 Mathildem,
3547 3725 3648 3781 pro
3658 3708 3913 3767 remedio

2308 3802 2508 3859 anima
2540 3802 2730 3859 matris
2758 3819 2894 3872 sua,
2926 3803 2982 3859 in
3020 3802 3212 3860 eadem
3242 3803 3467 3860 ecclesia
3496 3804 3743 3877 sepulta,
3778 3820 3914 3860 con-

2308 3896 2501 3952 cedere
2558 3892 2781 3969 dignata
2851 3905 2961 3966 est,
3016 3897 3261 3953 videlicet
3313 3898 3496 3954 locum
3556 3897 3649 3969 qui
3704 3896 3913 3955 dicitur

2307 3990 2695 4048 Schannellum
2743 4007 2870 4048 cum
2914 3991 3147 4049 castellis
3192 4000 3248 4047 et
3284 3990 3624 4063 pertinentiis
3668 3991 3800 4061 suis,
3853 4001 3915 4049 et

2306 4084 2409 4142 alia
2440 4103 2567 4159 qua
2590 4086 2645 4142 in
2684 4086 2948 4156 futurum,
2984 4089 3102 4143 Deo
3125 4094 3369 4155 auctore,
3399 4102 3431 4142 a
3465 4084 3719 4142 ﬁdelibus
3767 4085 3914 4159 lega-

2307 4178 2429 4235 liter
2465 4177 2795 4236 conferenda
2842 4189 2989 4236 sunt.
3046 4182 3317 4237 Praterea
3347 4178 3472 4236 ﬁdei
3524 4188 3579 4235 et
3623 4179 3916 4252 religionis

2305 4281 2416 4330 tua
2450 4282 2665 4347 gratum
2703 4274 2757 4329 in
2779 4283 2832 4330 te
2876 4273 3109 4331 fructum
3149 4274 3447 4331 exuberare
3491 4282 3914 4347 cognoscentes,

2305 4368 2704 4425 committimus
2747 4368 2843 4424 tibi
2885 4368 3105 4443 tuisque
3134 4368 3540 4426 successoribus
3587 4369 3766 4426 vicem
3808 4384 3917 4427 no-

605 4476 793 4518 sumus
829 4461 1052 4520 differre
1084 4477 1403 4519 censuram.
1435 4460 1669 4518 Proinde
1697 4478 1791 4534 per
1842 4479 2027 4519 veram
2074 4464 2199 4521 obe-
2226 4470 2480 4576 Dlstram
2523 4462 2579 4517 in
2621 4462 2841 4519 Corsica
2887 4462 3095 4532 insula,
3157 4463 3202 4518 si
3245 4471 3430 4520 tamen
3477 4462 3577 4535 ipsi
3629 4477 3915 4521 consensu

611 4553 856 4576 j:-_af__-
894 4571 1086 4576 _--_---
1124 4564 1182 4576 --Α
1219 4571 1567 4576 --_____-_____-
1607 4555 1765 4576 _-:L-___
1815 4556 2002 4576 --ξ-,ιε-
2068 4557 2135 4576 λε,
2165 4566 2194 4576 γ.
2316 4554 2548 4576 n-__-_.2
2584 4555 2850 4576 ..-μιξιὲᾼεμ
2882 4564 2928 4576 ,ι
2973 4555 3219 4576 ..1--.2Α---
3266 4556 3440 4576 πε--μξ
3472 4555 3653 4576 _.-_-_|:
3700 4556 3769 4576 ει,
3820 4572 3874 4576 As

605 4553 863 4612 dientiam
893 4571 1093 4613 moneo
1124 4564 1184 4611 ut
1213 4571 1574 4613 communem
1607 4555 1773 4611 vitam
1815 4556 2022 4625 vivatis,
2063 4557 2201 4613 sicut

606 4656 829 4705 sanctus
857 4648 972 4706 Leo
998 4666 1135 4722 papa
1164 4649 1426 4707 Ecclesia
1455 4658 1661 4707 nostra
1691 4650 1947 4719 instituit,
1972 4659 2027 4706 et
2063 4650 2204 4708 sicut

607 4743 857 4798 Romana
887 4742 1127 4799 Ecclesia
1159 4743 1425 4816 intelligit,
1467 4743 1522 4801 id
1546 4752 1629 4801 est
1668 4752 1730 4800 ut
1759 4744 1940 4801 omnia
1966 4745 2203 4802 ecclesia

606 4832 751 4892 bona
792 4835 848 4891 in
878 4851 1233 4891 communem
1269 4837 1562 4893 utilitatem
1589 4837 1931 4911 redigantur,
1970 4846 2025 4895 et
2051 4855 2202 4895 com-

608 4928 869 4997 muniter,
908 4929 1047 4985 sicut
1083 4945 1248 5000 supra
1286 4928 1498 4985 dictum
1526 4938 1627 4998 est,
1660 4932 2051 5003 expendantur,
2082 4942 2198 5004 aut,

609 5022 656 5079 si
688 5021 745 5078 id
770 5020 946 5078 facere
980 5021 1262 5090 recusatis,
1293 5022 1536 5080 ecclesia
1573 5024 1925 5096 praebendam
1951 5028 2004 5082 in
2035 5043 2202 5085 manu

608 5115 849 5188 episcopi
903 5115 975 5171 ad
1019 5114 1259 5172 ecclesia
1301 5116 1595 5174 utilitatem
1641 5118 1900 5176 reddatis.
1952 5120 2115 5191 Quod
2159 5121 2203 5177 si

608 5218 861 5267 neutrum
912 5207 1110 5265 horum
1158 5209 1326 5281 (quod
1367 5210 1522 5278 absit)
1575 5210 1754 5271 facere
1797 5214 2094 5284 recusatis,
2138 5230 2205 5271 ex

609 5303 932 5360 auctoritate
957 5303 1061 5359 Dei
1095 5304 1513 5376 omnipotentis,
1549 5314 1601 5363 et
1638 5316 1961 5365 sanctorum
1988 5314 2205 5381 aposto~

610 5397 791 5453 lorum
811 5397 955 5453 Petri
981 5404 1037 5453 et
1064 5397 1239 5467 Pauli,
1264 5399 1515 5457 omnium
1543 5400 1894 5459 ecclesiarum
1917 5403 2199 5459 introitum

611 5488 769 5547 vobis
806 5506 977 5563 usque
1019 5489 1086 5548 ad
1127 5490 1575 5553 emendationem
1613 5511 1916 5569 congruam
1946 5496 2200 5570 prohibe-

614 5599 755 5641 mus.

683 5680 820 5736 Data
859 5679 1072 5747 Roma,
1118 5686 1315 5754 quarto
1353 5680 1626 5740 Kalendas
1672 5684 2202 5759 Decembris,indi-

612 5770 794 5831 ctione
832 5774 1086 5833 secunda.

2312 4554 2549 4611 Romani
2583 4555 2851 4629 pontiﬁcis
2876 4564 2931 4614 et
2964 4555 3225 4614 electione
3264 4556 3441 4613 Pisani
3472 4555 3655 4629 pepuli
3700 4556 3778 4613 ita
3812 4572 3913 4614 ca-

2314 4650 2506 4707 nonice
2557 4650 2898 4718 intraverint,
2944 4650 3088 4707 sicut
3132 4658 3187 4706 te
3242 4659 3464 4708 constat
3512 4650 3771 4719 intrasse,
3825 4660 3911 4721 ut,

2311 4743 2611 4801 secundum
2638 4745 2786 4817 quod
2810 4748 2957 4802 Deus
2992 4743 3091 4801 tibi
3117 4743 3367 4814 tradidit,
3392 4759 3515 4817 qua
3544 4744 3613 4801 ad
3641 4742 3911 4801 Christia—

2310 4856 2437 4895 nam
2476 4839 2801 4912 religionem
2830 4838 3098 4912 pertinere
3144 4838 3393 4896 videntur
3432 4839 3672 4912 vigilanti
3720 4838 3911 4895 studio

2310 4934 2618 5006 episcopos,
2678 4934 2901 4991 clericos
2957 4933 3330 5007 populumque
3400 4934 3647 5005 ejusdem
3712 4932 3911 4990 insula

2312 5026 2530 5093 doceas,
2560 5036 2724 5101 atque
2764 5043 2985 5085 morum
3038 5026 3327 5084 honestate
3372 5025 3700 5096 conﬁrmes,
3745 5026 3913 5098 juxta

2312 5122 2697 5194 propheticum
2722 5137 3057 5191 sermonem,
3092 5126 3154 5178 ut
3182 5122 3375 5178 evellas
3404 5126 3453 5177 et
3478 5120 3753 5190 destruas,
3781 5120 3912 5177 adi-

2313 5220 2432 5287 ﬁces
2457 5222 2506 5272 et
2539 5218 2754 5288 plantes
2794 5220 2916 5281 (Jer.
2951 5232 2998 5285 ι,
3028 5221 3134 5284 ιο).
3180 5217 3317 5285 Qua
3344 5215 3605 5273 nimirum
3631 5214 3831 5284 insula,
3878 5230 3913 5271 ε

2307 5308 2431 5381 jure
2463 5318 2519 5366 et
2539 5310 2787 5367 dominio
2814 5319 3018 5366 sancta
3058 5313 3325 5366 Romana
3358 5307 3611 5365 Ecclesia
3638 5323 3737 5380 per
3763 5323 3912 5380 quo-

2315 5401 2568 5459 rumdam
2591 5418 2886 5474 pravorum
2905 5402 3196 5459 hominum
3222 5402 3557 5460 invasionem
3587 5401 3875 5459 subtracta
3890 5442 3907 5468 ,

2321 5505 2381 5553 ut
2412 5495 2715 5570 prudentia
2740 5505 2853 5554 tua
2878 5497 3059 5555 studio
3087 5495 3319 5553 exclusis
3348 5495 3695 5554 invasoribus
3720 5510 3914 5552 secun-

2320 5592 2451 5649 dum
2490 5590 2775 5663 antiquum
2814 5608 3031 5649 morem
3060 5591 3128 5648 ad
3157 5590 3463 5648 dominium
3506 5590 3753 5664 ejusdem
3794 5593 3909 5647 Ro-

2321 5700 2496 5741 mana
2518 5686 2769 5742 Ecclesia
2790 5695 3096 5749 revocetur,
3118 5685 3470 5743 concedimus
3499 5685 3596 5743 tibi
3620 5699 3718 5757 per
3737 5698 3909 5758 quem

2322 5782 2518 5837 Pisana
2551 5779 2787 5836 Ecclesia
2830 5779 2897 5835 ad
2937 5781 3225 5851 antiquum
3262 5782 3343 5837 sui
3383 5780 3634 5836 decorem
3684 5776 3910 5835 reducta
