4074 6172
217 274 304 325 521
1349 272 1547 329 LIBER
1583 271 1850 329 SEXTUS.
1888 304 1963 317 »-
2001 274 2205 331 EPIST.
2250 276 2377 332 XIII.
3404 290 3503 341 52'2

212 403 309 460 est,
358 404 418 451 et
454 395 548 465 qui
598 396 749 466 prius
798 395 855 450 in
904 395 1243 452 restitutione
1285 397 1554 470 pradictae
1612 376 1802 454 insula
1835 402 1885 464 A
1915 403 2132 454 Domini
2188 407 2265 456 est
2306 418 2563 471 regnum,
2609 410 2660 459 et
2703 408 2821 475 ipse
2863 408 3233 463 dominabitur
3270 414 3509 478 gentium

208 487 584 543 elaboraturus
607 504 687 556 es,
717 487 1068 545 medietatem
1098 490 1341 546 omnium
1384 491 1715 559 reddituum,
1750 502 1806 548 et

208 580 386 636 totius
419 582 581 652 pretii
607 580 965 638 medietatem
997 599 1123 656 quae
1147 583 1213 639 de
1234 584 1445 655 placitis
1466 578 1809 657 acq'uiretur;

206 673 423 731 duobus
460 690 592 731 vero
621 676 1025 732 successoribus
1038 677 1146 732 tuis
1175 687 1421 748 quartam
1449 687 1657 750 partem
1678 679 1806 736 red-

204 767 426 825 dituum
458 777 514 824 et
535 770 705 824 totius
748 770 900 840 pretii
941 786 1065 842 quae
1114 770 1181 827 de
1236 771 1446 843 placitis
1473 774 1804 843 acquiretur,

205 861 269 917 ita
300 870 499 917 tamen
530 872 593 918 ut
621 878 770 918 arces
800 871 854 918 et
898 880 1136 937 quaeque
1183 866 1393 921 munita
1446 865 1561 921 loca
1616 882 1714 938 per
1752 876 1806 922 te

206 956 547 1027 acquirenda
625 956 683 1010 in
730 964 995 1028 potestate
1053 968 1235 1013 nostra
1307 969 1361 1015 et
1429 976 1807 1016 successorum

203 1057 529 1105 nostrorum
565 1060 938 1122 permaneant,
973 1068 1037 1107 eo
1084 1060 1274 1108 tenore
1302 1062 1386 1120 ut,
1428 1054 1471 1109 si
1517 1055 1810 1110 necessitas

205 1144 469 1215 exegerit,
503 1142 762 1199 custodes
808 1146 1132 1202 eorumdem
1169 1147 1413 1201 locorum
1442 1148 1537 1203 tibi
1588 1165 1809 1204 succes-

203 1235 535 1307 soribusque
560 1236 690 1301 tuis,
714 1236 860 1293 salvo
895 1238 1017 1310 jure
1046 1246 1102 1293 et
1141 1239 1349 1295 honore
1392 1243 1662 1297 Romanae
1703 1245 1808 1297 Ec-

204 1329 409 1397 clesia,
447 1328 727 1387 obedient.
757 1331 996 1404 Dignum
1036 1333 1233 1404 quippe
1284 1341 1365 1387 est
1410 1342 1491 1400 ut,
1523 1334 1565 1389 si
1588 1333 1657 1389 ad
1705 1335 1809 1390 im-

204 1424 425 1495 perium
483 1430 540 1479 et
590 1440 917 1480 consensum
989 1434 1188 1481 sancta:
1233 1429 1504 1483 Romana:
1558 1428 1810 1485 Ecclesiae

205 1517 543 1588 pastoralem
572 1518 873 1574 secundum
920 1520 1227 1575 Dominum
1267 1522 1601 1593 susceperint
1628 1522 1807 1594 digni-

206 1618 402 1679 tatem,
436 1611 678 1668 habeant
724 1628 789 1669 ex
826 1612 1107 1686 largitione
1151 1615 1468 1687 apostolicae
1494 1615 1639 1671 sedis
1673 1624 1808 1671 tem-

206 1704 483 1775 poralium
538 1722 725 1762 rerum
771 1707 1219 1763 sustentationem
1259 1718 1314 1765 et
1361 1708 1636 1765 decorem.
1686 1712 1809 1765 Hoc

1913 492 2089 563 (Psal.
2121 497 2276 563 χχι).
2334 497 2527 567 Sitque
2569 511 2787 569 semper
2832 499 2889 553 in
2936 516 3050 563 ore,
3080 502 3152 557 sit
3194 518 3409 573 semper
3451 503 3509 558 in

1912 586 2076 641 corde
2118 596 2315 655 vestro,
2364 588 2514 660 quod
2540 590 2685 645 hunc
2731 593 3059 649 versiculum
3104 596 3290 666 paucis
3345 596 3509 652 inter.

1913 679 2106 748 positis
2147 681 2388 751 sequitur
2414 700 2429 737 :
2455 687 2525 737 Et
2549 688 2731 739 anima
2770 703 2887 741 mea
2929 689 3013 742 illi
3048 692 3206 753 vivet,
3260 699 3310 745 et
3337 706 3510 745 semen

1915 788 2089 827 meum
2118 777 2308 827 serviet
2328 777 2455 843 ipsi.
2489 778 2697 831 Notum
2719 788 2903 834 autem
2934 781 3084 837 vobis
3113 798 3231 838 esse
3257 784 3510 839 volumus

1916 866 2177 936 quoniam
2198 866 2533 923 desiderium
2570 880 2821 927 nostrum
2853 882 2955 940 est,
2986 876 3028 929 si
3056 892 3166 945 quo
3196 876 3363 931 modo
3390 892 3510 947 pos-

1915 973 2102 1014 semus
2128 961 2196 1015 ad
2226 976 2320 1015 vos
2343 961 2549 1031 aliquos
2568 962 2635 1018 de
2666 963 2926 1022 fratribus
2947 968 3162 1023 mittere
3192 970 3286 1040 qui
3324 970 3509 1025 ﬁdeles

1916 1060 1971 1107 et
1999 1052 2147 1108 docti
2176 1062 2355 1108 essent
2381 1054 2448 1110 ad
2496 1056 2857 1113 erudiendum
2881 1075 2976 1115 vos
3005 1061 3060 1114 in
3085 1063 3237 1116 omni
3286 1062 3508 1118 scientia

1918 1153 1975 1201 et
2019 1145 2267 1201 doctrina
2308 1147 2363 1201 in
2406 1147 2621 1204 Christo
2669 1153 2798 1206 Jesu
2838 1160 2919 1219 ut,
2951 1154 3251 1209 secundum
3282 1171 3507 1227 evange-

1918 1238 2074 1295 licam
2104 1248 2156 1294 et
2195 1242 2555 1311 apostolicam
2582 1242 2891 1299 doctrinam
2940 1245 3192 1301 decenter
3239 1247 3509 1313 instructi,

1920 1332 1976 1386 in
2009 1333 2158 1388 nullo
2190 1335 2497 1391 vacillantes
2537 1338 2747 1402 essetis,
2776 1336 2874 1393 sed
2905 1338 3124 1394 radicati
3179 1348 3341 1411 atque
3384 1340 3507 1395 fun-

1920 1424 2033 1481 dati
2062 1442 2225 1499 super
2250 1429 2436 1484 stabile
2465 1427 2915 1499 fundamentum,
2960 1432 3107 1504 quod
3138 1442 3221 1487 est
3267 1435 3513 1489 Christus

1918 1522 2077 1576 Jesus
2105 1522 2153 1593 (I
2192 1524 2306 1579 Cor.
2360 1525 2473 1592 III),
2523 1524 2888 1580 abundantius
2926 1534 3089 1596 atque
3115 1526 3406 1597 perfectius
3455 1528 3513 1582 in

1918 1613 2115 1669 virtute
2169 1615 2269 1670 Dei
2317 1616 2633 1672 cresceretis
2686 1627 2740 1672 et
2788 1619 3089 1675 secundum
3142 1620 3513 1691 operationem

1919 1704 2158 1763 fructum
2182 1708 2303 1764 ﬁdei
2330 1719 2531 1766 aeterna
2554 1712 2914 1766 retributione
2940 1711 3166 1783 dignum
3188 1712 3508 1769 redderetis.

206 1798 371 1853 etiam
402 1798 723 1855 addendum
744 1815 861 1855 esse
904 1801 1241 1867 censuimus,
1270 1810 1330 1857 ut
1356 1801 1413 1857 in
1441 1802 1661 1874 agendis
1690 1803 1806 1874 pla-
1837 1790 1885 1853 Β
1918 1800 2082 1869 Quod
2113 1802 2239 1873 quia
2265 1804 2443 1872 nobis,
2470 1811 2591 1859 tum
2631 1814 2854 1875 propter
2876 1806 3332 1877 longinquitatem
3351 1815 3513 1863 terra-

209 1892 325 1948 citis
356 1893 593 1949 nuntius
620 1903 808 1949 noster
829 1910 1047 1965 semper
1076 1894 1307 1951 intersit.

272 1989 486 2042 Actum
558 1989 776 2052 Romae,
825 1988 1064 2044 secundo
1128 1988 1409 2046 Kalendas
1464 1990 1810 2058 Decembris,

210 2079 504 2136 indictione
523 2080 780 2137 secunda.

750 2181 1096 2236 EPISTOLA
1120 2182 1275 2237 XIII.

496 2294 584 2335 AD
630 2294 883 2337 οιΑνωί
934 2294 1265 2337 NOBVEGIE
1303 2296 1527 2339 BBGBM.

833 2378 1210 2440 (Ann01078.)

213 2466 497 2534 Conﬁrmat
518 2482 638 2519 eum
656 2470 713 2520 in
723 2467 848 2535 ﬁde,
873 2472 946 2536 et,
970 2470 1102 2537 quia
1114 2474 1337 2538 propter
1353 2470 1583 2524 locorum
1600 2471 1816 2525 distan-

278 2539 425 2592 tiam
442 2543 492 2590 et
526 2538 721 2606 Iinguce
738 2542 1108 2607 ignorantiam
1124 2556 1229 2593 non
1251 2546 1425 2609 potest
1442 2544 1652 2595 mittere
1672 2544 1815 2595 viros

276 2611 372 2677 qui
401 2624 527 2681 eum
552 2612 608 2661 in
640 2610 746 2677 lege
768 2612 983 2665 Domini
1008 2613 1282 2671 erudiant,
1317 2618 1472 2679 rogat
1498 2618 1557 2665 ut
1573 2613 1816 2681 juniores

279 2685 325 2733 et
350 2679 565 2733 nobiles
577 2696 631 2733 se
644 2696 810 2748 regno
830 2697 924 2734 suo
945 2682 1020 2734 ad
1040 2683 1389 2751 apostolicam
1405 2679 1586 2737 sedem
1607 2688 1814 2750 mittat,

279 2753 395 2819 qui,
416 2751 625 2804 divinis
653 2752 858 2819 legibus
874 2753 1060 2816 edocti,
1074 2755 1377 2822 apostolicae
1398 2756 1538 2807 sedis
1553 2756 1816 2808 mandata

279 2822 354 2875 ad
371 2838 498 2875 eum
510 2824 660 2888 ferre
670 2828 718 2876 et
735 2824 1037 2891 prwdicarc
1045 2828 1253 2893 possint
1272 2843 1287 2889 ;
1308 2826 1579 2889 fratribus
1591 2831 1817 2894 praeter-

281 2909 336 2946 ea
366 2895 525 2961 regis
556 2897 851 2961 Bonorum,
901 2895 1213 2949 divisionem
1264 2898 1420 2963 regni
1459 2898 1815 2965 cupientibus,

277 2965 423 3018 nullo
450 2969 613 3033 pacto
635 2981 783 3034 opem
811 2969 980 3033 ferat,
1005 2967 1098 3019 sed
1113 2971 1264 3019 curet
1281 2968 1463 3035 potius
1487 2974 1549 3021 ut
1571 2984 1670 3021 rea:
1697 2970 1819 3034 fra-

280 3040 383 3090 tres
412 3051 542 3090 suos
555 3052 683 3109 cum
712 3038 977 3091 charitate
1020 3040 1304 3109 suscipiat.
1338 3038 1429 3091 Ad
1461 3038 1595 3092 bona
1624 3042 1819 3108 piaque

280 3122 443 3176 (pera
499 3108 660 3161 illum
699 3109 967 3162 hortatur.

281 3202 641 3260 Gnsconws
651 3205 1156 3276 episcopus,servus
1168 3220 1455 3262 servorum
1466 3208 1591 3275 Dei,
1606 3209 1816 3264 Ouvo

220 3297 665 3353 Norvecchorum
694 3296 1110 3369 [Norvegorum,
1140 3300 1394 3373 Murum]
1436 3302 1552 3373 regi
1580 3301 1816 3357 salutem

223 3397 269 3443 et
292 3391 657 3461 apostolicam
682 3389 1143 3447 benedictionem.

282 3484 437 3539 Licet
458 3500 525 3539 ex
553 3484 979 3541 universalicura
1015 3494 1219 3543 sancta:
1241 3496 1295 3543 et
1308 3487 1623 3558 apostolicae
1650 3487 1811 3555 sedis,

221 3578 506 3633 cuidivina
534 3578 884 3634 miseratione
921 3580 1303 3649 praesidemus,
1339 3580 1610 3637 debitores
1648 3581 1818 3636 simus

222 3672 476 3727 omnibus
504 3672 595 3742 qui
626 3671 828 3728 Christi
874 3672 1042 3727 ﬁdem
1083 3674 1291 3743 colunt,
1323 3674 1390 3730 de
1426 3672 1581 3729 vobis
1609 3683 1816 3741 tamen,

221 3766 305 3835 qui
354 3765 517 3838 quasi
550 3764 607 3819 in
655 3773 906 3821 extremo
957 3766 1108 3821 orbis
1140 3775 1414 3822 terrarum
1462 3767 1633 3838 positi
1665 3767 1815 3835 estis,

222 3866 365 3913 tanto
394 3874 504 3913 nos
550 3858 780 3928 majoris
822 3859 1212 3915 sollicitudinis
1250 3861 1387 3916 ratio
1415 3861 1818 3932 necessitasque

221 3950 531 4006 circumstat
561 3959 769 4022 quanto
812 3968 907 4008 vos
939 3969 1134 4009 eorum
1176 3954 1349 4025 quiin
1374 3954 1683 4011 Christiana
1730 3970 1819 4010 re-

225 4043 408 4115 ligione
437 4060 537 4100 vos
583 4044 850 4102 instruant
892 4046 1170 4102 minorem
1222 4048 1438 4118 copiam
1488 4058 1544 4103 et
1571 4064 1819 4104 necessa-

225 4137 296 4192 ria
339 4139 527 4195 minus
549 4139 735 4194 solatia
764 4139 962 4195 habere
1007 4142 1407 4213 cognoscimus.
1455 4143 1816 4211 Quapropter,

226 4229 391 4287 oblata
418 4233 853 4303 opportunitate,
874 4234 1193 4305 scripsimus
1224 4232 1378 4289 vobis
1405 4233 1474 4289 ad
1502 4232 1818 4289 confortan-

228 4321 343 4379 dam
384 4325 565 4395 aliquo
613 4325 779 4381 modo
821 4326 1049 4399 gloriam
1076 4335 1314 4383 vestram
1345 4327 1404 4381 in
1442 4326 1548 4382 ﬁde
1574 4343 1696 4398 quae
1738 4334 1819 4383 est

231 4415 283 4470 in
319 4417 531 4473 Christo
578 4420 731 4487 Jesu,
767 4420 859 4490 qui
904 4420 1212 4476 secundum
1252 4420 1596 4493 propositum
1635 4421 1818 4476 volun-

1919 1911 2065 1961 rum,
2100 1904 2154 1951 et
2181 1898 2414 1953 maxime
2455 1906 2680 1969 propter
2707 1899 2923 1970 ignotas
2951 1899 3168 1971 linguas
3215 1900 3367 1955 valde
3402 1899 3511 1957 dif-

1920 1987 2062 2043 ﬁcile
2089 1998 2188 2056 est,
2233 2006 2493 2062 rogamus
2531 2008 2627 2047 vos
2658 1992 2816 2055 (sicut
2857 2000 2912 2047 et
2940 1993 3053 2064 regi
3102 1997 3385 2048 Danorum
3418 1992 3513 2049 de-

1919 2082 2325 2149 nuntiavimus)
2381 2093 2441 2139 ut
2476 2084 2543 2140 de
2585 2085 2886 2157 junioribus
2918 2094 2974 2141 et
3028 2086 3302 2142 nobilibus
3352 2095 3515 2143 terrae

1922 2183 2116 2232 vestrae
2144 2175 2210 2232 ad
2240 2178 2602 2247 apostolicam
2626 2178 2805 2234 aulam
2830 2179 3088 2247 mittatis,
3115 2188 3384 2250 quatenus
3412 2179 3516 2235 sub

1923 2269 2019 2323 alis
2061 2270 2438 2340 apostolorum
2490 2272 2634 2326 Petri
2686 2280 2740 2326 et
2778 2273 2929 2327 Pauli
2979 2273 3149 2328 sacris
3200 2289 3263 2328 ac
3319 2272 3517 2329 divinis

1922 2361 2131 2434 legibus
2176 2363 2467 2435 diligenter
2488 2364 3033 2436 edocti,apostolicze
3089 2365 3231 2421 sedis
3281 2366 3351 2422 ad
3417 2382 3515 2423 vos

1924 2456 2182 2511 mandata
2223 2457 2447 2524 referre,
2500 2474 2610 2513 non
2663 2458 2815 2530 quasi
2847 2460 3038 2531 ignoti,
3089 2459 3184 2515 sed
3217 2459 3441 2532 cogniti,
3464 2470 3521 2516 et

1925 2564 2050 2619 quae
2093 2547 2417 2606 Christiana:
2455 2550 2734 2622 religionis
2779 2553 2915 2607 ordo
2962 2554 3319 2623 postulaverit
3372 2552 3518 2623 apud

1924 2656 2042 2707 vos,
2086 2658 2198 2697 non
2247 2644 2403 2713 quasi
2453 2643 2618 2698 rudes
2665 2652 2761 2698 aut
2806 2644 3001 2716 ignari,
3074 2646 3169 2701 sed
3226 2646 3412 2717 lingua
3455 2663 3518 2702 ac

1925 2734 2147 2790 scientia
2171 2736 2527 2806 moribusque
2554 2736 2850 2806 prudentes
2869 2737 3032 2809 digne
3062 2741 3178 2794 Deo
3218 2739 3521 2810 pradicare

1924 2836 1979 2883 et
2022 2827 2337 2896 efﬁcaciter,
2360 2830 2476 2899 ipso
2519 2829 2830 2900 adjuvante,
2855 2831 3097 2886 excolere
3136 2834 3372 2887 valeant.
3404 2836 3518 2888 Re-

1925 2921 2098 2975 latum
2153 2938 2373 2994 quoque
2406 2922 2564 2976 nobis
2602 2930 2687 2976 est
2713 2921 2915 2977 fratres
2959 2924 3099 2994 regis
3137 2926 3422 2981 Danorum
3451 2926 3522 2982 ad

1929 3022 2164 3069 vestram
2192 3030 2249 3070 se
2275 3015 2570 3071 contulisse
2608 3015 3010 3083 excellentiam,
3061 3025 3120 3071 ut
3165 3018 3358 3073 vestris
3394 3019 3521 3074 viri-

1929 3108 2032 3163 bus
2066 3107 2350 3180 copiisque
2388 3109 2650 3179 nitentes,
2676 3117 2941 3181 quatenus
2991 3125 3117 3164 cum
3148 3110 3256 3166 illis
3292 3126 3523 3182 regnum

1930 3200 2156 3269 dividat,
2186 3200 2413 3257 fratrem
2437 3218 2631 3275 cogere
2672 3202 2973 3259 intendant.
3008 3204 3144 3272 Quae
3189 3204 3407 3275 quidem
3436 3221 3524 3261 res

1924 3302 2195 3364 quantum
2215 3295 2285 3351 ad
2315 3296 2464 3365 regni
2490 3296 2905 3363 detrimentum,
2927 3305 3193 3367 quantum
3220 3296 3293 3353 ad
3324 3298 3523 3355 confu-

1925 3387 2134 3442 sionem
2178 3388 2363 3459 populi
2409 3387 2726 3454 Christiani,
2784 3397 3159 3461 quantumque
3188 3390 3259 3445 ad
3303 3390 3524 3447 destru-

1925 3480 2167 3535 ctionem
2224 3480 2610 3546 Ecclesiarum,
2643 3482 2843 3553 quibus
2872 3482 3114 3553 quotidie
3158 3483 3326 3538 vicina
3357 3486 3525 3555 Paga-

1923 3588 2122 3628 norum
2144 3573 2436 3629 crudelitas
2459 3574 2649 3642 inhiat,
2676 3583 2730 3629 et
2759 3574 2926 3630 totius
2944 3581 3106 3630 terrae
3127 3575 3525 3633 desolationem

1925 3666 2173 3734 attineat,
2202 3683 2297 3738 per
2322 3668 2677 3738 semetipsam
2718 3684 2823 3723 nos
2848 3668 3084 3734 Veritas,
3111 3685 3235 3740 qum
3277 3670 3526 3727 Christus

1926 3768 2027 3828 est,
2054 3760 2109 3815 in
2141 3760 2437 3833 Evangelio
2457 3761 2634 3829 docet,
2668 3777 2795 3816 cum
2815 3760 2951 3817 dicit
2989 3781 3001 3817 :
3027 3764 3189 3819 Omne
3223 3781 3444 3832 regnum
3468 3768 3526 3819 in

1926 3857 2157 3924 seipsum
2179 3856 2413 3909 divisum
2433 3855 2791 3923 desolabitur,
2821 3861 2878 3910 et
2898 3857 3084 3911 domus
3112 3873 3285 3927 supra
3311 3859 3526 3913 domum

1928 3950 2082 4005 cadet
2106 3953 2258 4017 (Luc.
2302 3950 2412 4019 χι).
2442 3947 2606 4004 Unde
2648 3948 3001 4005 eminentiam
3027 3959 3263 4007 vestram
3293 3951 3349 4006 id
3372 3968 3525 4007 sum-

1928 4060 2153 4115 mopere
2185 4060 2375 4100 cavere
2424 4060 2741 4111 monemus,
2790 4053 2851 4099 ut
2892 4044 3096 4100 nullius
3133 4062 3376 4117 unquam
3411 4062 3523 4116 per-

1930 4139 2181 4193 suasione
2210 4138 2267 4192 in
2297 4138 2399 4195 hac
2429 4146 2583 4208 parte
2612 4138 2870 4209 cuiquam
2907 4153 3189 4193 assensum
3240 4138 3527 4209 prmbeatis

1930 4231 2012 4285 vel
2056 4231 2408 4302 adjutorium,
2462 4248 2529 4286 ne
2561 4240 2846 4302 peccatum
2893 4231 2997 4286 hoc
3039 4231 3209 4303 (quod
3261 4232 3423 4301 absit)
3472 4232 3527 4287 in

1923 4339 2021 4379 vos
2051 4331 2455 4395 retorqueatur,
2492 4340 2599 4379 neu
2627 4324 2694 4379 de
2718 4323 2944 4379 dissidio
2970 4324 3118 4394 regni
3149 4324 3291 4379 illius
3330 4334 3526 4381 contra

1924 4432 2021 4471 vos
2063 4424 2120 4472 et
2149 4432 2380 4488 regnum
2405 4425 2645 4471 vestrum
2674 4416 2850 4471 divina
2874 4415 3173 4487 indignatio
3201 4418 3522 4474 concitetur.

230 4510 347 4565 tatis
372 4512 565 4566 aeterni
612 4513 792 4568 Patris
815 4513 939 4581 Dei,
983 4523 1314 4585 cooperante
1359 4514 1562 4586 Spiritu
1604 4523 1816 4582 sancto,
1848 4535 1899 4597 D
1932 4512 2052 4565 Hoc
2076 4519 2260 4566 autem
2301 4526 2398 4565 vos
2456 4525 2750 4581 procurare
2798 4509 3026 4563 libenter
3066 4509 3319 4565 volumus
3360 4518 3526 4581 atque

230 4616 319 4673 pro
358 4604 535 4660 salute
593 4605 779 4662 mundi
808 4605 977 4662 homo
1015 4605 1195 4662 factus
1244 4616 1347 4671 est,
1385 4607 1455 4662 de
1497 4607 1820 4662 intemerata

230 4695 438 4769 Virgine
466 4706 648 4766 natus,
697 4698 968 4755 mundum
991 4700 1342 4755 reconcilians
1380 4702 1498 4755 Deo
1534 4715 1630 4770 per
1657 4716 1812 4755 mor—

231 4794 332 4845 tem
358 4807 537 4861 suam,
569 4790 753 4847 delens
788 4801 1005 4865 peccata
1028 4801 1215 4848 nostra
1248 4808 1344 4863 per
1379 4792 1817 4864 redemptionem

234 4896 345 4953 quae
372 4894 453 4941 est
478 4884 534 4940 in
561 4886 822 4957 sanguine
855 4886 1045 4956 ipsius,
1078 4894 1133 4941 et
1178 4885 1389 4941 devicta
1425 4894 1602 4940 morte
1631 4885 1685 4939 in
1716 4902 1810 4941 se-

238 4979 463 5051 metipso
494 4978 895 5035 conviviﬁcavit
920 4996 984 5035 ac
1020 4979 1365 5035 resuscitavit
1414 4994 1515 5035 nos
1558 4978 1613 5035 in
1662 4994 1817 5051 spem

234 5068 418 5139 vivam,
476 5073 533 5127 in
570 5071 949 5129 haereditatem
996 5072 1525 5142 immarcessibilem,
1576 5073 1822 5130 inconta-

237 5164 515 5235 minatam,
583 5165 956 5238 incorruptam
993 5168 1044 5233 (Ι
1090 5170 1233 5223 Petr.
1260 5172 1326 5233 1).
1381 5169 1445 5221 In
1495 5182 1625 5238 quo,
1682 5168 1822 5223 sicut

233 5258 557 5316 conﬁdimus
598 5259 654 5315 in
698 5260 1071 5317 misericordia
1116 5261 1252 5332 ejus,
1311 5260 1468 5317 vobis
1515 5269 1699 5332 parata
1738 5270 1823 5317 est

230 5360 421 5409 eterna
461 5355 611 5410 salus
638 5363 693 5409 et
732 5354 865 5420 vita,
892 5354 935 5409 si
982 5361 1166 5409 tamen
1200 5355 1257 5408 in
1284 5354 1376 5409 illo
1401 5370 1555 5426 Spem
1604 5354 1821 5408 ﬁrmam

230 5448 474 5518 usquead
498 5448 672 5503 ﬁnem
701 5447 986 5504 tenueritis
1015 5448 1197 5512 (Hebr.
1237 5453 1334 5515 In)
1354 5490 1368 5516 ,
1398 5447 1678 5503 credentes
1703 5447 1819 5519 (sic-

228 5547 287 5593 ut
305 5540 434 5596 dicit
465 5542 750 5613 apostolus
770 5542 989 5607 Paulus)
1021 5544 1278 5612 quoniam
1302 5545 1359 5596 in
1390 5545 1505 5612 ipso
1545 5543 1819 5597 inhabitat

228 5639 390 5689 omnis
430 5637 714 5705 plenitudo
753 5638 1060 5693 divinitatis
1114 5637 1471 5705 corporaliter
1529 5635 1658 5707 (Col.
1726 5641 1818 5702 11).

226 5724 450 5798 Propter
470 5729 622 5801 quod
648 5732 844 5786 servite
882 5731 930 5786 ei
977 5746 1107 5785 cum
1152 5728 1302 5785 omni
1331 5728 1532 5784 timore
1562 5736 1619 5784 et
1642 5728 1821 5785 humi-

232 5817 393 5889 litate,
438 5837 723 5880 memoree
768 5823 913 5893 quod
970 5822 1254 5879 Psalmista
1299 5820 1495 5878 dicat:
1550 5824 1822 5889 Quoniam

506 5914 735 5967 Ρλτκοι.
777 5912 1039 5967 CXLVIII.

1930 4604 2293 4670 consulimus,
2333 4611 2396 4659 ut
2423 4602 2682 4675 praefatus
2712 4613 2814 4657 rex
2850 4605 3139 4657 Danorum
3169 4600 3363 4658 fratres
3395 4619 3527 4661 suos

1927 4697 1980 4752 in
2009 4714 2240 4770 regnum
2273 4712 2400 4752 cum
2443 4696 2711 4751 charitate
2731 4694 3008 4764 suscipiat,
3049 4703 3104 4750 et
3125 4696 3198 4751 ita
3228 4696 3304 4751 eis
3343 4696 3411 4754 de
3435 4714 3522 4755 re-

1926 4791 2085 4863 liquis
2115 4791 2274 4845 bonis
2315 4799 2369 4845 et
2396 4788 2727 4858 honoribus,
2785 4788 2874 4847 ubi
2907 4796 3104 4859 potest,
3136 4790 3425 4849 distribuat
3466 4800 3528 4849 ut

1926 4900 2027 4940 nec
2070 4884 2194 4939 illos
2228 4883 2449 4954 indigna
2478 4889 2737 4955 angustet
2759 4883 3072 4951 necessitas,
3106 4900 3208 4940 nec
3236 4886 3385 4957 regni
3414 4894 3526 4944 sta-

1927 4986 2017 5034 tus
2060 4977 2422 5033 labefactetur
2475 4985 2569 5032 aut
2628 4976 2877 5048 dignitas.
2934 4980 3011 5032 De
3060 4986 3255 5033 caatero
3312 4996 3527 5053 semper

1929 5064 2161 5145 cogitate
2212 5072 2281 5129 de
2323 5087 2418 5143 spe
2444 5070 2739 5127 vocationis
2788 5080 3006 5139 vestras,
3049 5079 3105 5127 et
3146 5075 3340 5129 attenti
3368 5076 3437 5132 ad
3464 5092 3528 5133 ea

1930 5160 2051 5239 qua:
2096 5166 2371 5222 Dominus
2409 5165 2465 5220 in
2512 5164 2805 5237 Evangelio
2843 5164 2974 5221 dicit
3007 5184 3018 5218 :
3054 5168 3192 5233 Quia
3227 5171 3437 5225 venient
3458 5170 3526 5224 ab

1929 5263 2135 5316 oriente
2164 5264 2213 5315 et
2229 5260 2509 5324 occidente,
2533 5264 2583 5313 et
2603 5260 2907 5315 recumbent
2927 5276 3046 5314 cum
3064 5261 3365 5331 Abraham,
3379 5265 3529 5319 Isaac

1930 5360 1981 5409 et
2006 5355 2169 5410 Iacob
2198 5357 2257 5408 in
2294 5369 2454 5423 regno
2492 5354 2735 5408 cazlorum
2761 5354 2979 5418 (Matth.
3024 5358 3183 5423 vm),
3214 5355 3378 5410 nolite
3424 5366 3530 5413 tar-

1931 5446 2084 5515 dare,
2106 5448 2332 5514 currite,
2363 5446 2640 5502 festinate.
2664 5449 2745 5501 De
2775 5446 2982 5501 ultimis
3000 5446 3202 5502 ﬁnibus
3222 5449 3386 5513 estis;
3408 5450 3527 5519 sed,

1933 5542 1979 5596 si
2002 5541 2236 5608 curritis,
2291 5540 2338 5594 si
2391 5538 2683 5605 festinatis,
2730 5539 2928 5609 primis
2972 5540 3221 5595 Patribus
3254 5541 3315 5595 in
3360 5558 3530 5613 regno

1931 5634 2121 5690 sociati
2161 5633 2326 5687 eritis.
2357 5633 2437 5687 Sit
2486 5648 2677 5689 cursus
2707 5642 2881 5688 vester
2910 5632 3066 5701 ﬁdes,
3100 5650 3259 5688 amor
3296 5642 3349 5688 et
3389 5634 3531 5689 deﬁ-

1931 5728 2166 5785 derium.
2216 5726 2298 5783 Sit
2346 5727 2448 5782 iter
2502 5735 2748 5783 vestrum
2797 5724 2989 5781 mundi
3037 5726 3270 5796 gloriam
3318 5724 3533 5781 assidue

1894 5860 1895 5863 η
1933 5821 2183 5879 meditari
2220 5835 2338 5877 esse
2387 5819 2677 5889 caducam,
2726 5827 2783 5875 et
2827 5818 2950 5875 ideo
2994 5833 3125 5872 cum
3169 5814 3533 5874 amaritudine
3594 5836 3597 5837 ν

3113 5909 3179 5958 l7
