4144 6184
603 296 705 348 523

1287 292 1346 344 S.
1391 288 1709 343 GBEGORII
1748 288 1836 341 V'll
1877 289 2071 342 PAsz
2110 287 2381 345 OPERUM
2418 290 2590 345 PARS
2629 290 2669 343 l.
2708 316 2780 328 -—
2817 286 3215 342 REGISTRUM.

3787 279 3890 334 524

602 416 781 486 potius
808 430 975 487 quam
1022 413 1377 470 delectatione
1408 412 1721 468 tenendam.
1765 413 1845 467 Sit
1872 420 2066 468 vestrae
2092 429 2193 479 po-
2218 420 2271 481 Α
2369 417 2507 469 Data
2537 417 2756 480 Romae,
2785 412 2946 467 tertio
2988 408 3265 465 Kalendas
3290 404 3555 474 Januarii,
3602 402 3895 459 indictione

599 510 786 565 tentias
839 524 971 564 usus
1030 516 1085 563 et
1157 507 1471 562 exercitatio
1537 505 1823 561 subvenire
1890 506 2185 577 oppressis,

598 602 887 659 defendere
925 600 1137 667 viduas,
1182 600 1429 672 judicare
1475 599 1727 672 pupillos,
1763 599 2030 671 justitiam
2077 615 2189 655 non

600 698 778 752 solum
797 695 1040 767 diligere,
1070 694 1165 750 sed
1192 695 1357 750 etiam
1385 702 1501 749 tota
1528 693 1723 748 virtute
1746 692 2055 748 defendere.
2087 693 2190 748 His

597 805 836 861 namque
858 789 1115 861 vestigiis,
1143 787 1251 843 hoc
1288 787 1562 855 thesauro,
1593 787 1677 842 his
1705 787 1921 858 opibus,
1971 786 2042 841 de
2082 793 2191 841 ter-

599 899 731 939 reno
756 883 825 942 ad
855 884 1085 939 caeleste
1109 896 1363 954 regnum,
1412 881 1480 937 de
1502 880 1651 936 ﬂuxo
1692 889 1747 936 et
1773 879 1949 952 fragili
1977 879 2047 935 ad
2079 894 2192 935 cer-

596 987 718 1033 tum
747 984 803 1033 et
838 992 1069 1049 perenne
1109 974 1390 1048 gaudium,
1440 975 1508 1031 de
1537 974 1742 1030 caduca
1781 983 1836 1030 et
1875 974 2191 1029 transitoria

598 1071 669 1127 ad
726 1080 989 1128 aeternam
1037 1079 1092 1125 et
1143 1084 1361 1140 semper
1415 1084 1827 1140 permansuram
1886 1066 2193 1139 pervenitur

598 1165 851 1237 gloriam.
898 1167 1050 1219 Deus
1078 1172 1265 1219 autem
1297 1163 1672 1234 omnipotens,
1704 1162 1798 1233 qui
1822 1160 1972 1217 dives
2013 1168 2069 1215 et
2094 1176 2189 1215 co-

598 1258 784 1331 piosus
836 1267 919 1313 est
968 1257 1021 1312 in
1072 1255 1463 1323 misericordia,
1504 1255 1715 1311 meritis
1764 1263 1819 1309 et
1867 1254 2191 1309 auctoritate

598 1351 975 1422 apostolorum
1002 1351 1142 1406 Petri
1166 1359 1219 1406 et
1248 1350 1422 1417 Pauli,
1448 1358 1501 1405 et
1520 1358 1704 1405 nostra
1733 1364 1829 1420 per
1855 1349 1974 1403 illos
2011 1347 2190 1414 nobis,

598 1445 726 1500 licet
780 1444 1041 1516 indignis,
1094 1444 1346 1501 divinitus
1397 1459 1674 1511 concessa,
1724 1442 1972 1498 absolvat
2028 1449 2085 1496 te
2139 1447 2195 1495 et

600 1554 793 1595 omnes
826 1538 1014 1594 ﬁdeles
1054 1547 1179 1593 tuos
1219 1536 1291 1593 ab
1331 1537 1587 1593 omnibus
1614 1536 1846 1608 peccatis
1881 1535 2095 1601 vestris,
2136 1542 2189 1590 et

598 1632 792 1704 dirigat
821 1648 917 1687 vos
945 1632 1005 1687 in
1050 1647 1270 1687 omnem
1315 1632 1647 1687 voluntatem
1686 1645 1866 1697 suam,
1898 1637 1959 1685 ut
2006 1628 2061 1683 in
2093 1627 2194 1683 hac

599 1726 707 1782 vita
738 1741 834 1781 vos
855 1725 1156 1797 promereri
1184 1725 1345 1780 faciat
1372 1724 1519 1797 quod
1547 1724 1601 1778 in
1631 1732 1832 1779 aeterna
1853 1721 2191 1778 beatitudine

599 1819 974 1891 multipliciter
1001 1819 1153 1874 vobis
1187 1818 1414 1874 adaucta
1449 1834 1650 1873 corona
1693 1816 1974 1873 retribuat.

668 1917 813 1971 Data
842 1916 1059 1979 Romae,
1091 1912 1306 1969 decimo
1350 1921 1541 1967 octavo
1584 1910 1734 1984 [xxx]
1760 1909 2044 1967 Kalendas
2095 1911 2189 1964 Ja-

598 2007 794 2076 nuarii,
820 2006 1119 2062 indictione
1140 2004 1398 2061 secunda.

1131 2144 1483 2200 EPISTOLA
1502 2143 1656 2197 XIV.

1020 2283 1103 2324 AD
1156 2283 1488 2325 WBLFONBM
1534 2282 1765 2324 DUCBH.

1200 2386 1382 2452 (Anno
1424 2388 1605 2449 1078.)

607 2502 818 2558 Nullam
855 2506 1042 2555 contra
1065 2517 1121 2555 se
1160 2502 1612 2555 murmurationis
1638 2515 1852 2553 causam
1882 2499 2004 2565 fore
2032 2502 2195 2553 osten-

670 2574 773 2635 dit,
796 2574 845 2627 si
873 2574 1163 2641 diligenter
1196 2573 1496 2642 perpendat
1534 2587 1655 2641 qua:
1677 2574 1734 2625 in
1760 2572 1960 2639 synodo
1989 2575 2196 2624 statuta

666 2650 810 2699 sunt.
842 2645 902 2699 Si
930 2646 1076 2714 ﬁdeli
1094 2644 1248 2699 corde
1274 2648 1381 2699 Deo
1404 2644 1716 2706 adhwserit,
1750 2644 2033 2697 victoriam
2074 2657 2194 2696 eum

666 2717 1013 2785 adepturum.

662 2851 1017 2906 Gnnconms
1036 2848 1337 2919 episcopus,
1361 2862 1549 2902 servus
1568 2862 1853 2902 servorum
1870 2845 1999 2914 Dei,
2018 2849 2195 2903 WBL—

593 2957 739 3000 rom
767 2942 895 2998 duci
925 2944 1155 2997 salutem
1204 2949 1257 2996 et
1300 2941 1657 3011 apostolicam
1726 2940 2192 2997 benedictionem.

663 3036 720 3092 Si
775 3034 1063 3108 diligenter
1115 3034 1415 3091 secundum
1487 3034 1799 3106 aequitatem
1867 3033 2191 3104 pontiﬁcalis

592 3128 781 3199 ofﬁcii,
846 3128 1156 3185 secundum
1198 3127 1480 3199 propriam
1557 3128 1890 3182 voluntatem
1974 3142 2198 3197 perpen-

591 3224 716 3279 ditis
734 3239 856 3294 quae
882 3223 1116 3296 agimus,
1140 3237 1265 3293 quae
1296 3220 1528 3276 dicimus
1553 3220 1620 3276 de
1649 3220 1927 3275 communi
1948 3221 2188 3292 negotio,

592 3317 704 3372 imo
734 3318 973 3372 maxima
1003 3314 1413 3387 perturbatione
1440 3313 1592 3386 regni
1637 3313 1820 3379 vestri,
1850 3330 1965 3370 non
2004 3322 2192 3369 contra

589 3426 691 3467 nos
719 3409 1152 3477 murmurabitis,
1195 3407 1291 3464 sed
1320 3424 1417 3479 per
1445 3408 1586 3463 viam
1612 3410 1837 3464 Patrum
1878 3417 2194 3463 nostrorum

593 3520 695 3560 nos
721 3504 989 3573 incedere,
1016 3506 1134 3559 Deo
1164 3502 1323 3570 duce,
1363 3501 1568 3558 meritis
1594 3500 1736 3558 beati
1777 3502 1926 3557 Petri
1955 3502 2192 3572 apostoli

591 3599 952 3669 cognoscetis.
1003 3596 1322 3668 Perpendite
1374 3595 1523 3667 quod
1560 3606 1783 3651 sanctus
1824 3595 2056 3667 Spiritus
2100 3612 2194 3667 per

592 3707 712 3758 nos,
767 3692 891 3746 licet
938 3689 1217 3761 indignos,
1256 3687 1508 3759 dignatus
1534 3697 1618 3743 est
1645 3690 1698 3743 in
1748 3699 1936 3745 sancta
1983 3688 2192 3761 synodo

593 3784 704 3840 hoc
730 3784 785 3837 in
812 3799 958 3838 anno
997 3785 1197 3837 Romae
1227 3782 1281 3835 in
1306 3780 1730 3852 Quadragesima
1777 3782 2046 3839 celebrata
2077 3791 2190 3837 sta-

589 3884 766 3941 tuere,
792 3883 847 3930 et
882 3875 1222 3947 cognoscetis
1245 3882 1513 3944 quantum
1543 3874 1738 3941 valeat,
1770 3884 2036 3945 quantum
2068 3891 2195 3946 pos-

591 3969 661 4025 sit
711 3968 1005 4025 auctoritas
1053 3976 1108 4023 et
1137 3975 1373 4038 potestas
1398 3967 1541 4021 beati
1590 3968 1753 4023 Petri.
1799 3969 1959 4039 Agite
2007 3968 2193 4039 itaque

593 4062 958 4134 omnipotenti
981 4064 1098 4117 Deo
1129 4067 1184 4116 et
1230 4059 1389 4114 beato
1427 4063 1590 4116 Petro
1628 4076 1847 4131 semper
1896 4069 2093 4132 grates,
2139 4069 2194 4117 et

593 4172 707 4211 non
742 4163 932 4211 contra
958 4170 1063 4210 nos
1100 4152 1521 4222 murmurando,
1551 4153 1646 4209 sed
1676 4154 1832 4209 beato
1884 4158 2046 4209 Petro
2075 4171 2194 4226 gra-

593 4250 701 4306 tias
730 4248 1042 4319 referendo,
1072 4247 1297 4303 meliora
1324 4255 1555 4319 sperate.
1583 4246 1716 4303 Mihi
1744 4246 1966 4316 credite,
1994 4247 2193 4305 fratres

592 4343 916 4412 charissimi,
946 4342 1073 4414 quia
1127 4342 1217 4413 qui
1263 4340 1331 4397 de
1372 4339 1607 4397 falsitate
1637 4349 1691 4397 et
1740 4341 2046 4410 calliditate,
2077 4359 2192 4399 non

591 4437 887 4510 dejustitia
930 4445 986 4492 et
1033 4434 1380 4508 simplicitate
1409 4435 1715 4505 conﬁdunt,
1774 4436 1998 4491 omnino
2044 4436 2189 4492 deci-

2219 1772 2267 1835 B

2295 507 2555 563 secunda.

2828 616 3179 672 EPISTOLA
3223 613 3350 669 XV.

2617 749 2698 791 AD
2738 747 3058 789 MONACHOS
3116 747 3163 787 Μ
3173 742 3574 786 ASSILIBNSES.

2877 838 3061 906 (Anno
3118 837 3295 899 1079.)

2300 952 2618 1010 Absentiam
2653 949 2968 1004 su-iabbatis
3015 951 3077 1001 ut
3100 961 3248 1014 (equo
3277 946 3463 1011 ferant
3491 943 3674 995 animo
3711 941 3907 995 horta-

2374 1030 2479 1091 tur,
2524 1038 2680 1092 quem
2698 1023 2810 1075 illis
2838 1023 2941 1074 cito
2986 1020 3337 1092 remissurum
3384 1018 3665 1092 afﬁrmat,-
3720 1027 3908 1092 eorum

2372 1082 2774 1153 mouasterium,
2815 1093 2953 1145 sicut
3008 1088 3373 1149 Cluniacense,
3416 1082 3720 1155 apostolicos
3786 1082 3912 1136 sedi

2371 1168 2528 1220 unire
2569 1164 2858 1219 desiderat.
2886 1162 3113 1230 Reliqua
3140 1161 3338 1215 harum
3377 1158 3687 1212 litterarum
3727 1157 3912 1224 porti—

2373 1239 2477 1293 tori
2502 1236 2730 1291 dicenda
2761 1235 3041 1303 relinquit.
3638 1276 3671 1295 χ

2373 1354 2723 1410 GBBGOBIUS
2747 1350 3050 1420 episcopus,
3080 1362 3267 1403 servus
3294 1358 3579 1401 servorum
3618 1342 3742 1407 Dei,
3770 1343 3909 1396 cha-

2301 1446 2531 1502 rissimis
2556 1444 2818 1501 fratribus
2847 1443 2904 1498 in
2946 1440 3277 1497 monasterio
3308 1437 3627 1495 Massiliensi
3663 1450 3919 1491 commo-

2300 1540 2568 1607 rantibus,
2602 1538 2834 1594 salutem
2863 1544 2918 1592 et
2944 1535 3301 1608 apostolicam
3334 1531 3789 1589 benedictionem.

2371 1632 2695 1691 Contristavi
2741 1647 2857 1701 vos,
2883 1630 2996 1685 imo
3038 1632 3103 1684 B.
3136 1632 3329 1684 Petrus
3372 1624 3689 1687 commovit,
3715 1621 3914 1677 turba-

2300 1729 2395 1796 vit,
2424 1736 2481 1783 et
2504 1728 2618 1800 ipse
2650 1725 2885 1781 sanabit.
2934 1722 3099 1779 Filius
3124 1736 3364 1793 namque
3400 1720 3569 1787 illius,
3617 1717 3784 1773 abbas
3812 1732 3916 1772 ve-

2301 1830 2431 1890 ster,
2465 1821 2607 1876 venit
2658 1819 2725 1875 ad
2756 1835 2879 1887 nos,
2901 1828 2956 1873 et
2983 1833 3085 1889 pro
3107 1816 3224 1889 ejus
3248 1831 3439 1871 amore
3471 1812 3645 1868 factus
3672 1819 3754 1867 est
3773 1810 3914 1865 obe-

2300 1917 2455 1972 diens
2479 1929 2650 1986 usque
2698 1913 2766 1969 ad
2795 1911 3039 1983 corporis
3071 1910 3410 1982 captionem;
3444 1916 3497 1963 et
3525 1906 3649 1979 quia
3680 1912 3913 1976 paratus

2299 2010 2421 2072 fuit,
2461 2008 2506 2064 si
2538 2014 2832 2079 oporteret,
2868 2006 3029 2074 mori,
3063 2010 3117 2060 et
3145 2020 3213 2059 ex
3242 2003 3348 2059 hoc
3396 2001 3617 2057 habebit
3660 1998 3913 2054 retribu-

2300 2104 2526 2159 tionem.
2559 2101 2664 2157 Sed
2690 2103 2833 2156 sicut
2865 2098 3033 2165 scitis,
3066 2097 3259 2153 fratres
3298 2095 3429 2162 mei,
3456 2095 3565 2150 rari
3594 2100 3726 2149 sunt
3771 2091 3916 2147 boni

2301 2198 2392 2270 qui
2443 2196 2609 2252 etiam
2654 2198 2774 2250 Deo
2807 2194 2863 2250 in
2899 2209 3030 2265 pace
3056 2192 3316 2257 serviant,
3370 2189 3465 2245 sed
3505 2186 3766 2243 rarissimi
3808 2185 3915 2257 qui

2303 2308 2402 2364 pro
2429 2291 2569 2346 illius
2604 2305 2793 2345 amore
2823 2286 3228 2360 persecutiones
3267 2300 3384 2339 non
3421 2283 3668 2347 timeant,
3696 2279 3776 2334 vel
3807 2278 3916 2351 qui

2301 2402 2359 2442 se
2417 2393 2607 2441 contra
2664 2382 2917 2437 inimicos
2980 2380 3085 2436 Dei
3148 2377 3519 2434 indubitanter
3603 2381 3914 2445 apponant.

2302 2477 2539 2535 Proinde
2581 2476 2890 2533 Christiana
2934 2474 3126 2546 religio
3166 2472 3291 2543 (heu
3336 2468 3476 2543 proh
3514 2468 3711 2534 dolor!)
3759 2482 3913 2538 pene

2302 2572 2554 2644 deperiit,
2584 2578 2639 2626 et
2664 2569 2965 2641 impiorum
2994 2566 3246 2638 superbia
3272 2564 3438 2620 nimis
3464 2562 3713 2617 accrevit.
3749 2563 3913 2616 Prae-

2303 2666 2485 2725 dictus
2513 2673 2698 2721 autem
2740 2672 2895 2735 pater
2923 2671 3111 2717 noster
3135 2661 3373 2728 [vester],
3406 2672 3589 2713 revera
3620 2654 3915 2727 apostolo-

2302 2776 2427 2816 rum
2458 2758 2763 2831 principem
2796 2755 3045 2828 diligens,
3080 2753 3137 2809 in
3166 2754 3287 2825 ejus
3316 2751 3433 2807 acie
3460 2750 3624 2806 nobis
3653 2748 3911 2816 adhesit,

2302 2863 2359 2910 et
2376 2851 2729 2935 adjutorium,
2752 2849 2967 2907 Christo
3015 2848 3373 2919 gubernante,
3404 2843 3563 2899 nobis
3605 2841 3908 2913 impendit,

2302 2926 2428 3004 noxi
2443 2947 2606 3003 surda
2644 2960 2772 3000 aure
2799 2943 3085 2999 intendens
3112 2940 3260 3012 quod
3297 2939 3422 2995 dicit
3450 2938 3748 3009 Apostolus
3795 2954 3813 2990 :
3837 2937 3903 2993 Si

2300 3042 2570 3109 fuerimus
2607 3041 2739 3093 socii
2787 3036 3134 3108 passionum‘,
3199 3036 3395 3089 erimus
3457 3037 3509 3087 et
3579 3030 3909 3086 consolatio-

2305 3151 2432 3189 num
2483 3136 2532 3199 (Ι
2579 3136 2697 3190 Cor.
2728 3136 2793 3196 Ι).
2841 3129 2947 3187 Sed
2974 3130 3100 3200 quia
3124 3127 3383 3192 charitas,
3431 3125 3562 3180 licet
3608 3125 3747 3179 ratio
3802 3138 3907 3179 vos

2310 3226 2642 3290 consoletur,
2670 3223 2739 3280 ad
2768 3223 3016 3279 dolorem
3040 3238 3137 3278 vos
3154 3220 3401 3293 impellit,
3434 3234 3500 3275 eo
3517 3217 3665 3290 quod
3680 3224 3913 3273 tantum

2302 3323 2516 3377 Patrem
2542 3328 2771 3389 tamque
2821 3316 2979 3373 vobis
3010 3316 3211 3373 ducem
3257 3313 3410 3387 quasi
3446 3313 3607 3384 longo
3648 3319 3916 3380 tempore

2301 3413 2611 3481 amiseritis,
2659 3426 2920 3483 rogamus
2946 3426 3045 3465 vos
3087 3426 3153 3465 ex
3182 3417 3333 3480 parte
3360 3403 3756 3477 omnipotentis
3785 3405 3904 3461 Dei

2305 3517 2361 3564 et
2387 3523 2573 3563 amore
2604 3504 2744 3561 beati
2772 3504 2940 3573 Petri,
2969 3504 3240 3576 patienter
3263 3509 3583 3573 supportate
3628 3514 3755 3567 nos,
3781 3498 3913 3569 quia

2300 3602 2431 3671 cito,
2459 3604 2578 3656 Deo
2605 3599 2915 3670 adjuvante,
2948 3613 3078 3654 eum
3108 3596 3262 3652 vobis
3297 3596 3488 3651 laetum
3515 3592 3909 3658 remittemus;

2302 3704 2358 3752 et
2384 3712 2452 3751 ex
2485 3694 2613 3762 hoc,
2637 3692 2959 3749 auctoritate
2998 3690 3143 3747 beati
3171 3688 3317 3746 Petri
3347 3687 3724 3760 apostolorum
3754 3684 3911 3757 prin-

2290 3788 2455 3860 ‘cipis,
2494 3787 2653 3843 nobis
2681 3786 2834 3843 valde
2863 3784 3103 3857 indignis
3137 3784 3451 3849 commissa,
3499 3779 3905 3851 indulgentiam

2299 3882 2547 3938 omnium
2575 3889 2919 3953 peccatorum
2950 3887 3259 3935 vestrorum
3296 3874 3682 3950 promittimus
3711 3882 3768 3929 et
3814 3873 3911 3929 ab-

2298 3975 2626 4032 solutionem
2656 3990 2784 4029 cum
2814 3971 3195 4028 benedictione
3245 3969 3625 4026 concedimus.
3659 3965 3909 4023 Conﬁdi-

2299 4085 2425 4124 mus
2452 4083 2714 4139 namque,
2745 4066 2813 4123 de
2838 4065 3007 4121 nimia
3029 4065 3229 4137 pietate
3255 4062 3525 4120 Altissimi
3578 4071 3634 4118 et
3670 4061 3742 4117 de
3771 4059 3905 4116 inef-

2298 4161 2452 4219 fabili
2484 4161 2775 4218 clementia
2810 4159 3039 4232 Reginae
3075 4158 3333 4225 caelestis,
3384 4158 3511 4229 quia
3534 4155 3678 4211 beati
3715 4156 3909 4210 Petrus

2300 4265 2355 4313 et
2398 4256 2593 4312 Paulus
2628 4255 2813 4311 locum
2851 4261 3091 4309 vestrum
3119 4252 3352 4324 amplius
3381 4250 3544 4306 solito
3592 4247 3909 4305 custodient

2297 4358 2353 4406 et
2377 4344 2702 4417 tuebuntur,
2734 4348 2824 4419 qui
2863 4363 2964 4419 pro
2994 4346 3212 4402 illorum
3263 4344 3482 4401 servitio
3531 4343 3803 4399 damnum
3851 4349 3906 4397 et

2299 4444 2717 4500 incommodum
2777 4443 2980 4499 habere
3036 4441 3273 4497 videtur.
3324 4438 3719 4495 Desideramus
3758 4436 3907 4491 enim

591 4531 743 4600 dent,
770 4540 825 4587 et
852 4531 955 4587 hos
995 4533 1051 4585 Β.
1096 4530 1241 4585 Petri
1267 4529 1481 4601 gladius
1529 4528 1845 4585 devorando
1872 4529 2185 4586 confundet.
2220 4537 2269 4599 ι)
2302 4538 2482 4594 locum
2516 4540 2579 4592 Β,
2608 4537 2759 4592 pauli
2797 4544 2852 4592 et
2880 4545 3126 4592 vestrum
3171 4535 3243 4589 ita
3283 4533 3459 4600 unire,
3500 4539 3563 4588 ut
3602 4532 3749 4587 sicut
3781 4530 3904 4602 jam

593 4626 736 4695 Quid
777 4633 961 4681 autem
1009 4625 1081 4680 sit
1135 4632 1321 4701 actum
1370 4623 1426 4677 in
1469 4622 1919 4695 quadragesimali
1957 4624 2187 4695 synodo,

590 4718 702 4775 sive
730 4718 785 4773 in
808 4734 870 4773 ea
918 4734 1084 4789 quam
1119 4717 1174 4773 in
1202 4733 1387 4773 mense
1412 4716 1714 4773 Novembri
1743 4716 1993 4785 fecimus,
2026 4718 2188 4773 vestri

592 4811 782 4868 ﬁdeles
840 4811 933 4883 qui
983 4810 1374 4879 interfuerunt,
1426 4819 1481 4865 et
1532 4818 1738 4867 nostra;
1789 4810 1983 4868 littera:
2038 4810 2191 4867 vobis

591 4905 776 4960 missae
798 4904 1032 4960 indicare
1060 4913 1313 4975 possunt.
1350 4905 1460 4959 Vos
1488 4913 1673 4960 autem
1703 4904 1771 4960 de
1808 4904 2021 4976 justitia
2057 4921 2188 4961 con-

590 4998 848 5067 ﬁdentes,
896 5006 951 5054 et
1010 4998 1078 5053 de
1130 5001 1193 5053 B.
1248 4998 1392 5053 Petri
1452 4997 1723 5068 adiutorio
1773 5008 2185 5070 praesumentes,

588 5090 974 5147 confortamini
1008 5092 1062 5146 in
1094 5091 1335 5146 Domino
1366 5098 1419 5145 et
1441 5090 1495 5145 in
1524 5092 1765 5163 potentia
1802 5093 2018 5148 virtutis
2046 5092 2184 5164 ejus,

587 5187 713 5258 quia
740 5187 785 5241 si
840 5184 984 5241 ﬁdeli
1028 5184 1191 5241 corde
1219 5192 1273 5240 et
1299 5185 1480 5240 stabili
1511 5189 1627 5241 Deo
1654 5185 2011 5255 adhaeseritis,
2074 5188 2185 5243 cito

588 5280 739 5335 vobis
789 5279 1009 5335 victoria
1051 5287 1107 5334 et
1144 5295 1251 5350 pax
1278 5278 1553 5347 arridebit,
1599 5280 1963 5352 Omnipotens
2012 5283 2184 5351 Deus,

586 5372 796 5428 meritis
823 5372 997 5428 beata:
1047 5373 1239 5428 Mariae
1264 5372 1529 5427 caelorum
1560 5374 1779 5446 reginae,
1831 5390 1926 5445 per
1949 5377 2184 5432 auctori-

586 5476 755 5522 tatem
793 5468 858 5523 B.
886 5466 1029 5522 Petri
1063 5467 1442 5539 apostolorum
1473 5468 1726 5539 principis
1747 5468 1879 5523 mihi
1908 5470 2061 5526 valde
2105 5471 2187 5526 in-

583 5561 747 5633 digno
795 5562 1171 5629 commissam,
1227 5569 1282 5616 te
1345 5570 1579 5633 tuosque
1628 5579 1820 5618 omnes
1866 5564 2046 5620 socios
2094 5565 2183 5636 qui

574 5654 847 5727 justitiam
905 5655 1103 5711 amatis
1148 5662 1205 5710 et
1257 5654 1401 5711 beati
1450 5656 1591 5711 Petri
1632 5656 1820 5712 sedem
1865 5657 2103 5730 diligitis,
2150 5675 2182 5715 a

579 5749 790 5807 cunctis
806 5751 1040 5824 peccatis
1063 5749 1335 5818 absolvat,
1372 5758 1429 5806 et
1452 5749 1522 5806 ad
1560 5750 1725 5807 vitam
1754 5759 2022 5809 aeternam
2065 5770 2184 5826 per-

580 5842 765 5901 ducat.

2298 4649 2363 4688 ex
2421 4632 2584 4704 longo
2633 4639 2884 4703 tempore
2932 4629 3219 4686 Cluniacus
3256 4627 3565 4699 apostolicae
3612 4623 3728 4680 sedi
3766 4639 3903 4699 Vspe-

2298 4727 2509 4782 cialiter
2538 4725 2838 4792 adhaereat,
2864 4730 2918 4780 et
2958 4722 3183 4796 speciali
3232 4721 3489 4778 Ecclesiae
3534 4718 3695 4790 hujus
3734 4716 3903 4789 adju-

2298 4820 2439 4876 torio
2469 4828 2523 4875 et
2569 4818 2952 4875 benedictione
2991 4815 3352 4888 congaudeat.
3384 4816 3607 4870 Moveat
3633 4827 3751 4879 vos,
3784 4809 3902 4865 fra-

2295 4922 2405 4969 tres
2436 4912 2765 4981 charissimi,
2802 4927 3017 4966 summa
3046 4909 3262 4966 dilectio
3292 4907 3513 4975 Christi,
3545 4915 3609 4963 ut
3657 4920 3760 4961 nos
3792 4904 3903 4959 sic-

2298 5016 2357 5063 ut
2383 5022 2478 5062 vos
2502 5007 2649 5079 ipsos
2678 5005 2936 5078 diligatis,
2967 5012 3022 5060 et
3059 5019 3291 5058 manum
3319 4999 3574 5074 adjutorii
3606 4999 3662 5054 in
3690 5012 3892 5069 magna

2296 5108 2627 5173 tempestate
2656 5099 2845 5172 positis
2871 5097 3179 5170 porrigetis,
3217 5095 3351 5152 illud
3375 5108 3593 5165 semper
3619 5107 3735 5165 prae
3758 5107 3897 5148 ocu-

2295 5194 2361 5250 lis
2412 5194 2673 5249 habentes
2705 5209 2719 5247 :
2774 5194 2937 5248 Alter
2980 5193 3206 5246 alterius
3238 5206 3401 5246 onera
3426 5192 3673 5259 portate,
3726 5191 3781 5242 et
3819 5186 3898 5242 sic

2295 5288 2661 5358 adimplebitis
2691 5287 2853 5354 legem
2879 5285 3085 5342 Christi
3104 5284 3246 5355 (Gal.
3276 5284 3349 5355 6).
3383 5281 3545 5351 Quod
3568 5288 3757 5337 autem
3789 5278 3894 5335 mi-

2294 5396 2399 5436 nus
2421 5380 2756 5452 scripsimus,
2781 5378 2981 5434 horum
3015 5377 3263 5449 portitori
3287 5374 3516 5432 dicenda
3544 5373 3890 5445 reliquimus.

2294 5473 2661 5545 Omnipotens
2689 5475 2859 5541 Deus,
2891 5489 2921 5528 a
2963 5488 3074 5543 quo
3129 5480 3328 5528 cuncta
3372 5470 3513 5525 bona
3565 5468 3886 5540 procedunt,

2295 5568 2503 5625 meritis
2542 5576 2596 5623 et
2649 5567 3040 5623 intercessione
3088 5566 3189 5621 Dei
3238 5564 3510 5638 genitricis
3571 5570 3626 5618 et
3672 5557 3888 5633 virginis

2295 5679 2389 5734 per
2422 5663 2805 5719 auctoritatem
2834 5662 3007 5717 beatis
3035 5664 3201 5717 Petro
3225 5668 3281 5716 et
3309 5658 3478 5715 Paulo
3509 5656 3883 5731 apostolorum

2294 5757 2621 5830 principibus
2648 5772 2968 5814 concessam
2997 5771 3093 5812 vos
3130 5753 3405 5828 respiciat,
3438 5767 3644 5823 vosque
3670 5761 3885 5821 semper

2295 5851 2519 5910 innovet
2541 5859 2597 5909 et
2622 5851 2912 5920 custodiat,
2940 5849 3203 5923 vobisque
3250 5847 3397 5921 quod
3417 5846 3489 5904 sit
3516 5860 3722 5904 novum
3750 5856 3874 5899 can-
