4074 6172
213 310 311 364 525

1335 315 1531 371 LIBER
1567 319 1834 374 SEXTUS.
1875 350 1943 360 —
1982 323 2187 377 EPIST.
2229 322 2383 379 XVII.

3402 318 3505 384 526

210 433 380 487 ticum
429 432 649 499 indicet,
698 436 838 491 etin
862 445 1046 494 sancta
1093 438 1419 509 jubilatione
1470 442 1799 512 inflammet,
1822 448 1880 510 Ἀ
1918 445 1962 500 si
1994 445 2148 503 nobis
2176 446 2550 502 inobedientes
2578 447 2877 504 exstiterint
2916 457 2971 504 et
3005 449 3060 504 in
3092 449 3336 508 fraterno
3377 451 3506 509 odio

212 535 269 581 ut
300 526 539 597 perfecte
564 527 755 584 sciatis
791 529 1089 587 humanam
1134 531 1477 604 fragilitatem
1512 534 1733 604 deﬂere,
1752 546 1807 591 et

209 618 546 675 ineffabilem
578 622 681 677 Dei
719 622 1109 695 benignitatem
1138 643 1486 698 cognoscere,
1515 638 1578 683 ut
1601 629 1656 684 in
1687 630 1803 701 ejus

209 729 400 769 amore
452 731 673 787 semper
704 727 1010 774 crescentes
1039 719 1105 774 ad
1137 721 1257 792 ejus
1302 731 1508 777 certam
1550 723 1803 778 notitiam

209 815 264 861 et
318 807 635 864 mirabilem
662 809 926 880 laetitiam,
971 813 1175 869 caelesti
1205 823 1381 871 matre
1406 815 1661 886 ducente,
1694 832 1808 872 me-

210 901 439 956 reamini
466 904 769 972 pervenire.

277 997 421 1049 Data
444 998 666 1067 Romae,
696 1013 761 1054 1v
803 1000 990 1055 Nonas
1022 1000 1191 1073 [ΚΛ]
1212 1002 1476 1070 Januarii,
1510 1002 1808 1061 indictione

211 1088 448 1144 secunda
459 1129 472 1141 .

746 1189 1095 1244 EPISTULA
1119 1192 1276 1245 XVI.

298 1293 381 1333 AD
406 1293 861 1337 BBBBNGARIUM
887 1299 1343 1339 GEBUNDENSEM
1366 1299 1741 1343 EPISCOPUM.

790 1382 970 1442 (Anno
1015 1383 1193 1442 1079.)

216 1465 577 1543 Amplectitur
600 1469 891 1524 devotionis
908 1470 1021 1540 ejus
1042 1474 1311 1537 affectum
1338 1489 1467 1542 erga
1488 1475 1661 1529 sedem
1689 1490 1813 1543 apo-

284 1541 549 1602 stolicam,
582 1547 748 1610 utque
800 1545 855 1596 in
888 1558 944 1596 eo
968 1545 1223 1611 persistat
1252 1546 1527 1608 hortatur,
1585 1552 1634 1600 et
1663 1541 1804 1601 inter

284 1612 603 1680 Raymundi
651 1614 790 1680 ﬁlios
847 1630 1025 1682 pacem
1054 1617 1344 1685 conciliet,-
1368 1618 1511 1685 quod
1544 1620 1599 1670 si
1625 1621 1802 1671 minus

284 1687 732 1753 consequipossit,
755 1686 943 1738 saltem
970 1684 1218 1739 inducias
1239 1690 1361 1754 ﬁeri
1380 1684 1553 1755 Curet,
1588 1690 1799 1743 interim

283 1760 353 1810 eis
381 1756 712 1808 denuntians
756 1757 987 1809 alterum
1013 1771 1209 1817 eorum,
1245 1774 1342 1827 per
1384 1776 1538 1827 quem
1573 1762 1798 1826 steterit,

1912 555 2215 607 remanere,
2249 540 2469 596 diabolo
2523 541 2835 613 instigante,
2887 542 3197 611 maluerint,
3247 546 3324 601 illi
3379 545 3505 617 qui-

1913 633 2038 688 dem
2070 649 2134 688 ex
2181 634 2333 703 cuius
2360 635 2514 704 culpa
2564 634 2648 689 vel
2674 635 2925 706 superbia
2954 652 3057 708 pax
3095 637 3193 693 ista
3237 654 3509 695 remansea

1912 726 2002 791 rit,
2034 726 2262 797 gratiam
2292 726 2461 781 sancti
2504 728 2647 782 Petri
2688 727 3015 809 auferimus,
3060 746 3317 802 eumque,
3366 733 3506 788 sicut

1914 818 2227 874 membrum
2269 817 2467 875 diaboli
2516 828 2570 875 et
2610 820 2980 877 desolatorem
3021 822 3347 879 Christianae
3372 824 3504 880 reli—

1914 912 2111 984 gionis,
2158 928 2285 967 cum
2310 913 2565 968 omnibus
2597 912 2900 970 fautoribus
2943 915 3077 984 suis,
3126 916 3506 975 festinabimus

1916 1024 1946 1063 a
1972 1006 2364 1061 communione
2394 1006 2717 1063 Christiana:
2746 1007 3018 1064 societatis
3052 1008 3406 1083 abscindere,
3431 1011 3504 1068 ita

1918 1108 1977 1155 ut
2006 1100 2213 1155 nullam
2243 1100 2496 1171 deinceps
2544 1099 2826 1155 victoriam
2864 1101 2919 1156 in
2938 1101 3103 1171 bello,
3130 1103 3337 1159 nullam
3373 1120 3505 1175 pro-

1919 1195 2232 1265 speritatem
2274 1193 2473 1249 habere
2498 1195 2671 1266 possit
2693 1194 2747 1249 in
2773 1194 2991 1250 saeculo.
3023 1195 3197 1251 Alteri
3241 1212 3368 1253 vero
3415 1199 3506 1269 qui

1920 1288 2195 1343 humiliter
2220 1288 2335 1359 paci
2364 1288 2717 1353 consenserit,
2762 1286 3108 1360 debitamque
3137 1289 3509 1348 obedientiam

1920 1382 2232 1453 apostolicae
2269 1380 2379 1437 sedi
2406 1380 2726 1449 exhibuerit,
2756 1389 3059 1439 statuemus
3086 1398 3152 1439 ex
3180 1383 3351 1456 gratia
3388 1400 3508 1439 san-

1921 1476 1991 1530 cti
2036 1476 2185 1531 Petri
2217 1474 2638 1547 inexpugnabile
2661 1475 2945 1547 apostolici
2990 1474 3193 1532 favoris
3220 1477 3508 1543 auxilium,

1910 1585 2165 1641 eumque,
2192 1569 2328 1624 sicut
2356 1568 2530 1623 ﬁlium
2554 1578 2757 1624 sanctae
2785 1570 3059 1625 Romanae
3097 1570 3349 1626 Ecclesiae
3366 1585 3509 1627 con-

1908 1662 2085 1730 decet,
2138 1661 2207 1717 ad
2256 1660 2615 1718 obtinendam
2653 1661 3032 1718 haereditatem
3081 1662 3509 1736 dignitatemque

1908 1763 2189 1828 paternam
2240 1756 2421 1811 modis
2469 1756 2723 1811 omnibus
2776 1755 3185 1828 procurabimus
3228 1756 3507 1829 adjuvare,

288 1844 350 1881 ne
367 1844 488 1896 pax:
517 1832 794 1921 scquatuc,
824 1830 1379 1921 excommqnécandum
1408 1833 1560 1921 fore;
1584 1831 1813 1885 alterum

288 1916 314 1921 -.
334 1916 403 1921 ,μμ
460 1901 552 1921 ,4-..⁸
574 1903 746 1921 η.-.,υ.Λ-
774 1901 867 1921 2-...
900 1914 963 1921 ..ι-γ
992 1901 1013 1921 ,⁵
1043 1915 1061 1921 Α
1110 1916 1125 1921 -
1170 1902 1296 1921 .⁶Α--ΣΑ
1362 1919 1405 1921 ῌΑ
1475 1918 1485 1921 -
1532 1904 1604 1921 Αέη
1626 1918 1669 1921 ,η
1700 1903 1800 1921 Ihm-

1929 1858 1977 1904 et
2019 1848 2278 1905 omnibus
2315 1848 2635 1905 Christianis
2669 1849 2726 1904 in
2773 1848 3022 1921 partibus
3071 1848 3193 1917 illis,
3243 1858 3304 1905 ut
3348 1850 3396 1906 ei
3433 1849 3511 1907 fa-

286 1916 429 1960 vero,
453 1901 552 1966 qui
568 1899 867 1966 apostolica:
895 1899 1013 1952 sedi
1036 1900 1315 1962 obediert’t,
1350 1902 1424 1955 ad
1464 1902 1809 1955 obtinendam

296 1971 329 2023 Ιι
342 1970 683 2023 meditate":
694 1976 974 2038 paternam
976 1970 1297 2037 juvandum.
1317 1975 1581 2027 Praeterea
1594 1978 1653 2027 ut
1672 1976 1809 2030 Nar-

285 2041 534 2097 bonensis
555 2044 790 2111 episcopi
818 2042 930 2111 ejus
948 2044 1147 2109 fratris
1171 2045 1339 2097 saluti
1372 2046 1630 2099 consulat.

284 2138 650 2193 Gasoonws
673 2133 980 2205 episcOpus,
1004 2150 1194 2191 servus
1223 2153 1505 2193 servorum
1522 2138 1644 2207 Dei,
1676 2136 1810 2195 dile-

217 2238 300 2285 cto
323 2230 381 2283 in
413 2228 632 2285 Christo
656 2225 811 2282 fratri
850 2230 1251 2286 BEBBNGABIO
1297 2230 1640 2287 Gerundensi
1693 2233 1809 2303 epi-

216 2338 381 2395 sc0po
418 2322 654 2377 salutem
683 2329 739 2376 et
764 2322 1125 2391 apostolicam
1155 2323 1609 2379 benedictionem.

282 2418 440 2474 Sicut
482 2431 581 2487 per
618 2414 795 2470 ﬁlium
843 2424 1095 2471 nostrum
1126 2417 1515 2473 Massiliensem
1560 2418 1814 2474 abbatem

219 2510 514 2566 didicimus
533 2552 548 2577 ,
577 2518 830 2580 paratum
862 2525 981 2565 esse
1010 2518 1064 2566 te
1088 2510 1217 2566 dicis
1244 2511 1299 2565 in
1332 2511 1637 2567 obedientia
1669 2520 1722 2567 et
1753 2512 1813 2566 ﬁ-

217 2605 439 2661 delitate
467 2605 532 2658 Β.
566 2603 709 2658 Petri
745 2603 1060 2659 ﬁrmissimo
1088 2605 1271 2660 animo
1314 2614 1367 2660 et
1389 2605 1659 2661 constanti
1692 2622 1818 2677 per—

215 2698 505 2765 sistere,et
534 2696 834 2753 secundum
853 2706 1185 2769 praeceptum
1202 2707 1447 2755 nostrum
1474 2699 1639 2754 vitam
1664 2707 1817 2755 tuam

219 2792 473 2863 deinceps
498 2807 792 2864 moresque
837 2808 1193 2863 componere,
1219 2793 1480 2864 cupisque
1511 2800 1567 2847 et
1608 2792 1818 2849 deside-

222 2902 302 2941 ras
330 2900 450 2957 prae
488 2884 701 2940 caeteris
750 2886 845 2955 qui
872 2885 928 2940 in
956 2886 1198 2957 partibus
1246 2885 1439 2941 vestris
1486 2894 1616 2941 sunt
1667 2886 1827 2942 nobis

219 2980 565 3035 familiariter
588 2977 886 3035 adhaerere.
939 2978 1047 3035 Sed
1073 2987 1127 3034 et
1165 2994 1268 3035 nos
1296 2978 1366 3035 ad
1413 2979 1823 3050 suscipiendum

224 3081 388 3129 tantae
412 3071 723 3127 devotionis
749 3070 1012 3127 affectum
1039 3073 1223 3130 sinum
1252 3080 1490 3144 paternae
1517 3072 1822 3128 dilectionis

226 3166 596 3232 extendimus,
628 3174 681 3220 et
706 3165 883 3221 modis
929 3165 1186 3221 omnibus
1216 3166 1303 3237 pio
1329 3167 1468 3222 circa
1514 3183 1615 3223 nos
1643 3170 1814 3224 amori

1918 1952 2080 1999 veant
2118 1959 2350 2014 eumque
2372 1942 2441 1999 ad
2471 1940 2825 1998 obtinendum
2846 1942 3209 2015 principatum
3227 1943 3506 2016 adjuvent,

1918 2037 2211 2109 apostolica
2272 2037 2594 2092 auctoritate
2653 2037 3056 2108 praecipiemus.
3106 2036 3380 2108 Quidquid
3421 2054 3514 2093 au-

1917 2139 2032 2185 tem
2056 2129 2123 2186 de
2158 2129 2263 2186 hoc
2292 2145 2323 2185 a
2349 2138 2403 2186 te
2431 2130 2569 2185 inter
2597 2146 2691 2185 eos
2714 2128 3011 2186 difﬁnitum
3060 2128 3248 2199 fuerit,
3279 2140 3515 2202 quanto-

1921 2224 2036 2279 cius
2058 2224 2216 2279 nobis
2245 2223 2435 2279 litteris
2472 2223 2744 2291 intimare,
2768 2222 2880 2280 imo
2928 2223 2974 2279 si
3004 2232 3373 2296 opportunum
3396 2223 3517 2281 fue-

1922 2320 2013 2386 rit,
2067 2319 2301 2390 teipsum
2339 2318 2497 2373 nobis
2550 2327 2943 2390 repraesentare
2980 2317 3213 2375 curabis.
3244 2321 3519 2375 Praeterea

1923 2411 1991 2467 de
2023 2411 2186 2468 fratre
2203 2419 2296 2467 tuo
2326 2412 2683 2479 Narbonensi,
2709 2413 2886 2485 magis
2910 2429 3076 2485 quam
3103 2413 3370 2469 hactenus
3401 2411 3519 2469 fue-

1924 2504 2019 2573 ris,
2047 2506 2169 2560 volo
2209 2514 2262 2561 te
2289 2522 2405 2561 esse
2436 2505 2759 2574 sollicitum;
2793 2505 2918 2578 quia
2947 2522 3048 2577 ego
3092 2506 3222 2563 satis
3248 2506 3317 2563 de
3348 2505 3524 2578 perdi-

1928 2599 2077 2653 tione
2103 2599 2244 2653 illius
2274 2597 2452 2665 doleo,
2486 2607 2539 2653 et
2584 2598 2757 2653 miror
2785 2600 2830 2654 si
2858 2608 2918 2654 tu
2952 2600 3129 2666 illum,
3169 2600 3254 2655 cui
3308 2601 3523 2671 gemina

1929 2690 2284 2763 germanitate
2328 2690 2591 2759 cohzeres,
2624 2691 2693 2746 ad
2730 2691 2966 2746 salutem
2996 2707 3111 2746 non
3149 2691 3337 2748 studes
3370 2692 3527 2748 redu-

1930 2802 2072 2853 cere,
2102 2800 2228 2840 cum
2271 2784 2406 2839 scias
2430 2785 2553 2855 quia
2583 2800 2680 2855 pro
2708 2784 2823 2839 sola
2860 2784 2940 2839 vel
2988 2784 3193 2839 carnali
3223 2785 3305 2840 vel
3356 2786 3522 2856 spiri-

1932 2879 2063 2935 tuali
2118 2877 2385 2933 afﬁnitate
2413 2877 2671 2949 alicujus,
2714 2876 3055 2933 Christianus
3084 2876 3255 2934 homo
3300 2878 3353 2932 in
3385 2877 3523 2933 tanti

1933 2972 2169 3045 periculo
2206 2970 2416 3027 articuli
2449 2970 2687 3042 seipsum
2722 2969 3185 3042 debet'apponerc
3217 2971 3378 3040 [forte
3429 2987 3526 3043 op-

1930 3082 2155 3139 ponere,
2176 3067 2371 3120 Haan.
2396 3068 2475 3121 ita
2500 3066 2622 3120 etin
2647 3064 2757 3120 cod.
2787 3062 3040 3136 Murm].
3060 3066 3176 3135 Age
3188 3080 3317 3136 ergo
3334 3072 3389 3119 et
3414 3063 3527 3120 fravv

1928 3169 2083 3216 terna
2125 3159 2390 3216 charitate
2432 3173 2723 3214 succensus
2764 3158 2917 3213 illum
2964 3173 3030 3212 ex
3062 3166 3266 3213 nostrae
3326 3156 3521 3213 ﬁducia

229 3269 315 3316 tuo
334 3261 624 3339 .favemus,
684 3258 755 3314 ita
791 3260 949 3329 plane
998 3268 1059 3314 ut
1108 3268 1168 3314 tu
1213 3260 1370 3325 (sicut
1420 3262 1711 3332 promittis)
1769 3263 1822 3316 in
1850 3241 1894 3305 C
1931 3254 2322 3310 admonitionis
2359 3252 2676 3325 aggredere,
2712 3267 3159 3307 commemorans
3193 3250 3265 3306 illi
3295 3260 3350 3307 et
3390 3267 3527 3323 pra:-

230 3370 415 3410 amore
459 3353 606 3407 Petri
654 3361 707 3407 et
741 3351 1111 3409 sollicitudine
1138 3354 1519 3410 ecclesiasticae
1547 3354 1823 3426 religionis

231 3457 281 3503 et
325 3447 481 3520 pacis
508 3445 803 3503 Chistiana:
823 3462 1039 3519 semper
1071 3463 1374 3516 excrescas,
1406 3447 1748 3522 dignumque
1773 3458 1824 3505 te

230 3541 525 3613 apostolica
573 3538 933 3596 familiaritate
985 3556 1052 3597 ex
1106 3541 1417 3598 obedientia
1457 3542 1825 3600 sincerissima

233 3634 446 3691 reddas.
497 3637 683 3705 Itaque
725 3634 781 3688 in
810 3634 1001 3705 primis
1064 3635 1355 3706 negotium
1406 3636 1557 3703 tibi,
1588 3636 1656 3692 de
1711 3653 1826 3709 quo

236 3728 469 3784 multum
511 3743 788 3797 curamus,
852 3728 1209 3800 injungimus.
1272 3730 1657 3801 Comperimus
1684 3731 1828 3787 enim

237 3821 373 3893 quod
412 3822 562 3876 inter
606 3820 743 3876 ﬁlios
785 3820 1102 3892 Raymundi
1146 3823 1461 3894 Berengarii
1504 3839 1599 3895 per
1625 3823 1831 3879 vanita-

238 3924 343 3970 tem
371 3924 429 3971 et
478 3914 808 3985 superbiam,
833 3923 887 3969 et
910 3916 1145 3970 maxime
1172 3931 1268 3987 per
1305 3916 1593 3973 consilium
1640 3917 1833 3989 impio-

242 4025 381 4077 rum,
428 4008 694 4063 nimirum
734 4024 796 4063 ex
841 4007 1040 4063 invidia
1072 4008 1294 4077 diaboli,
1325 4008 1596 4066 discordia
1635 4012 1827 4067 oritur.

245 4104 304 4169 lit
335 4118 438 4173 ego
476 4101 601 4157 inde
625 4100 783 4155 nimis
810 4101 1125 4170 contristor,
1168 4110 1287 4158 tum
1320 4118 1418 4173 pro
1448 4119 1635 4159 amore
1665 4105 1833 4175 patris

246 4210 452 4263 eorum,
496 4194 588 4267 qui
640 4195 896 4250 me'satis
934 4211 1000 4251 ex
1030 4210 1138 4267 quo
1174 4198 1433 4268 cognovit
1475 4196 1684 4265 dilexit,
1714 4206 1834 4254 tum

250 4289 406 4344 etiam
447 4288 573 4359 quia
601 4304 763 4360 super
790 4288 1146 4344 Christianam
1189 4300 1429 4362 gentem,
1462 4306 1585 4363 quze
1615 4290 1671 4345 in
1708 4307 1833 4363 par-
1864 4362 1875 4367 ,ν

248 4380 386 4437 tibus
415 4382 524 4437 illis
552 4398 746 4452 magno
785 4382 1084 4455 impiorum
1130 4386 1556 4440 Sarracenorum
1588 4384 1716 4440 odio
1762 4376 1833 4440 la-

250 4474 438 4532 borare
495 4476 859 4549 dignoscitur,
906 4493 1068 4549 grave
1095 4478 1270 4534 sentio
1299 4478 1605 4549 periculum
1655 4478 1836 4536 immi-

1930 3347 2120 3403 teritos
2144 3347 2403 3419 longaeva:
2431 3346 2608 3401 aetatis
2633 3361 2907 3414 excessus,
2930 3353 2987 3401 et
3016 3345 3381 3416 pr0pinquum
3410 3345 3527 3417 jam

1932 3442 2034 3498 sibi
2053 3441 2254 3497 divinae
2296 3440 2513 3496 ultionis
2542 3439 2831 3494 imminere
2852 3438 3130 3510 judicium
3160 3439 3203 3493 si
3234 3437 3373 3494 forte
3412 3454 3533 3511 pos-

1934 3536 2006 3592 sis
2034 3551 2159 3590 eum
2188 3534 2256 3589 ab
2284 3534 2400 3605 ipso
2429 3533 2624 3589 mortis
2652 3541 2875 3588 aeternae
2930 3531 3121 3587 limine
3158 3547 3434 3598 revocare,
3475 3539 3531 3588 et

1934 3630 2003 3686 de
2031 3629 2200 3684 salute
2225 3627 2406 3684 fratris
2446 3643 2557 3682 non
2597 3626 2778 3682 solum
2808 3625 2987 3681 cordis
3016 3623 3281 3697 gaudium
3299 3665 3315 3694 ,
3342 3640 3531 3681 verum

1937 3724 2100 3778 etiam
2146 3721 2451 3777 maximum
2492 3728 2713 3777 aeternae
2746 3718 3118 3775 retributionis
3146 3735 3177 3775 a
3222 3718 3405 3777 divina
3435 3718 3535 3776 lar-

1938 3818 2103 3889 gitate
2132 3814 2425 3887 praemium
2454 3813 2777 3884 promereri.

2008 3913 2147 3965 Data
2170 3912 2391 3977 Romae,
2422 3915 2617 3979 quarto
2648 3909 2832 3963 Nonas
2858 3905 3031 3979 [Καὶ]
3076 3906 3341 3975 Januarii,
3393 3906 3531 3964 indi-

1938 4004 2122 4060 ctione
2162 3999 2399 4059 secunda
2412 4043 2425 4057 .

2455 4106 2806 4162 EPISTOLA
2824 4106 3004 4162 XVII.

2263 4216 2345 4256 AD
2378 4214 2673 4255 ABBATBM
2717 4213 3212 4256 CLUNIACBNSBM.

2530 4294 2712 4357 (Anno
2770 4296 2951 4356 1079.)

2014 4388 2373 4443 Gnnooams
2414 4386 2725 4456 episcopus,
2770 4398 3055 4438 servorum
3091 4381 3216 4450 Dei,
3261 4385 3332 4439 Ν.
3382 4387 3529 4457 (395)

1941 4480 2231 4536 venerabili
2280 4476 2613 4535 Cluniacensi
2666 4474 2847 4531 abbati
2901 4483 2958 4531 et
3000 4474 3326 4531 charissima
3371 4476 3533 4534 fratri

249 4583 390 4625 nere.
412 4568 577 4626 Unde
599 4570 951 4641 prmeipimus
973 4570 1072 4627 tibi
1116 4579 1179 4627 ut
1202 4570 1475 4644 adjunctis
1522 4581 1701 4628 tecum
1745 4590 1831 4629 re-
1862 4613 1912 4675 D
1943 4574 2174 4631 salutem
2202 4580 2257 4628 et
2285 4570 2638 4643 apostolicam
2676 4567 3140 4625 benedictionem.

253 4661 447 4733 ligiosis
492 4663 677 4718 vicinis
728 4663 833 4719 tuis
884 4663 1186 4733 abbatibus,
1230 4666 1431 4721 scilicet
1455 4667 1832 4734 Tumeriense,

255 4756 587 4828 Ripollense,
631 4765 685 4813 et
707 4757 889 4813 Sancti
922 4758 1192 4828 Cucufati,
1224 4768 1280 4814 et
1324 4776 1679 4831 quoscunque
1703 4762 1837 4817 alios

256 4852 425 4906 Deum
471 4850 731 4907 timentes
758 4852 986 4908 clericos
1015 4853 1289 4925 laicosque
1320 4854 1523 4926 poteris
1572 4854 1834 4925 invenire,

258 4959 429 5013 pacem
477 4944 619 5001 inter
646 4945 765 5001 illos
794 4945 1093 5002 reformare
1134 4955 1189 5002 et
1226 4963 1552 5019 componere
1593 4948 1835 5005 studeas.

262 5038 404 5107 Quod
429 5040 474 5094 si
524 5040 867 5111 acquiescere
898 5039 1116 5096 monitis
1140 5040 1330 5096 vestris
1384 5041 1615 5099 fortasse
1652 5043 1840 5099 nolue-

260 5132 373 5199 rint,
402 5134 638 5188 ostensis
688 5134 765 5189 eis
814 5126 1183 5205 praesentibus
1221 5135 1419 5191 litteris
1456 5136 1523 5192 ad
1545 5136 1839 5193 tenendam

264 5239 345 5280 eos
384 5234 633 5299 treugam
678 5227 1054 5283 ﬁrmissimam
1098 5244 1268 5301 usque
1309 5229 1379 5285 ad
1420 5229 1837 5286 determinatum

263 5324 463 5391 tempus
481 5336 545 5375 ex
561 5320 885 5376 auctoritate
915 5330 1101 5377 nostra
1125 5323 1477 5395 constringite
1532 5323 1669 5379 infra
1692 5325 1842 5397 quod

266 5425 354 5467 nos
390 5414 528 5470 tales
570 5414 705 5469 illuc
733 5430 798 5469 ex
847 5415 1019 5471 latere
1058 5425 1245 5472 nostro
1272 5417 1493 5474 nuntios
1517 5417 1839 5491 dirigamus,

268 5504 347 5572 qui
370 5522 591 5562 causam
630 5506 747 5561 litis
777 5523 968 5563 eorum
993 5509 1065 5563 ita
1094 5508 1238 5581 juste
1266 5509 1538 5567 difﬁniant
1562 5520 1624 5567 ut
1652 5528 1764 5567 non
1786 5528 1844 5569 se

265 5596 325 5650 ad
348 5600 574 5670 gratiam
627 5600 855 5673 alicujus
900 5618 1000 5657 nec
1038 5604 1264 5674 praemio
1314 5620 1415 5660 nec
1470 5604 1653 5662 favore
1682 5606 1846 5662 deﬂe-

263 5697 417 5747 ctent.
441 5695 617 5751 Porro
648 5693 757 5751 hoc
794 5694 900 5751 illis
928 5694 1094 5751 debes
1124 5695 1354 5753 firmiter
1384 5698 1651 5773 inculcare
1696 5699 1843 5771 quia,

330 5877 473 5941 (395)
504 5875 802 5946 Hugonem
830 5874 974 5931 haud
996 5876 1158 5934 dubie
1185 5877 1451 5949 intelligit.

2016 4668 2071 4723 Si
2108 4666 2346 4723 Romani
2388 4664 2456 4720 ad
2486 4671 2697 4720 vestras
2745 4671 2958 4735 partes,
3002 4662 3143 4720 sicut
3182 4670 3449 4722 vestrates
3469 4663 3541 4721 ad

1945 4777 2069 4831 nos,
2103 4776 2246 4831 saepe
2274 4758 2538 4825 venirent,
2569 4756 2907 4829 frequentius
2937 4756 3037 4812 tibi
3074 4756 3267 4814 litteris
3294 4774 3390 4815 seu
3413 4774 3543 4815 ver-

1947 4855 2031 4911 bis
2058 4854 2285 4927 qualiter
2323 4852 2463 4908 circa
2492 4867 2593 4907 nos
2613 4859 2881 4924 geruntur
2907 4867 3031 4923 qua:
3060 4858 3275 4908 terrena
3299 4861 3429 4909 sunt
3458 4853 3540 4909 vel

1948 4948 2188 5006 coelestia
2235 4946 2634 5015 indicaremus;
2671 4946 2765 5003 sed
2790 4946 2936 5018 quia,
2961 4944 3097 5002 dum
3129 4946 3260 5003 satis
3301 4945 3540 5004 intendis

1950 5043 2154 5100 aulicos
2184 5040 2416 5111 nutrire,
2447 5040 2514 5097 de
2543 5040 2761 5097 rusticis
2790 5055 2984 5112 parum
3012 5039 3113 5095 tibi
3143 5048 3225 5096 est
3248 5056 3414 5109 curae,
3464 5040 3545 5096 ul-

1950 5147 2035 5194 tra
2063 5137 2180 5193 haec
2200 5136 2367 5194 debes
2392 5134 2463 5191 ad
2490 5133 2820 5191 memoriam
2851 5133 3131 5198 reducere,
3170 5134 3297 5206 quia
3340 5149 3546 5206 pauper

1949 5241 2137 5288 noster
2162 5239 2215 5287 et
2234 5230 2356 5303 pius
2375 5228 2720 5302 Redemptor
2762 5228 2841 5284 sic
2883 5227 2937 5283 in
2978 5227 3117 5285 coelo
3172 5228 3395 5300 angelos
3447 5244 3543 5300 pa-

1952 5327 2135 5382 scebat
2164 5336 2225 5382 ut
2256 5326 2313 5381 in
2343 5323 2500 5380 terris
2542 5331 2853 5395 peccatores
2883 5338 2997 5377 non
3025 5322 3205 5378 solum
3224 5338 3333 5378 non
3360 5321 3548 5393 despi-

1954 5428 2120 5489 ceret,
2146 5419 2239 5475 sed
2261 5419 2423 5475 etiam
2452 5434 2579 5473 cum
2608 5418 2687 5473 eis
2730 5416 2913 5472 cibum
2938 5424 3197 5472 sumeret.
3225 5417 3353 5485 Cur,
3385 5415 3550 5473 frater

1955 5512 2299 5580 charissime,
2324 5527 2434 5567 non
2462 5509 2769 5583 perpendis,
2792 5524 2907 5565 non
2926 5506 3244 5564 consideras
3263 5508 3322 5563 in
3345 5515 3549 5579 quanto

1956 5606 2214 5678 periculo,
2270 5606 2328 5659 in
2377 5613 2583 5677 quanta
2628 5602 2847 5659 miseria
2875 5609 3061 5658 sancta
3096 5610 3339 5657 versatur
3369 5600 3553 5655 Eccle-

1958 5701 2036 5757 sia
2063 5702 2085 5753 Ρ
2115 5698 2223 5755 Ubi
2246 5706 2377 5755 sunt
2396 5697 2487 5771 qui
2516 5713 2573 5754 se
2600 5704 2795 5770 sponte
2815 5710 2913 5769 pro
2934 5710 3125 5751 amore
3144 5694 3244 5752 Dei
3274 5698 3550 5765 opponant
