4074 6172
566 237 667 290 527

1251 235 1305 289 S.
1348 234 1666 290 GREGORII
1706 233 1795 286 VII
1833 229 2026 286 PAP/E
2065 225 2337 284 OPERUM
2378 230 2549 285 PARS
2590 232 2628 285 l.
2669 260 2737 269 --
2778 225 3178 285 REGISTRUM.

3753 230 3856 285 528

564 358 838 431 periculis,
869 356 1122 416 resistant
1148 358 1351 429 impiis,
1390 334 1448 414 et
1476 373 1573 428 pro
1612 356 1823 429 justitia
1859 364 1913 411 et
1941 357 2161 411 veritate
2190 355 2247 417 Α
2275 354 2624 425 praecipimus
2664 355 2760 409 tibi
2794 362 2872 422 ut,
2914 356 2959 409 si
2994 353 3239 410 nondum
3269 351 3527 409 dimisisti
3558 368 3718 420 eum,
3761 370 3857 410 ac-

561 468 673 508 non
691 452 917 508 timeant
952 459 1187 507 mortem
1216 450 1442 507 subire?
1479 453 1619 507 Ecce
1648 450 1737 521 qui
1763 455 1941 506 Deum
1973 449 2161 505 viden-

561 553 651 601 tur
686 546 878 601 timere
904 545 986 600 vel
1015 560 1229 613 amare,
1283 544 1354 600 de
1402 544 1543 600 bello
1573 543 1774 599 Christi
1802 542 2039 617 fugiunt,
2071 560 2158 599 sa-

560 638 724 693 lutem
766 636 998 693 fratrum
1024 646 1357 710 postponunt
1385 646 1460 707 et,
1491 638 1697 709 seipsos
1724 645 1939 692 tantum
1966 652 2156 692 aman-

558 736 659 796 tes,
681 730 924 801 quietem
944 731 1248 803 requirunt.
1275 731 1517 802 Fugiunt
1546 738 1812 802 pastores,
1850 727 2074 802 fugiunt
2100 737 2157 786 et

558 836 724 878 canes
765 838 995 895 gregum
1042 823 1376 880 defensores.
1429 824 1700 880 Invadunt
1743 838 1872 879 oves
1927 822 2149 889 Christi,

557 914 704 971 nullo
753 916 1174 985 contradicente,
1207 918 1337 988 lupi,
1393 918 1649 973 latrones.
1699 916 1900 972 Tulisti
1948 917 2032 973 vel
2062 932 2153 972 re-

556 1009 739 1080 cepisti
782 1009 979 1066 ducem
1024 1010 1079 1065 in
1115 1011 1521 1067 Cluniacensem
1560 1011 1823 1082 quietem,
1871 1020 1925 1065 et
1978 1009 2151 1066 fecisti

558 1110 620 1159 ut
646 1111 868 1159 centum
911 1103 1082 1158 millia
1150 1103 1584 1160 Christianorum
1633 1111 1850 1160 careant
1900 1104 2146 1161 custode.

556 1196 715 1266 Quod
763 1196 807 1252 si
835 1203 1022 1253 nostra
1047 1196 1352 1255 exhortatio
1398 1198 1542 1271 apud
1570 1206 1624 1254 te
1660 1213 1855 1271 parum
1879 1198 2068 1263 valuit,
2095 1204 2150 1253 et

556 1290 863 1361 apostolica
902 1291 1044 1347 sedis
1071 1301 1408 1365 praaceptum
1458 1293 1514 1348 in
1549 1300 1604 1348 te
1643 1291 2009 1348 obedientiam
2039 1308 2150 1348 non

555 1382 779 1453 invenit,
807 1400 905 1440 cur
937 1386 1174 1457 gemitus
1198 1402 1522 1458 pauperum,
1549 1385 1803 1457 lacrymaa
1837 1385 2144 1455 viduarum,

558 1475 852 1533 devastatio
892 1478 1264 1548 ecclesiarum,
1304 1479 1513 1535 clamor
1540 1478 1937 1551 orphanorum,
1985 1479 2145 1535 dolor

556 1578 613 1625 et
641 1586 894 1626 murmur
918 1571 1262 1629 sacerdotum
1292 1581 1348 1628 Bt
1370 1572 1769 1628 monachorum
1793 1582 1848 1629 te
1898 1589 2012 1629 non
2040 1582 2146 1628 ter-

554 1671 805 1732 ruerunt,
848 1673 911 1720 ut
954 1665 1095 1722 illud
1136 1665 1280 1737 quod
1312 1667 1602 1738 Apostolus
1628 1666 1757 1722 dicit
1783 1682 1895 1724 non
1929 1675 2147 1738 postpo-

552 1771 731 1823 neres,
761 1757 1011 1816 videlicet
1037 1776 1051 1814 :
1075 1761 1325 1816 Charitas
1370 1777 1488 1830 quae
1534 1777 1634 1816 sua
1670 1766 1797 1816 sunt
1848 1777 1955 1815 non
2000 1777 2143 1830 quae-

551 1852 625 1904 rit
655 1851 702 1920 (1
725 1852 843 1909 Cor.
867 1857 1030 1921 x111);
1061 1862 1115 1909 et
1135 1853 1267 1909 illud
1296 1853 1350 1909 in
1387 1853 1572 1922 corde,
1600 1862 1663 1909 ut
1686 1854 1850 1921 soles,
1877 1854 2137 1910 haberes:

553 1946 659 2012 Qui
703 1946 885 2014 diligit
918 1950 1227 2016 proximum
1260 1949 1424 2019 legem
1464 1948 1709 2018 implevit
1756 1952 1925 2014 (Rom.
1980 1954 2136 2014 χιιι).

550 2036 698 2105 Quid
713 2037 813 2093 tibi
828 2038 1011 2094 dicent
1040 2039 1268 2111 [dicunt]
1292 2043 1355 2095 B.
1370 2041 1723 2109 Benedictus,
1749 2049 1803 2097 et
1816 2041 2136 2113 Gregorius,

547 2145 784 2201 quorum
813 2131 949 2187 alter
986 2132 1230 2205 praecipit
1257 2141 1319 2188 ut
1338 2148 1434 2205 per
1461 2148 1668 2189 annum
1692 2135 1955 2206 probetur
1984 2136 2138 2190 novi-

542 2223 671 2291 tius,
700 2223 836 2280 alter
861 2240 985 2281 vero
1010 2225 1261 2297 prohibet
1289 2235 1349 2283 ut
1370 2235 1493 2282 ante
1516 2227 1807 2282 triennium
1840 2228 1994 2283 miles
2021 2245 2137 2285 non

543 2315 810 2373 efﬁciatur
836 2318 1177 2375 monachus?
1207 2322 1341 2376 Haec
1380 2320 1501 2376 ideo
1522 2319 1776 2388 dicimus,
1804 2322 1953 2393 quia,
1986 2322 2134 2393 quod

542 2407 627 2463 vix
654 2409 847 2481 aliquis
871 2410 1121 2483 princeps
1166 2412 1340 2468 bonus
1377 2412 1677 2479 invenitur,
1707 2412 1977 2468 dolemus.
2014 2417 2131 2470 Mo-

543 2501 705 2557 nachi
726 2518 876 2572 vero,
900 2506 1018 2559 Deo
1045 2505 1363 2573 miserante,
1389 2507 1705 2562 sacerdotes
1733 2515 1790 2561 et
1814 2507 2035 2575 milites,
2078 2516 2132 2562 et

538 2610 653 2650 non
681 2597 833 2666 pauci
864 2613 1144 2669 pauperes,
1178 2614 1274 2669 per
1295 2599 1505 2654 diversa
1562 2600 1677 2655 loca
1708 2600 1797 2671 qui
1847 2603 2027 2656 Deum
2064 2600 2130 2655 ti-

536 2696 696 2743 ment
722 2690 1100 2761 reperiuntur;
1131 2692 1405 2763 principes
1430 2701 1616 2749 autem
1655 2683 1836 2749 Deum
1869 2694 2128 2750 timentes

536 2789 591 2837 et
610 2791 859 2838 amantes
883 2783 936 2837 in
972 2792 1097 2840 toto
1122 2785 1416 2841 Occidente
1445 2786 1529 2842 vix
1560 2786 1724 2857 aliqui
1753 2787 2122 2843 inveniuntur.

533 2873 859 2931 Omittimus
877 2876 997 2947 jam
1020 2876 1087 2933 de
1113 2877 1216 2934 hac
1240 2894 1296 2933 re
1316 2879 1409 2934 tibi
1441 2880 1693 2949 scribere,
1722 2882 1848 2951 quia
1880 2880 2119 2949 confido,

531 2965 599 3022 de
622 2966 994 3025 misericordia
1028 2970 1127 3027 Dei
1135 2971 1404 3041 ,charitas
1423 2972 1626 3028 Christi
1654 2988 1776 3044 quae
1804 2973 1858 3027 in
1887 2983 1940 3029 te
1980 2974 2121 3029 solet

529 3058 779 3117 habitare
820 3077 909 3118 me
952 3062 1281 3121 vindicando
1341 3080 1437 3121 cor
1466 3072 1623 3120 tuum
1678 3065 2032 3136 transfodiet,
2065 3075 2117 3122 et

528 3160 762 3225 quantus
805 3155 939 3237 mihi
990 3154 1151 3212 dolor
1199 3172 1317 3214 esse
1363 3158 1558 3214 debeat
1601 3158 1668 3215 de
1698 3158 1843 3214 bono
1881 3160 2118 3231 principe

525 3245 709 3303 ablato
746 3248 904 3304 matri
931 3265 1045 3306 suae
1066 3250 1335 3307 ostendet.
1360 3252 1520 3324 Quod
1553 3251 1597 3307 si
1641 3252 1865 3308 nonillo
1891 3253 2040 3325 pejor
2065 3254 2116 3309 ei

523 3340 781 3397 successit
830 3341 885 3396 in
913 3343 1205 3415 regimine,
1246 3361 1538 3417 possumus
1566 3345 1765 3402 habere
1792 3348 2118 3403 consolatio-

524 3447 672 3488 nem.
714 3436 985 3493 Praeterea
1021 3453 1309 3495 monemus
1338 3438 1729 3496 fraternitatem
1758 3448 1934 3510 tuam,
1968 3450 2028 3496 ut
2060 3441 2116 3496 in

523 3526 717 3583 talibus
757 3529 969 3585 cautius
996 3539 1047 3586 te
1075 3531 1292 3599 habeas,
1320 3534 1680 3605 omnibusque
1727 3534 2016 3590 virtutibus
2035 3534 2115 3591 di-

523 3614 819 3675 lectionem
850 3623 949 3677 Dei
974 3631 1026 3678 et
1050 3625 1283 3695 proximi
1328 3642 1632 3697 prmponas.
1686 3629 1820 3683 Haec
1844 3628 2008 3683 etiam
2059 3635 2111 3683 te

522 3709 858 3782 compellant
887 3722 949 3769 ut
967 3730 1195 3771 manum
1234 3718 1495 3773 orationis
1518 3720 1680 3775 nobis
1709 3721 1977 3793 porrigas,
2005 3738 2115 3777 om-

520 3816 728 3874 nesque
752 3803 944 3862 fratres
970 3807 1069 3863 tibi
1090 3808 1324 3865 creditos
1346 3810 1413 3865 ad
1441 3810 1545 3867 hoc
1575 3827 1869 3883 provocare
1889 3814 2109 3871 studeas

518 3902 581 3950 ut
606 3897 869 3954 merearis
897 3898 965 3955 de
1013 3901 1210 3957 virtute
1235 3903 1292 3957 in
1324 3904 1584 3959 virtutem
1635 3905 1897 3975 proficere
1943 3916 1997 3962 et
2035 3907 2103 3963 ad

518 3988 908 4061 perfectionem
945 4008 1182 4050 summa":
1214 3994 1494 4052 charitatis
1517 3998 1814 4070 pervenire.

595 4086 735 4140 Data
781 4088 998 4157 Romae,
1041 4096 1237 4160 quarto
1277 4091 1462 4146 Nonas
1502 4090 1764 4162 Januarii,
1810 4092 2102 4152 indictione

512 4177 765 4236 secunda.

1010 4285 1361 4343 EPISTOLA
1390 4286 1591 4346 XVIII.

654 4408 735 4449 AD
774 4408 1110 4457 EVBABDUM
1150 4415 1497 4458 EPISCOPUM
1557 4415 1955 4459 PARMENSEM.

1126 4499 1305 4570 (Anno
1330 4500 1507 4571 1079.)

512 4603 728 4685 Arguit
739 4608 883 4685 quod
908 4609 1156 4685 abbatem
1182 4612 1261 4666 ad
1285 4612 1548 4681 synodum
1574 4615 1863 4669 venientem
1885 4618 2098 4685 ceperit.

576 4675 731 4758 Jubet
755 4675 822 4758 at
841 4697 962 4758 eum
989 4684 1249 4758 dimittat.
1285 4675 1640 4755 Quamobrem
1665 4702 1783 4739 eum
1816 4687 1884 4739 ab
1904 4675 2099 4757 episco-

572 4747 700 4814 pali
722 4751 900 4817 ofﬁcio
928 4755 1235 4822 suspendit,
1263 4747 1536 4825 qilousque
1556 4760 1775 4812 Romam
1797 4747 1994 4814 veniat.
2036 4760 2100 4815 Si

586 4832 691 4871 non
711 4825 985 4888 paruerit,
1010 4826 1232 4879 ecclesiae
1246 4828 1526 4881 introitum
1552 4829 1845 4883 interdicit.

586 4931 945 4989 Gnsoonws
1017 4933 1321 5006 episcopus,
1405 4952 1590 4993 servus
1638 4953 1919 4995 servorum
1965 4939 2092 5007 Dei,

504 5027 806 5084 Evnsnno
834 5024 1211 5097 [Evsmnno]
1232 5030 1511 5085 Parmensi
1533 5031 1806 5103 episcOpo.

2271 448 2440 520 ceptis
2484 448 2565 503 his
2612 448 2804 503 litteris
2833 448 3101 503 continuo
3129 462 3255 503 cum
3298 445 3506 502 honore
3522 446 3740 518 perduci
3772 446 3854 502 fa-

2269 543 2380 598 cias
2410 541 2477 598 ad
2502 540 2846 597 Mathildem.
2896 540 3123 596 Interim
3155 554 3279 594 vero
3313 539 3380 595 ab
3410 539 3703 611 episcopali
3732 539 3857 595 offi—

2267 636 2373 703 cio,
2419 644 2640 707 propter
2684 635 2791 691 hoc
2830 634 2976 705 quod
3028 634 3183 688 illum
3217 640 3527 688 remoratus
3562 648 3638 702 es,
3690 633 3854 688 absti-

2266 744 2415 797 neas,
2441 744 2722 800 usquequo
2741 728 2810 783 ad
2839 743 2939 783 nos
2966 727 3083 799 ipse
3112 728 3297 783 venias
3321 745 3336 794 ;
3364 726 3449 781 sin
3471 732 3682 792 autem,
3704 726 3851 797 quod

2263 837 2376 877 non
2402 837 2705 892 speramus,
2750 837 2923 893 neque
2955 820 3038 875 his
3095 819 3366 875 mandatis
3404 819 3629 885 nostris,
3679 827 3740 874 ut
3766 819 3853 875 di-

2263 916 2451 971 mittas
2491 914 2716 981 scilicet,
2768 915 3143 986 obtemperare
3189 913 3447 980 volueris,
3499 912 3741 968 ecclesia:
3772 912 3852 968 in-

2260 1009 2490 1065 troitum
2534 1009 2761 1064 omnino
2804 1008 2902 1064 tibi
2944 1024 3009 1065 ex
3039 1014 3189 1080 parte
3238 1005 3385 1062 beati
3436 1006 3585 1062 Petri
3621 1004 3853 1063 interdi-

2261 1103 2459 1159 cimus.

2329 1202 2472 1253 Data
2526 1196 2581 1251 in
2611 1195 2842 1268 synodo,
2878 1195 3094 1251 decimo
3122 1202 3280 1251 sexto
3325 1192 3604 1251 Kalendas
3633 1194 3844 1262 Martii,

2260 1290 2550 1347 indictione
2575 1290 2833 1346 secunda.

2776 1392 3130 1447 EPISTOLA
3183 1392 3327 1447 XIX

2487 1501 2567 1541 AD
2606 1500 3045 1541 HAREHANNUM
3087 1499 3467 1552 ULDERICUM,
3508 1492 3612 1540 εἰσ.

2846 1583 3027 1645 (Anno
3069 1582 3251 1644 1079.)

2258 1676 2318 1729 In
2360 1674 2559 1743 synodo
2602 1674 2879 1742 deﬁnitum
2917 1675 3111 1727 asserit
3138 1672 3303 1742 quod,
3334 1673 3441 1726 nisi
3477 1674 3703 1741 triginta
3732 1672 3849 1727 die-

2328 1762 2448 1799 rum
2473 1747 2647 1814 spatio
2690 1746 2830 1799 bona
2862 1744 3107 1800 Ecclesia'
3155 1745 3559 1812 Bambcrgensis
3589 1744 3847 1798 reddide-

2322 1819 2468 1891 rint,
2482 1819 3019 1871 excommunicationi
3047 1816 3380 1884 subiaceant.

2322 1916 2673 1972 Gnsoonws
2686 1915 2994 1987 episcopus,
3007 1930 3194 1969 servus
3205 1929 3484 1969 servorum
3503 1914 3626 1982 Dei,
3648 1915 3848 1970 Hus-

2248 2024 2489 2077 MANNO,
2509 2011 2844 2075 ULDBBICO,
2866 2009 3240 2076 FBEDERICO,
3290 2009 3608 2063 Mazsuivo
3638 2009 3845 2075 [Μυκο-

2248 2101 2359 2157 lino
2375 2108 2424 2157 et
2447 2106 2523 2157 sic
2570 2101 2766 2174 infra],
2790 2103 3156 2159 Gorsnonoo
3174 2098 3546 2173 [Gotebaldo],
3573 2100 3845 2156 militibus

2246 2196 2661 2268 Bambergensis
2695 2196 2957 2252 ecclesiae.

2315 2289 2686 2345 Intelleximus
2696 2288 2908 2360 jamdiu
2928 2287 3077 2359 quod
3100 2302 3215 2355 vos,
3234 2288 3442 2343 scilicet
3484 2288 3838 2343 Haremanne

2242 2390 2297 2438 et
2337 2382 2605 2451 Ulderice,
2639 2382 2921 2452 accepistis
2962 2381 3107 2437 bona
3156 2382 3330 2451 ipsius
3356 2380 3595 2436 ecclesia:
3631 2396 3731 2452 pro
3761 2381 3841 2435 in-

2240 2475 2408 2532 troitu
2465 2476 2885 2547 Bambergensis
2930 2475 3167 2547 episcopi
3218 2476 3421 2530 He.....
3488 2475 3836 2544 (Hermanni)

2232 2569 2351 2640 jam
2394 2568 2649 2641 depositi,
2706 2568 2966 2641 quodque
3006 2584 3126 2635 vos,
3169 2567 3481 2635 Frederice,
3536 2567 3828 2632 Mazeline,

2237 2649 2495 2729 Heroide,
2553 2661 2815 2731 Wirinto,
2850 2670 2974 2733 post
3004 2662 3151 2717 illius
3198 2661 3830 2730 excommunicationem

2236 2755 2305 2811 ab
2340 2755 2440 2812 hac
2468 2756 2594 2813 sede
2630 2756 2772 2812 bona
2802 2755 3049 2827 ejusdem
3088 2754 3345 2810 Ecclesiae
3372 2754 3440 2809 ab
3469 2769 3535 2808 eo
3575 2754 3834 2809 similiter

2232 2851 2537 2921 accepistis.
2562 2850 2938 2905 Intelleximus
2960 2849 3125 2904 etiam
3147 2855 3219 2913 te,
3244 2845 3572 2913 Gotebolde,
3606 2846 3829 2918 quando

2228 2952 2419 3013 captus
2449 2943 2736 2999 tenebatur
2757 2942 3191 3013 episcopus,jam
3220 2948 3542 2997 memoratae
3571 2940 3827 2995 ecclesiae

2227 3036 2369 3091 bona
2419 3035 2486 3091 de
2516 3052 2682 3092 manu
2731 3035 2872 3106 regis
2895 3034 3189 3105 accepisse.
3224 3034 3425 3089 Sciatis
3472 3033 3642 3104 igitur
3670 3032 3727 3087 in
3758 3048 3828 3088 eo

2153 3116 2199 3180 C
2229 3129 2465 3185 concilio
2502 3128 2651 3201 quod
2675 3144 2849 3200 nuper
2878 3127 3277 3183 celebravimus
3310 3135 3399 3193 ut,
3429 3125 3534 3181 nisi
3559 3127 3703 3181 inter
3725 3134 3828 3181 ter-

2224 3224 2443 3278 minum
2490 3223 2681 3293 viginti
2739 3222 2979 3290 dierum,
3028 3229 3321 3293 postquam
3377 3220 3492 3277 hac
3536 3219 3833 3291 legationis

2223 3325 2429 3374 nostra
2456 3315 2619 3372 verba
2648 3316 2715 3371 ad
2755 3324 2960 3371 vestras
3003 3330 3165 3371 aures
3204 3312 3565 3385 pervenerint,
3596 3327 3681 3367 res
3698 3312 3827 3383 jam

2221 3410 2381 3467 dictae
2411 3409 2680 3474 Ecclesiae,
2715 3424 2850 3481 quas
2900 3408 3097 3479 injuste
3125 3407 3401 3474 detinetis,
3432 3414 3529 3462 aut
3555 3404 3823 3461 reddide-

2220 3504 2338 3560 ritis
2367 3512 2461 3560 aut
2489 3504 2555 3561 de
2592 3520 2760 3559 manu
2791 3502 3033 3574 episcopi
3062 3500 3400 3572 acceperitis,
3434 3499 3675 3571 periculo
3721 3515 3829 3555 ex-

2218 3598 2738 3653 communicationis
2775 3596 3119 3667 subjaceatis.
3152 3595 3209 3650 Si
3251 3608 3377 3648 vero
3429 3593 3825 3663 resipiscentes

2213 3691 2282 3747 ad
2316 3692 2637 3762 episcopum
2665 3689 2934 3756 veneritis,
2959 3698 3013 3744 et
3041 3704 3183 3759 saepe
3226 3687 3507 3742 nominata
3546 3686 3693 3742 bona
3727 3703 3821 3743 re-

2213 3783 2523 3849 stitueritis,
2569 3783 2727 3837 liceat
2769 3783 3031 3852 episcopo
3082 3795 3178 3835 vos
3226 3778 3824 3835 excommunicationis

2212 3876 2430 3931 vinculo
2459 3875 2690 3931 solvere.

2285 3972 2425 4025 Data
2459 3970 2515 4024 in
2556 3968 2787 4041 synodo,
2817 3967 3035 4025 decimo
3086 3969 3251 4024 tertio
3281 3967 3550 4025 Kalendas
3596 3966 3813 4035 Martii,

2209 4063 2508 4120 indictione
2538 4078 2608 4119 ιι.
2868 4109 2873 4113 .

2758 4158 3098 4214 EPISTOLA
3125 4159 3256 4212 XX.
3292 4152 3295 4155 ’

2602 4267 2682 4307 ΑΙ)
2713 4266 3090 4307 CBNTULLUM
3120 4265 3411 4308 COMITKH.

2813 4348 2994 4410 (Anno
3023 4346 3200 4415 1079.)

2131 4474 2182 4536 D
2215 4439 2514 4494 Prceclaras
2554 4440 2777 4536 vir‘tutIeS
2817 4438 3013 4536 quide
3047 4439 3331 4521 prae-ditus
3357 4442 3472 4492 erat
3514 4436 3816 4506 denigrare

2283 4526 2405 4565 eum
2449 4512 2667 4576 asserit,
2699 4511 2829 4563 dum
2871 4513 3325 4580 consanguineam
3373 4525 3527 4563 suam
3579 4526 3813 4564 umorem

2280 4582 2520 4637 haberet.
2566 4582 2767 4637 Suadet
2828 4586 2888 4635 ut
2933 4598 2967 4634 a
3007 4579 3158 4635 tanta
3213 4583 3452 4647 facinore
3502 4579 3809 4645 abstineat,

2282 4656 2545 4724 episcopos
2574 4658 2624 4707 ct
2648 4654 2936 4708 Ecclesium
2963 4656 3258 4706 veneretur.

2279 4755 2631 4811 Gnsoonms
2648 4753 2951 4824 episcopus,
2979 4766 3167 4807 servus
3179 4766 3465 4807 servorum
3482 4749 3604 4817 Dei,
3626 4751 3813 4806 Cam-

2204 4862 2393 4903 TULLO
2413 4848 2606 4903 comiti
2624 4846 2859 4901 salutem
2874 4853 2929 4902 et
2947 4844 3306 4916 apostolicam
3326 4843 3803 4899 benedictionem.

2272 4940 2600 4996 Audivimus
2628 4938 2697 4995 de
2720 4948 2774 4994 te
2808 4955 2901 5010 per
2929 4938 3065 4993 tales
3095 4937 3295 5010 quibus
3325 4936 3493 4993 ﬁdem
3522 4936 3813 4994 habemus

2199 5050 2261 5091 ea
2289 5051 2411 5107 qua:
2446 5032 2816 5091 Christianum
2856 5032 3161 5104 principem
3204 5031 3364 5088 bonis
3407 5031 3668 5087 omnibus
3692 5031 3806 5087 de-

2196 5127 2361 5184 beant
2385 5123 2801 5194 commendare,
2827 5127 2954 5197 quia
3001 5127 3075 5181 sis
3106 5124 3357 5181 videlicet
3385 5133 3600 5180 amator
3622 5124 3812 5196 justi—

2194 5223 2310 5289 tiae,
2337 5221 2591 5278 defensor
2612 5235 2933 5293 pauperum,
2985 5229 3039 5276 et
3065 5227 3398 5292 prOpagator
3427 5219 3592 5290 pacis.
3624 5218 3809 5275 Unde

2192 5323 2247 5370 te
2285 5316 2342 5369 in
2364 5314 2717 5371 dilectionem
2762 5323 2815 5369 et
2849 5314 3085 5387 gratiam
3122 5314 3263 5368 sicut
3303 5312 3480 5366 ﬁlium
3532 5312 3806 5367 Ecclesiae

2190 5410 2458 5465 Romana:
2504 5410 2853 5478 suscipimus,
2886 5416 2940 5464 et
2979 5416 3039 5465 ut
3064 5408 3122 5462 in
3149 5397 3311 5461 bonis
3360 5404 3558 5475 (neptis
3600 5403 3668 5460 de
3698 5404 3807 5461 die

2188 5502 2245 5557 in
2288 5501 2435 5559 diem
2479 5498 2741 5573 proﬁcere
2774 5494 2994 5557 studeas
3038 5498 3425 5555 admonemus.
3464 5499 3679 5553 Tamen
3709 5512 3807 5552 re-

2189 5594 2551 5668 prehensibile
2606 5595 2885 5667 quoddam
2913 5595 2967 5649 in
2999 5602 3052 5649 te
3092 5609 3209 5649 esse
3231 5592 3610 5664 cognovimus,
3654 5590 3801 5661 quia

571 5120 681 5176 Diu
710 5127 792 5176 est
820 5119 966 5192 quod
1016 5128 1071 5177 te
1096 5138 1230 5193 pura
1261 5130 1315 5178 et
1343 5120 1553 5179 sincera
1583 5124 1847 5181 charitate
1897 5125 2091 5183 dilexi-

501 5228 649 5282 mus,
689 5215 786 5270 sed
812 5213 960 5287 quod
1000 5214 1277 5286 abbatem,
1318 5216 1386 5272 ad
1415 5232 1516 5273 nos
1569 5218 1883 5274 venientem
1926 5229 1979 5276 et
2019 5220 2089 5279 ad

499 5314 749 5364 sanctam
771 5307 1045 5380 synodum
1065 5317 1474 5381 properantem,
1500 5307 1708 5382 cepisti,
1730 5327 1842 5367 non
1870 5328 2085 5386 mquam

496 5400 675 5457 vicem
703 5399 987 5458 dilectioni
1006 5411 1214 5459 nostra;
1241 5403 1542 5461 reddidisti.
1577 5408 1837 5480 Magnum
1862 5408 2085 5480 quidem

492 5490 706 5551 facinus
756 5502 811 5551 et
840 5493 1018 5551 ofﬁcio
1057 5504 1155 5552 tuo
1197 5496 1484 5570 indignum
1503 5541 1517 5567 ,
1541 5500 1695 5573 cujus
1722 5502 1904 5559 nescio
1926 5503 2082 5576 jussu

490 5587 573 5665 [ei
604 5586 887 5657 instinctu,
910 5598 1100 5645 contra
1129 5591 1293 5647 talem
1320 5592 1497 5648 virum
1535 5595 1961 5667 praesumpsisti;
1988 5596 2078 5669 qui

483 5679 535 5736 si
575 5679 711 5753 quid
760 5680 854 5737 tibi
910 5680 1151 5753 deberet,
1184 5692 1366 5742 tamen
1393 5684 1526 5759 quia
1580 5687 1650 5744 ad
1676 5705 1779 5745 nos
1807 5689 2073 5760 veniebat,

486 5774 659 5830 teneri
684 5790 797 5832 non
822 5776 1042 5835 meruit.
1073 5780 1423 5853 Quapropter
1438 5783 1731 5855 apostolica
1752 5784 2076 5841 auctoritate

2183 5689 2389 5747 scilicet
2440 5690 2899 5762 consanguineam
2965 5696 3121 5743 tuam
3185 5686 3353 5742 habes
3399 5700 3666 5751 uxorem;
3728 5693 3806 5740 et

2181 5782 2309 5841 inde
2332 5786 2502 5841 nimis
2527 5783 2830 5840 cavendum
2882 5781 3007 5851 tibi,
3039 5781 3248 5837 scilicet
3288 5795 3357 5836 ne
3399 5795 3466 5835 ex
3490 5778 3804 5836 occasione
