  <div class='ocr_page' id='page_1' title='image "/cluster/home/n/w/nwhite01/storage/ocr_20150623/148/hvd.32044054760061/270.png"; bbox 0 0 4074 6172; ppageno 0'>
   <div class='ocr_carea' id='block_1_1' title="bbox 1967 104 1973 133">
    <p class='ocr_par' dir='ltr' id='par_1_1' title="bbox 1967 104 1973 133">
     <span class='ocr_line' id='line_1_1' title="bbox 1967 104 1973 133; baseline 0 0"><span class='ocrx_word' id='word_1_1' title='bbox 1967 104 1973 133; x_wconf 89' lang='lat' dir='ltr'><strong>l</strong></span> 
     </span>
    </p>
   </div>
   <div class='ocr_carea' id='block_1_2' title="bbox 294 296 3584 401">
    <p class='ocr_par' dir='ltr' id='par_1_2' title="bbox 294 296 3584 401">
     <span class='ocr_line' id='line_1_2' title="bbox 294 296 3584 401; baseline 0.001 -5"><span class='ocrx_word' id='word_1_2' title='bbox 294 344 392 396; x_wconf 81' lang='lat'><strong>529</strong></span> <span class='ocrx_word' id='word_1_3' title='bbox 1404 341 1601 397; x_wconf 80' lang='lat' dir='ltr'><strong>LIBER</strong></span> <span class='ocrx_word' id='word_1_4' title='bbox 1640 341 1903 396; x_wconf 84' lang='lat' dir='ltr'><strong>SEXTUS.</strong></span> <span class='ocrx_word' id='word_1_5' title='bbox 1944 368 2015 383; x_wconf 93' lang='lat'>—</span> <span class='ocrx_word' id='word_1_6' title='bbox 2052 341 2256 397; x_wconf 87' lang='lat' dir='ltr'><strong>EPIST.</strong></span> <span class='ocrx_word' id='word_1_7' title='bbox 2301 341 2473 397; x_wconf 82' lang='lat' dir='ltr'><strong>XXIII.</strong></span> <span class='ocrx_word' id='word_1_8' title='bbox 2511 296 2520 311; x_wconf 37' lang='grc' dir='ltr'><em>ι</em></span> <span class='ocrx_word' id='word_1_9' title='bbox 3482 347 3584 401; x_wconf 82' lang='lat'><strong>530</strong></span> 
     </span>
    </p>
   </div>
   <div class='ocr_carea' id='block_1_3' title="bbox 287 464 3581 539">
    <p class='ocr_par' dir='ltr' id='par_1_3' title="bbox 287 464 3581 539">
     <span class='ocr_line' id='line_1_3' title="bbox 287 464 3581 539; baseline 0.001 -18"><span class='ocrx_word' id='word_1_10' title='bbox 287 465 460 536; x_wconf 63' lang='lat' dir='ltr'><strong>culpa</strong></span> <span class='ocrx_word' id='word_1_11' title='bbox 480 465 660 531; x_wconf 81' lang='lat' dir='ltr'><strong>istius,</strong></span> <span class='ocrx_word' id='word_1_12' title='bbox 681 470 1228 537; x_wconf 67' lang='lat' dir='ltr'><strong>caateraquazcunque</strong></span> <span class='ocrx_word' id='word_1_13' title='bbox 1246 465 1359 537; x_wconf 98' lang='lat' dir='ltr'><strong>agis</strong></span> <span class='ocrx_word' id='word_1_14' title='bbox 1372 464 1518 521; x_wconf 86' lang='lat' dir='ltr'><strong>bona</strong></span> <span class='ocrx_word' id='word_1_15' title='bbox 1538 465 1871 538; x_wconf 90' lang='lat' dir='ltr'><strong>dispereant.</strong></span> <span class='ocrx_word' id='word_1_16' title='bbox 1903 470 1956 533; x_wconf 86' lang='grc' dir='ltr'><strong>Α</strong></span> <span class='ocrx_word' id='word_1_17' title='bbox 1986 465 2145 522; x_wconf 83' lang='lat' dir='ltr'><strong>vobis</strong></span> <span class='ocrx_word' id='word_1_18' title='bbox 2171 465 2410 522; x_wconf 88' lang='lat' dir='ltr'><strong>charitas</strong></span> <span class='ocrx_word' id='word_1_19' title='bbox 2459 472 2645 521; x_wconf 90' lang='lat' dir='ltr'><strong>nostra</strong></span> <span class='ocrx_word' id='word_1_20' title='bbox 2695 474 3117 537; x_wconf 72' lang='lat' dir='ltr'><strong>repraesentatur</strong></span> <span class='ocrx_word' id='word_1_21' title='bbox 3161 475 3218 523; x_wconf 91' lang='lat' dir='ltr'><strong>et</strong></span> <span class='ocrx_word' id='word_1_22' title='bbox 3263 468 3581 539; x_wconf 84' lang='lat' dir='ltr'><strong>auctoritas,</strong></span> 
     </span>
    </p>
   </div>
   <div class='ocr_carea' id='block_1_4' title="bbox 286 556 1875 631">
    <p class='ocr_par' dir='ltr' id='par_1_4' title="bbox 286 556 1875 631">
     <span class='ocr_line' id='line_1_4' title="bbox 286 556 1875 631; baseline 0.001 -19"><span class='ocrx_word' id='word_1_23' title='bbox 286 562 399 630; x_wconf 79' lang='lat' dir='ltr'><strong>Age</strong></span> <span class='ocrx_word' id='word_1_24' title='bbox 438 573 593 630; x_wconf 90' lang='lat' dir='ltr'><strong>ergo,</strong></span> <span class='ocrx_word' id='word_1_25' title='bbox 632 566 687 613; x_wconf 91' lang='lat' dir='ltr'><strong>et</strong></span> <span class='ocrx_word' id='word_1_26' title='bbox 732 556 1040 613; x_wconf 90' lang='lat' dir='ltr'><strong>secundum</strong></span> <span class='ocrx_word' id='word_1_27' title='bbox 1090 557 1382 615; x_wconf 87' lang='lat' dir='ltr'><strong>consilium</strong></span> <span class='ocrx_word' id='word_1_28' title='bbox 1414 559 1598 614; x_wconf 79' lang='lat' dir='ltr'><strong>Amati</strong></span> <span class='ocrx_word' id='word_1_29' title='bbox 1637 560 1875 631; x_wconf 87' lang='lat' dir='ltr'><strong>episcopi</strong></span> 
     </span>
    </p>
   </div>
   <div class='ocr_carea' id='block_1_5' title="bbox 284 651 1873 724">
    <p class='ocr_par' dir='ltr' id='par_1_5' title="bbox 284 651 1873 724">
     <span class='ocr_line' id='line_1_5' title="bbox 284 651 1873 724; baseline 0.001 -19"><span class='ocrx_word' id='word_1_30' title='bbox 284 652 567 707; x_wconf 84' lang='lat' dir='ltr'><strong>Elorensis</strong></span> <span class='ocrx_word' id='word_1_31' title='bbox 594 660 651 707; x_wconf 89' lang='lat' dir='ltr'><strong>et</strong></span> <span class='ocrx_word' id='word_1_32' title='bbox 675 651 938 706; x_wconf 89' lang='lat' dir='ltr'><strong>Bernardi</strong></span> <span class='ocrx_word' id='word_1_33' title='bbox 970 651 1324 707; x_wconf 88' lang='lat' dir='ltr'><strong>Massiliensis</strong></span> <span class='ocrx_word' id='word_1_34' title='bbox 1352 651 1583 718; x_wconf 84' lang='lat' dir='ltr'><strong>abbatis,</strong></span> <span class='ocrx_word' id='word_1_35' title='bbox 1607 653 1873 724; x_wconf 87' lang='lat' dir='ltr'><strong>siquidem</strong></span> 
     </span>
    </p>
   </div>
   <div class='ocr_carea' id='block_1_6' title="bbox 284 744 1873 817">
    <p class='ocr_par' dir='ltr' id='par_1_6' title="bbox 284 744 1873 817">
     <span class='ocr_line' id='line_1_6' title="bbox 284 744 1873 817; baseline 0.001 -17"><span class='ocrx_word' id='word_1_36' title='bbox 284 744 350 800; x_wconf 91' lang='lat' dir='ltr'><strong>ad</strong></span> <span class='ocrx_word' id='word_1_37' title='bbox 389 753 599 801; x_wconf 83' lang='lat' dir='ltr'><strong>vestras</strong></span> <span class='ocrx_word' id='word_1_38' title='bbox 622 752 804 816; x_wconf 84' lang='lat' dir='ltr'><strong>partes</strong></span> <span class='ocrx_word' id='word_1_39' title='bbox 827 744 1025 816; x_wconf 88' lang='lat' dir='ltr'><strong>poterit</strong></span> <span class='ocrx_word' id='word_1_40' title='bbox 1052 744 1350 816; x_wconf 80' lang='lat' dir='ltr'><strong>pervenire,</strong></span> <span class='ocrx_word' id='word_1_41' title='bbox 1381 745 1705 817; x_wconf 68' lang='lat' dir='ltr'><strong>praedictum</strong></span> <span class='ocrx_word' id='word_1_42' title='bbox 1747 760 1873 801; x_wconf 88' lang='lat' dir='ltr'><strong>rea-</strong></span> 
     </span>
    </p>
   </div>
   <div class='ocr_carea' id='block_1_7' title="bbox 281 837 1870 911">
    <p class='ocr_par' dir='ltr' id='par_1_7' title="bbox 281 837 1870 911">
     <span class='ocr_line' id='line_1_7' title="bbox 281 837 1870 911; baseline 0.002 -19"><span class='ocrx_word' id='word_1_43' title='bbox 281 846 405 893; x_wconf 90' lang='lat' dir='ltr'><strong>tum</strong></span> <span class='ocrx_word' id='word_1_44' title='bbox 461 837 773 907; x_wconf 88' lang='lat' dir='ltr'><strong>emendare,</strong></span> <span class='ocrx_word' id='word_1_45' title='bbox 824 847 878 893; x_wconf 92' lang='lat' dir='ltr'><strong>et</strong></span> <span class='ocrx_word' id='word_1_46' title='bbox 905 838 1281 910; x_wconf 66' lang='lat' dir='ltr'><strong>paenitentiam</strong></span> <span class='ocrx_word' id='word_1_47' title='bbox 1314 839 1437 895; x_wconf 89' lang='lat' dir='ltr'><strong>inde</strong></span> <span class='ocrx_word' id='word_1_48' title='bbox 1491 856 1650 911; x_wconf 87' lang='lat' dir='ltr'><strong>agere</strong></span> <span class='ocrx_word' id='word_1_49' title='bbox 1693 840 1870 908; x_wconf 88' lang='lat' dir='ltr'><strong>stude,</strong></span> 
     </span>
    </p>
   </div>
   <div class='ocr_carea' id='block_1_8' title="bbox 275 932 1875 1003">
    <p class='ocr_par' dir='ltr' id='par_1_8' title="bbox 275 932 1875 1003">
     <span class='ocr_line' id='line_1_8' title="bbox 275 932 1875 1003; baseline 0.001 -16"><span class='ocrx_word' id='word_1_50' title='bbox 275 946 345 987; x_wconf 90' lang='lat' dir='ltr'><strong>ne</strong></span> <span class='ocrx_word' id='word_1_51' title='bbox 365 948 470 1002; x_wconf 91' lang='lat' dir='ltr'><strong>pro</strong></span> <span class='ocrx_word' id='word_1_52' title='bbox 519 932 625 987; x_wconf 88' lang='lat' dir='ltr'><strong>hoc</strong></span> <span class='ocrx_word' id='word_1_53' title='bbox 655 932 897 987; x_wconf 90' lang='lat' dir='ltr'><strong>animam</strong></span> <span class='ocrx_word' id='word_1_54' title='bbox 925 940 1079 987; x_wconf 89' lang='lat' dir='ltr'><strong>tuam</strong></span> <span class='ocrx_word' id='word_1_55' title='bbox 1108 932 1328 1003; x_wconf 86' lang='lat' dir='ltr'><strong>perdas,</strong></span> <span class='ocrx_word' id='word_1_56' title='bbox 1371 941 1426 987; x_wconf 85' lang='lat' dir='ltr'><strong>et</strong></span> <span class='ocrx_word' id='word_1_57' title='bbox 1453 933 1691 988; x_wconf 89' lang='lat' dir='ltr'><strong>nobilem</strong></span> <span class='ocrx_word' id='word_1_58' title='bbox 1717 933 1875 989; x_wconf 90' lang='lat' dir='ltr'><strong>femi-</strong></span> 
     </span>
    </p>
   </div>
   <div class='ocr_carea' id='block_1_9' title="bbox 276 1025 1866 1097">
    <p class='ocr_par' dir='ltr' id='par_1_9' title="bbox 276 1025 1866 1097">
     <span class='ocr_line' id='line_1_9' title="bbox 276 1025 1866 1097; baseline 0.001 -17"><span class='ocrx_word' id='word_1_59' title='bbox 276 1040 429 1093; x_wconf 86' lang='lat' dir='ltr'><strong>nam,</strong></span> <span class='ocrx_word' id='word_1_60' title='bbox 468 1041 593 1097; x_wconf 65' lang='lat' dir='ltr'><strong>qum</strong></span> <span class='ocrx_word' id='word_1_61' title='bbox 622 1028 725 1081; x_wconf 90' lang='lat' dir='ltr'><strong>sub</strong></span> <span class='ocrx_word' id='word_1_62' title='bbox 769 1025 943 1081; x_wconf 87' lang='lat' dir='ltr'><strong>tutela</strong></span> <span class='ocrx_word' id='word_1_63' title='bbox 968 1035 1060 1081; x_wconf 90' lang='lat' dir='ltr'><strong>tua</strong></span> <span class='ocrx_word' id='word_1_64' title='bbox 1090 1034 1175 1081; x_wconf 90' lang='lat' dir='ltr'><strong>est</strong></span> <span class='ocrx_word' id='word_1_65' title='bbox 1205 1026 1503 1081; x_wconf 86' lang='lat' dir='ltr'><strong>commissa</strong></span> <span class='ocrx_word' id='word_1_66' title='bbox 1547 1025 1866 1083; x_wconf 85' lang='lat' dir='ltr'><strong>confundas.</strong></span> 
     </span>
    </p>
   </div>
   <div class='ocr_carea' id='block_1_10' title="bbox 272 1118 1868 1191">
    <p class='ocr_par' dir='ltr' id='par_1_10' title="bbox 272 1118 1868 1191">
     <span class='ocr_line' id='line_1_10' title="bbox 272 1118 1868 1191; baseline 0.001 -17"><span class='ocrx_word' id='word_1_67' title='bbox 272 1122 417 1174; x_wconf 74' lang='lat' dir='ltr'><strong>Ante</strong></span> <span class='ocrx_word' id='word_1_68' title='bbox 446 1118 633 1175; x_wconf 86' lang='lat' dir='ltr'><strong>omnia</strong></span> <span class='ocrx_word' id='word_1_69' title='bbox 673 1118 971 1174; x_wconf 82' lang='lat' dir='ltr'><strong>Ecclesiam</strong></span> <span class='ocrx_word' id='word_1_70' title='bbox 1018 1118 1121 1175; x_wconf 87' lang='lat' dir='ltr'><strong>Dei</strong></span> <span class='ocrx_word' id='word_1_71' title='bbox 1153 1120 1396 1175; x_wconf 88' lang='lat' dir='ltr'><strong>venerari</strong></span> <span class='ocrx_word' id='word_1_72' title='bbox 1443 1134 1659 1191; x_wconf 86' lang='lat' dir='ltr'><strong>semper</strong></span> <span class='ocrx_word' id='word_1_73' title='bbox 1684 1128 1739 1174; x_wconf 87' lang='lat' dir='ltr'><strong>et</strong></span> <span class='ocrx_word' id='word_1_74' title='bbox 1768 1119 1868 1176; x_wconf 90' lang='lat' dir='ltr'><strong>ho-</strong></span> 
     </span>
    </p>
   </div>
   <div class='ocr_carea' id='block_1_11' title="bbox 273 1211 1868 1284">
    <p class='ocr_par' dir='ltr' id='par_1_11' title="bbox 273 1211 1868 1284">
     <span class='ocr_line' id='line_1_11' title="bbox 273 1211 1868 1284; baseline 0.001 -15"><span class='ocrx_word' id='word_1_75' title='bbox 273 1228 477 1269; x_wconf 89' lang='lat' dir='ltr'><strong>norare</strong></span> <span class='ocrx_word' id='word_1_76' title='bbox 530 1222 693 1284; x_wconf 88' lang='lat' dir='ltr'><strong>atque</strong></span> <span class='ocrx_word' id='word_1_77' title='bbox 745 1211 1035 1268; x_wconf 83' lang='lat' dir='ltr'><strong>defendere</strong></span> <span class='ocrx_word' id='word_1_78' title='bbox 1091 1211 1265 1280; x_wconf 86' lang='lat' dir='ltr'><strong>stude,</strong></span> <span class='ocrx_word' id='word_1_79' title='bbox 1294 1220 1349 1268; x_wconf 89' lang='lat' dir='ltr'><strong>et</strong></span> <span class='ocrx_word' id='word_1_80' title='bbox 1399 1213 1669 1284; x_wconf 88' lang='lat' dir='ltr'><strong>episcopis</strong></span> <span class='ocrx_word' id='word_1_81' title='bbox 1719 1214 1868 1284; x_wconf 87' lang='lat' dir='ltr'><strong>quasi</strong></span> 
     </span>
    </p>
   </div>
   <div class='ocr_carea' id='block_1_12' title="bbox 269 1305 1866 1363">
    <p class='ocr_par' dir='ltr' id='par_1_12' title="bbox 269 1305 1866 1363">
     <span class='ocr_line' id='line_1_12' title="bbox 269 1305 1866 1363; baseline 0.001 -2"><span class='ocrx_word' id='word_1_82' title='bbox 269 1306 535 1362; x_wconf 89' lang='lat' dir='ltr'><strong>Patribns</strong></span> <span class='ocrx_word' id='word_1_83' title='bbox 574 1305 684 1361; x_wconf 89' lang='lat' dir='ltr'><strong>tuis</strong></span> <span class='ocrx_word' id='word_1_84' title='bbox 720 1306 1084 1361; x_wconf 86' lang='lat' dir='ltr'><strong>reverentiam</strong></span> <span class='ocrx_word' id='word_1_85' title='bbox 1133 1314 1189 1361; x_wconf 92' lang='lat' dir='ltr'><strong>et</strong></span> <span class='ocrx_word' id='word_1_86' title='bbox 1242 1305 1611 1362; x_wconf 88' lang='lat' dir='ltr'><strong>obedientiam</strong></span> <span class='ocrx_word' id='word_1_87' title='bbox 1649 1306 1866 1363; x_wconf 85' lang='lat' dir='ltr'><strong>exhibe.</strong></span> 
     </span>
    </p>
   </div>
   <div class='ocr_carea' id='block_1_13' title="bbox 267 1398 1864 1472">
    <p class='ocr_par' dir='ltr' id='par_1_13' title="bbox 267 1398 1864 1472">
     <span class='ocr_line' id='line_1_13' title="bbox 267 1398 1864 1472; baseline -0.001 -16"><span class='ocrx_word' id='word_1_88' title='bbox 267 1400 422 1456; x_wconf 89' lang='lat' dir='ltr'><strong>Scias</strong></span> <span class='ocrx_word' id='word_1_89' title='bbox 451 1416 552 1470; x_wconf 91' lang='lat' dir='ltr'><strong>pro</strong></span> <span class='ocrx_word' id='word_1_90' title='bbox 584 1398 691 1455; x_wconf 92' lang='lat' dir='ltr'><strong>hoc</strong></span> <span class='ocrx_word' id='word_1_91' title='bbox 723 1407 775 1454; x_wconf 89' lang='lat' dir='ltr'><strong>te</strong></span> <span class='ocrx_word' id='word_1_92' title='bbox 798 1408 855 1454; x_wconf 90' lang='lat' dir='ltr'><strong>et</strong></span> <span class='ocrx_word' id='word_1_93' title='bbox 884 1398 941 1454; x_wconf 91' lang='lat' dir='ltr'><strong>in</strong></span> <span class='ocrx_word' id='word_1_94' title='bbox 968 1399 1073 1455; x_wconf 90' lang='lat' dir='ltr'><strong>hoc</strong></span> <span class='ocrx_word' id='word_1_95' title='bbox 1102 1400 1303 1456; x_wconf 64' lang='lat' dir='ltr'><strong>saeculo</strong></span> <span class='ocrx_word' id='word_1_96' title='bbox 1335 1400 1609 1472; x_wconf 86' lang='lat' dir='ltr'><strong>majorem</strong></span> <span class='ocrx_word' id='word_1_97' title='bbox 1636 1399 1864 1471; x_wconf 85' lang='lat' dir='ltr'><strong>gloriam</strong></span> 
     </span>
    </p>
   </div>
   <div class='ocr_carea' id='block_1_14' title="bbox 267 1491 1864 1564">
    <p class='ocr_par' dir='ltr' id='par_1_14' title="bbox 267 1491 1864 1564">
     <span class='ocr_line' id='line_1_14' title="bbox 267 1491 1864 1564; baseline 0 -16"><span class='ocrx_word' id='word_1_98' title='bbox 267 1501 321 1548; x_wconf 89' lang='lat' dir='ltr'><strong>et</strong></span> <span class='ocrx_word' id='word_1_99' title='bbox 347 1493 406 1548; x_wconf 92' lang='lat' dir='ltr'><strong>in</strong></span> <span class='ocrx_word' id='word_1_100' title='bbox 434 1491 629 1549; x_wconf 87' lang='lat' dir='ltr'><strong>futuro</strong></span> <span class='ocrx_word' id='word_1_101' title='bbox 674 1493 842 1548; x_wconf 90' lang='lat' dir='ltr'><strong>vitam</strong></span> <span class='ocrx_word' id='word_1_102' title='bbox 872 1493 1166 1564; x_wconf 88' lang='lat' dir='ltr'><strong>promereri</strong></span> <span class='ocrx_word' id='word_1_103' title='bbox 1192 1501 1530 1564; x_wconf 88' lang='lat' dir='ltr'><strong>perpetuam.</strong></span> <span class='ocrx_word' id='word_1_104' title='bbox 1554 1493 1610 1550; x_wconf 92' lang='lat' dir='ltr'><strong>Si</strong></span> <span class='ocrx_word' id='word_1_105' title='bbox 1635 1492 1864 1549; x_wconf 83' lang='lat' dir='ltr'><strong>facultas</strong></span> 
     </span>
    </p>
   </div>
   <div class='ocr_carea' id='block_1_15' title="bbox 264 1585 1860 1653">
    <p class='ocr_par' dir='ltr' id='par_1_15' title="bbox 264 1585 1860 1653">
     <span class='ocr_line' id='line_1_15' title="bbox 264 1585 1860 1653; baseline 0.001 -11"><span class='ocrx_word' id='word_1_106' title='bbox 264 1586 363 1642; x_wconf 87' lang='lat' dir='ltr'><strong>tibi</strong></span> <span class='ocrx_word' id='word_1_107' title='bbox 407 1595 554 1643; x_wconf 87' lang='lat' dir='ltr'><strong>esset</strong></span> <span class='ocrx_word' id='word_1_108' title='bbox 575 1585 825 1650; x_wconf 82' lang='lat' dir='ltr'><strong>veniendi</strong></span> <span class='ocrx_word' id='word_1_109' title='bbox 852 1585 919 1642; x_wconf 89' lang='lat' dir='ltr'><strong>ad</strong></span> <span class='ocrx_word' id='word_1_110' title='bbox 950 1602 1075 1653; x_wconf 92' lang='lat' dir='ltr'><strong>nos,</strong></span> <span class='ocrx_word' id='word_1_111' title='bbox 1105 1586 1549 1643; x_wconf 89' lang='lat' dir='ltr'><strong>desideraremus</strong></span> <span class='ocrx_word' id='word_1_112' title='bbox 1575 1594 1631 1643; x_wconf 88' lang='lat' dir='ltr'><strong>te</strong></span> <span class='ocrx_word' id='word_1_113' title='bbox 1678 1587 1860 1643; x_wconf 91' lang='lat' dir='ltr'><strong>videre</strong></span> 
     </span>
    </p>
   </div>
   <div class='ocr_carea' id='block_1_16' title="bbox 267 1680 1574 1751">
    <p class='ocr_par' dir='ltr' id='par_1_16' title="bbox 267 1680 1574 1751">
     <span class='ocr_line' id='line_1_16' title="bbox 267 1680 1574 1751; baseline 0 -16"><span class='ocrx_word' id='word_1_114' title='bbox 267 1696 328 1735; x_wconf 91' lang='lat' dir='ltr'><strong>ac</strong></span> <span class='ocrx_word' id='word_1_115' title='bbox 355 1680 577 1751; x_wconf 90' lang='lat' dir='ltr'><strong>plenius</strong></span> <span class='ocrx_word' id='word_1_116' title='bbox 607 1680 675 1735; x_wconf 92' lang='lat' dir='ltr'><strong>de</strong></span> <span class='ocrx_word' id='word_1_117' title='bbox 717 1680 915 1736; x_wconf 73' lang='lat' dir='ltr'><strong>anima:</strong></span> <span class='ocrx_word' id='word_1_118' title='bbox 940 1688 1048 1736; x_wconf 75' lang='lat' dir='ltr'><strong>tuae</strong></span> <span class='ocrx_word' id='word_1_119' title='bbox 1078 1681 1251 1736; x_wconf 91' lang='lat' dir='ltr'><strong>salute</strong></span> <span class='ocrx_word' id='word_1_120' title='bbox 1277 1680 1574 1737; x_wconf 86' lang='lat' dir='ltr'><strong>instruere.</strong></span> 
     </span>
    </p>
   </div>
   <div class='ocr_carea' id='block_1_17' title="bbox 337 1772 1859 1845">
    <p class='ocr_par' dir='ltr' id='par_1_17' title="bbox 337 1772 1859 1845">
     <span class='ocr_line' id='line_1_17' title="bbox 337 1772 1859 1845; baseline 0.002 -16"><span class='ocrx_word' id='word_1_121' title='bbox 337 1778 483 1829; x_wconf 87' lang='lat' dir='ltr'><strong>Data</strong></span> <span class='ocrx_word' id='word_1_122' title='bbox 515 1776 733 1841; x_wconf 67' lang='lat' dir='ltr'><strong>Romae,</strong></span> <span class='ocrx_word' id='word_1_123' title='bbox 783 1772 973 1845; x_wconf 89' lang='lat' dir='ltr'><strong>quinto</strong></span> <span class='ocrx_word' id='word_1_124' title='bbox 1010 1772 1141 1829; x_wconf 92' lang='lat' dir='ltr'><strong>Idus</strong></span> <span class='ocrx_word' id='word_1_125' title='bbox 1184 1773 1393 1842; x_wconf 87' lang='lat' dir='ltr'><strong>Martii,</strong></span> <span class='ocrx_word' id='word_1_126' title='bbox 1440 1772 1736 1831; x_wconf 87' lang='lat' dir='ltr'><strong>indictione</strong></span> <span class='ocrx_word' id='word_1_127' title='bbox 1779 1788 1859 1831; x_wconf 79' lang='lat' dir='ltr'><strong>se-</strong></span> 
     </span>
    </p>
   </div>
   <div class='ocr_carea' id='block_1_18' title="bbox 268 1866 1053 1923">
    <p class='ocr_par' dir='ltr' id='par_1_18' title="bbox 268 1866 1053 1923">
     <span class='ocr_line' id='line_1_18' title="bbox 268 1866 1053 1923; baseline 0 0"><span class='ocrx_word' id='word_1_128' title='bbox 268 1866 465 1923; x_wconf 86' lang='lat' dir='ltr'><strong>cunda.</strong></span> <span class='ocrx_word' id='word_1_129' title='bbox 1043 1899 1053 1907; x_wconf 88' lang='lat'><em>-</em></span> 
     </span>
    </p>
   </div>
   <div class='ocr_carea' id='block_1_19' title="bbox 804 1960 1325 2017">
    <p class='ocr_par' dir='ltr' id='par_1_19' title="bbox 804 1960 1325 2017">
     <span class='ocr_line' id='line_1_19' title="bbox 804 1960 1325 2017; baseline 0.002 -1"><span class='ocrx_word' id='word_1_130' title='bbox 804 1960 1147 2017; x_wconf 85' lang='lat' dir='ltr'><strong>EPISTOLA</strong></span> <span class='ocrx_word' id='word_1_131' title='bbox 1165 1963 1325 2017; x_wconf 86' lang='lat' dir='ltr'><strong>XXI.</strong></span> 
     </span>
    </p>
   </div>
   <div class='ocr_carea' id='block_1_20' title="bbox 773 2079 1360 2120">
    <p class='ocr_par' dir='ltr' id='par_1_20' title="bbox 773 2079 1360 2120">
     <span class='ocr_line' id='line_1_20' title="bbox 773 2079 1360 2120; baseline 0 -1"><span class='ocrx_word' id='word_1_132' title='bbox 773 2079 856 2119; x_wconf 67' lang='lat' dir='ltr'><strong>AD</strong></span> <span class='ocrx_word' id='word_1_133' title='bbox 904 2079 1360 2120; x_wconf 62' lang='lat' dir='ltr'><strong>ABELATBNSBS.</strong></span> 
     </span>
    </p>
   </div>
   <div class='ocr_carea' id='block_1_21' title="bbox 854 2161 1273 2225">
    <p class='ocr_par' dir='ltr' id='par_1_21' title="bbox 854 2161 1273 2225">
     <span class='ocr_line' id='line_1_21' title="bbox 854 2161 1273 2225; baseline -0.002 -12"><span class='ocrx_word' id='word_1_134' title='bbox 854 2161 1050 2225; x_wconf 84' lang='lat' dir='ltr'><strong>(Anno</strong></span> <span class='ocrx_word' id='word_1_135' title='bbox 1094 2162 1273 2223; x_wconf 85' lang='lat'><strong>1079.)</strong></span> 
     </span>
    </p>
   </div>
   <div class='ocr_carea' id='block_1_22' title="bbox 264 2253 1851 2322">
    <p class='ocr_par' dir='ltr' id='par_1_22' title="bbox 264 2253 1851 2322">
     <span class='ocr_line' id='line_1_22' title="bbox 264 2253 1851 2322; baseline 0.001 -17"><span class='ocrx_word' id='word_1_136' title='bbox 264 2253 627 2322; x_wconf 76' lang='lat' dir='ltr'><strong>Reprehendit</strong></span> <span class='ocrx_word' id='word_1_137' title='bbox 674 2268 759 2306; x_wconf 79' lang='lat' dir='ltr'><strong>eos</strong></span> <span class='ocrx_word' id='word_1_138' title='bbox 784 2253 936 2305; x_wconf 86' lang='lat' dir='ltr'><strong>nulla</strong></span> <span class='ocrx_word' id='word_1_139' title='bbox 959 2268 1095 2320; x_wconf 90' lang='lat' dir='ltr'><strong>pene</strong></span> <span class='ocrx_word' id='word_1_140' title='bbox 1122 2268 1250 2305; x_wconf 83' lang='lat' dir='ltr'><strong>cura</strong></span> <span class='ocrx_word' id='word_1_141' title='bbox 1280 2254 1477 2305; x_wconf 74' lang='lat' dir='ltr'><strong>moveri</strong></span> <span class='ocrx_word' id='word_1_142' title='bbox 1498 2266 1653 2305; x_wconf 91' lang='lat' dir='ltr'><strong>suam</strong></span> <span class='ocrx_word' id='word_1_143' title='bbox 1675 2253 1851 2307; x_wconf 87' lang='lat' dir='ltr'><strong>Eccle-</strong></span> 
     </span>
    </p>
   </div>
   <div class='ocr_carea' id='block_1_23' title="bbox 318 2324 1856 2394">
    <p class='ocr_par' dir='ltr' id='par_1_23' title="bbox 318 2324 1856 2394">
     <span class='ocr_line' id='line_1_23' title="bbox 318 2324 1856 2394; baseline -0.001 -17"><span class='ocrx_word' id='word_1_144' title='bbox 318 2327 461 2377; x_wconf 80' lang='lat' dir='ltr'><strong>siam</strong></span> <span class='ocrx_word' id='word_1_145' title='bbox 476 2330 697 2394; x_wconf 80' lang='lat' dir='ltr'><strong>pastore</strong></span> <span class='ocrx_word' id='word_1_146' title='bbox 726 2339 833 2377; x_wconf 89' lang='lat' dir='ltr'><strong>esse</strong></span> <span class='ocrx_word' id='word_1_147' title='bbox 852 2324 1179 2377; x_wconf 84' lang='lat' dir='ltr'><strong>destitutam.</strong></span> <span class='ocrx_word' id='word_1_148' title='bbox 1208 2326 1495 2392; x_wconf 81' lang='lat' dir='ltr'><strong>Propterea</strong></span> <span class='ocrx_word' id='word_1_149' title='bbox 1540 2326 1856 2391; x_wconf 87' lang='lat' dir='ltr'><strong>Wapincen-</strong></span> 
     </span>
    </p>
   </div>
   <div class='ocr_carea' id='block_1_24' title="bbox 325 2396 1849 2464">
    <p class='ocr_par' dir='ltr' id='par_1_24' title="bbox 325 2396 1849 2464">
     <span class='ocr_line' id='line_1_24' title="bbox 325 2396 1849 2464; baseline -0.001 -15"><span class='ocrx_word' id='word_1_150' title='bbox 325 2411 437 2449; x_wconf 87' lang='lat' dir='ltr'><strong>sem</strong></span> <span class='ocrx_word' id='word_1_151' title='bbox 483 2399 787 2464; x_wconf 72' lang='lat' dir='ltr'><strong>episcopum</strong></span> <span class='ocrx_word' id='word_1_152' title='bbox 832 2396 1018 2456; x_wconf 85' lang='lat' dir='ltr'><strong>mittit,</strong></span> <span class='ocrx_word' id='word_1_153' title='bbox 1052 2399 1111 2447; x_wconf 85' lang='lat' dir='ltr'><strong>ut</strong></span> <span class='ocrx_word' id='word_1_154' title='bbox 1149 2399 1246 2447; x_wconf 85' lang='lat' dir='ltr'><strong>aut</strong></span> <span class='ocrx_word' id='word_1_155' title='bbox 1274 2397 1573 2463; x_wconf 75' lang='lat' dir='ltr'><strong>episcopum</strong></span> <span class='ocrx_word' id='word_1_156' title='bbox 1624 2396 1849 2461; x_wconf 84' lang='lat' dir='ltr'><strong>eligant,</strong></span> 
     </span>
    </p>
   </div>
   <div class='ocr_carea' id='block_1_25' title="bbox 326 2468 1852 2535">
    <p class='ocr_par' dir='ltr' id='par_1_25' title="bbox 326 2468 1852 2535">
     <span class='ocr_line' id='line_1_25' title="bbox 326 2468 1852 2535; baseline -0.002 -16"><span class='ocrx_word' id='word_1_157' title='bbox 326 2472 423 2519; x_wconf 88' lang='lat' dir='ltr'><strong>aut</strong></span> <span class='ocrx_word' id='word_1_158' title='bbox 438 2468 769 2535; x_wconf 74' lang='lat' dir='ltr'><strong>promittant</strong></span> <span class='ocrx_word' id='word_1_159' title='bbox 790 2480 842 2518; x_wconf 88' lang='lat' dir='ltr'><strong>se</strong></span> <span class='ocrx_word' id='word_1_160' title='bbox 860 2468 915 2518; x_wconf 87' lang='lat' dir='ltr'><strong>in</strong></span> <span class='ocrx_word' id='word_1_161' title='bbox 922 2470 1195 2533; x_wconf 81' lang='lat' dir='ltr'><strong>pastorem</strong></span> <span class='ocrx_word' id='word_1_162' title='bbox 1211 2469 1546 2533; x_wconf 81' lang='lat' dir='ltr'><strong>suscepturos</strong></span> <span class='ocrx_word' id='word_1_163' title='bbox 1566 2481 1852 2533; x_wconf 83' lang='lat' dir='ltr'><strong>quemcun-</strong></span> 
     </span>
    </p>
   </div>
   <div class='ocr_carea' id='block_1_26' title="bbox 326 2536 1854 2607">
    <p class='ocr_par' dir='ltr' id='par_1_26' title="bbox 326 2536 1854 2607">
     <span class='ocr_line' id='line_1_26' title="bbox 326 2536 1854 2607; baseline 0.001 -18"><span class='ocrx_word' id='word_1_164' title='bbox 326 2553 431 2607; x_wconf 80' lang='lat' dir='ltr'><strong>que</strong></span> <span class='ocrx_word' id='word_1_165' title='bbox 460 2541 577 2606; x_wconf 83' lang='lat' dir='ltr'><strong>ipse</strong></span> <span class='ocrx_word' id='word_1_166' title='bbox 594 2538 666 2591; x_wconf 85' lang='lat' dir='ltr'><strong>ad</strong></span> <span class='ocrx_word' id='word_1_167' title='bbox 703 2551 784 2590; x_wconf 89' lang='lat' dir='ltr'><strong>eos</strong></span> <span class='ocrx_word' id='word_1_168' title='bbox 808 2538 1033 2590; x_wconf 88' lang='lat' dir='ltr'><strong>miserit.</strong></span> <span class='ocrx_word' id='word_1_169' title='bbox 1059 2538 1257 2591; x_wconf 67' lang='lat' dir='ltr'><strong>Caetera</strong></span> <span class='ocrx_word' id='word_1_170' title='bbox 1272 2552 1390 2605; x_wconf 68' lang='lat' dir='ltr'><strong>qua:</strong></span> <span class='ocrx_word' id='word_1_171' title='bbox 1426 2536 1654 2590; x_wconf 84' lang='lat' dir='ltr'><strong>dicenda</strong></span> <span class='ocrx_word' id='word_1_172' title='bbox 1673 2537 1854 2602; x_wconf 82' lang='lat' dir='ltr'><strong>forent</strong></span> 
     </span>
    </p>
   </div>
   <div class='ocr_carea' id='block_1_27' title="bbox 322 2608 1217 2678">
    <p class='ocr_par' dir='ltr' id='par_1_27' title="bbox 322 2608 1217 2678">
     <span class='ocr_line' id='line_1_27' title="bbox 322 2608 1217 2678; baseline 0 -16"><span class='ocrx_word' id='word_1_173' title='bbox 322 2610 573 2678; x_wconf 82' lang='lat' dir='ltr'><strong>episcopo</strong></span> <span class='ocrx_word' id='word_1_174' title='bbox 600 2608 909 2676; x_wconf 71' lang='lat' dir='ltr'><strong>injuna-isse</strong></span> <span class='ocrx_word' id='word_1_175' title='bbox 934 2609 1217 2675; x_wconf 81' lang='lat' dir='ltr'><strong>signiﬁcat.</strong></span> 
     </span>
    </p>
   </div>
   <div class='ocr_carea' id='block_1_28' title="bbox 322 2707 1849 2779">
    <p class='ocr_par' dir='ltr' id='par_1_28' title="bbox 322 2707 1849 2779">
     <span class='ocr_line' id='line_1_28' title="bbox 322 2707 1849 2779; baseline -0.003 -13"><span class='ocrx_word' id='word_1_176' title='bbox 322 2711 693 2766; x_wconf 78' lang='lat' dir='ltr'><strong>GBEGOBIUS</strong></span> <span class='ocrx_word' id='word_1_177' title='bbox 714 2708 1019 2779; x_wconf 86' lang='lat' dir='ltr'><strong>episcopus,</strong></span> <span class='ocrx_word' id='word_1_178' title='bbox 1045 2723 1235 2762; x_wconf 88' lang='lat' dir='ltr'><strong>servus</strong></span> <span class='ocrx_word' id='word_1_179' title='bbox 1263 2722 1547 2763; x_wconf 90' lang='lat' dir='ltr'><strong>servorum</strong></span> <span class='ocrx_word' id='word_1_180' title='bbox 1576 2708 1701 2775; x_wconf 88' lang='lat' dir='ltr'><strong>Dei,</strong></span> <span class='ocrx_word' id='word_1_181' title='bbox 1734 2707 1849 2761; x_wconf 92' lang='lat' dir='ltr'><strong>uni-</strong></span> 
     </span>
    </p>
   </div>
   <div class='ocr_carea' id='block_1_29' title="bbox 259 2799 1849 2872">
    <p class='ocr_par' dir='ltr' id='par_1_29' title="bbox 259 2799 1849 2872">
     <span class='ocr_line' id='line_1_29' title="bbox 259 2799 1849 2872; baseline 0.001 -18"><span class='ocrx_word' id='word_1_182' title='bbox 259 2818 409 2858; x_wconf 79' lang='lat' dir='ltr'><strong>verso</strong></span> <span class='ocrx_word' id='word_1_183' title='bbox 438 2802 589 2857; x_wconf 88' lang='lat' dir='ltr'><strong>clero</strong></span> <span class='ocrx_word' id='word_1_184' title='bbox 639 2809 695 2856; x_wconf 92' lang='lat' dir='ltr'><strong>et</strong></span> <span class='ocrx_word' id='word_1_185' title='bbox 721 2800 923 2872; x_wconf 92' lang='lat' dir='ltr'><strong>populo</strong></span> <span class='ocrx_word' id='word_1_186' title='bbox 959 2799 1293 2856; x_wconf 83' lang='lat' dir='ltr'><strong>Arelatensis</strong></span> <span class='ocrx_word' id='word_1_187' title='bbox 1322 2800 1581 2856; x_wconf 58' lang='lat' dir='ltr'><strong>Ecclesiae</strong></span> <span class='ocrx_word' id='word_1_188' title='bbox 1616 2800 1849 2855; x_wconf 89' lang='lat' dir='ltr'><strong>salutem</strong></span> 
     </span>
    </p>
   </div>
   <div class='ocr_carea' id='block_1_30' title="bbox 256 2893 1177 2968">
    <p class='ocr_par' dir='ltr' id='par_1_30' title="bbox 256 2893 1177 2968">
     <span class='ocr_line' id='line_1_30' title="bbox 256 2893 1177 2968; baseline -0.001 -17"><span class='ocrx_word' id='word_1_189' title='bbox 256 2905 307 2951; x_wconf 91' lang='lat' dir='ltr'><strong>et</strong></span> <span class='ocrx_word' id='word_1_190' title='bbox 328 2894 695 2968; x_wconf 88' lang='lat' dir='ltr'><strong>apostolicam</strong></span> <span class='ocrx_word' id='word_1_191' title='bbox 715 2893 1177 2950; x_wconf 85' lang='lat' dir='ltr'><strong>benedictionem.</strong></span> 
     </span>
    </p>
   </div>
   <div class='ocr_carea' id='block_1_31' title="bbox 316 2985 1848 3062">
    <p class='ocr_par' dir='ltr' id='par_1_31' title="bbox 316 2985 1848 3062">
     <span class='ocr_line' id='line_1_31' title="bbox 316 2985 1848 3062; baseline -0.003 -18"><span class='ocrx_word' id='word_1_192' title='bbox 316 2989 603 3062; x_wconf 87' lang='lat' dir='ltr'><strong>Quoniam</strong></span> <span class='ocrx_word' id='word_1_193' title='bbox 655 2987 869 3043; x_wconf 88' lang='lat' dir='ltr'><strong>sublata</strong></span> <span class='ocrx_word' id='word_1_194' title='bbox 923 2986 1177 3059; x_wconf 86' lang='lat' dir='ltr'><strong>pastorali</strong></span> <span class='ocrx_word' id='word_1_195' title='bbox 1231 2985 1479 3042; x_wconf 89' lang='lat' dir='ltr'><strong>custodia</strong></span> <span class='ocrx_word' id='word_1_196' title='bbox 1535 2986 1681 3059; x_wconf 82' lang='lat' dir='ltr'><strong>gregi</strong></span> <span class='ocrx_word' id='word_1_197' title='bbox 1735 3001 1848 3041; x_wconf 93' lang='lat' dir='ltr'><strong>non</strong></span> 
     </span>
    </p>
   </div>
   <div class='ocr_carea' id='block_1_32' title="bbox 245 3079 1846 3155">
    <p class='ocr_par' dir='ltr' id='par_1_32' title="bbox 245 3079 1846 3155">
     <span class='ocr_line' id='line_1_32' title="bbox 245 3079 1846 3155; baseline -0.002 -18"><span class='ocrx_word' id='word_1_198' title='bbox 245 3098 411 3155; x_wconf 86' lang='lat' dir='ltr'><strong>parva</strong></span> <span class='ocrx_word' id='word_1_199' title='bbox 432 3081 726 3136; x_wconf 87' lang='lat' dir='ltr'><strong>imminere</strong></span> <span class='ocrx_word' id='word_1_200' title='bbox 754 3080 1166 3153; x_wconf 89' lang='lat' dir='ltr'><strong>perpendimus,</strong></span> <span class='ocrx_word' id='word_1_201' title='bbox 1197 3080 1368 3135; x_wconf 90' lang='lat' dir='ltr'><strong>multa</strong></span> <span class='ocrx_word' id='word_1_202' title='bbox 1396 3096 1495 3150; x_wconf 88' lang='lat' dir='ltr'><strong>pro</strong></span> <span class='ocrx_word' id='word_1_203' title='bbox 1523 3079 1675 3135; x_wconf 85' lang='lat' dir='ltr'><strong>vobis</strong></span> <span class='ocrx_word' id='word_1_204' title='bbox 1703 3079 1846 3134; x_wconf 91' lang='lat' dir='ltr'><strong>solli-</strong></span> 
     </span>
    </p>
   </div>
   <div class='ocr_carea' id='block_1_33' title="bbox 1892 1852 1940 1912">
    <p class='ocr_par' dir='ltr' id='par_1_33' title="bbox 1892 1852 1940 1912">
     <span class='ocr_line' id='line_1_33' title="bbox 1892 1852 1940 1912; baseline 0 0"><span class='ocrx_word' id='word_1_205' title='bbox 1892 1852 1940 1912; x_wconf 92' lang='lat' dir='ltr'><strong>B</strong></span> 
     </span>
    </p>
   </div>
   <div class='ocr_carea' id='block_1_34' title="bbox 1984 557 3580 631">
    <p class='ocr_par' dir='ltr' id='par_1_34' title="bbox 1984 557 3580 631">
     <span class='ocr_line' id='line_1_34' title="bbox 1984 557 3580 631; baseline 0.003 -17"><span class='ocrx_word' id='word_1_206' title='bbox 1984 559 2215 615; x_wconf 89' lang='lat' dir='ltr'><strong>scientes</strong></span> <span class='ocrx_word' id='word_1_207' title='bbox 2270 559 2534 631; x_wconf 90' lang='lat' dir='ltr'><strong>quoniam</strong></span> <span class='ocrx_word' id='word_1_208' title='bbox 2582 557 2843 630; x_wconf 89' lang='lat' dir='ltr'><strong>quidquid</strong></span> <span class='ocrx_word' id='word_1_209' title='bbox 2893 574 2957 614; x_wconf 88' lang='lat' dir='ltr'><strong>ex</strong></span> <span class='ocrx_word' id='word_1_210' title='bbox 3007 566 3262 631; x_wconf 88' lang='lat' dir='ltr'><strong>utroque,</strong></span> <span class='ocrx_word' id='word_1_211' title='bbox 3310 564 3427 617; x_wconf 92' lang='lat' dir='ltr'><strong>Deo</strong></span> <span class='ocrx_word' id='word_1_212' title='bbox 3479 578 3580 620; x_wconf 83' lang='lat' dir='ltr'><strong>au-</strong></span> 
     </span>
    </p>
   </div>
   <div class='ocr_carea' id='block_1_35' title="bbox 1984 650 3581 724">
    <p class='ocr_par' dir='ltr' id='par_1_35' title="bbox 1984 650 3581 724">
     <span class='ocr_line' id='line_1_35' title="bbox 1984 650 3581 724; baseline 0.004 -17"><span class='ocrx_word' id='word_1_213' title='bbox 1984 662 2156 720; x_wconf 88' lang='lat' dir='ltr'><strong>ctore,</strong></span> <span class='ocrx_word' id='word_1_214' title='bbox 2189 652 2451 708; x_wconf 91' lang='lat' dir='ltr'><strong>debemus</strong></span> <span class='ocrx_word' id='word_1_215' title='bbox 2479 660 2532 708; x_wconf 89' lang='lat' dir='ltr'><strong>et</strong></span> <span class='ocrx_word' id='word_1_216' title='bbox 2557 667 2871 724; x_wconf 90' lang='lat' dir='ltr'><strong>possumus,</strong></span> <span class='ocrx_word' id='word_1_217' title='bbox 2903 650 2974 707; x_wconf 89' lang='lat' dir='ltr'><strong>ad</strong></span> <span class='ocrx_word' id='word_1_218' title='bbox 3002 651 3310 723; x_wconf 88' lang='lat' dir='ltr'><strong>profectum</strong></span> <span class='ocrx_word' id='word_1_219' title='bbox 3339 664 3581 713; x_wconf 88' lang='lat' dir='ltr'><strong>vestrum</strong></span> 
     </span>
    </p>
   </div>
   <div class='ocr_carea' id='block_1_36' title="bbox 1983 744 3579 815">
    <p class='ocr_par' dir='ltr' id='par_1_36' title="bbox 1983 744 3579 815">
     <span class='ocr_line' id='line_1_36' title="bbox 1983 744 3579 815; baseline 0.003 -15"><span class='ocrx_word' id='word_1_220' title='bbox 1983 745 2138 800; x_wconf 84' lang='lat' dir='ltr'><strong>vobis</strong></span> <span class='ocrx_word' id='word_1_221' title='bbox 2167 744 2418 800; x_wconf 85' lang='lat' dir='ltr'><strong>exhibere</strong></span> <span class='ocrx_word' id='word_1_222' title='bbox 2456 753 2763 815; x_wconf 90' lang='lat' dir='ltr'><strong>promptam</strong></span> <span class='ocrx_word' id='word_1_223' title='bbox 2803 754 2857 800; x_wconf 91' lang='lat' dir='ltr'><strong>et</strong></span> <span class='ocrx_word' id='word_1_224' title='bbox 2884 744 3214 802; x_wconf 89' lang='lat' dir='ltr'><strong>indefessam</strong></span> <span class='ocrx_word' id='word_1_225' title='bbox 3244 748 3579 805; x_wconf 85' lang='lat' dir='ltr'><strong>voluntatem</strong></span> 
     </span>
    </p>
   </div>
   <div class='ocr_carea' id='block_1_37' title="bbox 1986 836 3578 910">
    <p class='ocr_par' dir='ltr' id='par_1_37' title="bbox 1986 836 3578 910">
     <span class='ocr_line' id='line_1_37' title="bbox 1986 836 3578 910; baseline 0.004 -18"><span class='ocrx_word' id='word_1_226' title='bbox 1986 838 2246 910; x_wconf 89' lang='lat' dir='ltr'><strong>gerimus.</strong></span> <span class='ocrx_word' id='word_1_227' title='bbox 2270 840 2479 895; x_wconf 66' lang='lat' dir='ltr'><strong>Caetera</strong></span> <span class='ocrx_word' id='word_1_228' title='bbox 2504 853 2627 908; x_wconf 86' lang='lat' dir='ltr'><strong>quae</strong></span> <span class='ocrx_word' id='word_1_229' title='bbox 2653 836 2879 893; x_wconf 89' lang='lat' dir='ltr'><strong>dicenda</strong></span> <span class='ocrx_word' id='word_1_230' title='bbox 2905 847 3033 893; x_wconf 90' lang='lat' dir='ltr'><strong>sunt</strong></span> <span class='ocrx_word' id='word_1_231' title='bbox 3047 837 3204 894; x_wconf 89' lang='lat' dir='ltr'><strong>fratri</strong></span> <span class='ocrx_word' id='word_1_232' title='bbox 3232 849 3418 896; x_wconf 92' lang='lat' dir='ltr'><strong>nostro</strong></span> <span class='ocrx_word' id='word_1_233' title='bbox 3437 844 3578 898; x_wconf 85' lang='lat' dir='ltr'><strong>Leo-</strong></span> 
     </span>
    </p>
   </div>
   <div class='ocr_carea' id='block_1_38' title="bbox 1982 929 3577 1003">
    <p class='ocr_par' dir='ltr' id='par_1_38' title="bbox 1982 929 3577 1003">
     <span class='ocr_line' id='line_1_38' title="bbox 1982 929 3577 1003; baseline 0.003 -17"><span class='ocrx_word' id='word_1_234' title='bbox 1982 930 2199 1002; x_wconf 88' lang='lat' dir='ltr'><strong>degario</strong></span> <span class='ocrx_word' id='word_1_235' title='bbox 2244 930 2578 1001; x_wconf 82' lang='lat' dir='ltr'><strong>njunximus,</strong></span> <span class='ocrx_word' id='word_1_236' title='bbox 2608 929 2692 985; x_wconf 92' lang='lat' dir='ltr'><strong>cui</strong></span> <span class='ocrx_word' id='word_1_237' title='bbox 2736 931 3013 1002; x_wconf 86' lang='lat' dir='ltr'><strong>legationi,</strong></span> <span class='ocrx_word' id='word_1_238' title='bbox 3065 942 3331 1003; x_wconf 90' lang='lat' dir='ltr'><strong>quantum</strong></span> <span class='ocrx_word' id='word_1_239' title='bbox 3376 934 3446 990; x_wconf 92' lang='lat' dir='ltr'><strong>ad</strong></span> <span class='ocrx_word' id='word_1_240' title='bbox 3472 932 3577 991; x_wconf 78' lang='lat' dir='ltr'><strong>hoc</strong></span> 
     </span>
    </p>
   </div>
   <div class='ocr_carea' id='block_1_39' title="bbox 1980 1023 3576 1096">
    <p class='ocr_par' dir='ltr' id='par_1_39' title="bbox 1980 1023 3576 1096">
     <span class='ocr_line' id='line_1_39' title="bbox 1980 1023 3576 1096; baseline 0.003 -18"><span class='ocrx_word' id='word_1_241' title='bbox 1980 1025 2213 1094; x_wconf 87' lang='lat' dir='ltr'><strong>pertinet</strong></span> <span class='ocrx_word' id='word_1_242' title='bbox 2240 1024 2540 1096; x_wconf 87' lang='lat' dir='ltr'><strong>negotium,</strong></span> <span class='ocrx_word' id='word_1_243' title='bbox 2571 1023 2654 1091; x_wconf 86' lang='lat' dir='ltr'><strong>ita</strong></span> <span class='ocrx_word' id='word_1_244' title='bbox 2682 1023 2804 1079; x_wconf 90' lang='lat' dir='ltr'><strong>volo</strong></span> <span class='ocrx_word' id='word_1_245' title='bbox 2834 1032 2895 1079; x_wconf 93' lang='lat' dir='ltr'><strong>ut</strong></span> <span class='ocrx_word' id='word_1_246' title='bbox 2920 1024 3149 1081; x_wconf 88' lang='lat' dir='ltr'><strong>credatis</strong></span> <span class='ocrx_word' id='word_1_247' title='bbox 3178 1042 3242 1082; x_wconf 90' lang='lat' dir='ltr'><strong>ac</strong></span> <span class='ocrx_word' id='word_1_248' title='bbox 3278 1026 3321 1082; x_wconf 91' lang='lat' dir='ltr'><strong>si</strong></span> <span class='ocrx_word' id='word_1_249' title='bbox 3349 1042 3380 1082; x_wconf 94' lang='lat' dir='ltr'><strong>a</strong></span> <span class='ocrx_word' id='word_1_250' title='bbox 3416 1027 3576 1083; x_wconf 88' lang='lat' dir='ltr'><strong>nobis</strong></span> 
     </span>
    </p>
   </div>
   <div class='ocr_carea' id='block_1_40' title="bbox 1981 1102 3182 1173">
    <p class='ocr_par' dir='ltr' id='par_1_40' title="bbox 1981 1102 3182 1173">
     <span class='ocr_line' id='line_1_40' title="bbox 1981 1102 3182 1173; baseline 0.002 -3"><span class='ocrx_word' id='word_1_251' title='bbox 1981 1117 2099 1173; x_wconf 92' lang='lat' dir='ltr'><strong>viva</strong></span> <span class='ocrx_word' id='word_1_252' title='bbox 2128 1133 2256 1173; x_wconf 88' lang='lat' dir='ltr'><strong>voce</strong></span> <span class='ocrx_word' id='word_1_253' title='bbox 2294 1119 2347 1172; x_wconf 90' lang='lat' dir='ltr'><strong>in</strong></span> <span class='ocrx_word' id='word_1_254' title='bbox 2379 1117 2602 1173; x_wconf 90' lang='lat' dir='ltr'><strong>auribus</strong></span> <span class='ocrx_word' id='word_1_255' title='bbox 2630 1116 2828 1172; x_wconf 85' lang='lat' dir='ltr'><strong>vestris</strong></span> <span class='ocrx_word' id='word_1_256' title='bbox 2853 1102 3182 1173; x_wconf 79' lang='lat' dir='ltr'><strong>dioerentur.</strong></span> 
     </span>
    </p>
   </div>
   <div class='ocr_carea' id='block_1_41' title="bbox 2048 1209 3037 1278">
    <p class='ocr_par' dir='ltr' id='par_1_41' title="bbox 2048 1209 3037 1278">
     <span class='ocr_line' id='line_1_41' title="bbox 2048 1209 3037 1278; baseline 0 -12"><span class='ocrx_word' id='word_1_257' title='bbox 2048 1214 2189 1267; x_wconf 93' lang='lat' dir='ltr'><strong>Data</strong></span> <span class='ocrx_word' id='word_1_258' title='bbox 2205 1214 2422 1278; x_wconf 84' lang='lat' dir='ltr'><strong>Romae,</strong></span> <span class='ocrx_word' id='word_1_259' title='bbox 2446 1210 2572 1266; x_wconf 82' lang='lat' dir='ltr'><strong>Kal.</strong></span> <span class='ocrx_word' id='word_1_260' title='bbox 2601 1210 2805 1278; x_wconf 85' lang='lat' dir='ltr'><strong>Martii,</strong></span> <span class='ocrx_word' id='word_1_261' title='bbox 2832 1209 2943 1266; x_wconf 92' lang='lat' dir='ltr'><strong>ind.</strong></span> <span class='ocrx_word' id='word_1_262' title='bbox 2970 1226 3037 1266; x_wconf 82' lang='grc' dir='ltr'><strong>Π.</strong></span> 
     </span>
    </p>
   </div>
   <div class='ocr_carea' id='block_1_42' title="bbox 2476 1311 3074 1367">
    <p class='ocr_par' dir='ltr' id='par_1_42' title="bbox 2476 1311 3074 1367">
     <span class='ocr_line' id='line_1_42' title="bbox 2476 1311 3074 1367; baseline 0.002 -2"><span class='ocrx_word' id='word_1_263' title='bbox 2476 1311 2835 1367; x_wconf 77' lang='lat' dir='ltr'><strong>EPISTOLA</strong></span> <span class='ocrx_word' id='word_1_264' title='bbox 2886 1312 3074 1366; x_wconf 85' lang='lat' dir='ltr'>XXII.</span> 
     </span>
    </p>
   </div>
   <div class='ocr_carea' id='block_1_43' title="bbox 2330 1424 3214 1468">
    <p class='ocr_par' dir='ltr' id='par_1_43' title="bbox 2330 1424 3214 1468">
     <span class='ocr_line' id='line_1_43' title="bbox 2330 1424 3214 1468; baseline 0.005 -4"><span class='ocrx_word' id='word_1_265' title='bbox 2330 1425 2411 1465; x_wconf 74' lang='lat' dir='ltr'><strong>AI)</strong></span> <span class='ocrx_word' id='word_1_266' title='bbox 2431 1424 2801 1467; x_wconf 78' lang='lat' dir='ltr'><strong>COMITISSAM</strong></span> <span class='ocrx_word' id='word_1_267' title='bbox 2824 1426 2869 1466; x_wconf 77' lang='grc' dir='ltr'><strong>Μ</strong></span> <span class='ocrx_word' id='word_1_268' title='bbox 2879 1426 3214 1468; x_wconf 72' lang='lat' dir='ltr'><strong>ATHILDEM.</strong></span> 
     </span>
    </p>
   </div>
   <div class='ocr_carea' id='block_1_44' title="bbox 2564 1506 2979 1572">
    <p class='ocr_par' dir='ltr' id='par_1_44' title="bbox 2564 1506 2979 1572">
     <span class='ocr_line' id='line_1_44' title="bbox 2564 1506 2979 1572; baseline 0.002 -14"><span class='ocrx_word' id='word_1_269' title='bbox 2564 1506 2755 1572; x_wconf 84' lang='lat' dir='ltr'><strong>(Anno</strong></span> <span class='ocrx_word' id='word_1_270' title='bbox 2790 1509 2979 1569; x_wconf 89' lang='lat'><strong>1079.)</strong></span> 
     </span>
    </p>
   </div>
   <div class='ocr_carea' id='block_1_45' title="bbox 1974 1588 3570 1669">
    <p class='ocr_par' dir='ltr' id='par_1_45' title="bbox 1974 1588 3570 1669">
     <span class='ocr_line' id='line_1_45' title="bbox 1974 1588 3570 1669; baseline 0.001 -17"><span class='ocrx_word' id='word_1_271' title='bbox 1974 1588 2269 1669; x_wconf 77' lang='lat' dir='ltr'><strong>Respondet</strong></span> <span class='ocrx_word' id='word_1_272' title='bbox 2306 1613 2469 1667; x_wconf 87' lang='lat' dir='ltr'><strong>super</strong></span> <span class='ocrx_word' id='word_1_273' title='bbox 2518 1599 2763 1667; x_wconf 84' lang='lat' dir='ltr'><strong>conjugio</strong></span> <span class='ocrx_word' id='word_1_274' title='bbox 2795 1599 3107 1653; x_wconf 73' lang='lat' dir='ltr'><strong>Theoderici</strong></span> <span class='ocrx_word' id='word_1_275' title='bbox 3131 1599 3281 1653; x_wconf 88' lang='lat' dir='ltr'><strong>ducis</strong></span> <span class='ocrx_word' id='word_1_276' title='bbox 3322 1603 3373 1654; x_wconf 90' lang='lat' dir='ltr'><strong>et</strong></span> <span class='ocrx_word' id='word_1_277' title='bbox 3408 1614 3570 1669; x_wconf 85' lang='lat' dir='ltr'><strong>super</strong></span> 
     </span>
    </p>
   </div>
   <div class='ocr_carea' id='block_1_46' title="bbox 2042 1668 3571 1739">
    <p class='ocr_par' dir='ltr' id='par_1_46' title="bbox 2042 1668 3571 1739">
     <span class='ocr_line' id='line_1_46' title="bbox 2042 1668 3571 1739; baseline 0.003 -17"><span class='ocrx_word' id='word_1_278' title='bbox 2042 1668 2156 1736; x_wconf 85' lang='lat' dir='ltr'><strong>ejus</strong></span> <span class='ocrx_word' id='word_1_279' title='bbox 2192 1672 2588 1723; x_wconf 86' lang='lat' dir='ltr'><strong>intromissione</strong></span> <span class='ocrx_word' id='word_1_280' title='bbox 2614 1671 2684 1724; x_wconf 85' lang='lat' dir='ltr'><strong>de</strong></span> <span class='ocrx_word' id='word_1_281' title='bbox 2710 1670 3067 1739; x_wconf 84' lang='lat' dir='ltr'><strong>componenda</strong></span> <span class='ocrx_word' id='word_1_282' title='bbox 3096 1672 3239 1724; x_wconf 86' lang='lat' dir='ltr'><strong>inter</strong></span> <span class='ocrx_word' id='word_1_283' title='bbox 3278 1686 3336 1725; x_wconf 83' lang='lat' dir='ltr'><strong>se</strong></span> <span class='ocrx_word' id='word_1_284' title='bbox 3358 1675 3408 1723; x_wconf 89' lang='lat' dir='ltr'><strong>et</strong></span> <span class='ocrx_word' id='word_1_285' title='bbox 3431 1674 3571 1726; x_wconf 87' lang='lat' dir='ltr'><strong>Hen-</strong></span> 
     </span>
    </p>
   </div>
   <div class='ocr_carea' id='block_1_47' title="bbox 2044 1740 3568 1810">
    <p class='ocr_par' dir='ltr' id='par_1_47' title="bbox 2044 1740 3568 1810">
     <span class='ocr_line' id='line_1_47' title="bbox 2044 1740 3568 1810; baseline 0.004 -18"><span class='ocrx_word' id='word_1_286' title='bbox 2044 1742 2216 1794; x_wconf 83' lang='lat' dir='ltr'><strong>ricum</strong></span> <span class='ocrx_word' id='word_1_287' title='bbox 2262 1756 2437 1808; x_wconf 88' lang='lat' dir='ltr'><strong>regem</strong></span> <span class='ocrx_word' id='word_1_288' title='bbox 2474 1755 2605 1810; x_wconf 85' lang='lat' dir='ltr'><strong>pace</strong></span> <span class='ocrx_word' id='word_1_289' title='bbox 2649 1745 2699 1795; x_wconf 89' lang='lat' dir='ltr'><strong>et</strong></span> <span class='ocrx_word' id='word_1_290' title='bbox 2747 1740 2812 1796; x_wconf 85' lang='lat' dir='ltr'><strong>de</strong></span> <span class='ocrx_word' id='word_1_291' title='bbox 2860 1741 2992 1796; x_wconf 85' lang='lat' dir='ltr'><strong>duce</strong></span> <span class='ocrx_word' id='word_1_292' title='bbox 3040 1745 3487 1798; x_wconf 60' lang='lat' dir='ltr'><strong>ercommunicato</strong></span> <span class='ocrx_word' id='word_1_293' title='bbox 3532 1759 3568 1797; x_wconf 90' lang='lat' dir='ltr'><strong>a</strong></span> 
     </span>
    </p>
   </div>
   <div class='ocr_carea' id='block_1_48' title="bbox 2040 1814 2537 1881">
    <p class='ocr_par' dir='ltr' id='par_1_48' title="bbox 2040 1814 2537 1881">
     <span class='ocr_line' id='line_1_48' title="bbox 2040 1814 2537 1881; baseline -0.002 -15"><span class='ocrx_word' id='word_1_294' title='bbox 2040 1814 2264 1866; x_wconf 86' lang='lat' dir='ltr'><strong>Metensi</strong></span> <span class='ocrx_word' id='word_1_295' title='bbox 2282 1814 2537 1881; x_wconf 84' lang='lat' dir='ltr'><strong>episcopo.</strong></span> 
     </span>
    </p>
   </div>
   <div class='ocr_carea' id='block_1_49' title="bbox 2044 1903 3566 1975">
    <p class='ocr_par' dir='ltr' id='par_1_49' title="bbox 2044 1903 3566 1975">
     <span class='ocr_line' id='line_1_49' title="bbox 2044 1903 3566 1975; baseline 0.003 -15"><span class='ocrx_word' id='word_1_296' title='bbox 2044 1903 2401 1960; x_wconf 80' lang='lat' dir='ltr'><strong>Gnsoomns</strong></span> <span class='ocrx_word' id='word_1_297' title='bbox 2432 1905 2739 1975; x_wconf 89' lang='lat' dir='ltr'><strong>episcopus,</strong></span> <span class='ocrx_word' id='word_1_298' title='bbox 2761 1920 2950 1960; x_wconf 89' lang='lat' dir='ltr'><strong>servus</strong></span> <span class='ocrx_word' id='word_1_299' title='bbox 2972 1920 3258 1962; x_wconf 90' lang='lat' dir='ltr'><strong>servorum</strong></span> <span class='ocrx_word' id='word_1_300' title='bbox 3286 1907 3408 1974; x_wconf 90' lang='lat' dir='ltr'><strong>Dei,</strong></span> <span class='ocrx_word' id='word_1_301' title='bbox 3431 1906 3566 1964; x_wconf 89' lang='lat' dir='ltr'><strong>dile-</strong></span> 
     </span>
    </p>
   </div>
   <div class='ocr_carea' id='block_1_50' title="bbox 1971 1997 3564 2072">
    <p class='ocr_par' dir='ltr' id='par_1_50' title="bbox 1971 1997 3564 2072">
     <span class='ocr_line' id='line_1_50' title="bbox 1971 1997 3564 2072; baseline 0.004 -21"><span class='ocrx_word' id='word_1_302' title='bbox 1971 2005 2075 2053; x_wconf 72' lang='lat' dir='ltr'><strong>cta:</strong></span> <span class='ocrx_word' id='word_1_303' title='bbox 2104 1997 2162 2051; x_wconf 93' lang='lat' dir='ltr'><strong>in</strong></span> <span class='ocrx_word' id='word_1_304' title='bbox 2190 1997 2405 2053; x_wconf 87' lang='lat' dir='ltr'><strong>Christo</strong></span> <span class='ocrx_word' id='word_1_305' title='bbox 2441 1997 2567 2053; x_wconf 64' lang='lat' dir='ltr'><strong>filiai</strong></span> <span class='ocrx_word' id='word_1_306' title='bbox 2604 1999 2913 2054; x_wconf 75' lang='lat' dir='ltr'><strong>MATHILDI</strong></span> <span class='ocrx_word' id='word_1_307' title='bbox 2953 1998 3187 2055; x_wconf 90' lang='lat' dir='ltr'><strong>salutem</strong></span> <span class='ocrx_word' id='word_1_308' title='bbox 3215 2007 3270 2055; x_wconf 91' lang='lat' dir='ltr'><strong>et</strong></span> <span class='ocrx_word' id='word_1_309' title='bbox 3297 2001 3564 2072; x_wconf 89' lang='lat' dir='ltr'><strong>apostoli-</strong></span> 
     </span>
    </p>
   </div>
   <div class='ocr_carea' id='block_1_51' title="bbox 1969 2089 2577 2146">
    <p class='ocr_par' dir='ltr' id='par_1_51' title="bbox 1969 2089 2577 2146">
     <span class='ocr_line' id='line_1_51' title="bbox 1969 2089 2577 2146; baseline 0.002 -2"><span class='ocrx_word' id='word_1_310' title='bbox 1969 2105 2089 2145; x_wconf 89' lang='lat' dir='ltr'><strong>cam</strong></span> <span class='ocrx_word' id='word_1_311' title='bbox 2118 2089 2577 2146; x_wconf 91' lang='lat' dir='ltr'><strong>benedictionem.</strong></span> 
     </span>
    </p>
   </div>
   <div class='ocr_carea' id='block_1_52' title="bbox 2039 2180 3566 2256">
    <p class='ocr_par' dir='ltr' id='par_1_52' title="bbox 2039 2180 3566 2256">
     <span class='ocr_line' id='line_1_52' title="bbox 2039 2180 3566 2256; baseline 0.004 -19"><span class='ocrx_word' id='word_1_312' title='bbox 2039 2184 2315 2252; x_wconf 88' lang='lat' dir='ltr'><strong>Quoniam</strong></span> <span class='ocrx_word' id='word_1_313' title='bbox 2364 2184 2529 2239; x_wconf 90' lang='lat' dir='ltr'><strong>animi</strong></span> <span class='ocrx_word' id='word_1_314' title='bbox 2572 2184 2745 2239; x_wconf 91' lang='lat' dir='ltr'><strong>nostri</strong></span> <span class='ocrx_word' id='word_1_315' title='bbox 2790 2185 3131 2240; x_wconf 90' lang='lat' dir='ltr'><strong>voluntatem</strong></span> <span class='ocrx_word' id='word_1_316' title='bbox 3182 2180 3368 2256; x_wconf 69' lang='lat' dir='ltr'><strong>super&#39;</strong></span> <span class='ocrx_word' id='word_1_317' title='bbox 3398 2202 3459 2243; x_wconf 89' lang='lat' dir='ltr'><strong>ea</strong></span> <span class='ocrx_word' id='word_1_318' title='bbox 3507 2202 3566 2244; x_wconf 88' lang='lat' dir='ltr'><strong>re</strong></span> 
     </span>
    </p>
   </div>
   <div class='ocr_carea' id='block_1_53' title="bbox 1966 2272 3562 2350">
    <p class='ocr_par' dir='ltr' id='par_1_53' title="bbox 1966 2272 3562 2350">
     <span class='ocr_line' id='line_1_53' title="bbox 1966 2272 3562 2350; baseline 0.003 -18"><span class='ocrx_word' id='word_1_319' title='bbox 1966 2277 2106 2333; x_wconf 89' lang='lat' dir='ltr'><strong>scire</strong></span> <span class='ocrx_word' id='word_1_320' title='bbox 2134 2278 2381 2349; x_wconf 91' lang='lat' dir='ltr'><strong>cupiens,</strong></span> <span class='ocrx_word' id='word_1_321' title='bbox 2426 2277 2620 2332; x_wconf 90' lang='lat' dir='ltr'><strong>misisti</strong></span> <span class='ocrx_word' id='word_1_322' title='bbox 2650 2276 2813 2333; x_wconf 92' lang='lat' dir='ltr'><strong>nobis</strong></span> <span class='ocrx_word' id='word_1_323' title='bbox 2844 2277 2992 2350; x_wconf 93' lang='lat' dir='ltr'><strong>quod</strong></span> <span class='ocrx_word' id='word_1_324' title='bbox 3040 2272 3414 2335; x_wconf 76' lang='lat' dir='ltr'><strong>Thebdoricus</strong></span> <span class='ocrx_word' id='word_1_325' title='bbox 3451 2280 3562 2336; x_wconf 84' lang='lat' dir='ltr'><strong>dux</strong></span> 
     </span>
    </p>
   </div>
   <div class='ocr_carea' id='block_1_54' title="bbox 1965 2370 3563 2442">
    <p class='ocr_par' dir='ltr' id='par_1_54' title="bbox 1965 2370 3563 2442">
     <span class='ocr_line' id='line_1_54' title="bbox 1965 2370 3563 2442; baseline 0.003 -18"><span class='ocrx_word' id='word_1_326' title='bbox 1965 2378 2179 2440; x_wconf 89' lang='lat' dir='ltr'><strong>optaret</strong></span> <span class='ocrx_word' id='word_1_327' title='bbox 2224 2370 2330 2425; x_wconf 88' lang='lat' dir='ltr'><strong>sibi</strong></span> <span class='ocrx_word' id='word_1_328' title='bbox 2374 2370 2630 2442; x_wconf 88' lang='lat' dir='ltr'><strong>conjugio</strong></span> <span class='ocrx_word' id='word_1_329' title='bbox 2682 2370 2937 2442; x_wconf 90' lang='lat' dir='ltr'><strong>copulare</strong></span> <span class='ocrx_word' id='word_1_330' title='bbox 2993 2370 3277 2442; x_wconf 88' lang='lat' dir='ltr'><strong>quondam</strong></span> <span class='ocrx_word' id='word_1_331' title='bbox 3332 2388 3563 2429; x_wconf 88' lang='lat' dir='ltr'><strong>uxorem</strong></span> 
     </span>
    </p>
   </div>
   <div class='ocr_carea' id='block_1_55' title="bbox 1964 2463 3563 2528">
    <p class='ocr_par' dir='ltr' id='par_1_55' title="bbox 1964 2463 3563 2528">
     <span class='ocr_line' id='line_1_55' title="bbox 1964 2463 3563 2528; baseline 0.004 -12"><span class='ocrx_word' id='word_1_332' title='bbox 1964 2463 2301 2519; x_wconf 89' lang='lat' dir='ltr'><strong>marchionis</strong></span> <span class='ocrx_word' id='word_1_333' title='bbox 2332 2464 2574 2528; x_wconf 89' lang='lat' dir='ltr'><strong>Petroni,</strong></span> <span class='ocrx_word' id='word_1_334' title='bbox 2620 2463 2953 2519; x_wconf 90' lang='lat' dir='ltr'><strong>mandamus</strong></span> <span class='ocrx_word' id='word_1_335' title='bbox 2980 2463 3080 2519; x_wconf 87' lang='lat' dir='ltr'><strong>tibi</strong></span> <span class='ocrx_word' id='word_1_336' title='bbox 3115 2484 3127 2518; x_wconf 93' lang='lat'>:</span> <span class='ocrx_word' id='word_1_337' title='bbox 3154 2464 3251 2520; x_wconf 91' lang='lat' dir='ltr'><strong>Ille</strong></span> <span class='ocrx_word' id='word_1_338' title='bbox 3278 2466 3424 2520; x_wconf 90' lang='lat' dir='ltr'><strong>enim</strong></span> <span class='ocrx_word' id='word_1_339' title='bbox 3451 2482 3563 2522; x_wconf 93' lang='lat' dir='ltr'><strong>non</strong></span> 
     </span>
    </p>
   </div>
   <div class='ocr_carea' id='block_1_56' title="bbox 1961 2555 3562 2622">
    <p class='ocr_par' dir='ltr' id='par_1_56' title="bbox 1961 2555 3562 2622">
     <span class='ocr_line' id='line_1_56' title="bbox 1961 2555 3562 2622; baseline 0.002 -12"><span class='ocrx_word' id='word_1_340' title='bbox 1961 2564 2044 2610; x_wconf 90' lang='lat' dir='ltr'><strong>est</strong></span> <span class='ocrx_word' id='word_1_341' title='bbox 2067 2556 2205 2612; x_wconf 90' lang='lat' dir='ltr'><strong>adeo</strong></span> <span class='ocrx_word' id='word_1_342' title='bbox 2234 2565 2400 2612; x_wconf 90' lang='lat' dir='ltr'><strong>notus</strong></span> <span class='ocrx_word' id='word_1_343' title='bbox 2424 2556 2604 2622; x_wconf 90' lang='lat' dir='ltr'><strong>nobis,</strong></span> <span class='ocrx_word' id='word_1_344' title='bbox 2631 2572 2731 2611; x_wconf 90' lang='lat' dir='ltr'><strong>nec</strong></span> <span class='ocrx_word' id='word_1_345' title='bbox 2762 2556 2852 2611; x_wconf 90' lang='lat' dir='ltr'><strong>illa</strong></span> <span class='ocrx_word' id='word_1_346' title='bbox 2883 2555 3044 2611; x_wconf 91' lang='lat' dir='ltr'><strong>nobis</strong></span> <span class='ocrx_word' id='word_1_347' title='bbox 3072 2557 3150 2612; x_wconf 89' lang='lat' dir='ltr'><strong>ita</strong></span> <span class='ocrx_word' id='word_1_348' title='bbox 3183 2557 3478 2613; x_wconf 87' lang='lat' dir='ltr'><strong>commissa</strong></span> <span class='ocrx_word' id='word_1_349' title='bbox 3500 2567 3562 2614; x_wconf 90' lang='lat' dir='ltr'><strong>ut</strong></span> 
     </span>
    </p>
   </div>
   <div class='ocr_carea' id='block_1_57' title="bbox 1962 2647 3561 2719">
    <p class='ocr_par' dir='ltr' id='par_1_57' title="bbox 1962 2647 3561 2719">
     <span class='ocr_line' id='line_1_57' title="bbox 1962 2647 3561 2719; baseline 0.003 -16"><span class='ocrx_word' id='word_1_350' title='bbox 1962 2647 2167 2719; x_wconf 88' lang='lat' dir='ltr'><strong>aliquid</strong></span> <span class='ocrx_word' id='word_1_351' title='bbox 2196 2648 2321 2703; x_wconf 91' lang='lat' dir='ltr'><strong>inde</strong></span> <span class='ocrx_word' id='word_1_352' title='bbox 2344 2664 2502 2719; x_wconf 86' lang='lat' dir='ltr'><strong>agere</strong></span> <span class='ocrx_word' id='word_1_353' title='bbox 2530 2649 2783 2704; x_wconf 88' lang='lat' dir='ltr'><strong>velimus.</strong></span> <span class='ocrx_word' id='word_1_354' title='bbox 2815 2651 2897 2703; x_wconf 93' lang='lat' dir='ltr'><strong>De</strong></span> <span class='ocrx_word' id='word_1_355' title='bbox 2926 2648 3120 2704; x_wconf 89' lang='lat' dir='ltr'><strong>eodem</strong></span> <span class='ocrx_word' id='word_1_356' title='bbox 3149 2648 3290 2705; x_wconf 91' lang='lat' dir='ltr'><strong>duce</strong></span> <span class='ocrx_word' id='word_1_357' title='bbox 3338 2651 3468 2706; x_wconf 89' lang='lat' dir='ltr'><strong>item</strong></span> <span class='ocrx_word' id='word_1_358' title='bbox 3491 2651 3561 2707; x_wconf 91' lang='lat' dir='ltr'><strong>si-</strong></span> 
     </span>
    </p>
   </div>
   <div class='ocr_carea' id='block_1_58' title="bbox 1958 2740 3560 2814">
    <p class='ocr_par' dir='ltr' id='par_1_58' title="bbox 1958 2740 3560 2814">
     <span class='ocr_line' id='line_1_58' title="bbox 1958 2740 3560 2814; baseline 0.004 -19"><span class='ocrx_word' id='word_1_359' title='bbox 1958 2741 2225 2812; x_wconf 85' lang='lat' dir='ltr'><strong>gniﬁcasti</strong></span> <span class='ocrx_word' id='word_1_360' title='bbox 2276 2742 2444 2812; x_wconf 87' lang='lat' dir='ltr'><strong>quod,</strong></span> <span class='ocrx_word' id='word_1_361' title='bbox 2494 2742 2539 2795; x_wconf 91' lang='lat' dir='ltr'><strong>si</strong></span> <span class='ocrx_word' id='word_1_362' title='bbox 2569 2741 2803 2812; x_wconf 87' lang='lat' dir='ltr'><strong>placeret</strong></span> <span class='ocrx_word' id='word_1_363' title='bbox 2844 2740 3024 2809; x_wconf 92' lang='lat' dir='ltr'><strong>nobis,</strong></span> <span class='ocrx_word' id='word_1_364' title='bbox 3057 2741 3125 2797; x_wconf 90' lang='lat' dir='ltr'><strong>de</strong></span> <span class='ocrx_word' id='word_1_365' title='bbox 3178 2744 3560 2814; x_wconf 89' lang='lat' dir='ltr'><strong>componenda</strong></span> 
     </span>
    </p>
   </div>
   <div class='ocr_carea' id='block_1_59' title="bbox 1959 2834 3555 2904">
    <p class='ocr_par' dir='ltr' id='par_1_59' title="bbox 1959 2834 3555 2904">
     <span class='ocr_line' id='line_1_59' title="bbox 1959 2834 3555 2904; baseline 0.003 -16"><span class='ocrx_word' id='word_1_366' title='bbox 1959 2850 2086 2904; x_wconf 91' lang='lat' dir='ltr'><strong>pace</strong></span> <span class='ocrx_word' id='word_1_367' title='bbox 2129 2835 2271 2889; x_wconf 90' lang='lat' dir='ltr'><strong>inter</strong></span> <span class='ocrx_word' id='word_1_368' title='bbox 2299 2850 2400 2889; x_wconf 94' lang='lat' dir='ltr'><strong>nos</strong></span> <span class='ocrx_word' id='word_1_369' title='bbox 2426 2843 2479 2889; x_wconf 91' lang='lat' dir='ltr'><strong>et</strong></span> <span class='ocrx_word' id='word_1_370' title='bbox 2508 2834 2805 2889; x_wconf 88' lang='lat' dir='ltr'><strong>Henricum</strong></span> <span class='ocrx_word' id='word_1_371' title='bbox 2836 2849 3023 2904; x_wconf 90' lang='lat' dir='ltr'><strong>regem</strong></span> <span class='ocrx_word' id='word_1_372' title='bbox 3052 2849 3112 2888; x_wconf 90' lang='lat' dir='ltr'><strong>se</strong></span> <span class='ocrx_word' id='word_1_373' title='bbox 3140 2834 3555 2893; x_wconf 86' lang='lat' dir='ltr'><strong>intromitteret.</strong></span> 
     </span>
    </p>
   </div>
   <div class='ocr_carea' id='block_1_60' title="bbox 1957 2924 3556 3001">
    <p class='ocr_par' dir='ltr' id='par_1_60' title="bbox 1957 2924 3556 3001">
     <span class='ocr_line' id='line_1_60' title="bbox 1957 2924 3556 3001; baseline 0.002 -19"><span class='ocrx_word' id='word_1_374' title='bbox 1957 2928 2131 2998; x_wconf 89' lang='lat' dir='ltr'><strong>Super</strong></span> <span class='ocrx_word' id='word_1_375' title='bbox 2173 2926 2278 2982; x_wconf 93' lang='lat' dir='ltr'><strong>hoc</strong></span> <span class='ocrx_word' id='word_1_376' title='bbox 2324 2927 2507 2997; x_wconf 87' lang='lat' dir='ltr'><strong>itaque</strong></span> <span class='ocrx_word' id='word_1_377' title='bbox 2551 2924 2967 2997; x_wconf 89' lang='lat' dir='ltr'><strong>respondemus.</strong></span> <span class='ocrx_word' id='word_1_378' title='bbox 3025 2927 3265 2998; x_wconf 87' lang='lat' dir='ltr'><strong>Legatus</strong></span> <span class='ocrx_word' id='word_1_379' title='bbox 3305 2929 3449 3001; x_wconf 90' lang='lat' dir='ltr'><strong>regis</strong></span> <span class='ocrx_word' id='word_1_380' title='bbox 3499 2930 3556 2986; x_wconf 90' lang='lat' dir='ltr'><strong>in</strong></span> 
     </span>
    </p>
   </div>
   <div class='ocr_carea' id='block_1_61' title="bbox 1957 3018 3556 3094">
    <p class='ocr_par' dir='ltr' id='par_1_61' title="bbox 1957 3018 3556 3094">
     <span class='ocr_line' id='line_1_61' title="bbox 1957 3018 3556 3094; baseline 0.003 -20"><span class='ocrx_word' id='word_1_381' title='bbox 1957 3020 2246 3091; x_wconf 69' lang='lat' dir='ltr'><strong>praesentia</strong></span> <span class='ocrx_word' id='word_1_382' title='bbox 2292 3019 2613 3076; x_wconf 91' lang='lat' dir='ltr'><strong>universalis</strong></span> <span class='ocrx_word' id='word_1_383' title='bbox 2659 3019 2853 3091; x_wconf 88' lang='lat' dir='ltr'><strong>synodi</strong></span> <span class='ocrx_word' id='word_1_384' title='bbox 2895 3018 3119 3090; x_wconf 88' lang='lat' dir='ltr'><strong>juravit,</strong></span> <span class='ocrx_word' id='word_1_385' title='bbox 3166 3035 3231 3075; x_wconf 85' lang='lat' dir='ltr'><strong>ex</strong></span> <span class='ocrx_word' id='word_1_386' title='bbox 3283 3030 3556 3094; x_wconf 68' lang='lat' dir='ltr'><strong>praecepto</strong></span> 
     </span>
    </p>
   </div>
   <div class='ocr_carea' id='block_1_62' title="bbox 1955 3111 3553 3183">
    <p class='ocr_par' dir='ltr' id='par_1_62' title="bbox 1955 3111 3553 3183">
     <span class='ocr_line' id='line_1_62' title="bbox 1955 3111 3553 3183; baseline 0.001 -14"><span class='ocrx_word' id='word_1_387' title='bbox 1955 3112 2167 3169; x_wconf 90' lang='lat' dir='ltr'><strong>domini</strong></span> <span class='ocrx_word' id='word_1_388' title='bbox 2217 3114 2324 3181; x_wconf 91' lang='lat' dir='ltr'><strong>sui,</strong></span> <span class='ocrx_word' id='word_1_389' title='bbox 2378 3128 2507 3169; x_wconf 90' lang='lat' dir='ltr'><strong>eum</strong></span> <span class='ocrx_word' id='word_1_390' title='bbox 2534 3112 2737 3168; x_wconf 90' lang='lat' dir='ltr'><strong>nostris</strong></span> <span class='ocrx_word' id='word_1_391' title='bbox 2786 3111 3064 3168; x_wconf 89' lang='lat' dir='ltr'><strong>mandatis</strong></span> <span class='ocrx_word' id='word_1_392' title='bbox 3106 3128 3205 3183; x_wconf 89' lang='lat' dir='ltr'><strong>per</strong></span> <span class='ocrx_word' id='word_1_393' title='bbox 3242 3115 3425 3169; x_wconf 90' lang='lat' dir='ltr'><strong>omnia</strong></span> <span class='ocrx_word' id='word_1_394' title='bbox 3454 3115 3553 3171; x_wconf 92' lang='lat' dir='ltr'><strong>ob-</strong></span> 
     </span>
    </p>
   </div>
   <div class='ocr_carea' id='block_1_63' title="bbox 244 3171 3552 3279">
    <p class='ocr_par' dir='ltr' id='par_1_63' title="bbox 244 3171 3552 3279">
     <span class='ocr_line' id='line_1_63' title="bbox 244 3171 3552 3279; baseline 0.002 -20"><span class='ocrx_word' id='word_1_395' title='bbox 244 3175 492 3279; x_wconf 46' lang='lat' dir='ltr'><strong>fimfliée</strong></span> <span class='ocrx_word' id='word_1_396' title='bbox 521 3173 798 3279; x_wconf 32' lang='lat' dir='ltr'><strong>angi‘fmr’</strong></span> <span class='ocrx_word' id='word_1_397' title='bbox 820 3174 993 3279; x_wconf 49' lang='lat' dir='ltr'><strong>&quot;mnf</strong></span> <span class='ocrx_word' id='word_1_398' title='bbox 1019 3173 1210 3279; x_wconf 46' lang='grc' dir='ltr'><strong>δοξοξθ</strong></span> <span class='ocrx_word' id='word_1_399' title='bbox 1234 3172 1659 3279; x_wconf 52' lang='lat' dir='ltr'><strong>“RmPWSi&#39;?”</strong></span> <span class='ocrx_word' id='word_1_400' title='bbox 1692 3171 1841 3279; x_wconf 51' lang='grc' dir='ltr'><strong>ξωοά</strong></span> <span class='ocrx_word' id='word_1_401' title='bbox 1879 3192 1923 3255; x_wconf 87' lang='lat' dir='ltr'>C</span> <span class='ocrx_word' id='word_1_402' title='bbox 1950 3171 2408 3277; x_wconf 81' lang='lat' dir='ltr'><strong>temperaturum.</strong></span> <span class='ocrx_word' id='word_1_403' title='bbox 2440 3208 2517 3261; x_wconf 90' lang='lat' dir='ltr'><strong>Ea</strong></span> <span class='ocrx_word' id='word_1_404' title='bbox 2546 3221 2767 3278; x_wconf 90' lang='lat' dir='ltr'><strong>quoque</strong></span> <span class='ocrx_word' id='word_1_405' title='bbox 2794 3205 2862 3261; x_wconf 94' lang='lat' dir='ltr'><strong>de</strong></span> <span class='ocrx_word' id='word_1_406' title='bbox 2893 3221 3057 3261; x_wconf 88' lang='lat' dir='ltr'><strong>causa</strong></span> <span class='ocrx_word' id='word_1_407' title='bbox 3097 3171 3152 3261; x_wconf 74' lang='lat' dir='ltr'><strong>et</strong></span> <span class='ocrx_word' id='word_1_408' title='bbox 3180 3221 3276 3277; x_wconf 89' lang='lat' dir='ltr'><strong>spe</strong></span> <span class='ocrx_word' id='word_1_409' title='bbox 3301 3222 3405 3261; x_wconf 92' lang='lat' dir='ltr'><strong>nos</strong></span> <span class='ocrx_word' id='word_1_410' title='bbox 3432 3207 3552 3279; x_wconf 88' lang='lat' dir='ltr'><strong>jam</strong></span> 
     </span>
    </p>
   </div>
   <div class='ocr_carea' id='block_1_64' title="bbox 246 3264 1844 3338">
    <p class='ocr_par' dir='ltr' id='par_1_64' title="bbox 246 3264 1844 3338">
     <span class='ocr_line' id='line_1_64' title="bbox 246 3264 1844 3338; baseline -0.003 -15"><span class='ocrx_word' id='word_1_411' title='bbox 246 3268 551 3324; x_wconf 83' lang='lat' dir='ltr'><strong>Ecclesiam</strong></span> <span class='ocrx_word' id='word_1_412' title='bbox 578 3274 816 3322; x_wconf 88' lang='lat' dir='ltr'><strong>vestram</strong></span> <span class='ocrx_word' id='word_1_413' title='bbox 845 3264 1034 3321; x_wconf 89' lang='lat' dir='ltr'><strong>tandiu</strong></span> <span class='ocrx_word' id='word_1_414' title='bbox 1061 3266 1339 3338; x_wconf 88' lang='lat' dir='ltr'><strong>vigilantia</strong></span> <span class='ocrx_word' id='word_1_415' title='bbox 1378 3265 1611 3336; x_wconf 87' lang='lat' dir='ltr'><strong>pastoris</strong></span> <span class='ocrx_word' id='word_1_416' title='bbox 1657 3274 1712 3321; x_wconf 92' lang='lat' dir='ltr'><strong>et</strong></span> <span class='ocrx_word' id='word_1_417' title='bbox 1760 3280 1844 3320; x_wconf 88' lang='lat' dir='ltr'><strong>re-</strong></span> 
     </span>
    </p>
   </div>
   <div class='ocr_carea' id='block_1_65' title="bbox 240 3357 1846 3431">
    <p class='ocr_par' dir='ltr' id='par_1_65' title="bbox 240 3357 1846 3431">
     <span class='ocr_line' id='line_1_65' title="bbox 240 3357 1846 3431; baseline -0.002 -15"><span class='ocrx_word' id='word_1_418' title='bbox 240 3362 455 3431; x_wconf 86' lang='lat' dir='ltr'><strong>gimine</strong></span> <span class='ocrx_word' id='word_1_419' title='bbox 504 3357 684 3415; x_wconf 90' lang='lat' dir='ltr'><strong>idonei</strong></span> <span class='ocrx_word' id='word_1_420' title='bbox 731 3358 1106 3429; x_wconf 86' lang='lat' dir='ltr'><strong>gubernatoris</strong></span> <span class='ocrx_word' id='word_1_421' title='bbox 1139 3357 1457 3413; x_wconf 88' lang='lat' dir='ltr'><strong>destitutam</strong></span> <span class='ocrx_word' id='word_1_422' title='bbox 1493 3372 1610 3412; x_wconf 90' lang='lat' dir='ltr'><strong>esse</strong></span> <span class='ocrx_word' id='word_1_423' title='bbox 1647 3372 1846 3429; x_wconf 82' lang='lat' dir='ltr'><strong>cogno-</strong></span> 
     </span>
    </p>
   </div>
   <div class='ocr_carea' id='block_1_66' title="bbox 238 3448 1845 3520">
    <p class='ocr_par' dir='ltr' id='par_1_66' title="bbox 238 3448 1845 3520">
     <span class='ocr_line' id='line_1_66' title="bbox 238 3448 1845 3520; baseline -0.002 -13"><span class='ocrx_word' id='word_1_424' title='bbox 238 3453 465 3508; x_wconf 84' lang='lat' dir='ltr'><strong>scimus.</strong></span> <span class='ocrx_word' id='word_1_425' title='bbox 498 3449 663 3520; x_wconf 87' lang='lat' dir='ltr'><strong>Quod</strong></span> <span class='ocrx_word' id='word_1_426' title='bbox 692 3450 747 3505; x_wconf 90' lang='lat' dir='ltr'><strong>in</strong></span> <span class='ocrx_word' id='word_1_427' title='bbox 798 3448 899 3504; x_wconf 92' lang='lat' dir='ltr'><strong>hac</strong></span> <span class='ocrx_word' id='word_1_428' title='bbox 937 3464 997 3504; x_wconf 88' lang='lat' dir='ltr'><strong>re</strong></span> <span class='ocrx_word' id='word_1_429' title='bbox 1026 3449 1204 3504; x_wconf 90' lang='lat' dir='ltr'><strong>minus</strong></span> <span class='ocrx_word' id='word_1_430' title='bbox 1262 3465 1428 3519; x_wconf 88' lang='lat' dir='ltr'><strong>quam</strong></span> <span class='ocrx_word' id='word_1_431' title='bbox 1480 3457 1697 3519; x_wconf 91' lang='lat' dir='ltr'><strong>oportet</strong></span> <span class='ocrx_word' id='word_1_432' title='bbox 1748 3464 1845 3504; x_wconf 90' lang='lat' dir='ltr'><strong>vos</strong></span> 
     </span>
    </p>
   </div>
   <div class='ocr_carea' id='block_1_67' title="bbox 238 3541 1839 3613">
    <p class='ocr_par' dir='ltr' id='par_1_67' title="bbox 238 3541 1839 3613">
     <span class='ocr_line' id='line_1_67' title="bbox 238 3541 1839 3613; baseline -0.003 -12"><span class='ocrx_word' id='word_1_433' title='bbox 238 3562 355 3601; x_wconf 87' lang='lat' dir='ltr'><strong>esse</strong></span> <span class='ocrx_word' id='word_1_434' title='bbox 408 3544 697 3609; x_wconf 88' lang='lat' dir='ltr'><strong>sollicitos,</strong></span> <span class='ocrx_word' id='word_1_435' title='bbox 746 3541 860 3597; x_wconf 90' lang='lat' dir='ltr'><strong>imo</strong></span> <span class='ocrx_word' id='word_1_436' title='bbox 910 3542 1067 3613; x_wconf 90' lang='lat' dir='ltr'><strong>quasi</strong></span> <span class='ocrx_word' id='word_1_437' title='bbox 1100 3541 1336 3613; x_wconf 63' lang='lat' dir='ltr'><strong>propria</strong></span> <span class='ocrx_word' id='word_1_438' title='bbox 1374 3542 1564 3596; x_wconf 89' lang='lat' dir='ltr'><strong>salutis</strong></span> <span class='ocrx_word' id='word_1_439' title='bbox 1615 3541 1839 3608; x_wconf 89' lang='lat' dir='ltr'><strong>oblitos,</strong></span> 
     </span>
    </p>
   </div>
   <div class='ocr_carea' id='block_1_68' title="bbox 240 3633 1839 3709">
    <p class='ocr_par' dir='ltr' id='par_1_68' title="bbox 240 3633 1839 3709">
     <span class='ocr_line' id='line_1_68' title="bbox 240 3633 1839 3709; baseline -0.001 -17"><span class='ocrx_word' id='word_1_440' title='bbox 240 3638 386 3694; x_wconf 86' lang='lat' dir='ltr'><strong>nulla</strong></span> <span class='ocrx_word' id='word_1_441' title='bbox 420 3652 565 3709; x_wconf 89' lang='lat' dir='ltr'><strong>pene</strong></span> <span class='ocrx_word' id='word_1_442' title='bbox 582 3651 714 3692; x_wconf 88' lang='lat' dir='ltr'><strong>cura</strong></span> <span class='ocrx_word' id='word_1_443' title='bbox 741 3634 826 3690; x_wconf 88' lang='lat' dir='ltr'><strong>vel</strong></span> <span class='ocrx_word' id='word_1_444' title='bbox 856 3633 1146 3690; x_wconf 85' lang='lat' dir='ltr'><strong>affectione</strong></span> <span class='ocrx_word' id='word_1_445' title='bbox 1166 3643 1446 3706; x_wconf 91' lang='lat' dir='ltr'><strong>permotos</strong></span> <span class='ocrx_word' id='word_1_446' title='bbox 1483 3633 1839 3704; x_wconf 89' lang='lat' dir='ltr'><strong>deprehendi-</strong></span> 
     </span>
    </p>
   </div>
   <div class='ocr_carea' id='block_1_69' title="bbox 239 3727 1839 3800">
    <p class='ocr_par' dir='ltr' id='par_1_69' title="bbox 239 3727 1839 3800">
     <span class='ocr_line' id='line_1_69' title="bbox 239 3727 1839 3800; baseline -0.001 -15"><span class='ocrx_word' id='word_1_447' title='bbox 239 3746 387 3799; x_wconf 86' lang='lat' dir='ltr'><strong>mus,</strong></span> <span class='ocrx_word' id='word_1_448' title='bbox 417 3729 656 3800; x_wconf 88' lang='lat' dir='ltr'><strong>majoris</strong></span> <span class='ocrx_word' id='word_1_449' title='bbox 678 3728 837 3783; x_wconf 90' lang='lat' dir='ltr'><strong>nobis</strong></span> <span class='ocrx_word' id='word_1_450' title='bbox 854 3727 1091 3783; x_wconf 66' lang='lat' dir='ltr'><strong>tristitiae</strong></span> <span class='ocrx_word' id='word_1_451' title='bbox 1109 3743 1269 3782; x_wconf 89' lang='lat' dir='ltr'><strong>causa</strong></span> <span class='ocrx_word' id='word_1_452' title='bbox 1280 3727 1549 3795; x_wconf 90' lang='lat' dir='ltr'><strong>consistit,</strong></span> <span class='ocrx_word' id='word_1_453' title='bbox 1576 3727 1839 3799; x_wconf 87' lang='lat' dir='ltr'><strong>quoniam</strong></span> 
     </span>
    </p>
   </div>
   <div class='ocr_carea' id='block_1_70' title="bbox 241 3820 1836 3894">
    <p class='ocr_par' dir='ltr' id='par_1_70' title="bbox 241 3820 1836 3894">
     <span class='ocr_line' id='line_1_70' title="bbox 241 3820 1836 3894; baseline -0.001 -17"><span class='ocrx_word' id='word_1_454' title='bbox 241 3822 600 3894; x_wconf 84' lang='lat' dir='ltr'><strong>perniciosius</strong></span> <span class='ocrx_word' id='word_1_455' title='bbox 630 3820 741 3876; x_wconf 85' lang='lat' dir='ltr'><strong>fere</strong></span> <span class='ocrx_word' id='word_1_456' title='bbox 772 3821 906 3876; x_wconf 89' lang='lat' dir='ltr'><strong>nihil</strong></span> <span class='ocrx_word' id='word_1_457' title='bbox 938 3828 1018 3875; x_wconf 92' lang='lat' dir='ltr'><strong>est</strong></span> <span class='ocrx_word' id='word_1_458' title='bbox 1044 3836 1210 3891; x_wconf 88' lang='lat' dir='ltr'><strong>quam</strong></span> <span class='ocrx_word' id='word_1_459' title='bbox 1239 3828 1431 3876; x_wconf 90' lang='lat' dir='ltr'><strong>contra</strong></span> <span class='ocrx_word' id='word_1_460' title='bbox 1456 3820 1597 3875; x_wconf 89' lang='lat' dir='ltr'><strong>mala</strong></span> <span class='ocrx_word' id='word_1_461' title='bbox 1638 3836 1836 3892; x_wconf 83' lang='lat' dir='ltr'><strong>urgen-</strong></span> 
     </span>
    </p>
   </div>
   <div class='ocr_carea' id='block_1_71' title="bbox 239 3914 1839 3984">
    <p class='ocr_par' dir='ltr' id='par_1_71' title="bbox 239 3914 1839 3984">
     <span class='ocr_line' id='line_1_71' title="bbox 239 3914 1839 3984; baseline -0.001 -14"><span class='ocrx_word' id='word_1_462' title='bbox 239 3916 308 3970; x_wconf 88' lang='lat' dir='ltr'><strong>tia</strong></span> <span class='ocrx_word' id='word_1_463' title='bbox 340 3916 492 3971; x_wconf 92' lang='lat' dir='ltr'><strong>nulla</strong></span> <span class='ocrx_word' id='word_1_464' title='bbox 536 3914 746 3969; x_wconf 90' lang='lat' dir='ltr'><strong>ratione</strong></span> <span class='ocrx_word' id='word_1_465' title='bbox 774 3929 1119 3984; x_wconf 87' lang='lat' dir='ltr'><strong>consurgere,</strong></span> <span class='ocrx_word' id='word_1_466' title='bbox 1159 3921 1216 3967; x_wconf 90' lang='lat' dir='ltr'><strong>et</strong></span> <span class='ocrx_word' id='word_1_467' title='bbox 1243 3929 1356 3969; x_wconf 69' lang='lat' dir='ltr'><strong>sua&quot;:</strong></span> <span class='ocrx_word' id='word_1_468' title='bbox 1382 3914 1538 3968; x_wconf 91' lang='lat' dir='ltr'><strong>saluti</strong></span> <span class='ocrx_word' id='word_1_469' title='bbox 1573 3914 1625 3968; x_wconf 94' lang='lat' dir='ltr'><strong>in</strong></span> <span class='ocrx_word' id='word_1_470' title='bbox 1651 3929 1839 3984; x_wconf 88' lang='lat' dir='ltr'><strong>supre-</strong></span> 
     </span>
    </p>
   </div>
   <div class='ocr_carea' id='block_1_72' title="bbox 238 4005 1836 4063">
    <p class='ocr_par' dir='ltr' id='par_1_72' title="bbox 238 4005 1836 4063">
     <span class='ocr_line' id='line_1_72' title="bbox 238 4005 1836 4063; baseline -0.001 0"><span class='ocrx_word' id='word_1_471' title='bbox 238 4024 328 4063; x_wconf 93' lang='lat' dir='ltr'><strong>mo</strong></span> <span class='ocrx_word' id='word_1_472' title='bbox 354 4007 672 4063; x_wconf 87' lang='lat' dir='ltr'><strong>discrimine</strong></span> <span class='ocrx_word' id='word_1_473' title='bbox 715 4016 813 4062; x_wconf 91' lang='lat' dir='ltr'><strong>aut</strong></span> <span class='ocrx_word' id='word_1_474' title='bbox 836 4007 1041 4061; x_wconf 87' lang='lat' dir='ltr'><strong>nescire</strong></span> <span class='ocrx_word' id='word_1_475' title='bbox 1069 4014 1163 4061; x_wconf 91' lang='lat' dir='ltr'><strong>aut</strong></span> <span class='ocrx_word' id='word_1_476' title='bbox 1212 4005 1358 4060; x_wconf 89' lang='lat' dir='ltr'><strong>nolle</strong></span> <span class='ocrx_word' id='word_1_477' title='bbox 1404 4006 1709 4061; x_wconf 90' lang='lat' dir='ltr'><strong>consulere.</strong></span> <span class='ocrx_word' id='word_1_478' title='bbox 1738 4007 1836 4061; x_wconf 87' lang='lat' dir='ltr'><strong>His</strong></span> 
     </span>
    </p>
   </div>
   <div class='ocr_carea' id='block_1_73' title="bbox 238 4098 1833 4173">
    <p class='ocr_par' dir='ltr' id='par_1_73' title="bbox 238 4098 1833 4173">
     <span class='ocr_line' id='line_1_73' title="bbox 238 4098 1833 4173; baseline -0.002 -17"><span class='ocrx_word' id='word_1_479' title='bbox 238 4102 423 4173; x_wconf 88' lang='lat' dir='ltr'><strong>itaque</strong></span> <span class='ocrx_word' id='word_1_480' title='bbox 449 4102 617 4167; x_wconf 90' lang='lat' dir='ltr'><strong>curis,</strong></span> <span class='ocrx_word' id='word_1_481' title='bbox 650 4116 713 4155; x_wconf 92' lang='lat' dir='ltr'><strong>ac</strong></span> <span class='ocrx_word' id='word_1_482' title='bbox 741 4108 911 4155; x_wconf 79' lang='lat' dir='ltr'><strong>tantae</strong></span> <span class='ocrx_word' id='word_1_483' title='bbox 938 4098 1292 4154; x_wconf 91' lang='lat' dir='ltr'><strong>desolationis</strong></span> <span class='ocrx_word' id='word_1_484' title='bbox 1317 4106 1512 4153; x_wconf 71' lang='lat' dir='ltr'><strong>vestrae</strong></span> <span class='ocrx_word' id='word_1_485' title='bbox 1549 4112 1709 4153; x_wconf 88' lang='lat' dir='ltr'><strong>causa</strong></span> <span class='ocrx_word' id='word_1_486' title='bbox 1739 4099 1833 4153; x_wconf 91' lang='lat' dir='ltr'><strong>sti-</strong></span> 
     </span>
    </p>
   </div>
   <div class='ocr_carea' id='block_1_74' title="bbox 237 4186 1917 4258">
    <p class='ocr_par' dir='ltr' id='par_1_74' title="bbox 237 4186 1917 4258">
     <span class='ocr_line' id='line_1_74' title="bbox 237 4186 1917 4258; baseline -0.002 -10"><span class='ocrx_word' id='word_1_487' title='bbox 237 4193 507 4257; x_wconf 90' lang='lat' dir='ltr'><strong>mulante,</strong></span> <span class='ocrx_word' id='word_1_488' title='bbox 536 4192 793 4247; x_wconf 89' lang='lat' dir='ltr'><strong>misimus</strong></span> <span class='ocrx_word' id='word_1_489' title='bbox 816 4190 884 4246; x_wconf 90' lang='lat' dir='ltr'><strong>ad</strong></span> <span class='ocrx_word' id='word_1_490' title='bbox 905 4206 1004 4245; x_wconf 89' lang='lat' dir='ltr'><strong>vos</strong></span> <span class='ocrx_word' id='word_1_491' title='bbox 1025 4189 1253 4245; x_wconf 88' lang='lat' dir='ltr'><strong>fratrem</strong></span> <span class='ocrx_word' id='word_1_492' title='bbox 1283 4198 1555 4258; x_wconf 88' lang='lat' dir='ltr'><strong>nostrum,</strong></span> <span class='ocrx_word' id='word_1_493' title='bbox 1588 4189 1837 4245; x_wconf 88' lang='lat' dir='ltr'><strong>videlicet</strong></span> <span class='ocrx_word' id='word_1_494' title='bbox 1909 4186 1917 4192; x_wconf 82' lang='grc'><strong>’</strong></span> 
     </span>
    </p>
   </div>
   <div class='ocr_carea' id='block_1_75' title="bbox 238 4284 1833 4356">
    <p class='ocr_par' dir='ltr' id='par_1_75' title="bbox 238 4284 1833 4356">
     <span class='ocr_line' id='line_1_75' title="bbox 238 4284 1833 4356; baseline -0.002 -15"><span class='ocrx_word' id='word_1_495' title='bbox 238 4285 641 4356; x_wconf 87' lang='lat' dir='ltr'><strong>Leodegarium</strong></span> <span class='ocrx_word' id='word_1_496' title='bbox 700 4284 1124 4356; x_wconf 89' lang='lat' dir='ltr'><strong>Wapincensem</strong></span> <span class='ocrx_word' id='word_1_497' title='bbox 1169 4284 1510 4355; x_wconf 90' lang='lat' dir='ltr'><strong>episcopum,</strong></span> <span class='ocrx_word' id='word_1_498' title='bbox 1565 4291 1833 4354; x_wconf 89' lang='lat' dir='ltr'><strong>quatenus</strong></span> 
     </span>
    </p>
   </div>
   <div class='ocr_carea' id='block_1_76' title="bbox 238 4376 1831 4449">
    <p class='ocr_par' dir='ltr' id='par_1_76' title="bbox 238 4376 1831 4449">
     <span class='ocr_line' id='line_1_76' title="bbox 238 4376 1831 4449; baseline -0.002 -16"><span class='ocrx_word' id='word_1_499' title='bbox 238 4395 361 4433; x_wconf 89' lang='lat' dir='ltr'><strong>cum</strong></span> <span class='ocrx_word' id='word_1_500' title='bbox 409 4378 562 4433; x_wconf 91' lang='lat' dir='ltr'><strong>illius</strong></span> <span class='ocrx_word' id='word_1_501' title='bbox 606 4377 831 4432; x_wconf 91' lang='lat' dir='ltr'><strong>consilio</strong></span> <span class='ocrx_word' id='word_1_502' title='bbox 876 4384 972 4432; x_wconf 91' lang='lat' dir='ltr'><strong>aut</strong></span> <span class='ocrx_word' id='word_1_503' title='bbox 1010 4377 1173 4432; x_wconf 84' lang='lat' dir='ltr'><strong>talem</strong></span> <span class='ocrx_word' id='word_1_504' title='bbox 1202 4392 1490 4449; x_wconf 88' lang='lat' dir='ltr'><strong>personam</strong></span> <span class='ocrx_word' id='word_1_505' title='bbox 1531 4376 1831 4431; x_wconf 90' lang='lat' dir='ltr'><strong>secundum</strong></span> 
     </span>
    </p>
   </div>
   <div class='ocr_carea' id='block_1_77' title="bbox 235 4468 1832 4542">
    <p class='ocr_par' dir='ltr' id='par_1_77' title="bbox 235 4468 1832 4542">
     <span class='ocr_line' id='line_1_77' title="bbox 235 4468 1832 4542; baseline -0.001 -17"><span class='ocrx_word' id='word_1_506' title='bbox 235 4474 416 4527; x_wconf 89' lang='lat' dir='ltr'><strong>Deum</strong></span> <span class='ocrx_word' id='word_1_507' title='bbox 459 4470 692 4542; x_wconf 89' lang='lat' dir='ltr'><strong>eligatis,</strong></span> <span class='ocrx_word' id='word_1_508' title='bbox 742 4486 910 4542; x_wconf 89' lang='lat' dir='ltr'><strong>quam</strong></span> <span class='ocrx_word' id='word_1_509' title='bbox 938 4470 1168 4525; x_wconf 87' lang='lat' dir='ltr'><strong>vicarius</strong></span> <span class='ocrx_word' id='word_1_510' title='bbox 1196 4478 1384 4526; x_wconf 90' lang='lat' dir='ltr'><strong>noster</strong></span> <span class='ocrx_word' id='word_1_511' title='bbox 1411 4471 1572 4541; x_wconf 85' lang='lat' dir='ltr'><strong>Hugo</strong></span> <span class='ocrx_word' id='word_1_512' title='bbox 1619 4468 1832 4524; x_wconf 90' lang='lat' dir='ltr'><strong>Diensis</strong></span> 
     </span>
    </p>
   </div>
   <div class='ocr_carea' id='block_1_78' title="bbox 1957 3298 3551 3372">
    <p class='ocr_par' dir='ltr' id='par_1_78' title="bbox 1957 3298 3551 3372">
     <span class='ocr_line' id='line_1_78' title="bbox 1957 3298 3551 3372; baseline 0.003 -19"><span class='ocrx_word' id='word_1_513' title='bbox 1957 3300 2170 3356; x_wconf 92' lang='lat' dir='ltr'><strong>misisse</strong></span> <span class='ocrx_word' id='word_1_514' title='bbox 2209 3301 2417 3372; x_wconf 85' lang='lat' dir='ltr'><strong>legatos</strong></span> <span class='ocrx_word' id='word_1_515' title='bbox 2454 3308 2675 3354; x_wconf 91' lang='lat' dir='ltr'><strong>nostros</strong></span> <span class='ocrx_word' id='word_1_516' title='bbox 2713 3298 2877 3355; x_wconf 89' lang='lat' dir='ltr'><strong>credo</strong></span> <span class='ocrx_word' id='word_1_517' title='bbox 2916 3307 3070 3354; x_wconf 92' lang='lat' dir='ltr'><strong>tuam</strong></span> <span class='ocrx_word' id='word_1_518' title='bbox 3125 3299 3412 3355; x_wconf 89' lang='lat' dir='ltr'><strong>scientiam</strong></span> <span class='ocrx_word' id='word_1_519' title='bbox 3441 3317 3551 3357; x_wconf 91' lang='lat' dir='ltr'><strong>non</strong></span> 
     </span>
    </p>
   </div>
   <div class='ocr_carea' id='block_1_79' title="bbox 1957 3391 3550 3463">
    <p class='ocr_par' dir='ltr' id='par_1_79' title="bbox 1957 3391 3550 3463">
     <span class='ocr_line' id='line_1_79' title="bbox 1957 3391 3550 3463; baseline 0.002 -17"><span class='ocrx_word' id='word_1_520' title='bbox 1957 3393 2144 3447; x_wconf 86' lang='lat' dir='ltr'><strong>latere.</strong></span> <span class='ocrx_word' id='word_1_521' title='bbox 2199 3392 2757 3447; x_wconf 85' lang='lat' dir='ltr'><strong>Excommunicatum</strong></span> <span class='ocrx_word' id='word_1_522' title='bbox 2806 3408 2957 3461; x_wconf 91' lang='lat' dir='ltr'><strong>vero,</strong></span> <span class='ocrx_word' id='word_1_523' title='bbox 2980 3392 3103 3463; x_wconf 88' lang='lat' dir='ltr'><strong>jam</strong></span> <span class='ocrx_word' id='word_1_524' title='bbox 3154 3407 3298 3463; x_wconf 64' lang='lat' dir='ltr'><strong>saepe</strong></span> <span class='ocrx_word' id='word_1_525' title='bbox 3341 3391 3550 3450; x_wconf 89' lang='lat' dir='ltr'><strong>dictum</strong></span> 
     </span>
    </p>
   </div>
   <div class='ocr_carea' id='block_1_80' title="bbox 1952 3483 3550 3557">
    <p class='ocr_par' dir='ltr' id='par_1_80' title="bbox 1952 3483 3550 3557">
     <span class='ocr_line' id='line_1_80' title="bbox 1952 3483 3550 3557; baseline 0.001 -18"><span class='ocrx_word' id='word_1_526' title='bbox 1952 3483 2170 3554; x_wconf 87' lang='lat' dir='ltr'><strong>ducem,</strong></span> <span class='ocrx_word' id='word_1_527' title='bbox 2213 3485 2281 3539; x_wconf 88' lang='lat' dir='ltr'><strong>ab</strong></span> <span class='ocrx_word' id='word_1_528' title='bbox 2322 3484 2577 3557; x_wconf 88' lang='lat' dir='ltr'><strong>episcopo</strong></span> <span class='ocrx_word' id='word_1_529' title='bbox 2607 3485 2841 3540; x_wconf 90' lang='lat' dir='ltr'><strong>Metensi</strong></span> <span class='ocrx_word' id='word_1_530' title='bbox 2871 3485 3000 3556; x_wconf 90' lang='lat' dir='ltr'><strong>quia</strong></span> <span class='ocrx_word' id='word_1_531' title='bbox 3028 3500 3142 3539; x_wconf 92' lang='lat' dir='ltr'><strong>non</strong></span> <span class='ocrx_word' id='word_1_532' title='bbox 3195 3485 3420 3556; x_wconf 89' lang='lat' dir='ltr'><strong>ignoras</strong></span> <span class='ocrx_word' id='word_1_533' title='bbox 3447 3501 3550 3542; x_wconf 93' lang='lat' dir='ltr'><strong>nos</strong></span> 
     </span>
    </p>
   </div>
   <div class='ocr_carea' id='block_1_81' title="bbox 1953 3577 3545 3649">
    <p class='ocr_par' dir='ltr' id='par_1_81' title="bbox 1953 3577 3545 3649">
     <span class='ocr_line' id='line_1_81' title="bbox 1953 3577 3545 3649; baseline 0.001 -17"><span class='ocrx_word' id='word_1_534' title='bbox 1953 3578 2234 3633; x_wconf 70' lang='lat' dir='ltr'><strong>sententiae</strong></span> <span class='ocrx_word' id='word_1_535' title='bbox 2257 3578 2315 3631; x_wconf 91' lang='lat' dir='ltr'><strong>in</strong></span> <span class='ocrx_word' id='word_1_536' title='bbox 2336 3578 2490 3631; x_wconf 88' lang='lat' dir='ltr'><strong>illum</strong></span> <span class='ocrx_word' id='word_1_537' title='bbox 2510 3577 2740 3648; x_wconf 75' lang='lat' dir='ltr'><strong>prolatae</strong></span> <span class='ocrx_word' id='word_1_538' title='bbox 2758 3578 2977 3632; x_wconf 89' lang='lat' dir='ltr'><strong>noveris</strong></span> <span class='ocrx_word' id='word_1_539' title='bbox 3000 3593 3284 3633; x_wconf 89' lang='lat' dir='ltr'><strong>assensum</strong></span> <span class='ocrx_word' id='word_1_540' title='bbox 3305 3577 3545 3649; x_wconf 89' lang='lat' dir='ltr'><strong>dedisse,</strong></span> 
     </span>
    </p>
   </div>
   <div class='ocr_carea' id='block_1_82' title="bbox 1952 3670 3546 3744">
    <p class='ocr_par' dir='ltr' id='par_1_82' title="bbox 1952 3670 3546 3744">
     <span class='ocr_line' id='line_1_82' title="bbox 1952 3670 3546 3744; baseline 0.002 -19"><span class='ocrx_word' id='word_1_541' title='bbox 1952 3679 2007 3725; x_wconf 89' lang='lat' dir='ltr'><strong>et</strong></span> <span class='ocrx_word' id='word_1_542' title='bbox 2035 3686 2157 3725; x_wconf 86' lang='lat' dir='ltr'><strong>eam</strong></span> <span class='ocrx_word' id='word_1_543' title='bbox 2191 3670 2513 3737; x_wconf 84' lang='lat' dir='ltr'><strong>firmavisse,</strong></span> <span class='ocrx_word' id='word_1_544' title='bbox 2560 3670 2665 3724; x_wconf 91' lang='lat' dir='ltr'><strong>nisi</strong></span> <span class='ocrx_word' id='word_1_545' title='bbox 2696 3670 2838 3725; x_wconf 87' lang='lat' dir='ltr'><strong>infra</strong></span> <span class='ocrx_word' id='word_1_546' title='bbox 2884 3670 3075 3741; x_wconf 89' lang='lat' dir='ltr'><strong>viginti</strong></span> <span class='ocrx_word' id='word_1_547' title='bbox 3106 3670 3221 3726; x_wconf 90' lang='lat' dir='ltr'><strong>dies</strong></span> <span class='ocrx_word' id='word_1_548' title='bbox 3251 3680 3546 3744; x_wconf 89' lang='lat' dir='ltr'><strong>postquam</strong></span> 
     </span>
    </p>
   </div>
   <div class='ocr_carea' id='block_1_83' title="bbox 1949 3762 3621 3835">
    <p class='ocr_par' dir='ltr' id='par_1_83' title="bbox 1949 3762 3621 3835">
     <span class='ocr_line' id='line_1_83' title="bbox 1949 3762 3621 3835; baseline 0.002 -18"><span class='ocrx_word' id='word_1_549' title='bbox 1949 3762 2207 3817; x_wconf 87' lang='lat' dir='ltr'><strong>mandata</strong></span> <span class='ocrx_word' id='word_1_550' title='bbox 2236 3772 2425 3818; x_wconf 87' lang='lat' dir='ltr'><strong>nostra</strong></span> <span class='ocrx_word' id='word_1_551' title='bbox 2465 3762 2765 3831; x_wconf 89' lang='lat' dir='ltr'><strong>resciverit,</strong></span> <span class='ocrx_word' id='word_1_552' title='bbox 2789 3763 2959 3835; x_wconf 90' lang='lat' dir='ltr'><strong>jussis</strong></span> <span class='ocrx_word' id='word_1_553' title='bbox 3005 3764 3209 3819; x_wconf 89' lang='lat' dir='ltr'><strong>nostris</strong></span> <span class='ocrx_word' id='word_1_554' title='bbox 3251 3764 3544 3835; x_wconf 88' lang='lat' dir='ltr'><strong>obedierit,</strong></span> <span class='ocrx_word' id='word_1_555' title='bbox 3614 3824 3621 3831; x_wconf 49' lang='grc'>,</span> 
     </span>
    </p>
   </div>
   <div class='ocr_carea' id='block_1_84' title="bbox 1947 3856 3544 3931">
    <p class='ocr_par' dir='ltr' id='par_1_84' title="bbox 1947 3856 3544 3931">
     <span class='ocr_line' id='line_1_84' title="bbox 1947 3856 3544 3931; baseline 0.003 -21"><span class='ocrx_word' id='word_1_556' title='bbox 1947 3865 1999 3910; x_wconf 90' lang='lat' dir='ltr'><strong>et</strong></span> <span class='ocrx_word' id='word_1_557' title='bbox 2027 3856 2128 3930; x_wconf 88' lang='lat' dir='ltr'><strong>nisi</strong></span> <span class='ocrx_word' id='word_1_558' title='bbox 2159 3857 2437 3911; x_wconf 88' lang='lat' dir='ltr'><strong>civitatem</strong></span> <span class='ocrx_word' id='word_1_559' title='bbox 2486 3864 2539 3911; x_wconf 91' lang='lat' dir='ltr'><strong>et</strong></span> <span class='ocrx_word' id='word_1_560' title='bbox 2566 3856 2710 3911; x_wconf 90' lang='lat' dir='ltr'><strong>bona</strong></span> <span class='ocrx_word' id='word_1_561' title='bbox 2759 3859 2817 3911; x_wconf 91' lang='lat' dir='ltr'><strong>S.</strong></span> <span class='ocrx_word' id='word_1_562' title='bbox 2850 3856 3136 3927; x_wconf 91' lang='lat' dir='ltr'><strong>Stephani,</strong></span> <span class='ocrx_word' id='word_1_563' title='bbox 3184 3872 3305 3928; x_wconf 66' lang='lat' dir='ltr'><strong>quae</strong></span> <span class='ocrx_word' id='word_1_564' title='bbox 3344 3858 3544 3931; x_wconf 81' lang='lat' dir='ltr'><strong>injuste</strong></span> 
     </span>
    </p>
   </div>
   <div class='ocr_carea' id='block_1_85' title="bbox 1946 3949 3406 4017">
    <p class='ocr_par' dir='ltr' id='par_1_85' title="bbox 1946 3949 3406 4017">
     <span class='ocr_line' id='line_1_85' title="bbox 1946 3949 3406 4017; baseline 0.003 -15"><span class='ocrx_word' id='word_1_565' title='bbox 1946 3949 2167 4016; x_wconf 88' lang='lat' dir='ltr'><strong>invasit,</strong></span> <span class='ocrx_word' id='word_1_566' title='bbox 2196 3949 2365 4005; x_wconf 89' lang='lat' dir='ltr'><strong>libera</strong></span> <span class='ocrx_word' id='word_1_567' title='bbox 2391 3949 2680 4017; x_wconf 90' lang='lat' dir='ltr'><strong>dimiserit,</strong></span> <span class='ocrx_word' id='word_1_568' title='bbox 2708 3957 2765 4004; x_wconf 90' lang='lat' dir='ltr'><strong>et</strong></span> <span class='ocrx_word' id='word_1_569' title='bbox 2784 3950 3035 4005; x_wconf 72' lang='lat' dir='ltr'><strong>Ecclesiae</strong></span> <span class='ocrx_word' id='word_1_570' title='bbox 3059 3950 3406 4007; x_wconf 88' lang='lat' dir='ltr'><strong>satisfecerit.</strong></span> 
     </span>
    </p>
   </div>
   <div class='ocr_carea' id='block_1_86' title="bbox 2017 4042 3389 4111">
    <p class='ocr_par' dir='ltr' id='par_1_86' title="bbox 2017 4042 3389 4111">
     <span class='ocr_line' id='line_1_86' title="bbox 2017 4042 3389 4111; baseline 0.001 -15"><span class='ocrx_word' id='word_1_571' title='bbox 2017 4045 2153 4097; x_wconf 88' lang='lat' dir='ltr'><strong>Data</strong></span> <span class='ocrx_word' id='word_1_572' title='bbox 2197 4045 2416 4111; x_wconf 64' lang='lat' dir='ltr'><strong>Romae,</strong></span> <span class='ocrx_word' id='word_1_573' title='bbox 2463 4058 2502 4097; x_wconf 90' lang='lat' dir='ltr'><strong>v</strong></span> <span class='ocrx_word' id='word_1_574' title='bbox 2531 4044 2721 4097; x_wconf 89' lang='lat' dir='ltr'><strong>Nonas</strong></span> <span class='ocrx_word' id='word_1_575' title='bbox 2749 4043 2959 4111; x_wconf 90' lang='lat' dir='ltr'><strong>Martii,</strong></span> <span class='ocrx_word' id='word_1_576' title='bbox 2990 4042 3295 4100; x_wconf 89' lang='lat' dir='ltr'><strong>indictione</strong></span> <span class='ocrx_word' id='word_1_577' title='bbox 3325 4058 3389 4100; x_wconf 88' lang='grc' dir='ltr'><strong>ιῐ.</strong></span> 
     </span>
    </p>
   </div>
   <div class='ocr_carea' id='block_1_87' title="bbox 2441 4140 3034 4196">
    <p class='ocr_par' dir='ltr' id='par_1_87' title="bbox 2441 4140 3034 4196">
     <span class='ocr_line' id='line_1_87' title="bbox 2441 4140 3034 4196; baseline 0 -2"><span class='ocrx_word' id='word_1_578' title='bbox 2441 4140 2792 4196; x_wconf 88' lang='lat' dir='ltr'><strong>EPISTOLA</strong></span> <span class='ocrx_word' id='word_1_579' title='bbox 2820 4140 3034 4194; x_wconf 84' lang='lat' dir='ltr'>XXIII.</span> 
     </span>
    </p>
   </div>
   <div class='ocr_carea' id='block_1_88' title="bbox 2396 4247 3039 4289">
    <p class='ocr_par' dir='ltr' id='par_1_88' title="bbox 2396 4247 3039 4289">
     <span class='ocr_line' id='line_1_88' title="bbox 2396 4247 3039 4289; baseline 0.003 -2"><span class='ocrx_word' id='word_1_580' title='bbox 2396 4248 2475 4287; x_wconf 79' lang='lat' dir='ltr'><strong>AD</strong></span> <span class='ocrx_word' id='word_1_581' title='bbox 2514 4247 3039 4289; x_wconf 76' lang='lat' dir='ltr'><strong>AURELIANENSES.</strong></span> 
     </span>
    </p>
   </div>
   <div class='ocr_carea' id='block_1_89' title="bbox 2547 4326 2949 4395">
    <p class='ocr_par' dir='ltr' id='par_1_89' title="bbox 2547 4326 2949 4395">
     <span class='ocr_line' id='line_1_89' title="bbox 2547 4326 2949 4395; baseline 0.002 -16"><span class='ocrx_word' id='word_1_582' title='bbox 2547 4327 2730 4395; x_wconf 90' lang='lat' dir='ltr'><strong>(Anno</strong></span> <span class='ocrx_word' id='word_1_583' title='bbox 2759 4332 2915 4381; x_wconf 87' lang='lat'><strong>1079.</strong></span> <span class='ocrx_word' id='word_1_584' title='bbox 2933 4326 2949 4395; x_wconf 96' lang='lat'>)</span> 
     </span>
    </p>
   </div>
   <div class='ocr_carea' id='block_1_90' title="bbox 1939 4419 3534 4482">
    <p class='ocr_par' dir='ltr' id='par_1_90' title="bbox 1939 4419 3534 4482">
     <span class='ocr_line' id='line_1_90' title="bbox 1939 4419 3534 4482; baseline 0.001 -7"><span class='ocrx_word' id='word_1_585' title='bbox 1939 4419 2181 4475; x_wconf 68' lang='lat' dir='ltr'><strong>Ecclesia;</strong></span> <span class='ocrx_word' id='word_1_586' title='bbox 2226 4435 2402 4474; x_wconf 86' lang='lat' dir='ltr'><strong>eorum</strong></span> <span class='ocrx_word' id='word_1_587' title='bbox 2427 4422 2682 4474; x_wconf 66' lang='lat' dir='ltr'><strong>aerumnis</strong></span> <span class='ocrx_word' id='word_1_588' title='bbox 2715 4420 2981 4473; x_wconf 86' lang='lat' dir='ltr'><strong>consulere</strong></span> <span class='ocrx_word' id='word_1_589' title='bbox 3018 4419 3351 4482; x_wconf 85' lang='lat' dir='ltr'><strong>desiderans,</strong></span> <span class='ocrx_word' id='word_1_590' title='bbox 3390 4423 3534 4477; x_wconf 82' lang='lat' dir='ltr'><strong>San-</strong></span> 
     </span>
    </p>
   </div>
   <div class='ocr_carea' id='block_1_91' title="bbox 2012 4492 3533 4561">
    <p class='ocr_par' dir='ltr' id='par_1_91' title="bbox 2012 4492 3533 4561">
     <span class='ocr_line' id='line_1_91' title="bbox 2012 4492 3533 4561; baseline 0.003 -19"><span class='ocrx_word' id='word_1_591' title='bbox 2012 4505 2213 4551; x_wconf 84' lang='lat' dir='ltr'><strong>zonem,</strong></span> <span class='ocrx_word' id='word_1_592' title='bbox 2260 4507 2416 4558; x_wconf 90' lang='lat' dir='ltr'><strong>quem</strong></span> <span class='ocrx_word' id='word_1_593' title='bbox 2446 4493 2503 4544; x_wconf 87' lang='lat' dir='ltr'><strong>in</strong></span> <span class='ocrx_word' id='word_1_594' title='bbox 2532 4493 2834 4561; x_wconf 77' lang='lat' dir='ltr'><strong>episcopum</strong></span> <span class='ocrx_word' id='word_1_595' title='bbox 2862 4494 3194 4558; x_wconf 86' lang='lat' dir='ltr'><strong>optaverant,</strong></span> <span class='ocrx_word' id='word_1_596' title='bbox 3222 4505 3277 4543; x_wconf 89' lang='lat' dir='ltr'><strong>se</strong></span> <span class='ocrx_word' id='word_1_597' title='bbox 3310 4492 3533 4546; x_wconf 84' lang='lat' dir='ltr'><strong>libenter</strong></span> 
     </span>
    </p>
   </div>
   <div class='ocr_carea' id='block_1_92' title="bbox 235 4542 3531 4636">
    <p class='ocr_par' dir='ltr' id='par_1_92' title="bbox 235 4542 3531 4636">
     <span class='ocr_line' id='line_1_92' title="bbox 235 4542 3531 4636; baseline -0 -18"><span class='ocrx_word' id='word_1_598' title='bbox 235 4566 524 4636; x_wconf 87' lang='lat' dir='ltr'><strong>episcopus</strong></span> <span class='ocrx_word' id='word_1_599' title='bbox 553 4564 743 4619; x_wconf 89' lang='lat' dir='ltr'><strong>litteris</strong></span> <span class='ocrx_word' id='word_1_600' title='bbox 770 4565 882 4619; x_wconf 89' lang='lat' dir='ltr'><strong>suis</strong></span> <span class='ocrx_word' id='word_1_601' title='bbox 908 4563 1067 4619; x_wconf 90' lang='lat' dir='ltr'><strong>nobis</strong></span> <span class='ocrx_word' id='word_1_602' title='bbox 1096 4562 1468 4629; x_wconf 89' lang='lat' dir='ltr'><strong>commendet,</strong></span> <span class='ocrx_word' id='word_1_603' title='bbox 1499 4571 1594 4617; x_wconf 88' lang='lat' dir='ltr'><strong>aut</strong></span> <span class='ocrx_word' id='word_1_604' title='bbox 1621 4562 1664 4617; x_wconf 91' lang='lat' dir='ltr'><strong>si</strong></span> <span class='ocrx_word' id='word_1_605' title='bbox 1689 4562 1833 4634; x_wconf 91' lang='lat' dir='ltr'><strong>apud</strong></span> <span class='ocrx_word' id='word_1_606' title='bbox 1860 4542 1911 4603; x_wconf 79' lang='lat' dir='ltr'><strong>D</strong></span> <span class='ocrx_word' id='word_1_607' title='bbox 2008 4542 2315 4636; x_wconf 71' lang='lat' dir='ltr'><strong>suscepisse,</strong></span> <span class='ocrx_word' id='word_1_608' title='bbox 2362 4577 2427 4616; x_wconf 86' lang='lat' dir='ltr'><strong>nc</strong></span> <span class='ocrx_word' id='word_1_609' title='bbox 2456 4542 2633 4636; x_wconf 70' lang='lat' dir='ltr'><strong>tamen</strong></span> <span class='ocrx_word' id='word_1_610' title='bbox 2666 4542 2917 4636; x_wconf 53' lang='lat' dir='ltr'><strong>liainerio</strong></span> <span class='ocrx_word' id='word_1_611' title='bbox 2959 4542 3197 4636; x_wconf 79' lang='lat' dir='ltr'><strong>episcopo</strong></span> <span class='ocrx_word' id='word_1_612' title='bbox 3240 4562 3417 4616; x_wconf 84' lang='lat' dir='ltr'><strong>adhuc</strong></span> <span class='ocrx_word' id='word_1_613' title='bbox 3452 4579 3531 4617; x_wconf 85' lang='lat' dir='ltr'><strong>su-</strong></span> 
     </span>
    </p>
   </div>
   <div class='ocr_carea' id='block_1_93' title="bbox 237 4655 1831 4728">
    <p class='ocr_par' dir='ltr' id='par_1_93' title="bbox 237 4655 1831 4728">
     <span class='ocr_line' id='line_1_93' title="bbox 237 4655 1831 4728; baseline -0.001 -17"><span class='ocrx_word' id='word_1_614' title='bbox 237 4674 345 4724; x_wconf 88' lang='lat' dir='ltr'><strong>vos,</strong></span> <span class='ocrx_word' id='word_1_615' title='bbox 398 4657 550 4728; x_wconf 90' lang='lat' dir='ltr'><strong>quod</strong></span> <span class='ocrx_word' id='word_1_616' title='bbox 594 4657 887 4718; x_wconf 82' lang='lat' dir='ltr'><strong>credimus,</strong></span> <span class='ocrx_word' id='word_1_617' title='bbox 921 4665 1076 4711; x_wconf 91' lang='lat' dir='ltr'><strong>tanto</strong></span> <span class='ocrx_word' id='word_1_618' title='bbox 1121 4655 1374 4727; x_wconf 89' lang='lat' dir='ltr'><strong>regimini</strong></span> <span class='ocrx_word' id='word_1_619' title='bbox 1400 4656 1561 4727; x_wconf 89' lang='lat' dir='ltr'><strong>digna</strong></span> <span class='ocrx_word' id='word_1_620' title='bbox 1610 4655 1831 4710; x_wconf 91' lang='lat' dir='ltr'><strong>inveniri</strong></span> 
     </span>
    </p>
   </div>
   <div class='ocr_carea' id='block_1_94' title="bbox 234 4747 1828 4823">
    <p class='ocr_par' dir='ltr' id='par_1_94' title="bbox 234 4747 1828 4823">
     <span class='ocr_line' id='line_1_94' title="bbox 234 4747 1828 4823; baseline -0.003 -16"><span class='ocrx_word' id='word_1_621' title='bbox 234 4766 469 4822; x_wconf 89' lang='lat' dir='ltr'><strong>persona</strong></span> <span class='ocrx_word' id='word_1_622' title='bbox 492 4766 606 4805; x_wconf 94' lang='lat' dir='ltr'><strong>non</strong></span> <span class='ocrx_word' id='word_1_623' title='bbox 622 4759 820 4821; x_wconf 88' lang='lat' dir='ltr'><strong>potest,</strong></span> <span class='ocrx_word' id='word_1_624' title='bbox 837 4752 891 4805; x_wconf 93' lang='lat' dir='ltr'><strong>in</strong></span> <span class='ocrx_word' id='word_1_625' title='bbox 909 4766 1074 4823; x_wconf 86' lang='lat' dir='ltr'><strong>manu</strong></span> <span class='ocrx_word' id='word_1_626' title='bbox 1091 4749 1279 4805; x_wconf 88' lang='lat' dir='ltr'><strong>fratris</strong></span> <span class='ocrx_word' id='word_1_627' title='bbox 1296 4749 1471 4805; x_wconf 88' lang='lat' dir='ltr'><strong>nostri</strong></span> <span class='ocrx_word' id='word_1_628' title='bbox 1491 4747 1828 4820; x_wconf 88' lang='lat' dir='ltr'><strong>Leodegarii,</strong></span> 
     </span>
    </p>
   </div>
   <div class='ocr_carea' id='block_1_95' title="bbox 233 4841 1830 4916">
    <p class='ocr_par' dir='ltr' id='par_1_95' title="bbox 233 4841 1830 4916">
     <span class='ocr_line' id='line_1_95' title="bbox 233 4841 1830 4916; baseline -0.003 -17"><span class='ocrx_word' id='word_1_629' title='bbox 233 4844 612 4916; x_wconf 87' lang='lat' dir='ltr'><strong>Wapincensis</strong></span> <span class='ocrx_word' id='word_1_630' title='bbox 638 4844 895 4915; x_wconf 88' lang='lat' dir='ltr'><strong>episcopi,</strong></span> <span class='ocrx_word' id='word_1_631' title='bbox 926 4843 1149 4898; x_wconf 85' lang='lat' dir='ltr'><strong>ﬁrmetis</strong></span> <span class='ocrx_word' id='word_1_632' title='bbox 1172 4859 1269 4898; x_wconf 93' lang='lat' dir='ltr'><strong>vos</strong></span> <span class='ocrx_word' id='word_1_633' title='bbox 1299 4842 1452 4897; x_wconf 90' lang='lat' dir='ltr'><strong>illum</strong></span> <span class='ocrx_word' id='word_1_634' title='bbox 1476 4841 1747 4912; x_wconf 90' lang='lat' dir='ltr'><strong>suscipere</strong></span> <span class='ocrx_word' id='word_1_635' title='bbox 1776 4841 1830 4895; x_wconf 90' lang='lat' dir='ltr'><strong>in</strong></span> 
     </span>
    </p>
   </div>
   <div class='ocr_carea' id='block_1_96' title="bbox 232 4935 1831 5010">
    <p class='ocr_par' dir='ltr' id='par_1_96' title="bbox 232 4935 1831 5010">
     <span class='ocr_line' id='line_1_96' title="bbox 232 4935 1831 5010; baseline -0.003 -16"><span class='ocrx_word' id='word_1_636' title='bbox 232 4948 531 5010; x_wconf 89' lang='lat' dir='ltr'><strong>pastorem,</strong></span> <span class='ocrx_word' id='word_1_637' title='bbox 583 4953 746 5008; x_wconf 90' lang='lat' dir='ltr'><strong>quem</strong></span> <span class='ocrx_word' id='word_1_638' title='bbox 775 4944 1154 4992; x_wconf 90' lang='lat' dir='ltr'><strong>consecratum</strong></span> <span class='ocrx_word' id='word_1_639' title='bbox 1186 4944 1241 4991; x_wconf 88' lang='lat' dir='ltr'><strong>et</strong></span> <span class='ocrx_word' id='word_1_640' title='bbox 1283 4935 1492 4990; x_wconf 89' lang='lat' dir='ltr'><strong>honore</strong></span> <span class='ocrx_word' id='word_1_641' title='bbox 1522 4935 1667 5006; x_wconf 92' lang='lat' dir='ltr'><strong>pallii</strong></span> <span class='ocrx_word' id='word_1_642' title='bbox 1707 4935 1831 4990; x_wconf 88' lang='lat' dir='ltr'><strong>insi-</strong></span> 
     </span>
    </p>
   </div>
   <div class='ocr_carea' id='block_1_97' title="bbox 233 5028 1830 5103">
    <p class='ocr_par' dir='ltr' id='par_1_97' title="bbox 233 5028 1830 5103">
     <span class='ocr_line' id='line_1_97' title="bbox 233 5028 1830 5103; baseline -0.002 -17"><span class='ocrx_word' id='word_1_643' title='bbox 233 5034 444 5103; x_wconf 87' lang='lat' dir='ltr'><strong>gnitum</strong></span> <span class='ocrx_word' id='word_1_644' title='bbox 476 5029 635 5085; x_wconf 89' lang='lat' dir='ltr'><strong>vobis</strong></span> <span class='ocrx_word' id='word_1_645' title='bbox 678 5045 743 5084; x_wconf 83' lang='lat' dir='ltr'><strong>ex</strong></span> <span class='ocrx_word' id='word_1_646' title='bbox 782 5038 932 5100; x_wconf 87' lang='lat' dir='ltr'><strong>parte</strong></span> <span class='ocrx_word' id='word_1_647' title='bbox 961 5030 1134 5085; x_wconf 88' lang='lat' dir='ltr'><strong>sancti</strong></span> <span class='ocrx_word' id='word_1_648' title='bbox 1181 5029 1319 5084; x_wconf 89' lang='lat' dir='ltr'><strong>Petri</strong></span> <span class='ocrx_word' id='word_1_649' title='bbox 1350 5028 1679 5083; x_wconf 88' lang='lat' dir='ltr'><strong>miserimus.</strong></span> <span class='ocrx_word' id='word_1_650' title='bbox 1728 5030 1830 5083; x_wconf 89' lang='lat' dir='ltr'><strong>Co-</strong></span> 
     </span>
    </p>
   </div>
   <div class='ocr_carea' id='block_1_98' title="bbox 232 5120 1827 5196">
    <p class='ocr_par' dir='ltr' id='par_1_98' title="bbox 232 5120 1827 5196">
     <span class='ocr_line' id='line_1_98' title="bbox 232 5120 1827 5196; baseline -0.003 -15"><span class='ocrx_word' id='word_1_651' title='bbox 232 5125 400 5196; x_wconf 78' lang='lat' dir='ltr'><strong>gitate</strong></span> <span class='ocrx_word' id='word_1_652' title='bbox 427 5124 581 5180; x_wconf 86' lang='lat' dir='ltr'><strong>enim</strong></span> <span class='ocrx_word' id='word_1_653' title='bbox 625 5122 840 5178; x_wconf 88' lang='lat' dir='ltr'><strong>debetis</strong></span> <span class='ocrx_word' id='word_1_654' title='bbox 881 5123 1137 5193; x_wconf 89' lang='lat' dir='ltr'><strong>quoniam</strong></span> <span class='ocrx_word' id='word_1_655' title='bbox 1164 5120 1466 5177; x_wconf 90' lang='lat' dir='ltr'><strong>secundum</strong></span> <span class='ocrx_word' id='word_1_656' title='bbox 1508 5120 1827 5176; x_wconf 89' lang='lat' dir='ltr'><strong>electionem</strong></span> 
     </span>
    </p>
   </div>
   <div class='ocr_carea' id='block_1_99' title="bbox 231 5213 1829 5288">
    <p class='ocr_par' dir='ltr' id='par_1_99' title="bbox 231 5213 1829 5288">
     <span class='ocr_line' id='line_1_99' title="bbox 231 5213 1829 5288; baseline -0.004 -14"><span class='ocrx_word' id='word_1_657' title='bbox 231 5218 413 5288; x_wconf 74' lang='lat' dir='ltr'><strong>gratiae</strong></span> <span class='ocrx_word' id='word_1_658' title='bbox 440 5216 565 5283; x_wconf 88' lang='lat' dir='ltr'><strong>Dei,</strong></span> <span class='ocrx_word' id='word_1_659' title='bbox 586 5214 655 5271; x_wconf 90' lang='lat' dir='ltr'><strong>de</strong></span> <span class='ocrx_word' id='word_1_660' title='bbox 681 5230 919 5270; x_wconf 90' lang='lat' dir='ltr'><strong>numero</strong></span> <span class='ocrx_word' id='word_1_661' title='bbox 945 5215 1127 5271; x_wconf 92' lang='lat' dir='ltr'><strong>ovium</strong></span> <span class='ocrx_word' id='word_1_662' title='bbox 1148 5213 1344 5269; x_wconf 88' lang='lat' dir='ltr'><strong>Christi</strong></span> <span class='ocrx_word' id='word_1_663' title='bbox 1368 5213 1516 5280; x_wconf 90' lang='lat' dir='ltr'><strong>estis,</strong></span> <span class='ocrx_word' id='word_1_664' title='bbox 1543 5221 1597 5268; x_wconf 89' lang='lat' dir='ltr'><strong>et</strong></span> <span class='ocrx_word' id='word_1_665' title='bbox 1624 5229 1829 5285; x_wconf 84' lang='lat' dir='ltr'><strong>nequa-</strong></span> 
     </span>
    </p>
   </div>
   <div class='ocr_carea' id='block_1_100' title="bbox 233 5306 1824 5379">
    <p class='ocr_par' dir='ltr' id='par_1_100' title="bbox 233 5306 1824 5379">
     <span class='ocr_line' id='line_1_100' title="bbox 233 5306 1824 5379; baseline -0.002 -13"><span class='ocrx_word' id='word_1_666' title='bbox 233 5324 395 5379; x_wconf 88' lang='lat' dir='ltr'><strong>quam</strong></span> <span class='ocrx_word' id='word_1_667' title='bbox 424 5325 624 5365; x_wconf 84' lang='lat' dir='ltr'><strong>secure</strong></span> <span class='ocrx_word' id='word_1_668' title='bbox 662 5308 872 5374; x_wconf 89' lang='lat' dir='ltr'><strong>vivetis,</strong></span> <span class='ocrx_word' id='word_1_669' title='bbox 902 5307 999 5362; x_wconf 91' lang='lat' dir='ltr'><strong>nisi</strong></span> <span class='ocrx_word' id='word_1_670' title='bbox 1025 5307 1117 5378; x_wconf 90' lang='lat' dir='ltr'><strong>qui</strong></span> <span class='ocrx_word' id='word_1_671' title='bbox 1147 5307 1265 5379; x_wconf 91' lang='lat' dir='ltr'><strong>ejus</strong></span> <span class='ocrx_word' id='word_1_672' title='bbox 1295 5306 1408 5362; x_wconf 89' lang='lat' dir='ltr'><strong>vice</strong></span> <span class='ocrx_word' id='word_1_673' title='bbox 1436 5306 1591 5362; x_wconf 90' lang='lat' dir='ltr'><strong>vobis</strong></span> <span class='ocrx_word' id='word_1_674' title='bbox 1613 5307 1824 5378; x_wconf 62' lang='lat' dir='ltr'><strong>praesit,</strong></span> 
     </span>
    </p>
   </div>
   <div class='ocr_carea' id='block_1_101' title="bbox 234 5399 1825 5458">
    <p class='ocr_par' dir='ltr' id='par_1_101' title="bbox 234 5399 1825 5458">
     <span class='ocr_line' id='line_1_101' title="bbox 234 5399 1825 5458; baseline 0 -3"><span class='ocrx_word' id='word_1_675' title='bbox 234 5410 283 5455; x_wconf 88' lang='lat' dir='ltr'><strong>et</strong></span> <span class='ocrx_word' id='word_1_676' title='bbox 321 5411 515 5458; x_wconf 88' lang='lat' dir='ltr'><strong>contra</strong></span> <span class='ocrx_word' id='word_1_677' title='bbox 557 5402 804 5457; x_wconf 91' lang='lat' dir='ltr'><strong>incursus</strong></span> <span class='ocrx_word' id='word_1_678' title='bbox 854 5400 1030 5455; x_wconf 91' lang='lat' dir='ltr'><strong>callidi</strong></span> <span class='ocrx_word' id='word_1_679' title='bbox 1078 5399 1407 5455; x_wconf 88' lang='lat' dir='ltr'><strong>insidiatoris</strong></span> <span class='ocrx_word' id='word_1_680' title='bbox 1458 5399 1674 5455; x_wconf 91' lang='lat' dir='ltr'><strong>assidua</strong></span> <span class='ocrx_word' id='word_1_681' title='bbox 1724 5400 1825 5455; x_wconf 85' lang='lat' dir='ltr'><strong>cir-</strong></span> 
     </span>
    </p>
   </div>
   <div class='ocr_carea' id='block_1_102' title="bbox 234 5492 1819 5565">
    <p class='ocr_par' dir='ltr' id='par_1_102' title="bbox 234 5492 1819 5565">
     <span class='ocr_line' id='line_1_102' title="bbox 234 5492 1819 5565; baseline -0.001 -17"><span class='ocrx_word' id='word_1_682' title='bbox 234 5494 657 5565; x_wconf 86' lang='lat' dir='ltr'><strong>cumspectione,</strong></span> <span class='ocrx_word' id='word_1_683' title='bbox 684 5493 978 5549; x_wconf 80' lang='lat' dir='ltr'><strong>auxiliante</strong></span> <span class='ocrx_word' id='word_1_684' title='bbox 1006 5496 1150 5561; x_wconf 90' lang='lat' dir='ltr'><strong>Deo,</strong></span> <span class='ocrx_word' id='word_1_685' title='bbox 1175 5508 1270 5549; x_wconf 92' lang='lat' dir='ltr'><strong>vos</strong></span> <span class='ocrx_word' id='word_1_686' title='bbox 1296 5493 1529 5561; x_wconf 89' lang='lat' dir='ltr'><strong>muniat,</strong></span> <span class='ocrx_word' id='word_1_687' title='bbox 1558 5492 1819 5549; x_wconf 89' lang='lat' dir='ltr'><strong>habeatis.</strong></span> 
     </span>
    </p>
   </div>
   <div class='ocr_carea' id='block_1_103' title="bbox 234 5585 1823 5659">
    <p class='ocr_par' dir='ltr' id='par_1_103' title="bbox 234 5585 1823 5659">
     <span class='ocr_line' id='line_1_103' title="bbox 234 5585 1823 5659; baseline 0.001 -18"><span class='ocrx_word' id='word_1_688' title='bbox 234 5588 385 5659; x_wconf 78' lang='lat' dir='ltr'><strong>Agite</strong></span> <span class='ocrx_word' id='word_1_689' title='bbox 406 5600 537 5659; x_wconf 86' lang='lat' dir='ltr'><strong>ergo</strong></span> <span class='ocrx_word' id='word_1_690' title='bbox 576 5602 645 5642; x_wconf 89' lang='lat' dir='ltr'><strong>ne</strong></span> <span class='ocrx_word' id='word_1_691' title='bbox 679 5587 800 5658; x_wconf 88' lang='lat' dir='ltr'><strong>quis</strong></span> <span class='ocrx_word' id='word_1_692' title='bbox 840 5602 937 5642; x_wconf 92' lang='lat' dir='ltr'><strong>vos</strong></span> <span class='ocrx_word' id='word_1_693' title='bbox 965 5585 1034 5642; x_wconf 91' lang='lat' dir='ltr'><strong>ad</strong></span> <span class='ocrx_word' id='word_1_694' title='bbox 1060 5585 1491 5657; x_wconf 90' lang='lat' dir='ltr'><strong>prospiciendum</strong></span> <span class='ocrx_word' id='word_1_695' title='bbox 1517 5585 1585 5641; x_wconf 89' lang='lat' dir='ltr'><strong>de</strong></span> <span class='ocrx_word' id='word_1_696' title='bbox 1614 5586 1823 5643; x_wconf 90' lang='lat' dir='ltr'><strong>honore</strong></span> 
     </span>
    </p>
   </div>
   <div class='ocr_carea' id='block_1_104' title="bbox 236 5678 1821 5736">
    <p class='ocr_par' dir='ltr' id='par_1_104' title="bbox 236 5678 1821 5736">
     <span class='ocr_line' id='line_1_104' title="bbox 236 5678 1821 5736; baseline -0.001 0"><span class='ocrx_word' id='word_1_697' title='bbox 236 5680 488 5736; x_wconf 67' lang='lat' dir='ltr'><strong>Ecclesiae</strong></span> <span class='ocrx_word' id='word_1_698' title='bbox 517 5688 708 5736; x_wconf 72' lang='lat' dir='ltr'><strong>vestrae</strong></span> <span class='ocrx_word' id='word_1_699' title='bbox 750 5689 805 5735; x_wconf 89' lang='lat' dir='ltr'><strong>et</strong></span> <span class='ocrx_word' id='word_1_700' title='bbox 834 5678 1118 5735; x_wconf 89' lang='lat' dir='ltr'><strong>communi</strong></span> <span class='ocrx_word' id='word_1_701' title='bbox 1162 5679 1325 5735; x_wconf 86' lang='lat' dir='ltr'><strong>saluti</strong></span> <span class='ocrx_word' id='word_1_702' title='bbox 1372 5678 1681 5735; x_wconf 89' lang='lat' dir='ltr'><strong>animarum</strong></span> <span class='ocrx_word' id='word_1_703' title='bbox 1731 5696 1821 5735; x_wconf 85' lang='lat' dir='ltr'><strong>ve-</strong></span> 
     </span>
    </p>
   </div>
   <div class='ocr_carea' id='block_1_105' title="bbox 234 5772 1823 5846">
    <p class='ocr_par' dir='ltr' id='par_1_105' title="bbox 234 5772 1823 5846">
     <span class='ocr_line' id='line_1_105' title="bbox 234 5772 1823 5846; baseline 0.001 -19"><span class='ocrx_word' id='word_1_704' title='bbox 234 5780 476 5829; x_wconf 80' lang='lat' dir='ltr'><strong>strarum</strong></span> <span class='ocrx_word' id='word_1_705' title='bbox 522 5772 787 5844; x_wconf 87' lang='lat' dir='ltr'><strong>impedire</strong></span> <span class='ocrx_word' id='word_1_706' title='bbox 832 5773 1028 5840; x_wconf 88' lang='lat' dir='ltr'><strong>valeat,</strong></span> <span class='ocrx_word' id='word_1_707' title='bbox 1074 5780 1126 5827; x_wconf 90' lang='lat' dir='ltr'><strong>et</strong></span> <span class='ocrx_word' id='word_1_708' title='bbox 1166 5788 1236 5829; x_wconf 90' lang='lat' dir='ltr'><strong>ne</strong></span> <span class='ocrx_word' id='word_1_709' title='bbox 1264 5772 1499 5829; x_wconf 87' lang='lat' dir='ltr'><strong>visitatio</strong></span> <span class='ocrx_word' id='word_1_710' title='bbox 1541 5772 1823 5846; x_wconf 90' lang='lat' dir='ltr'><strong>legationis</strong></span> 
     </span>
    </p>
   </div>
   <div class='ocr_carea' id='block_1_106' title="bbox 234 5864 1821 5940">
    <p class='ocr_par' dir='ltr' id='par_1_106' title="bbox 234 5864 1821 5940">
     <span class='ocr_line' id='line_1_106' title="bbox 234 5864 1821 5940; baseline 0.002 -18"><span class='ocrx_word' id='word_1_711' title='bbox 234 5873 432 5923; x_wconf 75' lang='lat' dir='ltr'><strong>nostrae</strong></span> <span class='ocrx_word' id='word_1_712' title='bbox 465 5864 669 5923; x_wconf 78' lang='lat' dir='ltr'><strong>frustra</strong></span> <span class='ocrx_word' id='word_1_713' title='bbox 688 5865 760 5923; x_wconf 85' lang='lat' dir='ltr'><strong>ad</strong></span> <span class='ocrx_word' id='word_1_714' title='bbox 781 5881 880 5923; x_wconf 89' lang='lat' dir='ltr'><strong>vos</strong></span> <span class='ocrx_word' id='word_1_715' title='bbox 906 5864 1046 5925; x_wconf 80' lang='lat' dir='ltr'><strong>facta</strong></span> <span class='ocrx_word' id='word_1_716' title='bbox 1069 5881 1189 5925; x_wconf 80' lang='lat' dir='ltr'><strong>esse</strong></span> <span class='ocrx_word' id='word_1_717' title='bbox 1214 5865 1481 5937; x_wconf 86' lang='lat' dir='ltr'><strong>videatur,</strong></span> <span class='ocrx_word' id='word_1_718' title='bbox 1529 5883 1627 5940; x_wconf 88' lang='lat' dir='ltr'><strong>per</strong></span> <span class='ocrx_word' id='word_1_719' title='bbox 1653 5883 1821 5940; x_wconf 89' lang='lat' dir='ltr'><strong>quam</strong></span> 
     </span>
    </p>
   </div>
   <div class='ocr_carea' id='block_1_107' title="bbox 2004 4632 3528 4703">
    <p class='ocr_par' dir='ltr' id='par_1_107' title="bbox 2004 4632 3528 4703">
     <span class='ocr_line' id='line_1_107' title="bbox 2004 4632 3528 4703; baseline 0.001 -17"><span class='ocrx_word' id='word_1_720' title='bbox 2004 4635 2247 4702; x_wconf 85' lang='lat' dir='ltr'><strong>perstite,</strong></span> <span class='ocrx_word' id='word_1_721' title='bbox 2270 4648 2427 4700; x_wconf 85' lang='lat' dir='ltr'><strong>quem</strong></span> <span class='ocrx_word' id='word_1_722' title='bbox 2448 4634 2534 4686; x_wconf 87' lang='lat' dir='ltr'><strong>illi</strong></span> <span class='ocrx_word' id='word_1_723' title='bbox 2556 4634 2801 4685; x_wconf 81' lang='lat' dir='ltr'><strong>inutilem</strong></span> <span class='ocrx_word' id='word_1_724' title='bbox 2827 4646 2938 4685; x_wconf 88' lang='lat' dir='ltr'><strong>esse</strong></span> <span class='ocrx_word' id='word_1_725' title='bbox 2967 4632 3292 4694; x_wconf 84' lang='lat' dir='ltr'><strong>asserebant,</strong></span> <span class='ocrx_word' id='word_1_726' title='bbox 3318 4636 3528 4703; x_wconf 78' lang='lat' dir='ltr'><strong>prceju-</strong></span> 
     </span>
    </p>
   </div>
   <div class='ocr_carea' id='block_1_108' title="bbox 2011 4704 3528 4772">
    <p class='ocr_par' dir='ltr' id='par_1_108' title="bbox 2011 4704 3528 4772">
     <span class='ocr_line' id='line_1_108' title="bbox 2011 4704 3528 4772; baseline 0.003 -17"><span class='ocrx_word' id='word_1_727' title='bbox 2011 4704 2212 4756; x_wconf 87' lang='lat' dir='ltr'><strong>dicium</strong></span> <span class='ocrx_word' id='word_1_728' title='bbox 2246 4704 2438 4769; x_wconf 83' lang='lat' dir='ltr'><strong>faciat,</strong></span> <span class='ocrx_word' id='word_1_729' title='bbox 2488 4705 2686 4770; x_wconf 87' lang='lat' dir='ltr'><strong>legatos</strong></span> <span class='ocrx_word' id='word_1_730' title='bbox 2728 4718 2782 4756; x_wconf 91' lang='lat' dir='ltr'><strong>se</strong></span> <span class='ocrx_word' id='word_1_731' title='bbox 2818 4705 3111 4756; x_wconf 83' lang='lat' dir='ltr'><strong>missu-rum</strong></span> <span class='ocrx_word' id='word_1_732' title='bbox 3158 4705 3240 4756; x_wconf 86' lang='lat' dir='ltr'><strong>ait</strong></span> <span class='ocrx_word' id='word_1_733' title='bbox 3285 4707 3385 4772; x_wconf 88' lang='lat' dir='ltr'><strong>qui</strong></span> <span class='ocrx_word' id='word_1_734' title='bbox 3414 4722 3528 4760; x_wconf 83' lang='lat' dir='ltr'><strong>rem</strong></span> 
     </span>
    </p>
   </div>
   <div class='ocr_carea' id='block_1_109' title="bbox 2008 4774 3529 4844">
    <p class='ocr_par' dir='ltr' id='par_1_109' title="bbox 2008 4774 3529 4844">
     <span class='ocr_line' id='line_1_109' title="bbox 2008 4774 3529 4844; baseline 0.003 -18"><span class='ocrx_word' id='word_1_735' title='bbox 2008 4776 2325 4841; x_wconf 72' lang='lat' dir='ltr'><strong>inspiciunt,</strong></span> <span class='ocrx_word' id='word_1_736' title='bbox 2378 4780 2438 4827; x_wconf 86' lang='lat' dir='ltr'><strong>ut</strong></span> <span class='ocrx_word' id='word_1_737' title='bbox 2486 4776 2597 4842; x_wconf 84' lang='lat' dir='ltr'><strong>ipse</strong></span> <span class='ocrx_word' id='word_1_738' title='bbox 2640 4774 2833 4844; x_wconf 85' lang='lat' dir='ltr'><strong>deinde</strong></span> <span class='ocrx_word' id='word_1_739' title='bbox 2870 4774 3170 4827; x_wconf 87' lang='lat' dir='ltr'><strong>electionem</strong></span> <span class='ocrx_word' id='word_1_740' title='bbox 3212 4778 3529 4844; x_wconf 81' lang='lat' dir='ltr'><strong>conﬁrmare</strong></span> 
     </span>
    </p>
   </div>
   <div class='ocr_carea' id='block_1_110' title="bbox 2000 4843 3417 4915">
    <p class='ocr_par' dir='ltr' id='par_1_110' title="bbox 2000 4843 3417 4915">
     <span class='ocr_line' id='line_1_110' title="bbox 2000 4843 3417 4915; baseline 0 -17"><span class='ocrx_word' id='word_1_741' title='bbox 2000 4847 2190 4915; x_wconf 85' lang='lat' dir='ltr'><strong>possit.</strong></span> <span class='ocrx_word' id='word_1_742' title='bbox 2213 4846 2437 4898; x_wconf 84' lang='lat' dir='ltr'><strong>Interim</strong></span> <span class='ocrx_word' id='word_1_743' title='bbox 2472 4845 2651 4898; x_wconf 86' lang='lat' dir='ltr'><strong>nullus</strong></span> <span class='ocrx_word' id='word_1_744' title='bbox 2678 4843 2934 4900; x_wconf 72' lang='lat' dir='ltr'><strong>Ecclesia:</strong></span> <span class='ocrx_word' id='word_1_745' title='bbox 2960 4844 3096 4897; x_wconf 88' lang='lat' dir='ltr'><strong>bona</strong></span> <span class='ocrx_word' id='word_1_746' title='bbox 3122 4845 3417 4901; x_wconf 78' lang='lat' dir='ltr'><strong>distrahat.</strong></span> 
     </span>
    </p>
   </div>
   <div class='ocr_carea' id='block_1_111' title="bbox 2007 4937 3526 5010">
    <p class='ocr_par' dir='ltr' id='par_1_111' title="bbox 2007 4937 3526 5010">
     <span class='ocr_line' id='line_1_111' title="bbox 2007 4937 3526 5010; baseline 0.003 -18"><span class='ocrx_word' id='word_1_747' title='bbox 2007 4938 2366 4993; x_wconf 70' lang='lat' dir='ltr'><strong>Gnaeomus</strong></span> <span class='ocrx_word' id='word_1_748' title='bbox 2392 4937 2701 5008; x_wconf 92' lang='lat' dir='ltr'><strong>episcopus,</strong></span> <span class='ocrx_word' id='word_1_749' title='bbox 2727 4952 2911 4992; x_wconf 90' lang='lat' dir='ltr'><strong>servus</strong></span> <span class='ocrx_word' id='word_1_750' title='bbox 2932 4951 3208 4992; x_wconf 89' lang='lat' dir='ltr'><strong>servorum</strong></span> <span class='ocrx_word' id='word_1_751' title='bbox 3231 4939 3354 5010; x_wconf 91' lang='lat' dir='ltr'><strong>Dei,</strong></span> <span class='ocrx_word' id='word_1_752' title='bbox 3381 4939 3526 4996; x_wconf 89' lang='lat' dir='ltr'><strong>clero</strong></span> 
     </span>
    </p>
   </div>
   <div class='ocr_carea' id='block_1_112' title="bbox 1936 5030 3524 5105">
    <p class='ocr_par' dir='ltr' id='par_1_112' title="bbox 1936 5030 3524 5105">
     <span class='ocr_line' id='line_1_112' title="bbox 1936 5030 3524 5105; baseline 0.003 -20"><span class='ocrx_word' id='word_1_753' title='bbox 1936 5038 1991 5086; x_wconf 90' lang='lat' dir='ltr'><strong>et</strong></span> <span class='ocrx_word' id='word_1_754' title='bbox 2027 5031 2225 5102; x_wconf 91' lang='lat' dir='ltr'><strong>populo</strong></span> <span class='ocrx_word' id='word_1_755' title='bbox 2272 5031 2682 5086; x_wconf 82' lang='lat' dir='ltr'><strong>Aurelianensis</strong></span> <span class='ocrx_word' id='word_1_756' title='bbox 2709 5030 2981 5099; x_wconf 73' lang='lat' dir='ltr'><strong>Ecclesiae,</strong></span> <span class='ocrx_word' id='word_1_757' title='bbox 3029 5030 3268 5087; x_wconf 90' lang='lat' dir='ltr'><strong>salutem</strong></span> <span class='ocrx_word' id='word_1_758' title='bbox 3308 5040 3365 5087; x_wconf 87' lang='lat' dir='ltr'><strong>et</strong></span> <span class='ocrx_word' id='word_1_759' title='bbox 3391 5048 3524 5105; x_wconf 87' lang='lat' dir='ltr'><strong>apo-</strong></span> 
     </span>
    </p>
   </div>
   <div class='ocr_carea' id='block_1_113' title="bbox 1936 5123 2667 5180">
    <p class='ocr_par' dir='ltr' id='par_1_113' title="bbox 1936 5123 2667 5180">
     <span class='ocr_line' id='line_1_113' title="bbox 1936 5123 2667 5180; baseline 0.001 -3"><span class='ocrx_word' id='word_1_760' title='bbox 1936 5124 2190 5179; x_wconf 88' lang='lat' dir='ltr'><strong>stolicam</strong></span> <span class='ocrx_word' id='word_1_761' title='bbox 2209 5123 2667 5180; x_wconf 88' lang='lat' dir='ltr'><strong>benedictionem.</strong></span> 
     </span>
    </p>
   </div>
   <div class='ocr_carea' id='block_1_114' title="bbox 2006 5216 3525 5290">
    <p class='ocr_par' dir='ltr' id='par_1_114' title="bbox 2006 5216 3525 5290">
     <span class='ocr_line' id='line_1_114' title="bbox 2006 5216 3525 5290; baseline 0.002 -17"><span class='ocrx_word' id='word_1_762' title='bbox 2006 5216 2196 5273; x_wconf 89' lang='lat' dir='ltr'><strong>Sciatis</strong></span> <span class='ocrx_word' id='word_1_763' title='bbox 2255 5217 2638 5273; x_wconf 91' lang='lat' dir='ltr'><strong>incunctanter</strong></span> <span class='ocrx_word' id='word_1_764' title='bbox 2697 5216 2845 5290; x_wconf 90' lang='lat' dir='ltr'><strong>quod</strong></span> <span class='ocrx_word' id='word_1_765' title='bbox 2899 5217 2967 5274; x_wconf 90' lang='lat' dir='ltr'><strong>de</strong></span> <span class='ocrx_word' id='word_1_766' title='bbox 3016 5218 3273 5275; x_wconf 68' lang='lat' dir='ltr'><strong>Ecclesia:</strong></span> <span class='ocrx_word' id='word_1_767' title='bbox 3329 5227 3525 5276; x_wconf 66' lang='lat' dir='ltr'><strong>vestrm</strong></span> 
     </span>
    </p>
   </div>
   <div class='ocr_carea' id='block_1_115' title="bbox 1933 5310 3526 5383">
    <p class='ocr_par' dir='ltr' id='par_1_115' title="bbox 1933 5310 3526 5383">
     <span class='ocr_line' id='line_1_115' title="bbox 1933 5310 3526 5383; baseline 0.002 -17"><span class='ocrx_word' id='word_1_768' title='bbox 1933 5310 2199 5366; x_wconf 69' lang='lat' dir='ltr'><strong>aerumnis</strong></span> <span class='ocrx_word' id='word_1_769' title='bbox 2222 5318 2278 5365; x_wconf 90' lang='lat' dir='ltr'><strong>et</strong></span> <span class='ocrx_word' id='word_1_770' title='bbox 2305 5311 2597 5382; x_wconf 87' lang='lat' dir='ltr'><strong>angustiis,</strong></span> <span class='ocrx_word' id='word_1_771' title='bbox 2630 5327 2795 5383; x_wconf 90' lang='lat' dir='ltr'><strong>quam</strong></span> <span class='ocrx_word' id='word_1_772' title='bbox 2826 5311 3129 5382; x_wconf 90' lang='lat' dir='ltr'><strong>specialiter</strong></span> <span class='ocrx_word' id='word_1_773' title='bbox 3153 5311 3446 5369; x_wconf 86' lang='lat' dir='ltr'><strong>dileximus</strong></span> <span class='ocrx_word' id='word_1_774' title='bbox 3469 5322 3526 5369; x_wconf 91' lang='lat' dir='ltr'><strong>et</strong></span> 
     </span>
    </p>
   </div>
   <div class='ocr_carea' id='block_1_116' title="bbox 1933 5403 3523 5477">
    <p class='ocr_par' dir='ltr' id='par_1_116' title="bbox 1933 5403 3523 5477">
     <span class='ocr_line' id='line_1_116' title="bbox 1933 5403 3523 5477; baseline 0.004 -20"><span class='ocrx_word' id='word_1_775' title='bbox 1933 5418 2056 5474; x_wconf 65' lang='lat' dir='ltr'><strong>qua:</strong></span> <span class='ocrx_word' id='word_1_776' title='bbox 2094 5419 2208 5459; x_wconf 91' lang='lat' dir='ltr'><strong>una</strong></span> <span class='ocrx_word' id='word_1_777' title='bbox 2232 5420 2295 5459; x_wconf 85' lang='lat' dir='ltr'><strong>ex</strong></span> <span class='ocrx_word' id='word_1_778' title='bbox 2336 5403 2690 5460; x_wconf 90' lang='lat' dir='ltr'><strong>nobilissimis</strong></span> <span class='ocrx_word' id='word_1_779' title='bbox 2715 5404 2916 5461; x_wconf 82' lang='lat' dir='ltr'><strong>Galliae</strong></span> <span class='ocrx_word' id='word_1_780' title='bbox 2955 5404 3207 5460; x_wconf 86' lang='lat' dir='ltr'><strong>Ecclesiis</strong></span> <span class='ocrx_word' id='word_1_781' title='bbox 3238 5407 3523 5477; x_wconf 88' lang='lat' dir='ltr'><strong>quondam</strong></span> 
     </span>
    </p>
   </div>
   <div class='ocr_carea' id='block_1_117' title="bbox 1933 5495 3523 5567">
    <p class='ocr_par' dir='ltr' id='par_1_117' title="bbox 1933 5495 3523 5567">
     <span class='ocr_line' id='line_1_117' title="bbox 1933 5495 3523 5567; baseline 0.002 -15"><span class='ocrx_word' id='word_1_782' title='bbox 1933 5495 2053 5564; x_wconf 89' lang='lat' dir='ltr'><strong>fuit,</strong></span> <span class='ocrx_word' id='word_1_783' title='bbox 2086 5506 2140 5553; x_wconf 90' lang='lat' dir='ltr'><strong>et</strong></span> <span class='ocrx_word' id='word_1_784' title='bbox 2166 5496 2345 5553; x_wconf 92' lang='lat' dir='ltr'><strong>adhuc</strong></span> <span class='ocrx_word' id='word_1_785' title='bbox 2375 5498 2501 5567; x_wconf 89' lang='lat' dir='ltr'><strong>erit,</strong></span> <span class='ocrx_word' id='word_1_786' title='bbox 2533 5500 2653 5553; x_wconf 89' lang='lat' dir='ltr'><strong>Deo</strong></span> <span class='ocrx_word' id='word_1_787' title='bbox 2676 5497 2915 5565; x_wconf 88' lang='lat' dir='ltr'><strong>favente,</strong></span> <span class='ocrx_word' id='word_1_788' title='bbox 2946 5513 3048 5553; x_wconf 89' lang='lat' dir='ltr'><strong>nos</strong></span> <span class='ocrx_word' id='word_1_789' title='bbox 3073 5498 3225 5555; x_wconf 90' lang='lat' dir='ltr'><strong>valde</strong></span> <span class='ocrx_word' id='word_1_790' title='bbox 3250 5498 3523 5567; x_wconf 91' lang='lat' dir='ltr'><strong>dolemus,</strong></span> 
     </span>
    </p>
   </div>
   <div class='ocr_carea' id='block_1_118' title="bbox 1933 5589 3522 5661">
    <p class='ocr_par' dir='ltr' id='par_1_118' title="bbox 1933 5589 3522 5661">
     <span class='ocr_line' id='line_1_118' title="bbox 1933 5589 3522 5661; baseline 0.001 -16"><span class='ocrx_word' id='word_1_791' title='bbox 1933 5598 1988 5645; x_wconf 91' lang='lat' dir='ltr'><strong>et</strong></span> <span class='ocrx_word' id='word_1_792' title='bbox 2014 5590 2140 5661; x_wconf 90' lang='lat' dir='ltr'><strong>quia</strong></span> <span class='ocrx_word' id='word_1_793' title='bbox 2166 5589 2241 5644; x_wconf 90' lang='lat' dir='ltr'><strong>illi</strong></span> <span class='ocrx_word' id='word_1_794' title='bbox 2290 5591 2520 5661; x_wconf 83' lang='lat' dir='ltr'><strong>qualiter</strong></span> <span class='ocrx_word' id='word_1_795' title='bbox 2543 5590 2833 5647; x_wconf 89' lang='lat' dir='ltr'><strong>subvenire</strong></span> <span class='ocrx_word' id='word_1_796' title='bbox 2856 5589 3153 5647; x_wconf 88' lang='lat' dir='ltr'><strong>debeamus</strong></span> <span class='ocrx_word' id='word_1_797' title='bbox 3175 5592 3393 5647; x_wconf 91' lang='lat' dir='ltr'><strong>solliciti</strong></span> <span class='ocrx_word' id='word_1_798' title='bbox 3428 5608 3522 5647; x_wconf 81' lang='lat' dir='ltr'><strong>su-</strong></span> 
     </span>
    </p>
   </div>
   <div class='ocr_carea' id='block_1_119' title="bbox 1932 5682 3524 5755">
    <p class='ocr_par' dir='ltr' id='par_1_119' title="bbox 1932 5682 3524 5755">
     <span class='ocr_line' id='line_1_119' title="bbox 1932 5682 3524 5755; baseline 0.002 -19"><span class='ocrx_word' id='word_1_799' title='bbox 1932 5698 2077 5750; x_wconf 91' lang='lat' dir='ltr'><strong>mus,</strong></span> <span class='ocrx_word' id='word_1_800' title='bbox 2119 5691 2175 5737; x_wconf 91' lang='lat' dir='ltr'><strong>et</strong></span> <span class='ocrx_word' id='word_1_801' title='bbox 2200 5691 2263 5738; x_wconf 91' lang='lat' dir='ltr'><strong>ut</strong></span> <span class='ocrx_word' id='word_1_802' title='bbox 2285 5682 2353 5739; x_wconf 90' lang='lat' dir='ltr'><strong>ad</strong></span> <span class='ocrx_word' id='word_1_803' title='bbox 2380 5684 2668 5755; x_wconf 90' lang='lat' dir='ltr'><strong>pristinum</strong></span> <span class='ocrx_word' id='word_1_804' title='bbox 2698 5683 2864 5740; x_wconf 90' lang='lat' dir='ltr'><strong>decus</strong></span> <span class='ocrx_word' id='word_1_805' title='bbox 2883 5691 2939 5738; x_wconf 90' lang='lat' dir='ltr'><strong>et</strong></span> <span class='ocrx_word' id='word_1_806' title='bbox 2966 5684 3197 5755; x_wconf 84' lang='lat' dir='ltr'><strong>gloriam</strong></span> <span class='ocrx_word' id='word_1_807' title='bbox 3219 5684 3406 5740; x_wconf 88' lang='lat' dir='ltr'><strong>redeat</strong></span> <span class='ocrx_word' id='word_1_808' title='bbox 3421 5697 3524 5739; x_wconf 82' lang='lat' dir='ltr'><strong>nos</strong></span> 
     </span>
    </p>
   </div>
   <div class='ocr_carea' id='block_1_120' title="bbox 1931 5774 3524 5848">
    <p class='ocr_par' dir='ltr' id='par_1_120' title="bbox 1931 5774 3524 5848">
     <span class='ocr_line' id='line_1_120' title="bbox 1931 5774 3524 5848; baseline 0 -18"><span class='ocrx_word' id='word_1_809' title='bbox 1931 5775 2181 5847; x_wconf 85' lang='lat' dir='ltr'><strong>impense</strong></span> <span class='ocrx_word' id='word_1_810' title='bbox 2208 5792 2429 5848; x_wconf 90' lang='lat' dir='ltr'><strong>operam</strong></span> <span class='ocrx_word' id='word_1_811' title='bbox 2459 5776 2677 5833; x_wconf 89' lang='lat' dir='ltr'><strong>damus.</strong></span> <span class='ocrx_word' id='word_1_812' title='bbox 2708 5780 2792 5831; x_wconf 90' lang='lat' dir='ltr'><strong>De</strong></span> <span class='ocrx_word' id='word_1_813' title='bbox 2831 5778 3078 5831; x_wconf 88' lang='lat' dir='ltr'><strong>Sanzone</strong></span> <span class='ocrx_word' id='word_1_814' title='bbox 3111 5776 3242 5831; x_wconf 85' lang='lat' dir='ltr'><strong>item</strong></span> <span class='ocrx_word' id='word_1_815' title='bbox 3284 5774 3396 5829; x_wconf 86' lang='lat' dir='ltr'><strong>ﬁlio</strong></span> <span class='ocrx_word' id='word_1_816' title='bbox 3424 5790 3524 5830; x_wconf 91' lang='lat' dir='ltr'><strong>no-</strong></span> 
     </span>
    </p>
   </div>
   <div class='ocr_carea' id='block_1_121' title="bbox 1929 5866 3527 5942">
    <p class='ocr_par' dir='ltr' id='par_1_121' title="bbox 1929 5866 3527 5942">
     <span class='ocr_line' id='line_1_121' title="bbox 1929 5866 3527 5942; baseline 0 -15"><span class='ocrx_word' id='word_1_817' title='bbox 1929 5878 2068 5937; x_wconf 90' lang='lat' dir='ltr'><strong>stro,</strong></span> <span class='ocrx_word' id='word_1_818' title='bbox 2126 5884 2295 5942; x_wconf 90' lang='lat' dir='ltr'><strong>quem</strong></span> <span class='ocrx_word' id='word_1_819' title='bbox 2337 5868 2491 5925; x_wconf 89' lang='lat' dir='ltr'><strong>vobis</strong></span> <span class='ocrx_word' id='word_1_820' title='bbox 2540 5869 2601 5924; x_wconf 90' lang='lat' dir='ltr'><strong>in</strong></span> <span class='ocrx_word' id='word_1_821' title='bbox 2637 5866 2952 5938; x_wconf 84' lang='lat' dir='ltr'><strong>episcopum</strong></span> <span class='ocrx_word' id='word_1_822' title='bbox 2995 5867 3218 5937; x_wconf 84' lang='lat' dir='ltr'><strong>optatis,</strong></span> <span class='ocrx_word' id='word_1_823' title='bbox 3266 5866 3527 5927; x_wconf 77' lang='lat' dir='ltr'><strong>noveritis</strong></span> 
     </span>
    </p>
   </div>
  </div>
