4074 6172
489 321 585 375 531

489 444 618 517 quia
641 441 875 499 libenter
900 455 1029 495 eum
1059 438 1399 509 suscepimus
1423 446 1479 493 et
1501 445 1733 509 paterno
1761 453 1949 492 amore
1968 444 2083 491 tra-
2113 442 2166 502 Α

491 537 780 593 ctavimus.
828 532 936 589 Sed
966 534 1093 604 quia
1135 531 1434 587 Rainerius
1480 531 1661 587 dictus
1690 532 1994 602 episcopus,
2029 538 2085 586 et

490 631 750 686 Ecclesia
768 635 987 692 vestra,
1006 633 1071 681 ut
1083 623 1307 690 dicitur,
1332 625 1567 693 inutilis,
1599 624 1852 681 nondum
1874 641 1939 679 ex
1968 632 2084 679 toto

412 782 420 787 ,
492 729 710 781 constat
738 721 808 779 ab
836 736 897 777 ea
943 727 1250 794 separatus,
1296 735 1367 777 ue
1394 719 1680 776 videamur
1708 718 1865 775 alicui
1894 718 2087 789 praju-

494 816 703 873 dicitun
730 814 930 882 facere,
957 830 1067 870 neu
1106 814 1176 870 ob
1205 814 1436 886 alicujus
1462 814 1765 869 amicitiam
1791 812 1934 868 forte
1967 813 2088 884 quis

494 909 799 980 suspicetur
826 922 927 965 nos
956 915 1153 964 contra
1186 907 1459 979 justitiam
1488 906 1666 963 facere
1694 907 1853 975 velle,
1885 907 2089 978 legatos

492 1012 716 1061 nostros
729 1001 796 1060 ad
818 1018 917 1058 vos
940 1002 1162 1058 mittere
1185 1000 1556 1072 disposuimus
1585 1001 1703 1074 qui,
1724 1002 1949 1056 veritate
1973 999 2090 1055 dis-

494 1113 653 1154 cussa
680 1096 970 1171 diligenter
1005 1104 1059 1152 et
1083 1095 1333 1166 probata,
1372 1094 1441 1151 de
1480 1111 1545 1151 eo
1573 1096 1782 1167 possint
1810 1110 1874 1149 ex
1902 1103 2089 1149 aucto—

496 1193 662 1248 ritate
680 1200 890 1259 nostra,
922 1191 1037 1245 imo
1060 1189 1209 1246 beati
1235 1190 1401 1256 Petri,
1429 1197 1591 1260 prout
1607 1188 1821 1259 justitia
1850 1188 2089 1243 dictave-

498 1286 590 1352 rit,
618 1285 951 1340 sententiam
970 1282 1118 1338 dare.
1139 1285 1334 1338 Postea
1357 1297 1484 1338 vero
1506 1282 1834 1337 electionem
1855 1290 2092 1337 vestram

501 1377 805 1434 secundum
831 1380 1013 1433 Deum
1039 1375 1389 1443 conﬁrmare,
1416 1384 1473 1431 et
1497 1376 1696 1448 quibus
1726 1375 1904 1431 modis
1934 1391 2097 1446 opor-

501 1480 616 1527 tere
657 1470 928 1526 videbitur
960 1470 1319 1526 corroborare
1359 1469 1663 1527 secundum
1692 1469 1955 1525 canonica
2007 1470 2093 1523 in-

500 1566 691 1621 stituta
721 1563 1062 1620 curabimus.
1100 1564 1325 1619 Interim
1354 1579 1482 1619 vero
1522 1580 1610 1618 res
1646 1563 1891 1635 ejusdem
1921 1561 2093 1617 eccle-

502 1659 622 1726 sia,
654 1666 772 1714 tam
817 1656 973 1713 vobis
1000 1672 1165 1729 quam
1208 1657 1468 1711 omnibus
1513 1656 1657 1727 apud
1684 1673 1823 1728 quos
1864 1656 2093 1711 ubicun-

502 1767 608 1824 que
648 1750 1010 1822 reperiuntur,
1053 1766 1118 1806 ex
1148 1758 1298 1821 parte
1326 1754 1389 1805 Β.
1421 1751 1568 1806 Petri
1600 1750 1877 1805 monendo
1908 1750 2096 1821 praci-

1176 316 1230 369 S.
1272 313 1592 369 GREGORII
1630 313 1717 367 Vl]
1759 314 1952 367 PAWE
1991 312 2109 367 OPE

2219 309 2473 365 MPARS
2510 310 2550 364 Ι.
2593 338 2659 347 -—
2697 307 3094 362 REGISTRUM.

3675 310 3777 363 532

2709 432 3049 487 EPlSTOLA
3088 433 3269 487 XXV.

2317 565 2397 605 AD
2438 562 2788 606 ABNALDUM
2828 562 3109 603 ΛΒΒΔΤΒΜ
3150 561 3372 603 SANCTI
3416 561 3649 603 SEVERI.

2780 665 2963 730 (Anno
3005 664 3185 729 1079.)

2196 783 2377 837 Diensi
2430 786 2480 835 et
2530 780 2778 836 Elorensi
2822 780 3074 849 episcopis
3123 779 3441 832 commisisse
3493 779 3783 846 signiﬁcat,

2266 854 2399 923 quid
2434 854 2701 921 agendum
2731 853 2880 917 foret
2917 853 2973 904 in
3004 852 3360 904 controversia
3400 852 3541 902 inter
3579 865 3697 902 eum
3728 856 3787 923 et

2266 922 2521 979 abbatem
2567 926 2778 980 Sancta:
2809 924 3024 990 Crucis;
3071 937 3244 991 quare
3278 922 3544 994 praecipit
3570 925 3633 977 ut
3675 922 3785 977 illis

2262 1002 2477 1068 pareat.

2270 1114 2622 1169 Gnaeonws
2639 1124 2927 1166 unum
2945 1109 3228 1181 episcopus
3244 1150 3259 1175 ,
3285 1123 3475 1164 servus
3494 1123 3787 1163 servorum

2204 1210 2326 1270 Dei,
2382 1206 2568 1262 abbati
2603 1205 2785 1261 Sancti
2824 1204 3005 1259 Severi
3048 1203 3295 1260 salutem
3323 1210 3379 1258 et
3427 1201 3787 1274 apostolicam

2202 1299 2663 1358 benedictionem.

2276 1399 2404 1451 Post
2420 1392 2785 1449 recessionem
2818 1398 2968 1446 tuam
3005 1390 3255 1461 proxime
3280 1389 3498 1454 factam,
3525 1391 3665 1445 scias
3691 1405 3794 1445 nos

2202 1490 2407 1545 litteras
2429 1486 2692 1557 quasdam
2720 1486 3003 1557 reperisse,
3048 1472 3105 1539 in
3143 1484 3341 1555 quibus
3369 1482 3791 1540 inobedientiam

2202 1583 2279 1638 tui
2319 1580 2525 1653 liquido
2564 1578 3041 1651 deprehendimus.
3080 1577 3323 1634 Proinde
3360 1587 3553 1633 notum
3582 1578 3681 1633 tibi
3724 1578 3797 1633 sit

2205 1692 2306 1731 nos
2336 1690 2459 1730 eam
2506 1688 2750 1739 causam,
2781 1673 2987 1727 scilicet
3031 1686 3157 1743 qua
3196 1671 3337 1727 inter
3358 1680 3413 1726 te
3442 1679 3496 1727 et
3540 1671 3794 1726 abbatem

2207 1772 2417 1827 Sancta
2462 1764 2654 1823 Crucis
2700 1780 2817 1821 esse
2861 1764 3217 1836 dignoscitur,
3266 1764 3574 1836 diligentius
3612 1764 3797 1820 discu-

503 1847 689 1917 Pimus
728 1852 790 1900 ιη
830 1860 997 1899 nemo
1037 1842 1345 1900 disn'ahere
1386 1844 1467 1899 vel
1502 1842 1755 1899 δεηὶοίίτί
1804 1851 2099 1916 Primumat
2132 1821 2178 1882 Β
2208 1861 2449 1917 tiendam
2493 1858 2751 1915 fratribus
2786 1866 2841 1913 et
2868 1821 3203 1929 coepiscopis
3249 1821 3468 1929 Hugbni
3516 1857 3703 1913 Diensi
3734 1866 3799 1912 ‘et

505 1938 755 1995 videlicet
800 1937 1029 2010 pramia
1076 1946 1131 1993 et
1176 1946 1499 1994 ornamenta
1535 1953 1656 2009 qua
1703 1937 1782 1992 illi
1827 1937 2097 2008 pertinere

505 2036 827 2085 noscuntur.
867 2026 1029 2098 Quod
1065 2028 1110 2081 si
1148 2028 1272 2098 quis
1300 2034 1491 2081 contra
1518 2025 1636 2081 hac
1674 2035 1862 2081 nostra
1897 2040 2097 2096 prace-

506 2130 597 2194 pta
645 2121 939 2176 temerarie
994 2121 1180 2175 conari
1224 2120 1536 2187 tentaverit,
1580 2120 1716 2175 sciat
1754 2135 1812 2175 se
1858 2120 2097 2192 gratiam

508 2218 581 2271 B.
627 2216 771 2269 Petri
800 2214 1159 2280 amissurum,
1200 2220 1255 2268 et
1283 2212 1646 2268 anathematis
1687 2212 1949 2285 gladium,
1989 2213 2096 2267 nisi

509 2309 822 2379 resipuerit,
846 2308 1219 2363 incursurum.

580 2404 721 2458 Data
751 2402 968 2470 Roma,
996 2401 1161 2455 tertio
1184 2400 1375 2454 Nonas
1395 2399 1602 2467 Martii,
1632 2400 1925 2456 indictione
1956 2415 2023 2456 II.

1008 2534 1362 2591 EPISTOLA
1390 2535 1598 2590 XXIV.

724 2676 807 2718 AD
842 2676 1108 2719 ΔΠΔΤΠΜ
1138 2675 1473 2717 ΕΡῐεΕΟΡυὶΙ
1510 2674 1885 2717 ΕιΟΒΕΝΒΕΜ.

1108 2781 1299 2846 (Anno
1328 2779 1515 2849 1079.)

510 2905 740 2963 Causam
774 2905 914 2956 inter
950 2901 1171 2957 abbates
1202 2904 1411 2957 Sancta:
1440 2902 1622 2957 Crucis
1648 2907 1697 2955 et
1720 2904 1907 2958 Sancti
1927 2904 2109 2959 Severi

582 2975 865 3041 diligenter
892 2976 942 3027 ei
961 2978 1011 3029 et
1042 2976 1230 3029 Diensi
1274 2976 1512 3042 episcopo
1538 2975 1933 3028 terminandum
1963 2990 2107 3028 com-

582 3047 772 3109 mittit;
795 3045 1077 3099 decernens
1102 3046 1321 3099 interim
1341 3045 1484 3114 quod
1518 3046 1574 3096 in
1600 3045 1693 3096 lite
1719 3050 1795 3098 est
1823 3062 1890 3099 em
1909 3047 2107 3113 integro

584 3116 825 3171 abbatia:
852 3118 1061 3171 Sancta:
1084 3116 1269 3172 Crucis
1288 3116 1679 3169 restituendum
1703 3130 1824 3169 esse.

584 3242 898 3299 Gascomus
920 3241 1227 3312 episcopus,
1250 3255 1437 3295 servus
1458 3254 1744 3294 servorum
1768 3239 1893 3307 Dei,
1921 3244 2110 3296 Anno

514 3334 767 3393 Elorensi
800 3334 883 3402 (id
907 3338 983 3390 est
1008 3332 1326 3389 Oleronensi
1352 3336 1410 3387 in
1446 3333 1560 3387 cod.
1593 3334 1793 3388 Murm.
1827 3334 2110 3401 Olorensi)

521 3427 778 3499 episcopo
816 3426 872 3482 in
896 3427 1188 3495 Vasconia,
1217 3427 1449 3482 salutem
1473 3434 1526 3482 et
1553 3427 1911 3498 apostolicam
1941 3427 2110 3482 bene-

513 3521 836 3578 dictionem.

583 3614 884 3681 Jozelinus,
933 3612 1377 3684 archiepiscopus
1414 3613 1813 3685 Burdigalensis
1843 3612 2115 3669 confrater

514 3714 719 3773 noster,
770 3706 991 3761 veniens
1013 3704 1085 3760 ad
1107 3705 1295 3759 limina
1341 3706 1740 3776 apostolorum,
1772 3705 1936 3761 duxit
1956 3707 2116 3761 nobis

515 3797 585 3853 ad
627 3797 953 3852 memoriam
992 3797 1229 3869 qualiter
1257 3797 1387 3852 olim
1416 3806 1601 3853 actum
1630 3798 1703 3852 sit
1747 3798 1815 3854 de
1842 3799 2115 3855 discordia

521 3889 840 3947 monasterii
871 3892 1085 3946 Sancta
1122 3889 1311 3945 Crucis
1356 3898 1410 3944 et
1451 3890 1633 3946 Sancti
1665 3891 1868 3957 Severi,
1918 3893 2118 3961 quidve

520 3982 855 4041 difﬁnitionis
907 3983 963 4038 in
990 3985 1241 4038 Romana
1278 3983 1516 4038 Ecclesia
1546 3983 1860 4053 susceperit.
1893 3985 2035 4039 Nam
2064 3994 2123 4041 et

524 4078 734 4133 litteras
768 4075 901 4131 olim
929 4092 960 4131 a
990 4075 1147 4130 nobis
1184 4090 1349 4146 super
1377 4074 1477 4131 hac
1508 4062 1567 4131 re
1628 4076 1813 4131 abbati
1845 4078 1897 4132 S.
1939 4078 2119 4133 Severi

521 4170 871 4226 transmissas
922 4168 1244 4237 invenimus,
1295 4176 1350 4223 et
1392 4169 1645 4224 abbatem
1694 4170 1994 4225 secundum
2032 4180 2117 4226 te-

524 4278 720 4320 norem
787 4278 979 4319 earum
1031 4261 1434 4318 inobedientem
1499 4261 1667 4319 fuisse
1738 4264 2109 4337 cognovimus.

525 4355 691 4415 Unde
718 4372 789 4413 ne
827 4355 1209 4429 prajudicium
1238 4356 1338 4411 sibi
1370 4357 1547 4428 aliqua
1577 4373 1701 4429 pars
1731 4356 1847 4412 fieri
1876 4358 2119 4430 suspice-

526 4459 637 4519 tur,
681 4451 996 4507 censuimus
1024 4465 1241 4506 causam
1270 4450 1422 4506 illam
1451 4458 1577 4505 ante
1604 4459 1657 4505 te
1694 4458 1748 4506 et
1781 4450 2119 4506 confratrum

2204 1958 2400 2010 Amato
2422 1953 2667 2008 Elorensi
2698 1952 2885 2023 legatis
2922 1952 3126 2006 nostris
3167 1951 3531 2019 commisisse,
3564 1960 3617 2006 et
3640 1951 3800 2023 quid-

2205 2048 2337 2121 quid
2366 2048 2451 2102 isti
2482 2046 2550 2102 de
2574 2062 2634 2101 ea
2662 2061 2721 2102 re
2740 2046 3033 2101 statuerint
3047 2043 3379 2116 judicantes,
3411 2044 3513 2100 hoc
3536 2044 3801 2116 deinceps

2203 2143 2357 2199 vobis
2384 2158 2501 2197 esse
2525 2150 2706 2195 ratum
2725 2138 3057 2211 ﬁrmumque
3084 2139 3405 2194 tenendum.
3431 2142 3691 2193 Attamen
3716 2140 3803 2193 in-

2204 2237 2389 2303 terim,
2431 2244 2491 2290 ut
2546 2234 2695 2289 illam
2756 2233 3175 2304 possessionem,
3246 2233 3453 2289 scilicet
3512 2232 3803 2288 ecclesiam

2207 2334 2418 2388 Sancta
2450 2328 2633 2384 Maria
2664 2327 2730 2383 de
2765 2327 2979 2392 Solaco,
3007 2326 3074 2381 de
3117 2342 3224 2397 qua
3264 2326 3331 2381 lis
3362 2328 3502 2381 inter
3541 2341 3636 2382 vos
3681 2334 3803 2381 orta

2207 2433 2306 2490 est,
2327 2423 2561 2479 abbatia
2592 2423 2804 2477 Sancta
2828 2420 3019 2475 Crucis
3043 2436 3106 2475 ex
3128 2421 3338 2491 integro
3362 2420 3639 2485 restituas,
3669 2435 3803 2490 apo-

2206 2519 2397 2574 stolica
2440 2516 2759 2571 auctoritate
2788 2513 3163 2585 pracipimus,
3207 2522 3261 2569 et
3288 2523 3348 2569 ut
3379 2513 3579 2585 quiete,
3616 2513 3797 2568 donec

2208 2610 2279 2667 ad
2312 2609 2583 2682 judicium
2627 2609 2826 2673 veniat,
2874 2606 3149 2678 possidere
3201 2608 3491 2677 permittas
3536 2621 3603 2662 ex
3648 2614 3806 2677 parte

2208 2705 2353 2761 beati
2378 2704 2519 2759 Petri
2535 2701 2779 2774 jubendo
2809 2716 3117 2755 monemus.
3142 2699 3435 2772 Indignum
3471 2700 3674 2771 quippe
3701 2708 3806 2763 est,

2209 2806 2263 2853 et
2288 2797 2571 2852 canonicis
2600 2795 2866 2850 institutis
2892 2795 3065 2849 nimis
3094 2794 3340 2849 alienum
3382 2792 3643 2847 ducimus
3670 2807 3808 2847 cau-

2213 2907 2354 2957 sam,
2382 2905 2506 2961 qua
2536 2887 2845 2944 ventilanda
2871 2895 2955 2942 est
2982 2887 3053 2943 ad
3076 2901 3326 2949 examen,
3357 2885 3556 2941 debere
3583 2884 3806 2946 deduci.

2216 2984 2317 3038 nisi
2340 2983 2407 3038 de
2432 2982 2595 3037 rebus
2615 2981 2672 3035 in
2696 2980 2788 3035 lite
2825 2980 3012 3050 positis
3037 2980 3128 3035 ille
3168 2980 3262 3051 qui
3293 2980 3402 3033 vim
3433 2979 3633 3050 patitur
3657 2980 3811 3049 prius

2215 3076 2379 3132 fuerit
2420 3075 2725 3130 revestitus.
2782 3076 2942 3127 Juxta
2967 3089 3096 3143 ergo
3126 3072 3273 3143 quod
3319 3080 3371 3127 et
3398 3072 3711 3127 monuimus
3756 3080 3813 3126 et

2146 3182 2191 3245 ρ
2220 3169 2599 3241 pracepimus,
2638 3168 2842 3221 iterum
2883 3165 3151 3220 inculcare
3194 3166 3505 3220 curavimus
3538 3180 3608 3219 ne
3639 3172 3692 3218 te
3720 3164 3813 3219 ul-

2218 3262 2386 3317 terius
2414 3276 2576 3331 super
2617 3260 2720 3315 hac
2770 3275 2858 3325 re,
2904 3260 3046 3314 sicut
3074 3258 3357 3320 hactenus,
3398 3257 3814 3313 inobedientem

2219 3356 2455 3426 reperire
2488 3353 2793 3408 valeamus.
2819 3352 2979 3421 Quod
2999 3353 3045 3407 si
3076 3351 3444 3407 inobedientia
3466 3359 3557 3406 tua
3585 3349 3819 3406 auribus

2222 3449 2427 3503 nostris
2460 3446 2659 3502 iterum
2703 3444 2869 3500 fuerit
2913 3444 3108 3512 delata,
3154 3445 3305 3499 scias
3340 3442 3715 3499 indubitanter
3767 3451 3821 3498 te

2226 3543 2363 3596 iram
2392 3540 2539 3595 beati
2582 3540 2729 3593 Petri
2772 3547 2826 3593 et
2855 3546 3101 3593 nostram
3156 3538 3473 3603 incurrisse,
3528 3544 3583 3591 et
3633 3536 3822 3608 digna

2224 3632 2709 3689 animadversionis
2748 3632 3082 3686 sententiam
3135 3631 3192 3684 in
3238 3630 3541 3701 periculum
3602 3628 3821 3685 ordinis

2226 3730 2306 3783 tui
2330 3741 2678 3799 provocasse.

2296 3824 2437 3876 Data
2466 3823 2687 3885 Roma,
2723 3827 2916 3874 octavo
2945 3816 3074 3873 Idus
3100 3817 3303 3883 Martii,
3336 3815 3525 3872 indict.
3558 3815 3821 3871 secunda.

2723 3940 3063 3994 EPISTOLA
3110 3940 3322 3993 XXVI.

2669 4072 2752 4112 AD
2783 4070 3149 4111 FULCABDUM
3175 4058 3358 4121 (396).

2810 4172 3001 4241 (Anno
3047 4170 3248 4235 1079»

2225 4290 2451 4345 Mandat
2482 4294 2542 4342 ut
2580 4288 2941 4348 Lambertum,
2971 4303 3129 4355 quem
3162 4287 3274 4354 ipsi
3305 4290 3487 4339 contra
3523 4300 3628 4339 sua
3658 4302 3829 4341 man-

2296 4363 2432 4415 data
2459 4361 2595 4413 male
2622 4363 3003 4419 tractaverant,
3029 4359 3324 4427 suscipiant
3351 4359 3505 4425 eique
3528 4358 3715 4410 ablata
3739 4374 3829 4411 re-

2298 4436 2552 4497 stituant,-
2593 4432 2703 4483 nisi
2721 4431 3027 4498 paruerint,
3072 4444 3153 4483 eos
3185 4430 3508 4497 punituan
3554 4431 3827 4482 minatur.

529 4553 783 4601 nostrum
808 4547 1120 4617 Hugonem,
1160 4544 1420 4599 Diensem
1459 4544 1794 4615 episcOpum,
1838 4545 2122 4616 diligenter
2150 4513 2201 4575 Β
2303 4548 2662 4603 Ganconws
2680 4544 2990 4616 episcopus,
3018 4559 3206 4598 servus
3219 4558 3502 4598 servorum
3528 4544 3652 4606 Dei,
3673 4545 3832 4598 Fur.-

530 4652 647 4693 esse
692 4637 1115 4702 retractandam,
1148 4638 1221 4692 ita
1268 4646 1331 4693 ut
1369 4645 1596 4709 uterque
1624 4636 1900 4693 auditores
1945 4638 2127 4710 legiti-

530 4745 711 4797 mum,
758 4733 938 4785 Deum
978 4730 1288 4797 auxiliante,
1319 4730 1449 4786 huic
1488 4731 1704 4803 negotio
1749 4730 1918 4787 ﬁnem
1946 4731 2125 4802 impo-

532 4824 699 4879 natis.
724 4822 1177 4894 Adjudicavimus
1200 4824 1367 4879 etiam
1388 4832 1448 4879 ut
1474 4823 1611 4880 illud
1641 4824 1789 4894 quod
1817 4826 1878 4879 in
1906 4825 2001 4880 lite
2020 4834 2124 4889 est,

533 4931 601 4972 ex
628 4917 841 4987 integro
888 4916 1120 4972 abbatia
1149 4918 1359 4973 Sancta
1396 4917 1581 4973 Crucis
1623 4918 1963 4983 restituatur,
1994 4933 2125 4988 qua-

534 5016 714 5077 tenus,
754 5009 1095 5080 possessione
1123 5009 1223 5065 sibi
1264 5008 1494 5075 reddita,
1524 5010 1844 5066 canonicum
1881 5019 1936 5066 et
1962 5010 2129 5083 legale

538 5101 609 5157 sit
631 5103 782 5175 quod
826 5101 1001 5157 acturi
1027 5101 1178 5168 estis,
1209 5109 1262 5157 et
1289 5102 1345 5156 in
1371 5102 1714 5158 exsecutione
1737 5102 1926 5174 judicii
1956 5104 2128 5159 nostri

536 5195 1037 5267 irreprebensibiles
1066 5195 1389 5267 appareatis.
1418 5194 1577 5266 Quod
1616 5196 1661 5250 si
1692 5194 1783 5251 ille
1812 5195 2130 5252 inobediens

536 5287 724 5357 fuerit,
770 5298 825 5344 et
865 5297 1184 5345 memorata
1210 5288 1450 5345 ecclesia
1490 5288 1860 5343 investituram
1902 5289 2131 5347 abbatia

536 5383 749 5440 Sancta
777 5382 963 5439 Crucis
990 5398 1103 5437 non
1143 5382 1464 5449 restituerit,
1492 5381 1646 5436 illum
1692 5381 1831 5437 sicut
1870 5383 2129 5439 rebellem

539 5492 571 5533 a
599 5477 991 5532 communione
1028 5476 1274 5548 corporis
1293 5484 1351 5531 et
1376 5476 1657 5547 sanguinis
1680 5476 1907 5531 Domini
1931 5480 2129 5534 merito

540 5578 805 5642 separate.

610 5669 754 5721 Data
769 5667 986 5733 Roma,
999 5672 1190 5720 octavo
1202 5664 1333 5720 Idus
1343 5664 1549 5733 Martii,
1563 5665 1862 5723 indictione
1873 5666 2126 5724 secunda.

617 5854 774 5928 (396)
805 5856 1174 5929 Praepositum
1193 5863 1250 5913 et
1275 5856 1578 5915 canonicos
1606 5855 1920 5913 Insulanos.

2234 4654 2434 4696 αλιιυο
2456 4638 2727 4694 lnsulana
2755 4637 3197 4708 congregationis
3226 4636 3545 4706 praeposito,
3576 4636 3829 4691 cateris-

2234 4749 2339 4805 que
2357 4731 2598 4804 ejusdem
2625 4730 3059 4801 congregationis
3079 4730 3357 4784 canonicis
3372 4736 3487 4783 tam
3516 4728 3833 4784 minoribus

2235 4842 2403 4897 quam
2432 4824 2751 4894 majoribus,
2786 4824 2910 4878 licet
2932 4823 3090 4877 aliter
3113 4821 3329 4877 meritis
3351 4818 3701 4893 [mereatis],
3730 4836 3830 4875 sa-

2235 4920 2409 4975 lutem
2437 4926 2491 4973 et
2508 4917 2861 4989 apostolicam
2884 4915 3347 4971 benedictionem.

2304 5015 2430 5067 Non
2456 5010 2736 5067 modicum
2767 5008 3076 5065 offendistis
3096 5025 3199 5065 nos
3229 5024 3393 5079 super
3416 5006 3620 5079 injuria
3647 5014 3704 5063 et
3729 5022 3831 5062 ex-

2234 5106 2561 5177 spoliatione
2602 5120 2789 5159 rerum
2840 5103 3122 5158 Lamberti
3166 5103 3265 5158 ﬁlii
3294 5103 3472 5157 nostri
3508 5118 3537 5157 a
3575 5100 3733 5156 vobis
3758 5101 3835 5155 il-

2236 5199 2361 5267 lata,
2388 5199 2503 5253 imo
2546 5199 2603 5253 in
2631 5212 2861 5267 persona
2885 5212 2983 5251 sua
3011 5196 3170 5252 nobis
3204 5195 3342 5251 facta
3370 5195 3645 5267 pracipue
3701 5210 3831 5249 cum

2237 5309 2334 5364 per
2360 5292 2752 5363 Ingelrannum
2802 5299 3052 5345 nostrum
3088 5290 3249 5344 nobis
3277 5288 3721 5344 mandaverimus
3772 5295 3837 5342 ut

2236 5386 2286 5440 ei
2324 5384 2533 5440 nullam
2576 5384 2835 5454 injuriam
2877 5383 3156 5439 inferretis
3198 5390 3418 5453 propter
3461 5380 3830 5437 obedientiam

2233 5492 2401 5551 quam
2446 5477 2552 5533 sibi
2600 5477 2963 5549 injunximus.
3014 5476 3337 5532 Mandamus
3378 5491 3507 5547 ergo
3547 5473 3728 5542 vobis,
3777 5482 3831 5529 et

2235 5572 2534 5643 apostolica
2577 5572 2905 5627 auctoritate
2948 5571 3323 5642 pracipimus,
3368 5569 3512 5624 sicut
3539 5568 3831 5623 canonicis

2234 5666 2539 5738 specialiter
2586 5667 2818 5723 munitis
2869 5665 3165 5737 privilegiis
3217 5666 3279 5719 Β.
3338 5663 3507 5729 Petri,
3562 5668 3832 5735 quatenus
