4144 6184
268 350 369 403 533

1376 349 1571 403 LIBER
1607 348 1878 403 SEXTUS.
1919 379 1984 387 —-
2026 348 2234 403 EPIST.
2274 348 2444 401 XXIX.

3458 357 3559 409 534

264 472 411 527 hunc
438 471 612 527 ﬁlium
638 478 888 526 nostrum
916 471 1274 527 Lambertum
1304 471 1529 527 fratrem
1554 480 1610 527 et
1645 489 1849 528 conca-
1879 478 1933 541 Α
2035 473 2300 527 Miramur
2329 471 2693 527 temeritatem
2722 480 2774 527 et
2796 472 3148 530 insolentiam
3173 477 3554 547 prasumptio-

261 566 524 621 nonicum
565 572 806 621 vestrum
854 580 983 619 cum
1026 565 1172 619 omni
1214 564 1582 621 benevolentia
1621 573 1674 621 et
1715 566 1855 621 dile-

262 660 440 715 ctione
472 658 801 729 suscipiatis,
831 666 886 712 et
914 674 1009 713 sua
1048 658 1146 713 sibi
1174 659 1379 731 integre
1409 659 1725 727 restituatis,
1765 675 1845 714 reo

259 753 550 809 mittentes
578 751 752 817 vobis,
773 752 894 822 ipso
922 734 1114 807 eodem
1145 753 1557 821 interveniente,
1590 753 1853 825 quidquid

259 846 318 902 in
357 860 426 901 eo
475 853 533 901 et
565 844 723 900 nobis
767 843 1089 914 deliquistis,
1142 861 1206 900 eo
1261 846 1512 901 videlicet
1552 854 1739 901 tenore
1782 862 1853 902 ne

262 938 519 1011 deinceps
555 946 745 993 contra
774 946 963 993 nostra
994 947 1048 993 et
1089 947 1405 995 sanctorum
1448 955 1720 995 canonum
1764 939 1853 996 de-

254 1041 402 1089 creta
440 1047 600 1104 agere
646 1030 1012 1103 prasumatis.
1050 1031 1213 1101 Quod
1254 1033 1298 1087 si
1328 1031 1503 1089 facere
1540 1033 1851 1106 neglexeri-

253 1131 325 1188 tis
362 1130 538 1203 (quod
562 1130 749 1197 absit),
779 1145 1108 1201 rursumque
1136 1130 1343 1186 clamor
1371 1130 1440 1186 ad
1486 1147 1589 1187 nos
1634 1147 1731 1187 seu
1781 1131 1851 1188 ad

253 1225 519 1280 vicarium
575 1231 825 1279 nostrum
880 1224 1244 1279 venerabilem
1302 1224 1485 1280 virum
1550 1228 1848 1297 Hugonem

257 1319 521 1374 Diensem
544 1318 859 1389 episcopum
896 1317 1127 1384 venerit,
1163 1325 1219 1373 et
1250 1318 1486 1387 gratiam
1516 1320 1582 1373 B.
1624 1319 1770 1374 Petri
1800 1326 1854 1374 et

254 1419 504 1468 nostram
538 1409 799 1482 perdetis,
836 1418 892 1465 et
920 1426 1021 1466 nos
1047 1410 1274 1466 ulterius
1296 1410 1448 1467 nullo
1470 1411 1637 1467 modo
1680 1412 1852 1483 patie-

258 1522 381 1561 mur
399 1505 624 1572 inultos,
654 1503 770 1572 sed,
793 1503 931 1560 sicut
948 1502 1177 1576 dignum
1201 1502 1382 1573 fuerit,
1413 1505 1591 1576 gladio
1613 1508 1678 1561 B.
1707 1506 1850 1561 Petri

256 1606 644 1669 contemptum
670 1606 926 1653 nostrum
950 1597 1368 1653 vindicabimus.

325 1694 460 1749 Data
487 1694 709 1762 Roma,
739 1690 986 1747 secundo
1021 1690 1153 1746 Idus
1178 1691 1383 1760 Martii,
1415 1690 1532 1747 ind.
1574 1706 1649 1748 ir.

740 1798 1097 1854 EPIS’I‘OLA
1138 1799 1373 1853 XXVII.

449 1916 537 1957 AD
566 1914 899 1958 MONACHOS
927 1915 1221 1956 DOLENSIS
1248 1916 1649 1957 HONASTERII.

848 1997 1035 2062 (Anno
1085 1994 1262 2065 [079.)

260 2100 506 2169 Pracipit
530 2103 612 2165 ut,
645 2103 823 2152 amoto
851 2099 1145 2160 Gualterio,
1176 2113 1332 2167 quem
1358 2100 1418 2151 in
1439 2098 1687 2151 abbatem
1722 2114 1846 2153 con-

324 2177 413 2225 tra
442 2173 1039 2224 excommunicationem
1068 2170 1360 2237 elegerant,
1404 2172 1599 2238 quique
1640 2172 1699 2222 in
1732 2186 1848 2224 con-

326 2243 452 2295 cilio
466 2241 749 2312 depositus
780 2244 985 2308 fuerat,
1019 2243 1366 2295 Viennensem
1386 2241 1848 2310 archiepiscopum

320 2314 379 2366 in
417 2312 662 2366 abbatem
682 2315 995 2381 suscipiant.
1027 2316 1128 2365 Pro
1152 2328 1333 2365 eorum
1354 2318 1529 2365 autem
1552 2312 1848 2366 inobedien-

323 2387 403 2438 tia
443 2399 625 2438 coram
664 2386 854 2439 Diensi
898 2385 1134 2453 episcopo
1159 2386 1521 2451 Compareant,
1554 2384 1703 2451 eique
1729 2385 1845 2437 obe-

318 2456 511 2517 diant;
534 2456 619 2508 sin
638 2458 831 2521 minus,
856 2457 1453 2509 eat-communicationem
1478 2457 1537 2507 in
1562 2469 1649 2507 eos
1675 2454 1848 2510 tatam

318 2542 373 2582 se
398 2529 850 2595 conﬁrmaturum
875 2528 977 2581 ait.

316 2630 681 2685 GBEGOBIUS
707 2629 1029 2699 episcopus,»
1047 2643 1239 2683 servus
1259 2643 1548 2684 servorum
1574 2627 1697 2695 Dei,
1726 2643 1848 2683 mo-

259 2723 440 2778 nachis
482 2722 741 2778 Dolensis
785 2721 1125 2776 monasterii.

314 2816 599 2874 Noveritis
651 2816 1022 2881 Gualterium,
1062 2831 1226 2886 quem
1278 2814 1435 2870 vobis
1482 2815 1539 2869 in
1590 2814 1846 2871 abbatem

258 2920 443 2967 contra
477 2909 1111 2965 excommunicationem
1140 2908 1453 2978 apostolica
1483 2908 1628 2964 sedis
1646 2909 1850 2963 consti-

255 3004 446 3071 tuistis,
485 3001 886 3058 collaudatione
918 3002 1155 3057 Romani
1198 3000 1415 3056 concilii
1450 3017 1481 3057 a
1512 3001 1673 3057 nobis
1710 3002 1853 3057 irre-

252 3097 635 3170 cuperabiliter
678 3111 798 3151 esse
833 3094 1174 3166 depositum,
1208 3103 1302 3163 et,‘
1329 3095 1370 3151 si
1402 3094 1471 3150 de
1497 3094 1850 3151 administra-

250 3192 389 3247 tione
417 3190 653 3245 abbatia
681 3198 873 3244 vestra
898 3205 954 3244 se
982 3189 1227 3255 ulterius,
1255 3189 1487 3260 cognitis
1516 3189 1603 3243 his
1633 3189 1849 3257 litteris,

249 3284 635 3347 intromiserit,
673 3282 897 3338 omnino
942 3281 1562 3338 exeommunicandum.
1609 3284 1852 3353 Quapro-

246 3388 361 3449 pter
386 3376 697 3447 apostolica
722 3376 880 3432 vobis
906 3376 1236 3432 auctoritate
1261 3375 1614 3447 pracipimus
1642 3384 1702 3430 ut
1732 3392 1853 3431 con-

246 3471 490 3528 fratrem
516 3478 771 3525 nostrum
814 3468 1229 3535 Wormundum
1270 3469 1637 3525 Viennensem
1675 3468 1853 3524 archi-

247 3567 601 3637 episcopum,
631 3578 796 3635 quem
825 3563 981 3617 vobis
1010 3563 1067 3616 in
1096 3562 1374 3627 abbatem,
1406 3565 1524 3616 Deo
1553 3571 1851 3628 annuente,

249 3658 653 3722 ordinavimus,
697 3657 815 3733 sine
844 3656 995 3711 omni
1025 3655 1463 3711 contradictione
1503 3655 1845 3725 suscipiatis,

252 3751 365 3806 etei
389 3750 534 3806 sicut
560 3750 700 3821 patri
722 3758 777 3805 et
806 3749 989 3804 abbati
1018 3765 1115 3820 per
1143 3749 1329 3804 omnia
1361 3756 1479 3804 toto
1507 3747 1691 3803 cordis
1718 3747 1854 3803 affe-

258 3852 346 3899 ctu
369 3842 643 3899 obediatis
668 3861 682 3895 :
720 3851 776 3897 et
807 3843 935 3913 quia
960 3858 1072 3897 non
1091 3842 1369 3897 modicum
1398 3858 1496 3913 pro
1536 3841 1853 3897 inobedien-

258 3936 334 3990 tia
362 3944 531 3992 vestra
562 3935 870 3992 incurristis
898 3934 1183 4003 delictum,
1217 3935 1564 4007 pracipimus
1588 3935 1761 4001 vobis,
1791 3943 1853 3990 ut

264 4029 543 4086 Dominica
570 4030 747 4102 prima
780 4037 903 4101 post
931 4032 1308 4095 Pentecosten,
1340 4044 1398 4083 sc
1426 4029 1570 4083 ilicet
1610 4028 1665 4083 in
1695 4039 1850 4084 octa-

268 4121 370 4187 vis,
413 4140 595 4179 coram
623 4123 834 4179 vicario
863 4131 1053 4178 nostro
1094 4124 1329 4193 Hugone
1367 4121 1570 4176 Diense
1598 4122 1850 4193 episcopo

266 4214 605 4278 satisfacturi,
628 4217 900 4273 Valentia
932 4215 1182 4272 videlicet
1211 4215 1332 4270 urbi
1369 4230 1465 4269 vos
1490 4224 1844 4285 repraesente-

268 4308 355 4375 tis,
389 4316 443 4364 et
468 4310 611 4381 quod
636 4310 750 4380 ipse
779 4310 934 4365 vobis
970 4308 1285 4380 praceperit
1323 4308 1634 4365 obedienter
1666 4318 1854 4365 tenea-

269 4400 355 4456 tis.
384 4403 537 4471 Quod
570 4405 618 4458 si
648 4404 753 4475 ipsi
782 4402 977 4475 spiritu
1007 4402 1281 4473 superbia
1317 4402 1402 4457 bis
1432 4403 1632 4458 nostris
1662 4404 1854 4461 litteris

268 4493 627 4552 inobedientes
676 4495 911 4561 fueritis,
963 4496 1586 4552 excommunicationem
1633 4514 1662 4553 a
1711 4514 1854 4569 pra-

270 4585 375 4643 fato
399 4590 596 4646 vicario
622 4598 812 4646 nostro
853 4605 1017 4660 super
1040 4605 1138 4644 vos
1175 4588 1379 4645 factam
1419 4589 1489 4646 ab
1514 4590 1605 4647 illo
1634 4590 1724 4648 die
1749 4608 1852 4648 nos
1880 4588 1929 4649 D

269 4682 610 4739 conﬁrmasse
637 4681 1009 4738 indubitanter
1033 4682 1237 4738 sciatis.

332 4778 467 4831 Data
494 4781 716 4841 Roma,
748 4785 941 4832 octavo
969 4776 1123 4849 [xm]
1154 4776 1429 4833 Kalendas
1454 4778 1677 4849 Aprilis,
1707 4778 1848 4833 indi-

266 4869 443 4925 ctione
483 4870 743 4928 secunda.

722 4973 1077 5028 EPISTOLA
1117 4973 1385 5028 XXVIII.

538 5091 619 5132 an
650 5080 799 5143 (397)
826 5089 1081 5132 uomens
1109 5089 1560 5131 mrumcmvsss.

858 5169 1041 5240 (Anno
1075 5169 1256 5239 1079.)

737 5271 996 5343 Ejusdem
1038 5274 1371 5341 argumenti.

333 5374 696 5431 Gnmonws
721 5374 1029 5445 episcOpus,
1054 5388 1242 5428 servus
1270 5388 1553 5427 servorum
1573 5372 1700 5440 Dei,
1728 5374 1854 5428 Bo-

267 5479 521 5531 nunmo,
566 5469 794 5531 Opom,
821 5470 1091 5533 Eppom,
1129 5469 1456 5531 UMBALDO,
1502 5470 1851 5533 EVBBABDO,

265 5560 505 5627 Bozom,
525 5562 829 5626 GIBALDO,
845 5549 1202 5628 Annunno,
1218 5569 1272 5615 et
1294 5560 1502 5616 caeteris
1520 5560 1854 5631 principibus

263 5654 514 5712 Biturica
532 5654 800 5726 regionis,
842 5655 1071 5710 salutem
1103 5663 1159 5711 et
1199 5655 1559 5727 apostolicam
1605 5652 1854 5709 benedic-

263 5749 497 5817 tionem,
530 5748 580 5805 si
604 5747 938 5804 obedierint.

331 5902 472 5973 (397)
502 5900 784 5972 Principes
809 5898 1042 5973 regionis
1065 5903 1343 5963 Biturica.

1966 566 2054 621 nis
2077 575 2271 622 vestra
2300 563 2481 637 quod,
2516 574 2705 620 contra
2730 564 2813 621 fas
2841 575 2895 621 et
2924 570 3552 627 excommunicationem

1952 660 2320 731 apostolicam
2337 658 2487 714 vobis
2501 659 3038 726 delatam,abbatiam
3053 663 3369 730 Dolensem,
3389 680 3554 735 quam

1962 754 2018 808 in
2051 754 2273 808 tutelam
2304 754 2564 808 hactenus
2597 753 2882 821 habuistis,
2914 754 3028 809 imo
3056 756 3220 810 etiam
3248 757 3549 823 [invasistis

1963 846 2076 902 imo
2109 852 2181 916 et]
2206 847 2274 902 ad
2309 847 2600 902 cumulum
2639 846 2947 902 detrimenti
2970 856 3083 903 tam
3112 849 3423 906 animarum
3464 868 3555 907 ve-

1963 949 2203 996 strarum
2223 956 2391 1012 quam
2420 957 2737 1017 corporum,
2760 941 2968 1011 abiecto
3007 958 3071 997 eo
3100 959 3265 1014 quem
3297 945 3551 1001 manibus

1962 1034 2214 1106 pr0priis,
2247 1037 2364 1089 Deo
2393 1035 2629 1101 volente,
2661 1033 2815 1090 vobis
2846 1035 2902 1089 in
2928 1035 3185 1091 abbatem
3216 1040 3550 1094 consecravi-

1963 1144 2109 1193 mus,
2148 1128 2494 1184 Gualterium
2531 1128 2835 1184 invasorem
2864 1129 3353 1201 irrecuperabiliter
3382 1132 3551 1203 depo-

1962 1223 2202 1289 suimus,
2250 1230 2304 1277 et
2358 1222 2406 1277 ei
2438 1238 2524 1277 res
2565 1222 2805 1278 ecclesia
2843 1222 3066 1294 suisque
3096 1222 3399 1282 fautoribus
3446 1226 3553 1282 sub

1961 1314 2525 1371 excommunicatione
2584 1314 2983 1371 interdiximus.
3039 1315 3313 1372 Confratri
3367 1326 3551 1374 autem

1960 1417 2146 1464 nostro
2190 1407 2539 1464 Wormundo
2581 1408 2873 1463 Viennensi
2916 1409 3329 1482 archiepiscopo
3377 1411 3548 1467 abba-

1960 1502 2097 1557 tiam
2132 1501 2426 1556 Dolensem
2456 1501 2855 1568 concessimus,
2886 1502 3000 1557 imo
3030 1503 3397 1559 reddidimus.
3439 1508 3552 1560 Vos

1958 1611 2087 1667 ergo
2115 1610 2425 1663 monemus,
2452 1603 2506 1649 et
2531 1595 2827 1665 apostolica
2847 1597 3169 1652 auctoritate
3198 1598 3551 1669 pracipimus

1958 1699 2018 1745 ut
2048 1688 2259 1760 abjecto
2281 1688 2543 1743 invasoris
2571 1687 2813 1759 pradicti
2839 1689 3111 1756 dominio,
3132 1690 3317 1745 abbati
3344 1702 3545 1759 vestro,

1951 1782 2074 1853 jure
2101 1782 2385 1850 canonico,
2420 1782 2768 1837 Wormundo
2810 1783 3097 1838 Viennensi
3137 1783 3548 1857 archiepiscopo

1888 1856 1935 1918 Β
1959 1877 2167 1932 sincera
2197 1883 2383 1931 mente
2412 1884 2465 1929 et
2492 1891 2632 1946 puro
2670 1876 2835 1930 corde
2875 1875 3158 1931 obediatis.
3198 1876 3361 1946 Quod
3384 1878 3429 1933 si
3460 1856 3547 1935 re-

1954 1969 2120 2024 belles
2146 1972 2264 2023 Deo
2289 1978 2343 2023 et
2373 1968 2529 2023 beato
2558 1970 2720 2023 Petro
2751 1967 2805 2022 in
2846 1968 2932 2023 his
2965 1968 3223 2041 deinceps
3250 1968 3486 2039 fueritis,
3516 1988 3547 2027 a

1956 2062 2247 2117 Dominica
2268 2061 2441 2132 prima
2461 2069 2584 2132 post
2606 2064 2989 2129 Pentecosten,
3010 2062 3224 2118 scilicet
3244 2063 3303 2117 in
3319 2066 3544 2133 octavis,

1954 2172 2083 2211 cum
2124 2155 2457 2211 Dolensibus
2489 2154 2797 2222 monachis,
2829 2155 2933 2210 nisi
2964 2154 3333 2211 satisfecerint
3360 2173 3547 2213 coram

1956 2249 2153 2305 vicario
2177 2258 2365 2304 nostro
2392 2251 2623 2321 Hugone
2653 2248 2837 2303 Diensi
2866 2249 3117 2320 episcopo
3138 2250 3425 2317 Valentia,
3454 2268 3550 2308 vos

1957 2341 2509 2398 excommunicationi
2548 2340 2921 2413 subjacebitis.
2962 2342 3019 2397 Si
3054 2351 3239 2398 autem
3279 2343 3418 2414 patri
3453 2359 3548 2401 ve-

1956 2444 2069 2491 stro
2104 2435 2392 2507 spirituali,
2440 2434 2702 2490 confratri
2740 2434 2932 2490 nostro
2980 2435 3336 2492 Wormundo
3381 2438 3544 2493 Vien-

1958 2530 2116 2584 nensi
2154 2529 2580 2600 archiepiscopo,
2616 2527 2981 2583 obedientiam
3006 2537 3062 2583 et
3096 2530 3365 2586 auxilium
3395 2531 3544 2587 exhi-

1956 2621 2209 2689 bueritis,
2236 2622 2469 2693 gratiam
2508 2622 2608 2676 Dei
2639 2629 2694 2676 et
2733 2620 2878 2677 beati
2919 2622 3065 2677 Petri
3107 2624 3440 2694 percipietis.
3472 2628 3549 2681 Te

1957 2725 2164 2781 autem,
2196 2713 2508 2785 Rodulphe,
2530 2714 2652 2784 quia
2672 2714 2728 2768 in
2746 2715 2828 2768 his
2857 2714 2976 2785 plus
3003 2717 3219 2771 cateris
3244 2717 3339 2772 tibi
3368 2733 3397 2772 a
3431 2723 3549 2774 Deo

1958 2825 2211 2866 concessa
2237 2817 2321 2863 est
2347 2816 2610 2878 potestas,
2636 2821 2900 2878 rogamus
2920 2816 2973 2861 te
2999 2816 3053 2862 et
3086 2809 3454 2879 pracipimus,
3487 2821 3550 2867 ut

1959 2920 2085 2960 eum
2111 2904 2170 2957 in
2205 2901 2481 2956 abbatiam
2513 2899 2629 2955 sine
2655 2897 3003 2954 simulatione
3028 2908 3085 2955 et
3114 2900 3243 2956 dolo
3268 2904 3543 2971 restituas,

1960 3007 2015 3053 et
2039 2996 2206 3053 totius
2237 2996 2335 3050 ira
2362 2994 2472 3048 sive
2504 2991 2793 3049 discordia
2822 2992 3044 3061 oblitus,
3074 2994 3123 3047 ei
3156 3002 3216 3048 ut
3244 2994 3386 3049 ﬁlius
3418 2996 3550 3051 cha-

1960 3090 2211 3147 rissimus
2246 3087 2556 3153 cohareas,
2590 3095 2858 3158 quatenus
2891 3087 3117 3157 gratiam
3151 3089 3249 3142 Dei
3282 3096 3337 3143 et
3365 3105 3550 3159 pecca-

1959 3193 2145 3241 torum
2172 3192 2398 3239 tuorum
2419 3179 2814 3251 indulgentiam
2842 3180 2911 3234 ab
2938 3181 3058 3251 ipso
3079 3182 3165 3235 cui
3188 3180 3313 3238 data
3343 3192 3431 3239 est
3455 3200 3550 3254 po-

1963 3286 2129 3334 testas
2157 3275 2362 3348 ligandi
2392 3284 2558 3346 atque
2586 3271 2829 3328 solvendi
2853 3274 3141 3345 percipias.

2030 3374 2169 3426 Data
2199 3373 2425 3436 Roma,
2456 3366 2670 3423 decimo
2706 3368 2867 3422 tertio
2910 3367 3039 3423 Kal.
3081 3368 3317 3439 Aprilis,
3351 3368 3545 3427 indict.

1960 3463 2219 3522 secunda.

2439 3559 2794 3614 EPISTOLA
2844 3560 3069 3615 XXIX.

2154 3678 2238 3719 AD
2279 3674 2634 3717 LADISLAUM
2660 3674 3100 3716 HUNGABOBUH
3128 3676 3357 3718 BEGEM.

2552 3758 2732 3818 (Anno
2774 3758 2957 3819 1079.)

1960 3863 2113 3928 Regis
2162 3859 2490 3912 devotionem
2537 3869 2667 3924 erga
2712 3856 2887 3909 sedem
2931 3856 3281 3924 apostolicam
3335 3858 3546 3913 laudat.

2032 3933 2251 3987 Comites
2280 3928 2545 3997 quosdam
2574 3941 2636 3979 ac
2676 3928 2879 3981 milites
2906 3928 3127 3980 ecclesia
3150 3930 3325 3995 ﬁdeles
3354 3930 3554 3997 injuste

2032 4006 2089 4057 in
2120 4001 2379 4055 exsilium
2414 3999 2676 4066 relegatos
2702 4000 3048 4053 commendat.
3088 3999 3179 4053 Ad
3216 4002 3551 4054 ecclesiarum

2029 4074 2390 4198 getfensionem
2410 4072 2686 4141 hortatur,
2710 4069 3015 4141 legatosque
3040 4069 3114 4123 ad
3145 4084 3199 4124 se
3226 4074 3437 4127 mittere
3456 4072 3550 4140 ju-

2065 4161 2090 4198 e
2120 4186 2132 4198 .

2065 4161 2132 4199 ετ.

2030 4248 2376 4304 Gneoomns
2405 4246 2708 4318 episc0pus,
2741 4260 2928 4300 servus
2965 4259 3251 4300 servorum
3280 4244 3401 4313 Dei,
3438 4248 3551 4302 LA-

1964 4355 2174 4398 DISLAO
2222 4344 2611 4411 Hungarorum
2654 4339 2768 4410 regi
2811 4337 3045 4393 salutem
3088 4346 3144 4391 et
3182 4338 3541 4409 apostolicam

1962 4434 2417 4491 benedictionem.

2035 4530 2189 4585 Sicut
2227 4527 2471 4581 ﬁdelium
2516 4535 2741 4581 tuorum
2767 4523 2955 4579 crebra
2996 4523 3263 4579 relatione
3292 4527 3552 4595 cognovi-

1961 4638 2107 4688 mus,
2159 4621 2417 4691 idemque
2461 4620 2638 4690 ipsum
2681 4618 2879 4672 nostris
2925 4616 3314 4672 attestantibus
3364 4627 3549 4675 ratum

1954 4715 2242 4782 habemus,
2277 4713 2590 4769 excellentia
2620 4720 2712 4765 tua
2745 4710 2815 4765 ad
2856 4708 3202 4765 serviendum
3237 4710 3394 4767 beato
3439 4714 3549 4769 Pe-

1958 4818 2065 4876 tro,
2110 4805 2577 4878 quemadmodum
2614 4804 2865 4876 religiosa
2909 4811 3151 4875 potestas
3178 4804 3359 4872 debet,
3391 4816 3449 4861 et
3477 4807 3549 4863 ad

1957 4898 2323 4958 obediendum
2370 4898 2529 4954 nobis
2557 4906 2619 4953 ut
2651 4896 2928 4953 liberalem
2968 4895 3145 4952 ﬁlium
3189 4897 3379 4968 decet,
3425 4886 3548 4960 toto

1956 4993 2159 5051 affectu
2182 5001 2236 5047 et
2259 4992 2442 5047 cordis
2468 4988 2772 5046 intentione
2798 4999 2981 5062 parata
3012 4999 3117 5045 est.
3167 4992 3331 5048 Unde
3370 4994 3543 5051 nimi-

1956 5106 2081 5145 rum
2120 5087 2472 5143 devotionem
2502 5084 2697 5140 mentis
2730 5093 2841 5140 tua
2873 5099 3038 5155 super
3078 5084 3184 5139 hoc
3220 5085 3398 5141 studio
3437 5105 3554 5146 non

1958 5182 2179 5254 indigne
2202 5178 2487 5236 laudamus
2509 5178 2668 5250 eique
2688 5178 2897 5233 sincere
2917 5178 3370 5248 congratulamur
3392 5183 3543 5249 quod

1959 5275 2182 5347 quidem
2227 5273 2565 5344 optimorum
2595 5286 2788 5342 regum
2834 5269 3118 5341 sequendo
3158 5273 3384 5343 vestigia
3428 5274 3553 5331 illu-

1959 5376 2116 5435 strat,
2166 5366 2431 5423 servando
2468 5373 2584 5420 tam
2626 5364 2686 5419 in
2732 5364 2977 5419 moribus
3024 5380 3281 5421 normam
3316 5366 3550 5438 justitia

1960 5477 2127 5534 quam
2176 5461 2341 5515 etiam
2372 5459 2570 5513 lineam
2600 5456 2903 5513 nobilitatis
2953 5457 3012 5512 in
3054 5459 3336 5529 sanguine.
3368 5462 3547 5530 Igitur

1961 5555 2084 5627 quia
2130 5553 2199 5608 de
2245 5551 2583 5607 celsitudinis
2627 5558 2739 5606 tua
2767 5549 3089 5606 liberalitate
3134 5559 3189 5605 et
3234 5551 3549 5609 obedientia

1962 5648 2096 5704 satis
2133 5645 2487 5711 conﬁdimus,
2544 5642 2615 5698 ad
2673 5643 2937 5716 quiddam
2996 5652 3197 5699 nostra
3258 5644 3548 5702 universali

1961 5739 2311 5800 sollicitudini
2363 5752 2694 5811 congruens,
2732 5736 2883 5808 quod
2931 5737 3133 5795 honori
3184 5751 3404 5808 quoque
3456 5747 3552 5793 tuo
