4074 6172
508 345 605 396 535
1186 337 1238 391 8.
1283 330 1605 388 GREGORII
1642 330 1730 383 VII
1770 328 1965 383 ΡΑΡίΕ
2003 324 2277 381 OPERUM
2316 324 2489 378 PARS
2530 326 2571 379 l.
2610 353 2678 364 —
2715 322 3111 378 REGISTRUM.

3693 319 3795 372 536

504 485 618 524 non
654 484 850 541 parum
889 464 1205 528 concordat,
1256 463 1490 517 invitare
1527 468 1583 514 te
1608 474 1722 513 non
1753 457 2096 524 dubitamus,
2128 457 2181 520 Α
2210 452 2354 510 ferre
2377 453 2704 525 jamdudum
2734 452 2837 507 tibi
2861 451 3219 507 constitisset.
3257 452 3485 515 Verum,
3511 449 3656 503 sicut
3683 452 3817 501 cer-'

506 571 773 634 quatenus
800 562 855 614 in
881 575 946 613 eo
976 567 1031 612 et
1058 557 1148 611 illa
1178 571 1303 627 qua
1329 554 1396 610 de
1423 562 1479 608 te
1512 552 1699 608 verbis
1724 551 1855 606 solis
1888 550 2089 606 credita

508 665 638 711 sunt
679 668 796 708 esse
826 667 946 706 vera
996 649 1125 705 facti
1174 648 1378 703 indicio
1428 653 1679 718 pateant,
1728 653 1780 700 et
1821 645 1982 699 nobis
2025 642 2097 697 sit

506 754 692 818 aperta
724 744 936 799 firmior
958 758 1140 809 causa,
1172 758 1279 813 qua
1321 750 1377 796 te
1415 756 1532 811 prae
1556 738 1773 795 cateris
1806 738 1971 809 regia
2010 735 2099 791 di-

508 837 729 912 gnitatis
752 837 987 907 amplius
1006 835 1403 906 specialiusque
1424 833 1650 905 diligere
1672 831 1875 887 merito
1903 829 2101 885 debea-

506 947 654 986 mus.
697 932 890 1001 Itaque
918 929 1151 984 comites
1182 927 1303 983 illos
1332 926 1529 982 vel.....
1572 924 1829 981 videlicet
1870 926 2012 979 D....
2044 930 2101 978 et

693 1039 994 1093 eorumque
1021 1022 1221 1076 milites
1238 1064 1252 1086 ,
1284 1034 1421 1092 quos
1439 1020 1605 1074 beato
1621 1021 1785 1073 Petro
1810 1016 1996 1072 fideles
2016 1016 2101 1087 ju-

508 1117 782 1188 stitiaque
820 1116 1065 1170 fautores
1104 1114 1309 1185 injusta
1354 1116 1435 1175 (ut
1468 1112 1795 1182 accepimus)
1832 1106 2099 1165 sententia

509 1212 568 1265 in
591 1210 841 1265 exsilium
876 1208 1101 1279 expulit,
1142 1207 1242 1261 tibi
1272 1205 1688 1261 commendatos
1713 1219 1831 1259 esse
1856 1219 1916 1258 ex
1949 1211 2102 1274 parte

510 1311 696 1357 nostra
730 1310 1004 1371 optamus.
1035 1304 1105 1355 Et
1129 1300 1253 1371 quia
1278 1298 1538 1353 hactenus
1572 1297 1677 1351 illis
1715 1296 2002 1352 subvenire
2037 1312 2102 1350 ex

511 1394 775 1464 industria
807 1394 1023 1463 prOpria
1052 1391 1320 1447 claritudo
1348 1399 1437 1445 tua
1459 1390 1701 1453 curavit,
1729 1391 1969 1444 sentiant
1999 1389 2103 1444 sibi

511 1502 659 1542 nunc
683 1488 754 1541 ob
776 1486 1093 1541 ﬁdelitatem
1112 1485 1259 1539 beati
1282 1484 1423 1538 Petri
1445 1491 1801 1554 nostramque
1825 1498 2104 1537 commen-

512 1579 795 1635 dationem
824 1578 1004 1633 solatii
1045 1578 1339 1648 auxiliique
1370 1592 1575 1631 munus
1614 1577 1890 1648 c0piosius
1918 1591 2102 1631 acces-

515 1673 669 1727 sisse.
714 1674 798 1725 De
844 1679 1049 1751 catero
1091 1668 1437 1740 prudentiam
1480 1678 1633 1723 tuam
1679 1684 1995 1736 monemus,
2042 1677 2105 1724 ut

513 1764 657 1819 viam
684 1763 914 1834 justitia
941 1778 1161 1833 semper
1194 1762 1416 1817 studeas
1442 1762 1694 1816 irrenexo
1719 1762 1856 1817 calle
1880 1770 2067 1817 tenere
2086 1802 2101 1828 ,

510 1865 564 1912 et
602 1855 791 1910 viduas
817 1865 872 1911 et
898 1855 1175 1926 orphanos
1204 1863 1259 1909 et
1289 1856 1602 1925 peregrinos
1645 1863 1870 1926 paterna
1902 1857 2103 1925 pietate

511 1950 673 2017 tueri,
698 1947 966 2004 Ecclesias
995 1965 1103 2003 non
1129 1948 1298 2003 modo
1336 1965 1446 2003 non
1471 1948 1688 2013 ladere,
1721 1949 1814 2003 sed
1838 1949 2007 2003 etiam
2037 1948 2104 2003 ab

511 2043 885 2114 arrogantium
915 2050 969 2097 et
1004 2042 1324 2096 invasorum
1368 2042 1667 2112 petulantia
1708 2050 1764 2096 et
1790 2042 2105 2096 temeritate

514 2135 831 2200 defendere,
860 2151 958 2190 nec
985 2150 1098 2190 non
1127 2141 1181 2189 et
1201 2135 1303 2190 alia
1334 2150 1457 2205 qua
1477 2143 1622 2189 recte
1655 2135 1955 2206 intelliges,
1984 2152 2105 2205 pro-

488 2245 671 2299 ‘cures
712 2229 1006 2301 diligenter
1047 2244 1281 2283 servare.
1314 2228 1453 2283 Illud
1493 2243 1714 2299 quoque
1745 2228 2105 2283 nihilominus

514 2324 653 2378 scire
677 2332 731 2377 te
748 2323 1003 2377 volumus
1028 2322 1295 2392 quosdam
1320 2323 1546 2376 nomine
1566 2330 1665 2375 tuo
1683 2322 1890 2392 legatos
1911 2322 1977 2377 ad
2003 2338 2107 2376 nos

516 2416 647 2472 olim
672 2416 908 2484 venisse,
939 2415 1139 2485 quibus
1164 2416 1299 2470 item
1332 2430 1433 2469 nos
1462 2415 1609 2470 istud
1646 2414 2009 2485 injunximus,
2044 2424 2107 2469 ut

513 2510 795 2565 dilectioni
823 2517 934 2564 tua
963 2516 1319 2579 suggererent
1344 2516 1613 2579 quatenus
1643 2508 1779 2563 alios
1810 2507 2102 2571 destinare,

511 2620 620 2675 quo
669 2604 931 2658 certiores
969 2600 1338 2668 efficerentur,
1370 2610 1634 2656 censeret.
1688 2604 1897 2656 Verum
1941 2600 2103 2657 nobis

514 2695 691 2751 adhuc
736 2697 791 2750 in
836 2696 1048 2750 incerto
1099 2703 1285 2749 manet
1326 2711 1395 2749 an
1425 2695 1492 2750 ad
1519 2704 1573 2749 te
1617 2694 1874 2749 mandata
1918 2678 2103 2749 nostra

511 2789 714 2857 perlata
736 2789 867 2854 sint,
891 2805 963 2843 an
983 2788 1198 2859 aliquos
1220 2796 1401 2859 postea
1424 2788 1643 2843 miseris
1668 2806 1683 2853 ;
1716 2788 1887 2859 liquet
1914 2797 2099 2843 autem

508 2883 796 2937 neminem
837 2898 864 2936 a
910 2890 966 2936 te
1011 2882 1253 2953 legatum
1288 2881 1354 2936 ad
1383 2897 1483 2936 nos
1532 2890 1654 2952 post
1698 2881 1829 2935 inde
1858 2882 2093 2937 venisse.

510 2978 691 3046 Quare
712 2975 1053 3030 decrevimus
1082 2974 1150 3029 ad
1172 2984 1225 3030 te
1255 2976 1457 3029 iterum
1487 2974 1633 3029 idem
1656 2974 1954 3043 repetendo
1980 2976 2103 3029 scri-

508 3068 658 3135 bere,
699 3068 1003 3140 itidemque
1030 3068 1098 3123 de
1136 3068 1460 3131 comitibus,
1490 3067 1632 3138 quod
1654 3067 1772 3137 jam
1801 3068 2102 3137 postulavi-

512 3177 658 3227 mus,
690 3160 941 3216 iterando
962 3161 1269 3225 inculcare;
1298 3176 1405 3231 quo
1426 3168 1481 3214 et
1506 3160 1748 3221 nuntios,
1779 3161 1824 3213 si
1850 3160 2101 3215 nondum

511 3254 744 3325 misisti,
766 3270 880 3309 non
916 3254 1142 3309 ulterius
1164 3254 1388 3309 mittere
1413 3253 1688 3326 negligas,
1718 3261 1773 3307 et
1802 3255 2103 3323 pranomi-

513 3348 655 3403 natis
683 3348 945 3403 omnibus
966 3346 1204 3418 praesidii
1237 3363 1469 3416 manuni
1500 3347 1824 3403 familiarius
1849 3347 2104 3418 pronius-

513 3458 621 3513 que
646 3443 702 3496 in
732 3442 944 3497 cunctis
966 3441 1243 3512 porrigere
1263 3439 1502 3495 studeas.
1528 3440 1893 3511 Omnipotens
1923 3449 1979 3496 et
2003 3441 2107 3495 mi-

513 3537 745 3590 sericors
770 3539 939 3603 Deus,
969 3550 997 3588 a
1021 3550 1129 3605 quo
1151 3534 1294 3587 bona
1315 3542 1507 3588 cuncta
1531 3534 1857 3604 procedunt,
1878 3550 1972 3604 per
1994 3551 2108 3590 me-

511 3630 617 3685 rita
641 3636 696 3682 et
723 3627 1141 3682 intercessiones
1163 3626 1335 3681 beata
1358 3628 1457 3680 Dei
1482 3626 1760 3697 genitricis
1781 3642 2105 3698 semperque

513 3720 738 3789 virginis
764 3720 976 3783 Maria,
1017 3727 1072 3773 et
1100 3718 1389 3772 beatorum
1424 3718 1568 3771 Petri
1600 3722 1654 3771 et
1682 3719 1857 3784 Pauli,
1890 3735 2107 3787 gressus

512 3815 636 3860 tuos
668 3821 763 3875 per
797 3806 941 3859 viam
971 3803 1244 3859 deducens
1266 3804 1518 3874 justitia,
1550 3814 1862 3861 constanter
1906 3807 2107 3879 dirigat

516 3913 686 3969 usque
717 3896 788 3953 ad
815 3897 1000 3964 ﬁnem,
1030 3905 1086 3950 et
1121 3896 1197 3951 sic
1244 3896 1409 3967 hujus
1444 3898 1569 3952 vita
1602 3899 1926 3968 temporalia
1957 3901 2108 3970 regni

514 3990 872 4063 gubernacula
902 3988 1067 4045 faciat
1094 3996 1426 4060 temperare,
1460 3998 1730 4060 quatenus
1753 3999 1955 4045 aterna
1986 4008 2109 4063 pro-

517 4082 778 4138 merendo
807 4083 985 4137 valeas
1019 4082 1270 4152 adipisci.

586 4178 729 4232 Data
766 4178 985 4243 Roma,
1022 4173 1357 4231 duodecimo
1394 4175 1523 4231 Kal.
1554 4175 1781 4247 Aprilis,
1810 4176 2111 4233 indictione

520 4269 780 4325 secunda.

1022 4357 1367 4414 EPISTOLA
1420 4360 1609 4414 XXX.

588 4468 661 4506 AD
702 4468 1070 4508 LANFRANCUM
1098 4467 1554 4507 ARCHIEPISCOPUM
1584 4468 2035 4509 CANTUARIENSEM.

1103 4544 1287 4606 (Anno
1342 4544 1521 4607 1079.)

518 4640 634 4704 Arg
643 4639 724 4689 uit
743 4636 883 4705 quod
902 4650 955 4688 se
973 4651 1079 4688 non
1099 4637 1401 4688 visitaverit
1422 4651 1455 4687 a
1476 4639 1711 4703 tempore
1729 4638 2109 4704 assumptionsz

592 4720 702 4760 suae
718 4727 737 4771 ;
769 4708 919 4773 cujus
944 4721 1165 4759 causam
1198 4722 1315 4759 cum
1343 4721 1517 4773 regem
1545 4722 1651 4759 esse
1676 4709 1906 4772 noverit,
1932 4707 2107 4761 horta-

596 4784 686 4830 tur
720 4783 782 4829 ut
817 4792 935 4829 eum
970 4780 1201 4841 moneat,
1232 4793 1295 4829 ne
1324 4778 1456 4845 quid
1488 4777 1753 4844 injustam
1782 4784 1967 4831 contra
2002 4782 2105 4833 R0-

588 4864 804 4901 manam
834 4846 1121 4901 Ecclesiam
1143 4852 1458 4915 praesumat,
1480 4849 1697 4917 ipseque
1717 4848 1789 4901 ad
1808 4864 1861 4903 se
1884 4855 2107 4917 quanto-

594 4923 706 4973 cius
736 4920 933 4971 veniat.

592 5011 942 5067 Gaaconws
964 5011 1253 5081 episcopus
1268 5050 1283 5076 ,
1299 5025 1485 5065 servus
1500 5025 1785 5066 servorum
1801 5011 1934 5076 Dei,
1954 5013 2113 5065 LAN-

524 5118 761 5161 rnmco
778 5103 1203 5158 Cantuariorum
1222 5103 1635 5174 archiepiscopo
1654 5104 1889 5159 salutem
1908 5111 1964 5157 et
1983 5118 2113 5174 apo-

523 5198 777 5252 stolicam
810 5195 1268 5251 benedictionem.

590 5289 753 5359 Quod
778 5305 841 5344 ex
870 5289 962 5344 illo
986 5298 1235 5360 tempore
1264 5304 1373 5360 quo
1403 5287 1741 5344 sacerdotale
1769 5303 2007 5344 summa
2031 5305 2113 5345 sc-

519 5382 606 5439 dis
628 5381 825 5454 jugum
854 5382 1054 5437 cervici
1082 5388 1308 5446 nostra,
1337 5381 1466 5451 licet
1493 5380 1719 5453 indigni,
1748 5382 2109 5451 suscepimus,

521 5476 705 5530 venire
732 5474 800 5530 ad
840 5490 940 5530 nos
983 5490 1095 5529 non
1141 5475 1385 5529 multum
1409 5474 1616 5529 curavit
1638 5473 1953 5529 fraternitas
1996 5483 2112 5543 tua,

523 5576 728 5639 quanto
763 5569 946 5623 minus
981 5566 1086 5623 hoc
1111 5566 1180 5622 de
1220 5567 1515 5622 dilectione
1542 5575 1635 5622 tua
1664 5583 1884 5639 sperare
1924 5569 2114 5639 potui-

520 5670 672 5722 mus,
699 5677 762 5716 eo
785 5661 1019 5732 amplius
1043 5668 1324 5732 stupentes
1349 5660 1635 5730 miramur,
1664 5669 1720 5716 et
1748 5660 1855 5715 nisi
1890 5669 2114 5732 aposto-

516 5754 628 5823 lica
651 5753 1035 5821 mansuetudo,
1057 5770 1161 5810 nec
1180 5756 1293 5808 non
1313 5760 1367 5808 et
1382 5755 1592 5809 amoris
1611 5755 1804 5827 pignus
1824 5754 2115 5824 antiquum

530 5862 629 5901 nos
660 5846 938 5920 hucusque
964 5847 1308 5917 detinuisset,
1336 5846 1579 5919 profecto
1610 5862 1711 5902 nos
1740 5847 1844 5903 hoc
1879 5847 2118 5918 graviter

2214 550 2428 604 tissime
2466 554 2812 617 compertum
2860 545 3126 601 habemus
3167 542 3465 599 adventum
3505 549 3663 596 tuum
3716 539 3798 594 vel

2211 650 2393 697 metus
2422 642 2585 712 regis,
2617 640 2732 711 ejus
2765 639 2971 695 scilicet
2998 654 3165 710 quem
3194 638 3337 692 inter
3382 644 3610 693 cateros
3651 634 3800 688 illius

2210 736 2496 808 dignitatis
2523 733 2807 805 specialius
2843 748 3063 802 semper
3092 731 3413 796 dileximus,
3439 728 3524 784 vel
3554 728 3799 782 maxime

2210 838 2301 885 tua
2328 828 2488 899 culpa
2527 827 2683 882 nobis
2726 825 2965 897 negavit,
2997 832 3050 879 et
3077 833 3130 879 te
3160 823 3406 896 quidem,
3452 822 3499 877 si
3529 820 3609 876 vel
3637 820 3798 891 prisci

2211 924 2415 978 amoris
2461 920 2731 975 memoria
2771 926 3105 990 superesset,
3150 916 3445 972 vel‘debita
3476 915 3641 970 matri
3677 916 3799 969 Ro-

2212 1031 2391 1072 mana
2437 1014 2695 1070 Ecclesia
2729 1012 2949 1068 dilectio
2991 1011 3046 1066 in
3081 1018 3270 1066 mente
3310 1016 3644 1074 remaneret,
3687 1022 3804 1061 non

2212 1109 2402 1166 debuit
2442 1108 2640 1179 aliquis
2672 1115 2769 1161 aut
2811 1104 3108 1161 mundana
3138 1103 3422 1174 potestatis
3460 1110 3662 1167 terror,
3709 1109 3805 1155 aut

2212 1203 2538 1274 cujusquam
2568 1214 2813 1272 persona
2842 1198 3251 1270 superstitiosus
3289 1211 3469 1261 amor,
3502 1212 3530 1249 a
3568 1208 3802 1265 conspe-

2213 1305 2304 1351 ctu
2336 1303 2527 1350 nostro
2550 1292 2847 1349 retrahere.
2885 1293 3048 1346 [llum
3079 1306 3207 1345 vero
3237 1290 3284 1344 si
3314 1297 3506 1345 contra
3530 1286 3802 1359 apostoli-

2213 1406 2334 1446 cam
2371 1388 2559 1445 sedem
2602 1402 2777 1449 novus
2829 1385 3161 1457 arrogantia
3204 1391 3392 1438 tumor
3430 1397 3576 1437 nunc
3605 1381 3798 1453 erigit,

2213 1484 2323 1541 sive
2360 1490 2548 1538 contra
2588 1496 2689 1535 nos
2734 1479 2843 1535 ulla
2890 1478 3058 1533 libido
3106 1493 3201 1532 seu
3255 1476 3552 1547 procacitas
3598 1474 3801 1545 jactat,

2210 1581 2363 1628 tanto
2393 1570 2606 1643 gravius
2628 1568 2886 1634 feremus,
2914 1574 3123 1637 quanto
3146 1581 3271 1620 eum
3296 1564 3591 1619 dilectione
3614 1570 3805 1617 nostra

2213 1666 2503 1737 indignum
2528 1678 2584 1718 se
2604 1662 2799 1717 fecisse
2836 1660 3165 1716 constiterit.
3200 1656 3361 1730 Quod
3394 1666 3581 1712 tamen
3617 1671 3686 1713 ne
3720 1655 3801 1710 illi

2214 1758 2444 1824 accidat,
2466 1756 2659 1827 religio
2684 1763 2778 1809 tua
2808 1754 3012 1825 poterit
3038 1752 3143 1807 hoc
3162 1750 3330 1807 modo
3356 1752 3546 1817 vitare,
3569 1750 3616 1805 si
3644 1749 3696 1803 ei
3716 1747 3801 1805 di-

2130 1836 2176 1897 Β
2215 1853 2446 1922 ligenter
2474 1847 2789 1920 aperiendo,
2814 1855 2870 1902 et
2898 1853 3210 1902 constanter
3238 1842 3588 1900 admonendo
3618 1842 3805 1897 consi-

2214 1944 2351 1999 lium
2379 1942 2612 2010 dederis,
2637 1957 2705 1996 ne
2724 1948 2915 1997 contra
2941 1947 3179 1994 matrem
3208 1937 3461 1993 omnium
3484 1940 3803 1991 Romanam

2214 2037 2516 2113 Ecclesiam
2537 2034 2667 2106 quid
2699 2034 2965 2106 injustum
2991 2039 3306 2103 prasumat,
3338 2045 3474 2085 neve
3498 2026 3635 2100 quid
3659 2044 3691 2082 a
3720 2042 3811 2083 re-

2214 2131 2407 2202 ligiosa
2430 2135 2692 2201 potestate
2710 2127 2950 2182 alienum
2978 2125 3287 2197 petulanter
3306 2123 3525 2188 audeat,
3549 2129 3603 2177 et
3618 2135 3801 2192 neque

2213 2233 2366 2279 tuam
2386 2220 2812 2294 nequealicujus
2839 2220 3191 2275 devotionem
3214 2218 3281 2272 ab
3312 2216 3627 2287 apostolica
3657 2213 3806 2269 sedis

2214 2318 2525 2373 visitatione
2569 2315 2796 2369 ulterius
2840 2328 3093 2369 coercere
3138 2318 3386 2367 attentet.
3435 2310 3605 2381 Igitur
3647 2306 3809 2363 decet

2216 2410 2612 2465 fraternitatem
2624 2415 2780 2462 tuam
2797 2405 3146 2478 negligentia
3164 2420 3278 2460 sua
3298 2417 3553 2458 excessus
3575 2399 3795 2472 sapien-

2213 2513 2299 2560 ter
2325 2503 2624 2573 corrigere,
2671 2509 2835 2570 atque
2862 2500 2931 2555 ad
2958 2498 3315 2569 apostolicam
3343 2494 3531 2551 sedem
3561 2501 3805 2564 quanto-

2212 2599 2330 2653 cius
2358 2610 2667 2667 properare,
2716 2601 2877 2664 teque
2912 2592 3097 2663 ipsum
3126 2589 3351 2655 nostris:
3379 2588 3694 2651 obtutibus,
3747 2593 3810 2641 ut

2215 2699 2491 2761 optamus,
2514 2696 2682 2759 utque
2702 2701 2847 2758 sape
2867 2684 3272 2750 mandavimus,
3298 2690 3650 2754 prasentare,
3670 2696 3809 2751 qua-

2210 2793 2369 2839 tenus
2396 2798 2500 2836 nos
2536 2780 2604 2836 de
2633 2780 2718 2834 his
2746 2787 2803 2834 et
2844 2778 2913 2834 de
2955 2778 3075 2833 aliis
3107 2777 3338 2847 negotiis
3386 2772 3806 2846 prasentialiter

2209 2876 2479 2941 conferre,
2510 2883 2672 2945 atque
2698 2872 2901 2928 utilitas
2927 2871 3187 2926 Ecclesia
3217 2870 3283 2925 de
3311 2876 3501 2924 nostro
3526 2866 3807 2937 colloquio

2211 2977 2568 3043 augmentum
2598 2966 2796 3034 valeat,
2839 2969 2952 3020 Deo
2984 2962 3223 3030 favente,
3252 2963 3547 3034 percipere.

2282 3068 2421 3119 Data
2451 3065 2671 3127 Roma,
2702 3067 2892 3115 octavo
2938 3056 3175 3112 Kalend.
3208 3056 3415 3127 Aprilis
3435 3096 3454 3126 ,
3500 3053 3809 3110 indictione

2162 3205 2178 3226 ,
2215 3156 2470 3213 secunda.

2699 3248 3056 3306 EPISTOLA
3104 3249 3323 3303 XXXI.

2598 3366 2680 3407 AD
2736 3364 2994 3406 INCOLAS
3040 3361 3418 3404 ΡΒΟΥῘΝΟΙᾸΞ.

2798 3447 2978 3508 (Anno
3040 3445 3228 3509 1079.)

2216 3543 2467 3611 Praecipit
2494 3544 2555 3593 ut
2587 3540 2720 3592 bona
2743 3538 3057 3590 monasterii
3091 3537 3275 3591 Sancti
3298 3536 3449 3589 Petri
3470 3534 3569 3587 sub
3598 3547 3813 3586 excom-

2533 3611 2915 3664 municatc'oni's
2953 3624 3113 3677 paena
3161 3611 3470 3661 restituant.

2290 3716 2335 3770 G
2346 3726 2643 3769 asaonws
2659 3710 2966 3779 episcopus,
2988 3723 3176 3762 servus
3196 3722 3478 3762 servorum
3493 3706 3619 3770 Dei,
3631 3705 3814 3760 omni-

2216 3809 2320 3863 bus
2343 3804 2797 3874 archiepiscopis,
2829 3803 3126 3873 episcopis,
3154 3800 3530 3872 principibus,
3570 3799 3811 3864 clericis,

2216 3901 2469 3970 laicisque
2498 3899 2554 3951 in
2602 3896 2891 3951 Provincia
2921 3894 3419 3958 commorantibus,
3453 3892 3699 3963 exceptis
3725 3892 3815 3947 his

2218 3994 2310 4065 qui
2338 3988 2903 4048 excommunicationi
2933 3987 3238 4059 subjacent,
3260 3986 3491 4042 salutem
3512 3993 3565 4040 et
3587 3993 3815 4056 aposto-

2218 4087 2379 4142 licam
2412 4083 2870 4139 benedictionem.

2290 4182 2500 4234 Notum
2525 4175 2678 4230 vobis
2703 4174 2963 4229 omnibus
2989 4188 3107 4228 esse
3133 4181 3409 4243 putamus,
3435 4170 3588 4242 quod
3611 4186 3810 4226 mona-

2218 4271 2449 4327 sterium
2476 4271 2532 4324 S.
2561 4269 2727 4335 Petri,
2757 4267 2923 4321 situm
2958 4268 3017 4320 in
3049 4266 3168 4320 loco
3200 4266 3295 4337 qui
3325 4268 3487 4320 Mons
3516 4264 3696 4334 Major
3718 4262 3817 4319 di-

2220 4364 2381 4430 citur,
2430 4370 2631 4417 sancta
2674 4363 2939 4415 Romana
2984 4360 3240 4414 Ecclesia
3291 4358 3510 4429 speciali
3560 4356 3813 4427 quodam

2209 4456 2333 4527 jure
2360 4454 2666 4526 subjectum
2690 4461 2793 4521 est,
2827 4461 2881 4507 et
2910 4453 3223 4523 apostolica
3248 4451 3394 4507 sedis
3417 4450 3715 4522 privilegiis
3739 4465 3811 4505 ex

2137 4562 2186 4622 ο
2218 4560 2459 4620 tempore
2486 4548 2648 4618 longo
2676 4546 2978 4601 munitum.
3006 4545 3170 4601 Unde
3196 4544 3324 4616 quia
3362 4544 3522 4599 nobis
3554 4559 3650 4614 pro
3684 4559 3817 4598 sus-

2218 4644 2363 4713 cepti
2390 4641 2675 4713 regiminis
2703 4638 3071 4693 sollicitudine
3096 4638 3357 4693 imminet
3389 4636 3646 4691 Ecclesiis
3672 4630 3810 4690 ‘om-

2216 4735 2377 4789 nibus
2406 4733 2711 4803 providere,
2754 4732 2861 4785 illis
2905 4732 3176 4802 pracipue
3226 4730 3491 4785 debemus
3520 4728 3813 4800 vigilanter

2220 4828 2526 4898 prospicere
2571 4840 2695 4896 qua
2734 4827 3003 4879 Romana
3046 4824 3468 4894 apostolicaque
3497 4821 3611 4876 sedi
3662 4836 3811 4891 quo-

2218 4918 2519 4975 dammodo
2557 4917 2786 4972 vicinius
2818 4916 3059 4981 harent,
3093 4924 3147 4970 et
3183 4917 3300 4986 ejus
3336 4917 3505 4970 tutela
3550 4914 3799 4969 maxime

2218 5020 2438 5083 sperant
2491 5009 2733 5066 defendi.
2778 5010 3141 5079 Quapropter,
3184 5009 3447 5080 quoniam
3493 5006 3813 5063 audivimus

2217 5106 2430 5175 aliquos
2459 5113 2703 5159 vestrum
2739 5103 2881 5157 bona
2914 5103 3212 5157 memorati
3252 5101 3577 5156 monasterii
3618 5108 3815 5155 contra

2214 5197 2306 5269 jus
2355 5205 2411 5252 et
2437 5196 2729 5251 honestum
2778 5196 3040 5265 sacrilega
3069 5211 3237 5250 manu
3279 5194 3575 5261 invasisse,
3605 5192 3817 5249 distra-

2219 5290 2347 5347 here
2375 5298 2539 5360 atque
2584 5287 2851 5359 diripere,
2903 5298 3133 5359 paterno
3180 5286 3380 5343 affectu
3413 5302 3713 5342 monemus
3759 5296 3819 5343 et

2219 5382 2517 5454 apostolica
2546 5382 2874 5437 auctoritate
2900 5383 3268 5453 pracipimus,
3294 5389 3356 5436 ut
3377 5381 3699 5451 quicunque
3728 5396 3818 5436 res

2220 5475 2368 5531 illius
2400 5474 2721 5529 monasterii
2750 5475 2797 5529 vi
2837 5484 3025 5531 tenere
3054 5476 3267 5530 invasas
3296 5481 3621 5540 noscuntur,
3650 5472 3818 5544 digna

2222 5585 2351 5625 cum
2371 5567 2743 5624 satisfactione
2760 5567 3057 5623 emendare
3083 5566 3366 5632 festinent,
3391 5582 3455 5621 ac
3477 5581 3643 5620 nemo
3658 5565 3815 5621 dein-

2223 5677 2350 5733 ceps
2407 5670 2601 5717 contra
2653 5660 2855 5717 anima
2909 5661 3141 5716 salutem
3190 5660 3332 5715 bona
3367 5659 3537 5730 ipsius
3572 5657 3819 5713 ecclesia

2223 5754 2484 5809 violenter
2505 5761 2795 5809 attrectare
2833 5761 3161 5825 praesumat.
3202 5754 3525 5822 Quicunque
3563 5766 3699 5822 ergo
3729 5749 3815 5806 his

2226 5845 2533 5903 salubribus
2564 5846 2833 5903 mandatis
2854 5846 3057 5903 nostris
3081 5845 3374 5916 contraire,
3394 5853 3451 5901 et
3478 5845 3621 5901 bona
3644 5844 3813 5901 eccle-
