4074 6172
268 352 366 404 537

1350 345 1551 400 LIBER
1585 344 1855 401 SEXTUS.
1895 374 1964 385 —
2002 344 2213 401 EPIST.
2253 346 2465 401 XXXIV.

3455 351 3557 405 538

264 474 357 529 sia:
384 472 553 539 (sicut
588 471 801 527 dictum
851 471 951 542 est)
977 472 1247 543 sacrilego
1280 486 1415 526 ausu
1446 479 1639 527 contra
1676 472 1854 526 inter-
1882 478 1935 539 Α
1964 472 2069 526 stia
2093 470 2285 538 tenuit,
2312 470 2521 527 eisdem
2540 471 2641 527 sub
2664 479 2880 544 pastore
2906 471 3186 544 religioso,
3220 472 3274 527 in
3306 474 3557 529 Romana

260 566 472 623 dictum
521 574 777 621 nostrum
818 565 1064 621 detinere
1089 566 1401 631 tentaverit,
1435 564 1747 619 admonitus
1771 580 1850 619 se-

257 661 383 725 mel,
419 668 587 730 atque
608 659 834 726 iterum,
862 667 917 713 et
941 657 1126 722 tertio,
1157 674 1252 729 per
1277 658 1660 713 convenientes
1688 658 1849 713 indu-

256 754 390 818 cias,
441 754 487 807 si
520 751 816 807 emendare
866 752 1283 823 contempserit,
1343 752 1479 806 iram
1524 760 1580 806 et
1603 750 1851 807 furorem

254 846 659 916 omnipotentis
680 845 779 901 Dei
802 853 990 901 contra
1010 860 1069 901 se
1098 860 1194 916 per
1221 846 1852 901 excommunicationem

250 939 617 1009 apostolicam
663 939 996 1009 provocabit.
1028 937 1425 994 Obedientibus
1461 954 1593 994 vero
1633 947 1849 1009 aposto-

251 1032 352 1087 lica
379 1034 733 1099 auctoritate,
766 1040 822 1086 et
849 1032 995 1087 beati
1024 1032 1177 1087 Petri
1206 1031 1386 1099 nobis,
1422 1031 1548 1087 licet
1588 1032 1850 1103 indignis,

248 1140 517 1181 concessa
562 1132 853 1198 potestate,
880 1133 1236 1196 peccatorum
1264 1140 1493 1180 suorum
1518 1124 1733 1180 veniam
1772 1125 1853 1180 in-

248 1218 561 1289 dulgemus.

317 1314 462 1367 Data
502 1314 718 1380 Romae,
736 1310 974 1368 secundo
1023 1312 1150 1367 Kal.
1184 1312 1408 1384 Aprilis,
1442 1311 1744 1368 indictione
1773 1326 1855 1368 se-

248 1404 445 1461 cunda.

720 1500 1073 1555 EPISTOLA
1139 1501 1384 1555 XXXII.

353 1608 439 1647 AD
471 1606 871 1650 lSBKBBBTUH
897 1607 1245 1649 BPISCOPUM
1284 1607 1735 1649 PICTLVBNSBK.

845 1689 1026 1752 (Anno
1094 1691 1279 1753 1079.)

248 1782 511 1847 Romanis
528 1780 688 1847 bona,
718 1781 793 1834 ad
809 1784 1090 1849 Hugonem
1126 1781 1240 1849 ejus
1265 1795 1584 1848 germanum
1609 1786 1847 1851 spectan-

1959 566 2197 620 Ecclesia
2244 564 2516 631 ordinato,
2560 566 2759 637 privari
2819 566 3021 637 absque
3065 568 3284 621 ratione
3327 582 3434 621 non
3465 566 3559 623 de—

1960 658 2100 713 beat.
2140 660 2487 729 Quapropter
2506 658 2855 714 dilectionem
2874 668 3031 715 tuam
3062 676 3359 715 monemus
3385 668 3445 714 ut
3467 675 3555 715 res

1960 752 2104 816 illas,
2136 767 2301 822 super
2322 752 2525 821 quibus
2577 751 2839 823 praedicta
2870 754 3285 808 Matisconensis
3313 754 3554 809 Ecclesia

1962 844 2231 917 queritur,
2263 845 2309 898 si
2337 860 2509 915 usque
2538 845 2606 902 ad
2634 861 2797 916 supra
2826 847 3115 901 memorati
3153 846 3337 901 fratris
3378 848 3557 901 nostri

1960 947 2178 1010 tempus
2195 937 2461 1009 possedit,
2484 936 2739 1008 deinceps
2757 954 2981 1010 quoque
2999 947 3096 994 aut
3115 939 3298 1011 quiete
3314 940 3553 995 retinere

1961 1032 2264 1104 permittas,
2298 1038 2392 1085 aut
2415 1029 2803 1086 concambium
2850 1039 3166 1102 competens
3193 1032 3422 1089 reddere
3443 1042 3551 1088 stu-

1961 1125 2109 1181 deas.
2159 1124 2320 1197 Quod
2357 1124 2404 1178 si
2432 1124 2577 1179 inter
2604 1140 2698 1179 vos
2724 1124 2867 1179 hanc
2907 1140 3127 1179 causam
3174 1142 3286 1181 non
3325 1127 3553 1197 potestis

1962 1218 2067 1289 ipsi
2095 1232 2448 1289 componere,
2482 1217 2735 1272 volumus
2774 1217 2999 1272 fratrem
3027 1226 3280 1273 nostrum
3293 1220 3551 1275 Diensem

1960 1312 2280 1383 episcopum
2309 1318 2365 1364 et
2409 1310 2595 1365 Sancti
2652 1309 2803 1365 Pauli
2861 1311 3115 1366 abbatem
3148 1312 3368 1382 negotio
3426 1311 3553 1366 huic

1959 1406 2237 1471 interesse,
2259 1412 2524 1474 quatenus
2546 1420 2740 1459 eorum
2770 1403 3016 1460 adhibita
3057 1403 3333 1476 diligentia
3384 1404 3553 1460 ﬁnem

1960 1497 2030 1553 lis
2054 1497 2290 1552 invenire
2316 1506 2529 1552 rectum
2566 1505 2622 1553 et
2648 1513 2953 1568 congruum
2978 1484 3190 1565 valeat,
3220 1515 3283 1553 ac
3324 1499 3554 1553 ulterius

1960 1591 2102 1646 inter
2129 1607 2225 1647 vos
2266 1590 2534 1647 dissensio
2567 1591 2713 1645 nulla
2763 1599 3069 1647 remaneat.
3103 1593 3229 1646 Sine
3262 1590 3552 1647 concordia

1961 1700 2203 1755 namque
2242 1700 2416 1756 neque
2461 1684 2876 1755 religiositatem
2920 1684 3153 1739 dicimus
3190 1686 3352 1754 (forte
3392 1684 3550 1739 duci~

1954 1792 2098 1833 mus.
2141 1780 2362 1845 Hann]
2394 1777 2698 1848 quidquam
2734 1778 2932 1843 valere,
2980 1792 3158 1848 neque
3207 1777 3358 1833 aliud
3386 1792 3546 1847 opus,

310 1856 439 1942 ita,”
678 1853 775 1906 sub
812 1852 1372 1906 excommunicationis
1422 1866 1591 1921 pwna
1628 1856 1848 1907 restitui
1877 1878 1924 1939 Β
1954 1872 2057 1926 etsi
2104 1872 2309 1926 bonum
2337 1870 2602 1938 videatur,
2626 1869 2834 1942 aliquid
2854 1884 2993 1925 esse.

315 1923 567 1976 mandat.

314 2016 674 2072 GBBGOBIUS
687 2016 998 2088 episcopus,
1012 2030 1200 2071 servus
1216 2031 1502 2072 servorum
1518 2018 1641 2082 Dei,
1675 2020 1847 2073 Issu-

242 2123 437 2165 BEB‘I'O
476 2109 797 2165 Pictaviensi
826 2108 1081 2181 episcopo
1112 2111 1346 2166 salutem
1387 2120 1442 2167 et
1482 2110 1842 2181 apostolicam

238 2201 705 2258 benedictionem.

306 2296 574 2351 Pervenit
598 2295 667 2352 ad
695 2311 853 2351 aures
878 2304 1094 2351 nostras
1123 2295 1271 2368 quod
1299 2295 1444 2352 bona
1466 2298 1742 2369 Rorgonis
1770 2298 1841 2354 de

236 2390 486 2461 Coequo,
520 2404 662 2461 quae,
694 2397 917 2444 mortuo
946 2390 1086 2463 ipso,
1124 2391 1183 2444 in
1212 2398 1537 2460 potestatem
1569 2392 1833 2464 germani,

236 2484 453 2537 scilicet
497 2483 749 2553 Hugonis
790 2484 966 2537 nostri
1000 2481 1181 2537 ﬁdelis
1210 2491 1266 2538 et
1306 2482 1435 2549 ﬁlii,
1467 2484 1593 2555 jure
1636 2484 1837 2540 debent

234 2575 573 2641 concedere,
623 2578 785 2648 Hugo
823 2575 1069 2631 Delezini
1113 2574 1201 2647 [de
1247 2576 1562 2643 Leziniaco;
1616 2580 1675 2631 in
1719 2579 1836 2633 cod.

232 2672 370 2725 Μαι.
406 2669 714 2737 Delerzini]
746 2668 947 2741 injuste
984 2670 1331 2740 praesumpsit
1374 2670 1642 2725 invadere.
1676 2671 1835 2727 Unde

234 2764 359 2834 quia
407 2763 893 2834 praenominatum,
917 2764 1210 2833 Hugonem
1246 2763 1508 2818 clericum
1555 2772 1829 2831 nostrum,

234 2864 284 2910 et
318 2871 414 2912 res
437 2857 612 2927 ipsius
636 2857 691 2910 in
710 2856 942 2911 tutelam
964 2855 1281 2926 apostolicae
1302 2855 1449 2910 sedis
1476 2858 1837 2927 suscepimus,

233 2948 569 3005 fraternitati
594 2957 705 3004 tua:
750 2948 1034 3003 invitando
1076 2948 1426 3020 praacipimus
1472 2958 1533 3003 ut
1560 2965 1727 3020 super
1755 2950 1839 3006 his

228 3060 425 3100 curam
454 3044 573 3099 vice
593 3052 779 3099 nostra
806 3059 1023 3114 gerens,
1044 3042 1170 3098 duci
1188 3043 1488 3101 Guilielmo
1506 3043 1624 3099 haec
1643 3044 1835 3100 eadem

229 3136 599 3209 gniﬁcando
648 3151 924 3208 suggeras,
973 3144 1239 3208 quatenus
1290 3138 1345 3191 in
1404 3136 1505 3191 hac
1555 3138 1723 3193 etiam
1777 3154 1834 3194 re

230 3239 507 3302 quantum
540 3230 699 3285 beato
728 3232 889 3285 Petro
918 3231 990 3284 sit
1019 3228 1193 3285 fidelis
1218 3229 1491 3285 ostendat.
1543 3233 1747 3286 Verum
1779 3232 1834 3287 in
1861 3248 1905 3309 ρ

228 3325 434 3396 primis
460 3321 714 3377 volumus
741 3332 801 3379 ut
835 3322 1056 3377 dilectio
1094 3330 1189 3377 tua
1219 3322 1433 3377 studeat
1462 3332 1833 3380 memoratum

232 3417 700 3473 Leziniacensem
762 3415 1302 3488 [Deleziniacensem]
1345 3431 1409 3470 ex
1448 3424 1601 3487 parte
1647 3426 1833 3473 nostra

226 3526 355 3567 cum
375 3511 499 3582 jam
551 3508 701 3564 dicto
748 3508 889 3564 duce
942 3509 1252 3574 convenire,
1301 3524 1401 3563 nec
1432 3525 1541 3563 non
1585 3510 1736 3565 illum
1765 3510 1833 3566 de

225 3605 557 3675 temeritate
584 3618 681 3657 sua
707 3600 1084 3675 redarguendo
1106 3600 1175 3656 de
1192 3600 1563 3657 satisfactione
1590 3619 1830 3658 monere.

228 3697 396 3766 Quod
438 3698 486 3751 si
546 3695 863 3751 admonitus
910 3694 1103 3760 semel,
1158 3696 1359 3750 iterum
1414 3711 1478 3750 ac
1520 3697 1704 3764 tertio,
1741 3713 1834 3767 per

227 3797 614 3862 competentes
663 3788 909 3844 inducias
967 3788 1023 3842 in
1076 3789 1369 3859 pertinacia
1410 3805 1507 3844 sua
1559 3789 1835 3845 duraverit

228 3893 280 3939 et
302 3882 590 3938 mandatis
619 3882 820 3937 nostris
847 3882 1169 3937 inobediens
1210 3882 1438 3953 justitize
1472 3899 1667 3952 parere
1706 3900 1833 3939 con-

227 3976 549 4049 tempserit,
569 3975 871 4046 apostolica
892 3976 1220 4031 auctoritate
1243 3976 1584 4046 praecipimus
1601 3986 1662 4030 ut
1681 3994 1829 4045 eum,

229 4084 521 4140 quousque
548 4068 875 4138 resipiscens
903 4067 1084 4123 ablata
1116 4069 1387 4129 restituat,
1447 4068 1660 4124 vinculo
1704 4086 1831 4124 ana-

228 4162 489 4218 thematis
521 4161 731 4232 illiges';
767 4160 914 4232 quod
937 4159 1089 4216 idem
1120 4160 1476 4232 postmodum
1521 4177 1621 4216 nos
1650 4161 1831 4217 firma-

229 4262 385 4310 turos
402 4270 519 4309 non
546 4252 782 4309 dubites.

305 4350 455 4402 Data
482 4350 702 4414 Roma,
736 4346 923 4401 Idibus
951 4347 1181 4418 Aprilis,
1208 4348 1399 4402 indict.
1432 4347 1688 4422 secunda.

700 4450 1059 4505 EPISTOLA
1090 4449 1364 4503 XXXIII.

384 4558 463 4598 AD
510 4556 819 4599 ΗυσοΝΕιί
858 4557 1148 4597 ΛΒΒΔΪΒΜ
1199 4555 1692 4599 CLUNIACBNSEM.

826 4635 1011 4706 (Anno
1080 4640 1263 4701 1079.)

242 4732 311 4785 Ut
347 4730 499 4797 bona,
523 4745 646 4800 quae
686 4730 1091 4784 Matisconensis
1134 4730 1365 4783 Ecclesia
1390 4733 1565 4797 quiete
1586 4731 1831 4799 possede-

303 4808 415 4864 rat,
446 4802 517 4854 ab
560 4803 677 4869 ipso
706 4801 890 4853 ablata
927 4806 1024 4853 aut
1053 4803 1306 4853 restituat
1344 4805 1439 4853 aut
1468 4801 1673 4853 cambio
1702 4818 1834 4854 com-

300 4879 516 4941 penset;
547 4874 633 4925 sin
662 4874 862 4935 minus,
890 4873 1078 4926 Diensi
1099 4874 1337 4940 episcopo
1367 4872 1614 4924 etabbati
1648 4874 1839 4927 Sancti

305 4946 473 4997 Pauli
498 4945 568 4996 lis
596 4945 736 4996 inter
762 4957 845 4997 eos
866 4942 1210 4996 tenninanda
1246 4944 1617 4997 committitur.

305 5047 673 5102 Gnsoonms
694 5045 995 5115 episcopus,
1027 5059 1212 5099 servus
1236 5058 1519 5099 servorum
1564 5042 1685 5111 Dei,
1715 5045 1833 5099 Hu-

238 5152 385 5195 Gom
418 5137 770 5194 Cluniacensi
793 5136 999 5207 abbati,
1022 5138 1257 5193 salutem
1275 5145 1333 5192 et
1355 5137 1712 5208 apostolicam
1738 5137 1831 5192 be-

239 5230 632 5287 nedictionem.

303 5324 650 5381 Landericus
691 5325 1127 5391 Matisconensis,
1180 5323 1344 5380 frater
1385 5332 1445 5379 et
1478 5323 1831 5395 coepiscopus

238 5427 443 5489 noster,
484 5418 554 5475 ad
578 5418 958 5490 apostolorum
988 5418 1179 5473 limina
1203 5418 1461 5486 veniens,
1493 5427 1830 5489 conquestus

238 5519 317 5565 est
352 5512 503 5584 apud
547 5527 651 5567 nos
678 5512 933 5567 Ecclesiae
973 5526 1089 5567 suae
1117 5510 1242 5583 jura
1288 5527 1320 5567 a
1357 5519 1413 5566 te
1458 5511 1562 5566 sibi
1602 5510 1830 5580 auferri,

242 5603 926 5675 quadeprzedecessorum
958 5620 1188 5659 suorum
1225 5604 1604 5676 temporibus,
1656 5605 1829 5659 etiam

238 5695 704 5765 Simoniacorum,
747 5698 928 5767 quiete
966 5697 1077 5753 visa
1107 5704 1189 5752 est
1213 5696 1507 5769 possidere.
1555 5699 1669 5752 Nos
1695 5712 1826 5768 ergo

240 5785 473 5859 dignum
513 5804 630 5845 esse
671 5797 723 5844 et
759 5798 1074 5861 competens
1115 5788 1553 5861 adjudicavimus
1592 5798 1654 5845 ut
1699 5805 1824 5860 quae

240 5878 377 5939 bona
406 5881 750 5955 temporibus
770 5883 1202 5954 irreligiosorum
1240 5883 1468 5940 ecclesia
1496 5884 1614 5940 sine
1655 5883 1827 5940 mole-

2024 1967 2165 2020 Data
2194 1968 2413 2032 Romae,
2435 1963 2652 2020 decimo
2687 1972 2879 2019 octavo
2903 1964 3029 2019 Kal.
3060 1964 3212 2027 Maii,
3243 1962 3437 2020 indict.
3469 1978 3527 2020 se

1952 2058 2153 2114 cunda.

2414 2160 2771 2215 EPISTOLA
2812 2161 3081 2215 XXXIV.

1985 2277 2069 2318 AD
2109 2275 2430 2318 GBBUINUM
2466 2276 2993 2320 ABCHIEPISCOPUM
3031 2276 3510 2319 LUGDUNBNSBM.

2547 2366 2735 2435 (Anno
2791 2366 2977 2434 1079.)

1950 2469 2235 2536 Conﬁrmat
2254 2471 2525 2536 primatus
2548 2469 2875 2535 dignitatem
2904 2468 3251 2535 Lugdunensi
3293 2467 3469 2522 Eccles
3481 2470 3547 2520 ire

2019 2553 2179 2606 super
2201 2544 2433 2606 quatuor
2468 2542 2777 2608 provincias
2812 2555 3121 2601 concessam,
3154 2540 3439 2592 dummodo
3465 2540 3548 2594 Si-

2020 2612 2259 2662 moniace
2283 2611 2718 2679 archiepiscopus
2757 2611 2947 2665 electus
2978 2625 3079 2663 non
3117 2613 3306 2671 fuerit.

2016 2710 2363 2766 GBEGOBIUS
2384 2712 2690 2782 episcOpus,
2731 2726 2917 2765 servus
2946 2727 3231 2767 servorum
3275 2710 3388 2778 Dei,
3444 2714 3551 2768 GB-

1954 2819 2145 2859 numo
2166 2804 2521 2871 [Genusum]
2549 2802 2890 2873 Lugdunensi
2907 2804 3331 2875 archiepiscOpo.

2020 2897 2259 2968 Antiqua
2303 2884 2617 2951 sanctOrum
2668 2899 2911 2964 Patrum,
2939 2895 3136 2967 quibus
3170 2897 3298 2952 licet
3337 2897 3546 2968 indigni

1948 2998 2003 3045 et
2028 2990 2188 3061 longe
2224 2990 2437 3045 meritis
2464 2991 2719 3060 impares,
2774 2990 2833 3043 in
2862 2988 3331 3044 administratione
3381 2990 3546 3061 hujus

1942 3083 2084 3138 sedis
2110 3083 2474 3151 succedimus,
2513 3084 2757 3154 vestigia,
2790 3084 2843 3137 in
2873 3091 3139 3153 quantum
3163 3082 3335 3138 divina
3361 3082 3547 3155 digna-

1940 3175 2018 3230 tio
2044 3177 2329 3247 permittit,
2355 3176 2562 3231 imitari
2582 3175 2975 3242 desiderantes,
3034 3175 3145 3246 jus,
3169 3176 3318 3246 quod
3344 3176 3543 3230 unicui-

1941 3284 2045 3340 que
2099 3270 2466 3325 Ecclesiarum
2512 3285 2610 3339 pro
2639 3269 2840 3323 merito
2882 3277 2936 3323 et
2994 3267 3260 3338 dignitate
3310 3269 3395 3323 sui
3438 3269 3543 3339 ipsi

1941 3362 2311 3429 contulerunt,
2345 3377 2445 3417 nos
2493 3377 2559 3417 ex
2609 3377 2802 3416 eorum
2841 3361 3179 3417 successibus
3233 3361 3541 3417 considera-

1942 3458 2092 3511 tione
2105 3455 2509 3524 decetillaasum
2535 3455 2949 3511 etimmutabile
2965 3471 3308 3523 conservare,
3340 3464 3393 3510 et
3415 3472 3538 3511 mu-

1940 3552 2152 3606 nimine
2208 3550 2557 3605 decretorum
2586 3559 2905 3605 nostrorum
2936 3550 3004 3605 ad
3035 3558 3353 3621 perpetuam
3380 3549 3544 3604 stabi-

1938 3643 2147 3699 litatem
2195 3644 2568 3700 corroborare.
2613 3645 2977 3714 Quapropter;
3006 3644 3152 3714 quia,
3184 3642 3542 3701 dilectissime

1941 3739 1999 3792 in
2030 3739 2249 3794 Christo
2277 3738 2449 3793 frater
2475 3738 2747 3805 Gebuine,
2806 3738 3094 3809 postulasti
3139 3754 3170 3792 a
3198 3737 3359 3794 nobis
3410 3755 3545 3810 qua-

1940 3841 2097 3888 tenus
2123 3833 2452 3905 dignitatem
2496 3834 2565 3889 ab
2610 3834 3047 3889 antecessoribus
3077 3834 3281 3889 nostris
3318 3849 3538 3889 conces-

1939 3942 2057 3981 sam
2088 3928 2359 3993 Ecclesiaa,
2393 3929 2483 3982 cui
2517 3931 2635 3982 Deo
2664 3937 2887 3983 auctore
2917 3943 3149 3999 praeesse
3174 3927 3538 3999 dignosceris,

1940 4020 2420 4086 confirmaremus,
2448 4030 2504 4076 et
2544 4037 2776 4093 quaeque
2802 4038 2899 4077 sua
2936 4021 3004 4075 ab
3032 4019 3386 4077 infestatione
3447 4024 3542 4077 ho-

1940 4112 2049 4167 stili
2077 4114 2389 4183 apostolicae
2416 4114 2560 4170 sedis
2588 4114 2905 4170 defensione
2948 4124 3252 4181 tueremur,
3290 4116 3538 4171 inclinati

1941 4207 2195 4274 precibus
2224 4209 2337 4262 tuis
2374 4208 2765 4263 conﬁrmamus
2790 4209 3091 4277 primatum
3107 4225 3271 4280 super
3304 4219 3540 4282 quatuor

1943 4301 2248 4372 provincias
2298 4301 2652 4372 Lugdunensi
2709 4302 2964 4356 Ecclesiae
3013 4311 3146 4370 tuae,
3178 4311 3233 4357 et
3288 4319 3383 4373 per
3413 4320 3534 4358 eam

1942 4394 2043 4449 tibi
2062 4394 2283 4464 tuisque
2330 4394 2754 4457 successoribus,
2787 4394 2872 4448 his
2899 4402 3115 4448 tantum
3142 4396 3234 4465 qui
3265 4395 3417 4449 nullo
3448 4397 3532 4449 in-

1943 4489 2280 4543 terveniente
2294 4502 2521 4543 munere
2550 4488 2705 4542 electi
2736 4488 2816 4542 vel
2860 4488 3098 4557 promoti
3130 4487 3345 4551 fuerint,
3380 4489 3536 4544 vide—

1864 4598 1911 4659 ι)
1943 4581 2089 4646 licet,
2122 4597 2151 4635 a
2181 4596 2371 4648 manu,
2408 4581 2474 4634 ab
2504 4580 2765 4651 obsequio
2797 4588 2853 4634 et
2879 4596 2910 4635 a
2935 4580 3136 4650 lingua.
3170 4584 3219 4633 Α
3249 4596 3445 4649 manu,
3475 4591 3535 4636 ut

1945 4674 2156 4730 nullum
2180 4675 2420 4744 pretium
2442 4689 2664 4743 prorsus
2683 4689 2713 4727 a
2737 4689 2795 4728 se
2825 4674 2903 4729 vel
2930 4674 2998 4729 ab
3023 4674 3204 4745 aliquo
3230 4674 3532 4742 tribuatur;

1940 4767 2009 4821 ab
2043 4766 2328 4837 obsequio,
2355 4774 2416 4820 ut
2435 4766 2571 4819 nihil
2603 4765 2730 4820 inde
2755 4766 2961 4820 servitii
2990 4764 3186 4835 faciat,
3235 4769 3379 4822 sicut
3408 4771 3527 4838 qui-

1941 4859 2071 4915 dam
2113 4846 2676 4913 intentione-ecclesia:
2718 4859 3055 4929 praelationis
3081 4862 3395 4930 potentibus
3422 4879 3536 4932 per-

1941 4953 2089 5008 sonis
2117 4952 2295 5007 solent
2312 4949 2554 5016 deferre;
2588 4968 2617 5005 a
2635 4952 2836 5024 lingua,
2862 4961 2922 5006 ut
2949 4968 3123 5024 neque
3155 4969 3251 5024 per
3270 4969 3329 5009 se
3356 4970 3534 5026 neque

1941 5062 2035 5117 per
2059 5046 2387 5101 submissam
2408 5061 2695 5116 personam
2717 5062 2904 5117 preces
2930 5046 3197 5101 effundat.
3223 5048 3329 5103 Sed
3358 5065 3533 5119 neque

1940 5139 2025 5194 his
2054 5140 2148 5211 qui
2176 5156 2273 5211 per
2301 5140 2621 5195 saecularem
2654 5148 2985 5211 potestatem
3011 5141 3081 5196 ad
3122 5140 3263 5196 hanc
3292 5140 3533 5212 dignita-

1936 5240 2051 5287 tem
2089 5233 2456 5303 pervenerint,
2489 5231 2741 5288 videlicet
2773 5232 2922 5288 dono
2975 5234 3058 5288 vel
3106 5234 3533 5289 confirmatione

1938 5326 2166 5397 alicujus
2195 5340 2440 5395 personae
2468 5341 2593 5396 quae
2636 5335 2844 5381 sanctae
2868 5326 3119 5397 religioni
3151 5327 3398 5382 videatur
3431 5327 3532 5382 ob-

1939 5418 2103 5485 viare,
2134 5427 2189 5472 et
2236 5426 2427 5473 contra
2469 5434 2660 5489 puram
2712 5427 2769 5474 et
2809 5418 3183 5474 authenticam
3215 5428 3529 5475 sanctorum

1936 5512 2165 5567 Patrum
2190 5513 2577 5567 auctoritatem
2609 5512 2812 5567 venire.
2842 5511 2946 5567 Sed
2977 5512 3061 5566 his
3091 5512 3360 5569 nimirum
3392 5514 3532 5568 hanc

1935 5603 2259 5676 dignitatem
2288 5604 2694 5661 concedendam
2720 5620 2838 5661 esse
2861 5605 3164 5673 sancimus,
3195 5606 3289 5677 qui
3316 5622 3450 5675 pura
3480 5614 3536 5659 et

1935 5697 2144 5753 sincera
2173 5697 2439 5753 electione
2480 5698 2585 5752 tibi
2608 5699 2988 5763 successerint,
3016 5706 3072 5751 et
3098 5700 3174 5752 ita
3202 5714 3294 5768 per
3322 5698 3529 5751 ostium

1936 5790 2278 5859 intraverint,
2327 5792 2468 5846 sicut
2516 5790 2924 5847 fraternitatem
2978 5798 3133 5845 tuam
3170 5790 3536 5860 cognovimus

1935 5885 2187 5942 intrasse.
2214 5886 2315 5941 His
2340 5899 2471 5940 vero
2491 5884 2588 5955 qui
2612 5884 2767 5939 aliter
2782 5882 3126 5947 intraverint,
3152 5880 3407 5935 videlicet
3433 5884 3528 5953 qui
