4074 6172
513 331 615 386 539
1114 316 1117 317 ν
1198 323 1255 377 S.
1295 321 1613 377 GREGORII
1650 322 1738 376 VII
1779 312 1973 377 PAP/E
2009 322 2285 378 OPERUM
2322 322 2495 378 PARS
2533 324 2574 378 ῐ.
2619 352 2683 362 --
2722 321 3119 378 REGISTRUM.
3708 324 3806 378 540

503 451 1041 525 ,Ῐιιχῐειῗῡοωὶηἱοδπι
1082 445 1413 503 sententiam
1461 460 1576 500 non
1623 460 1721 517 per
1749 446 1976 514 ostium,
2006 446 2102 503 sed

2213 447 2511 514 distinctio,
2564 446 2686 519 quis
2732 444 3025 502 hominum
3053 445 3259 501 abnuat
3296 445 3423 503 huic
3467 462 3527 503 se
3582 446 3810 502 libenter

511 546 730 604 aliunde
754 553 817 601 ut
841 543 987 598 fures
1014 548 1069 596 et
1096 540 1337 594 latrones
1366 537 1729 605 ascenderint,
1769 555 1884 595 non
1921 540 2103 596 solum
2210 538 2555 612 dispositioni
2584 539 2949 596 submittere?
3000 539 3143 595 Hinc
3170 539 3370 595 etenim
3400 556 3503 611 pax
3555 547 3610 595 et
3636 539 3809 595 chari-

513 641 815 711 primatum
844 634 1006 706 hujus
1033 632 1313 704 dignitatis
1342 648 1454 688 non
1503 632 1878 700 concedimus,
1910 650 2104 690 verum

513 733 679 787 etiam
704 729 857 784 omni
899 727 1106 782 honore
1148 725 1501 782 ecclesiastici
1530 727 1816 798 regiminis
1851 726 2106 799 indignos

512 834 569 880 et
597 824 802 879 alienos
827 820 948 877 fore
984 819 1383 891 adjudicamus.
1426 820 1744 875 Provincias
1772 829 1960 876 autem
1987 820 2105 875 illas

511 932 646 990 quas
696 915 853 971 vobis
906 914 1323 980 conﬁrmamus,
1372 912 1611 969 dicimus
1650 913 2101 987 Lugdunensem,

509 1009 1035 1081 Rothomagensem,
1082 1010 1479 1074 Turonensem,
1516 1016 1573 1063 et
1608 1009 2000 1074 Senonensem,
2044 1014 2108 1062 ut

510 1102 598 1159 ha
625 1103 877 1158 videlicet
902 1102 1196 1172 provincia
1220 1100 1550 1173 condignam
1596 1100 1966 1158 obedientiam
1990 1103 2105 1156 Lu-

512 1196 784 1268 gdunensi
832 1196 1093 1251 Ecclesia
1135 1194 1449 1263 exhibeant,
1497 1203 1553 1249 et
1622 1194 1896 1250 honorem
1939 1209 2105 1265 quem

514 1289 758 1344 Romani
816 1288 1102 1360 pontiﬁces
1154 1287 1499 1344 reddendum
1545 1303 1665 1343 esse
1716 1288 1936 1360 scriptis
1985 1302 2107 1358 pro-

512 1383 647 1453 priis
686 1382 1066 1455 praﬁxerunt,
1115 1381 1393 1437 humiliter
1440 1390 1496 1437 et
1536 1381 1733 1437 devote
1772 1381 2105 1453 persolvant,

513 1475 659 1531 salva
684 1476 740 1529 in
766 1475 1025 1530 omnibus
1047 1476 1364 1546 apostolica
1406 1474 1551 1531 sedis
1578 1474 1882 1531 reverentia
1909 1482 1966 1530 et
2006 1489 2105 1528 au-

511 1569 786 1623 ctoritate.
861 1571 1155 1635 Praterea,
1209 1568 1367 1640 juxta
1419 1577 1670 1625 tenorem
1723 1566 2108 1640 postulationis

508 1668 641 1727 tua,
699 1661 943 1716 ecclesia
988 1669 1098 1718 tua
1142 1662 1458 1735 hujusmodi
1522 1662 1799 1734 privilegia
1847 1659 2108 1732 praesenti

512 1754 857 1809 auctoritatis
873 1763 1079 1811 nostra
1106 1755 1328 1811 decreto
1353 1754 1724 1828 indulgemus,
1752 1754 2108 1811 concedimus

512 1856 676 1919 atque
724 1847 1032 1916 ﬁrmamus,
1084 1857 1386 1905 statuentes
1426 1823 1637 1904 nullum
1665 1864 1878 1921 regum,
1937 1855 1986 1903 et
2023 1864 2103 1903 τε·
2135 1823 2183 1885 Β

513 1942 665 2010 liqua
690 1958 860 2011 usque
886 1944 947 1997 in
969 1946 1159 2011 ﬁnem,
1189 1946 1327 1998 sicut
1352 1946 1410 1997 in
1431 1944 1717 2013 privilegio
1738 1946 1943 1998 constat
1962 1942 2107 2011 quod

512 2039 588 2088 est
618 2038 677 2087 in
702 2038 874 2105 capite
904 2036 1065 2105 hujus
1096 2037 1280 2090 libelli.

586 2130 725 2181 Data
779 2130 987 2195 Roma,
1035 2127 1371 2185 duodecimo
1401 2129 1688 2186 Kalendas
1716 2130 1914 2196 Maias,
1961 2128 2103 2184 indi-

512 2219 691 2275 ctione
708 2221 966 2277 secunda.

991 2334 1337 2389 EPISTOLA
1388 2335 1628 2390 XXXV.

510 2455 591 2496 ΑΙ)
621 2455 1190 2509 ΒΟΤΗΟΠΑΕΕΝΒΕΜ,
1216 2457 1659 2512 TUBONBNSEM,
1694 2458 1771 2499 ΒΤ
1794 2457 2106 2500 8ΕΝΟΝΒΝ-

941 2550 1080 2602 SEM,
1129 2550 1673 2593 ABCHIEPISCOPOS.

1102 2640 1285 2702 (Anno
1340 2642 1519 2703 10793

520 2742 593 2795 Ut
630 2741 1019 2810 archiepiscopo
1052 2742 1401 2809 Lugdunensi
1428 2758 1589 2812 super
1617 2759 1698 2797 eos
1753 2757 1820 2797 ea:
1874 2746 2107 2812 antiqua

582 2814 812 2883 Patrum
859 2816 1177 2867 auctoritate
1236 2816 1415 2881 prima
1460 2830 1494 2866 a
1542 2829 1596 2868 se
1640 2817 1951 2883 conﬁrmato
1991 2815 2107 2867 obe-

582 2882 840 2935 dientiam
878 2889 1153 2952 praestent.
1187 2887 1465 2939 Rationem
1511 2890 1561 2938 et
1588 2882 1845 2954 originem
1872 2886 2107 2940 diverso-

583 2970 703 3007 rum
723 2956 781 3008 z’n
800 2956 1031 3010 Ecclesia
1046 2956 1311 3024 graduum
1335 2957 1596 3010 declarat.

583 3066 943 3123 GnEGonws
972 3068 1276 3139 episcopus,
1302 3083 1491 3123 servus
1520 3083 1801 3123 servorum
1831 3068 1969 3135 Dei,
1998 3066 2107 3123 fra-

510 3157 685 3214 tribus
710 3168 765 3214 et
788 3161 1119 3231 coepiscopis
1150 3160 1596 3231 Rothomagensi,
1628 3161 1957 3216 Turonensis
1985 3160 2105 3234 [Tu-

508 3252 753 3319 tonensi,
810 3253 1181 3325 Bituricensi],
1257 3262 1313 3309 et
1363 3255 1687 3321 Senonensi,
1760 3256 1995 3310 salutem
2048 3264 2103 3311 et

508 3347 866 3416 apostolicam
907 3347 1365 3403 benedictionem.

580 3435 731 3490 Sicut
755 3435 910 3491 novit
956 3436 1267 3491 fraternitas
1322 3444 1521 3505 vestra,
1569 3435 1731 3493 sedes
1778 3437 2097 3508 apostolica,

510 3527 599 3582 cui
642 3527 770 3583 licet
807 3529 1033 3601 indigni,
1065 3533 1183 3585 Deo
1221 3539 1465 3599 auctore,
1512 3530 1889 3603 prasidemus,
1918 3530 2101 3586 divina

508 3620 682 3690 gratia
714 3620 1027 3691 inspirante,
1055 3622 1254 3693 Spiritu
1285 3633 1475 3679 sancto
1502 3624 1716 3692 edoCta,
1742 3640 1839 3695 per
1861 3624 2100 3680 diversas

507 3711 821 3781 provincias
868 3722 924 3768 et
950 3729 1113 3783 regna
1152 3716 1408 3783 prasules
1442 3716 1879 3789 archiepiscopos
1906 3726 1960 3772 et
1987 3718 2099 3789 pri-

507 3810 685 3858 mates
734 3802 1029 3873 ordinavit;
1063 3806 1218 3876 cujus
1243 3806 1633 3863 constitutione
1680 3818 1735 3863 et
1775 3813 2101 3866 auctoritate

508 3892 889 3966 Lugdunensis
922 3897 1162 3952 Ecclesia
1189 3898 1481 3967 primatum
1511 3915 1673 3970 super
1700 3910 1932 3971 quatuor
1969 3920 2087 3973 pro-

509 3987 730 4055 vincias,
742 3988 1440 4060 videlicetLugdunensem,
1453 3990 1983 4065 Rothomagensem,
1996 3998 2102 4051 Tu-

508 4096 800 4137 ronensem
830 4090 885 4137 et
905 4084 1297 4149 Senonensem,
1337 4100 1433 4155 per
1458 4100 1725 4140 annorum
1753 4086 1914 4158 longa
1937 4089 2103 4143 curri-

509 4174 627 4231 cula
647 4174 948 4231 obtinuisse
967 4176 1332 4248 cognoscitur.
1355 4178 1678 4234 Sanctorum
1694 4179 1857 4251 igitur
1872 4184 2099 4238 Patrum

507 4283 627 4333 nos,
658 4268 983 4340 inquautum
1009 4272 1125 4325 Deo
1166 4269 1373 4327 favente
1405 4272 1666 4342 valemus,
1699 4274 1914 4347 exmpla
1942 4277 2098 4349 sequi

509 4362 811 4433 cupientes,
841 4363 1429 4422 Ecclesiamemorata
1449 4368 1769 4437 primatum,
1795 4385 1963 4441 quem
1995 4372 2096 4442 ipsi

509 4456 739 4511 decretis
768 4457 903 4525 suis,
930 4458 1333 4514 constituerunt
1359 4468 1522 4530 atque
1548 4470 1866 4530 sanxerunt,
1901 4479 2099 4520 eorum

510 4548 633 4604 freti
654 4558 922 4620 potestate
943 4550 1171 4607 subinde
1190 4552 1514 4609 conﬁrmare
1542 4553 1845 4610 studemus.
1876 4556 1963 4613 Ad
1991 4557 2096 4612 hoc

510 4641 659 4697 enim
699 4642 890 4699 divina
932 4644 1346 4716 dispensationis
1374 4646 1614 4717 provisio
1663 4647 1860 4720 gradus
1908 4657 1962 4704 et
2011 4650 2095 4706 di-

510 4749 693 4788 versos
718 4736 999 4792 constituit
1026 4736 1244 4794 ordines
1272 4754 1390 4794 esse
1422 4740 1724 4809 distinctos,
1766 4750 1827 4796 ut
1849 4741 1981 4798 dum
2009 4759 2096 4800 re-

510 4826 806 4882 verentiam
831 4829 1070 4885 minores
1090 4830 1392 4901 potioribus
1415 4832 1750 4904 exhiberent,
1780 4844 1835 4891 et
1858 4838 2097 4907 potiores

507 4917 815 4975 minoribus
832 4919 1184 4978 dilectionem
1207 4924 1597 4995 impenderent,
1641 4944 1749 4984 una
1787 4930 2097 4986 concordia

507 5011 668 5067 ﬁeret
710 5028 776 5067 ex
830 5012 1138 5071 diversitate
1182 5018 1469 5085 connexio,
1502 5028 1559 5075 et
1600 5028 1745 5077 recte
1783 5021 2096 5079 ofﬁciorum

508 5104 819 5176 gigneretur
867 5106 1265 5166 administratio
1319 5111 1678 5183 singulorum.
1714 5116 1902 5186 Neque
1951 5116 2096 5171 enim

509 5198 835 5255 universitas
871 5200 970 5256 alia
1005 5209 1220 5273 poterat
1256 5204 1467 5260 ratione
1507 5206 1821 5275 subsistere,
1864 5208 1966 5263 nisi
1994 5207 2097 5264 hu-

502 5291 747 5363 jusmodi
821 5310 1050 5367 magnus
1102 5311 1228 5353 eam
1276 5296 1603 5356 differentia
1640 5298 1776 5356 ordo
1836 5310 2094 5359 servaret.

508 5385 649 5453 Quia
672 5402 799 5442 vero
828 5397 1071 5445 creatura
1113 5390 1167 5445 in
1190 5407 1296 5448 una
1322 5393 1623 5466 eademque
1651 5395 1958 5465 aqualitate
2000 5412 2099 5468 gu-

508 5482 721 5537 bernari
750 5483 835 5539 vel
862 5483 1042 5540 vivere
1073 5500 1185 5540 non
1206 5495 1402 5557 potest.
1431 5486 1739 5543 caelestium
1781 5489 2096 5545 militiamm

507 5578 787 5648 exemplar
810 5593 914 5634 nos
950 5579 1169 5635 instruit
1192 5580 1318 5652 quia
1346 5581 1483 5637 dum
1512 5582 1624 5639 sint
1645 5583 1843 5654 angeli,
1872 5584 1981 5639 sint
2010 5600 2095 5640 ar-

505 5671 774 5742 changeli,
796 5671 966 5743 liquet
978 5674 1111 5743 quia
1124 5689 1235 5729 non
1253 5676 1487 5745 aquales
1523 5685 1673 5743 sunt,
1697 5676 1794 5734 sed
1812 5678 1865 5732 in
1903 5687 2092 5750 potes-

505 5774 619 5823 tate
648 5777 705 5824 et
726 5766 936 5833 ordine,
967 5767 1111 5824 sicut
1130 5768 1323 5837 nostis,
1353 5767 1545 5826 differt
1570 5771 1708 5827 alter
1725 5770 1795 5826 ab
1823 5772 2018 5829 altero.
2036 5773 2090 5829 Si

507 5858 636 5932 ergo
665 5863 809 5921 inter
823 5861 927 5919 hos
953 5862 1049 5937 qui
1074 5864 1192 5921 sine
1207 5870 1429 5936 peccato
1451 5872 1583 5923 sunt
1600 5864 1704 5923 ista
1732 5873 1947 5922 constat
1974 5880 2090 5923 esse

2124 4606 2175 4668 D

2211 642 2295 690 tas
2324 643 2517 690 mutua
2563 649 2623 689 se
2667 634 2782 689 vice
2828 634 3288 705 complectuntur,
3318 642 3374 688 et
3415 641 3599 688 manet
3650 633 3809 689 ﬁrma

2213 727 2506 784 concordia
2534 728 2590 783 in
2612 727 2783 783 altera
2809 730 2926 783 Deo
2956 728 3145 799 placita
3176 726 3470 783 dilectione
3495 726 3802 783 sinceritas.

2214 822 2355 891 Quia
2392 822 2559 893 igitur
2584 820 3014 893 unumquodque
3038 831 3173 878 tunc
3198 820 3485 876 salubriter
3505 820 3811 890 completur

2213 913 2476 984 ofﬁcium,
2524 930 2651 971 cum
2673 913 2839 970 fuerit
2889 930 3031 970 unus
3074 912 3147 969 ad
3185 929 3348 985 quem
3379 913 3550 984 possit
3594 914 3808 969 recurri

2214 1008 2556 1081 praepositus.
2594 1006 2898 1065 Provincia
2917 1015 3107 1064 autem
3134 1006 3312 1063 multo
3337 1016 3462 1063 ante
3491 1006 3690 1063 Christi
3717 1006 3812 1063 ad-

2215 1112 2441 1158 ventum
2485 1110 2752 1174 tempore,
2776 1100 2965 1158 divisa
2989 1109 3116 1157 sunt
3152 1100 3391 1156 maxima
3432 1116 3499 1156 ex
3536 1108 3720 1171 parte,
3754 1108 3812 1156 et

2216 1204 2400 1268 postea
2427 1195 2497 1251 ab
2525 1195 2787 1267 apostolis
2815 1203 2872 1250 et
2910 1194 3070 1250 beato
3099 1194 3379 1251 Clemente
3407 1192 3810 1266 pradecessore

2213 1297 2402 1345 nostro
2427 1289 2563 1360 [ipsa
2610 1288 2808 1345 divisio
2849 1296 2934 1344 est
2961 1295 3245 1356 renovata,
3270 1296 3323 1343 et
3350 1287 3403 1342 in
3446 1286 3624 1359 capite
3674 1302 3821 1359 pro-‘

2214 1383 2536 1451 vinciarum,
2566 1382 2657 1437 ubi
2703 1380 2920 1438 dudum
2961 1381 3229 1453 primates
3248 1381 3383 1453 legis
3405 1388 3567 1437 erant
3592 1380 3808 1446 saculi.

2214 1492 2276 1532 ac
2308 1477 2483 1548 prima
2522 1474 2803 1547 judiciaria
2835 1484 3096 1547 potestas,
3129 1475 3199 1532 ad
3237 1491 3379 1547 quos
3425 1475 3520 1548 qui
3550 1491 3648 1547 per
3675 1474 3807 1531 reli-

2216 1585 2350 1641 quas
2400 1570 2645 1626 civitates
2680 1570 3184 1637 commorabantur,
3211 1568 3431 1641 quando
3460 1569 3537 1625 eis
3585 1583 3811 1625 necesse

2216 1671 2353 1731 erat,
2392 1663 2487 1735 qui
2522 1661 2593 1718 ad
2621 1663 2804 1718 aulam
2830 1662 3225 1734 imperatorum
3253 1661 3337 1718 vel
3386 1678 3578 1733 regum
3615 1660 3812 1717 confu-

2216 1772 2341 1829 gere
2373 1772 2483 1811 non
2508 1764 2781 1827 poterant,
2820 1756 2902 1811 vel
2927 1756 3125 1827 quibus
3148 1756 3475 1828 permissum
3504 1771 3619 1810 non
3659 1763 3803 1821 erat,

2211 1848 2601 1921 confugiebant
2627 1866 2724 1921 pro
2753 1848 3199 1921 oppressionibus
3226 1849 3309 1905 vel
3342 1848 3619 1921 injusititis
3661 1848 3797 1915 suis,

2212 1943 2466 2016 ipsosque
2510 1942 2874 2015 appellabant,
2924 1943 3136 2015 quoties
3182 1958 3323 2014 opus
3368 1950 3504 2007 erat,
3553 1941 3691 1997 sicut
3748 1942 3803 1996 in

2210 2036 2331 2107 lege
2358 2052 2552 2092 eorum
2599 2046 2936 2109 praceptum
2967 2044 3105 2092 erat.
3151 2037 3290 2108 Ipsis
3310 2052 3529 2108 quoque
3575 2034 3807 2091 civitati-

2212 2130 2336 2196 bus,
2366 2130 2446 2185 vel
2477 2130 2611 2186 locis
2636 2130 3043 2197 celebrioribus,
3078 2130 3417 2201 patriarchas
3438 2129 3521 2185 vel
3548 2128 3809 2200 primates

2211 2224 2303 2297 qui
2342 2241 2507 2279 unam
2527 2223 2763 2280 formam
2790 2233 3000 2291 tenent,
3026 2224 3153 2279 licet
3179 2223 3389 2279 diversa
3416 2224 3527 2278 sint
3561 2222 3805 2290 nomina,

2212 2317 2357 2389 leges
2379 2317 2579 2373 divina
2621 2325 2677 2373 et
2704 2317 3082 2373 ecclesiastica
3112 2317 3236 2389 poni
3268 2325 3321 2372 et
3363 2332 3479 2372 esse
3503 2316 3802 2387 jusserunt,

2212 2409 2285 2466 ad
2345 2426 2484 2481 quos
2525 2410 2784 2483 episc0pi,
2816 2412 2860 2466 si
2914 2426 3138 2467 necesse
3186 2408 3371 2476 fuerit,
3424 2408 3807 2481 confugerent,

2213 2519 2415 2575 eosque
2449 2505 2805 2576 appellarent,
2834 2512 2896 2560 ut
2924 2504 3024 2577 ipsi
3061 2503 3285 2560 nomine
3319 2504 3619 2575 primatum
3655 2501 3809 2559 frue-

2213 2606 2422 2665 rentur,
2471 2605 2664 2653 etnon
2711 2598 2822 2653 alii.
2878 2598 3129 2670 Reliqua
3185 2613 3311 2654 vero
3367 2596 3809 2667 metropolitana

2214 2691 2476 2758 civitates,
2514 2708 2637 2762 qua
2670 2692 2907 2747 minores
2932 2691 3145 2765 judices
3182 2690 3488 2757 habebant,
3518 2689 3642 2745 licet
3685 2705 3808 2745 ma-

2206 2784 2688 2857 jorumzcomitum
2716 2794 2914 2851 essent,
2942 2785 3405 2840 haberenttamen
3437 2782 3809 2855 metropolita-

2213 2894 2316 2933 nos
2342 2894 2491 2946 suos,
2530 2878 2931 2950 qui»pradictis
2968 2878 3116 2949 juste
3158 2878 3442 2934 obedirent
3462 2877 3809 2949 primatibus.

2212 2971 2351 3026 sicut
2396 2980 2452 3026 et
2487 2972 2544 3025 in
2574 2971 2778 3043 legibus
2799 2971 2984 3026 saculi
3024 2971 3156 3026 olim
3190 2971 3508 3027 ordinatum
3539 2979 3686 3040 erat,
3714 2970 3811 3041 qui

2213 3079 2324 3118 non
2358 3063 2676 3135 primatum,
2710 3063 2807 3119 sed
2834 3073 2928 3119 aut
2957 3065 3509 3136 metropolitanorum
3536 3064 3807 3135 archiepi-

2214 3172 2507 3227 scoporum
2535 3158 2752 3212 nomine
2781 3156 3111 3214 fruerentur.
3162 3160 3233 3213 Et
3269 3157 3396 3213 licet
3424 3158 3652 3228 singula
3693 3173 3813 3212 me-

2214 3246 2457 3316 tropoles
2498 3244 2742 3301 civitates
2770 3261 2896 3301 suas
2944 3247 3249 3319 provincias
3277 3245 3530 3312 habeant,
3566 3254 3621 3301 et
3670 3260 3813 3301 suos

2212 3338 2662 3411 metropolitanos
2724 3338 2929 3395 habere
2991 3338 3229 3395 debeant
3293 3340 3606 3411 episcopos,
3667 3340 3818 3395 sicut

2212 3432 2360 3504 prius
2400 3432 2870 3504 metropolitanos
2922 3432 3138 3504 judices
3196 3433 3431 3489 habeant
3491 3432 3814 3504 saculares,

2211 3526 2468 3597 primates
2511 3535 2718 3593 tamen,
2783 3535 2847 3582 ut
2892 3526 3178 3598 praeﬁxum
3228 3535 3340 3595 est,
3384 3534 3516 3582 tunc
3560 3534 3614 3581 et
3657 3542 3816 3582 nunc

2211 3618 2409 3674 habere
2436 3619 2598 3690 jussa
2628 3627 2775 3686 sunt,
2801 3619 2868 3675 ad
2907 3635 3049 3691 quos
3080 3627 3205 3691 post
3222 3618 3411 3675 sedem
3447 3619 3812 3691 apostolicam

2211 3727 2433 3767 summa
2453 3712 2668 3784 negotia
2681 3712 3031 3779 conveniant,
3047 3722 3106 3768 ut
3125 3712 3329 3768 ibidem
3350 3712 3547 3785 quibus
3560 3727 3814 3780 necesse,

2213 3804 2491 3859 eleventur
2515 3813 2570 3861 et
2596 3806 2745 3876 juste
2774 3807 3159 3873 restituantur,
3176 3816 3230 3861 et
3259 3805 3311 3860 hi
3349 3806 3440 3876 qui
3480 3805 3683 3877 injuste
3709 3822 3813 3878 op—

2215 3898 2528 3967 primuntur
2591 3898 2740 3970 juste
2807 3898 3197 3967 reformentur,
3255 3906 3415 3970 atque
3489 3897 3812 3965 fulciantur,

2215 3991 2700 4064 episcoporumque
2737 4008 2916 4049 causa
2943 4002 2996 4048 et
3046 4008 3399 4048 summorum
3452 3992 3810 4064 negotiorum

2209 4082 2431 4155 judicia,
2484 4085 2628 4141 salva
2669 4086 2987 4159 apostolica
3030 4086 3172 4141 sedis
3216 4087 3562 4154 auctoritate,
3606 4086 3813 4157 justis—

2213 4177 2353 4232 sime
2389 4180 2773 4236 terminentur.
2818 4181 3157 4251 Quapropter
3181 4179 3477 4251 apostolica
3510 4177 3661 4234 vobis
3707 4195 3811 4235 au-

2212 4267 2464 4323 ctoritate
2532 4270 2880 4342 praecipimus
2934 4277 2998 4324 ut
3036 4284 3180 4340 sape
3231 4269 3393 4324 dicta
3448 4267 3813 4341 Lugdunensi

2212 4360 2469 4417 Ecclesia
2507 4362 2773 4418 honorem
2819 4371 2875 4417 et
2914 4362 3276 4418 reverentiam
3315 4378 3346 4416 a
3376 4362 3679 4433 majoribus
3706 4378 3813 4418 no-

2206 4463 2334 4519 stris
2369 4460 2436 4515 de
2463 4456 2721 4513 Ecclesiis
2756 4456 2953 4511 vestris
2983 4456 3263 4527 praﬁxam
3302 4455 3377 4511 ita
3411 4470 3507 4509 vos
3547 4454 3810 4513 exhibere

2208 4554 2484 4612 humiliter
2511 4558 2566 4606 et
2593 4549 2788 4606 devote
2814 4550 3141 4620 procuretis,
3162 4547 3630 4620 quemadmodum
3647 4548 3810 4605 vobis

2213 4666 2243 4706 a
2282 4645 2643 4718 suffraganeis
2688 4644 2880 4699 vestris
2924 4642 3082 4698 reddi
3135 4641 3329 4697 debere
3353 4646 3466 4698 non
3518 4640 3807 4699 dubitatis.

2200 4743 2557 4813 Omnipotens
2584 4742 2639 4793 et
2687 4737 2996 4792 misericors
3038 4738 3188 4791 Deus
3233 4736 3385 4807 pacis
3432 4735 3806 4807 justitiaque,

2202 4850 2429 4892 serenus
2474 4834 2751 4903 inspector
2787 4828 2939 4885 cordi
2968 4838 3148 4884 vestro
3194 4828 3496 4884 clementer
3527 4828 3806 4899 inspirare

2201 4929 2477 5000 dignetur,
2504 4933 2566 4981 ut
2594 4941 2691 4996 per
2708 4924 2850 4978 viam
2871 4922 3146 4993 aequitatis
3166 4921 3581 4993 concordiaque
3610 4920 3809 4978 ﬁrmos

2200 5021 2398 5095 gradus
2425 5018 2565 5075 mihi
2585 5018 2639 5073 in
2677 5016 2787 5073 hoc
2832 5016 3032 5072 saculo
3071 5015 3300 5073 tendere
3322 5016 3508 5073 taliter
3533 5014 3807 5071 studeatis

2201 5123 2465 5186 quatenus
2516 5127 2615 5183 pro
2679 5110 3080 5181 temporalibus
3129 5118 3339 5167 aterna
3382 5110 3681 5181 sumpturi,
3735 5110 3811 5167 ad

2197 5208 2432 5265 calcatis
2451 5204 2759 5261 Jerusalem
2798 5202 2931 5259 ﬁnes
2960 5204 3284 5259 mereamini
3302 5203 3615 5276 pervenire.

2273 5304 2412 5357 Data
2432 5296 2991 5367 Roma,duodecimo
3018 5296 3135 5369 [xu
3150 5296 3299 5370 ML]
3320 5297 3464 5366 Maii,
3488 5297 3806 5355 indictione

2204 5394 2467 5452 secunda.

2684 5514 3043 5570 EPISTOLA
3080 5514 3351 5569 XXXVI.

2522 5653 2605 5695 AD
2655 5652 3000 5697 CANONICOS
3039 5651 3501 5694 LUGDUNBNSES.

2782 5758 2968 5824 (Anno
3010 5758 3196 5823 1079.)

2268 5873 2539 5941 Praecipit,
2556 5876 2619 5927 ut
2647 5873 2784 5928 sicut
2800 5886 2981 5927 eorum
3002 5870 3229 5926 decanus
3256 5870 3505 5938 beneﬁcia
3532 5869 3649 5923 sine
3676 5882 3809 5923 eon-
