4074 6172
246 331 338 386 541
1309 337 1507 396 LIBER
1545 340 1817 399 SEXTUS.
1857 372 1927 385 --
1964 344 2169 399 EPIST.
2212 346 2473 401 XXXVIII.

3436 360 3538 415 542

497 457 741 549 frg???
758 461 1456 549 renuntiaverat
1482 467 1682 549 insulis
1708 484 1831 523 ma-
1864 473 1916 536 Α
1944 469 2197 537 leximus,
2245 479 2300 525 et
2322 470 2595 528 honorem
2624 482 2784 529 tuum
2813 483 2928 531 tam
2970 477 3029 534 in
3054 480 3310 549 praesenti
3341 484 3540 539 saeculo

313 528 493 601 nibus,
545 529 624 601 sic
653 528 711 601 hi
748 532 845 598 qui
868 531 951 583 vel
996 536 1179 585 contra
1214 540 1831 601 emcommunicationem,

311 598 394 652 cel
428 600 604 667 pretio
661 600 905 669 beneﬁcia
958 602 1301 659 obtinuerant
1350 608 1409 661 in
1457 610 1703 664 manibus
1747 598 1836 665 sui

312 671 715 740 archiepiscopi
738 676 1064 727 renuntient.

309 781 683 838 Gnnconms
702 783 1006 856 episcopus,
1021 800 1212 842 servus
1227 803 1511 845 servorum
1525 791 1651 858 Dei,
1674 808 1835 848 cano-

234 874 368 930 nieis
396 875 785 947 Lugdunensis
826 879 1081 935 Ecclesiae
1121 882 1355 938 salutem
1385 892 1439 939 et
1476 886 1834 957 apostolicam

236 968 734 1024 benedictionem.‘

303 1062 554 1133 Quidam
584 1068 849 1136 vestrum,
880 1064 948 1121 ad
990 1082 1094 1122 nos
1128 1084 1257 1125 cum
1285 1070 1691 1145 archiepiscopo
1735 1092 1833 1133 suo

230 1157 538 1224 venientes,
589 1166 887 1230 postquam
918 1159 987 1216 de
1030 1162 1285 1219 Ecclesiae
1337 1173 1531 1222 vestrae
1582 1177 1729 1223 statu
1782 1179 1836 1226 et

228 1251 473 1307 utilitate
526 1266 628 1307 nos
678 1254 1092 1321 consuluerunt,
1116 1255 1239 1312 sine
1284 1259 1582 1329 apostolica
1616 1261 1834 1318 benedi-

226 1344 415 1400 ctione
432 1354 800 1401 recesserunt.
821 1346 983 1416 Quod
997 1347 1225 1420 quidem
1246 1350 1374 1407 licet
1398 1354 1596 1409 merito
1614 1354 1837 1427 indigne

226 1439 547 1508 tulerimus,
577 1447 769 1495 tamen
808 1443 1105 1513 apostolica
1133 1446 1557 1503 mansuetudine
1585 1448 1834 1506 dissimu-

227 1532 438 1599 lamus,
486 1541 548 1588 et
594 1533 731 1589 dum
779 1535 1031 1604 cupimus
1075 1537 1238 1593 saluti
1286 1546 1481 1596 vestra:
1527 1543 1835 1609 consulere,

228 1626 459 1682 illorum
493 1642 752 1682 excessus
789 1629 1101 1684 omittimus
1142 1631 1375 1703 insequi.
1433 1636 1516 1689 De
1545 1635 1658 1690 ﬁlio
1703 1652 1836 1692 vero

229 1728 427 1775 nostro
477 1728 787 1793 vestraeque
833 1720 1040 1777 decano
1084 1724 1339 1781 Ecclesiae
1586 1729 1834 1786 notiﬁca-

224 1822 349 1868 mu’s
368 1812 664 1869 dilectioni
696 1823 891 1871 vestrae
914 1816 1060 1886 quod
1089 1816 1341 1887 prudenti
1371 1836 1434 1875 ac
1458 1822 1665 1878 salubri
1693 1839 1831 1879 con-
1865 1838 1913 1900 Β

222 1908 345 1962 silio
397 1906 597 1963 ductus
628 1906 973 1964 obedientias
1004 1910 1273 1981 ecclesiae,
1319 1923 1630 1987 caeteraque
1659 1916 1827 1974 bene-

222 2000 368 2068 ﬁcia,
414 2015 544 2071 quae
574 2001 690 2056 sine
733 2005 1024 2058 communi
1064 2020 1337 2061 consensu
1374 2006 1611 2065 fratrum
1652 2012 1833 2082 acqui-

219 2095 416 2160 sierat,
470 2094 531 2149 in
560 2110 759 2149 manus
788 2103 1010 2151 nostras
1062 2108 1256 2169 sponte
1293 2102 1626 2157 renuntiavit
1672 2113 1727 2159 et
1773 2120 1831 2160 se

218 2187 455 2243 ulterius
480 2203 596 2243 non
621 2188 1074 2245 intromissurum
1104 2193 1374 2261 promisit.
1421 2194 1510 2250 Ad
1540 2195 1694 2266 cujus
1720 2196 1832 2253 for-

220 2297 375 2336 mam
400 2290 526 2336 tam
546 2280 635 2335 his
653 2282 745 2352 qui
772 2280 961 2338 furtim
982 2298 1040 2337 se
1061 2283 1444 2341 subduxerunt
1473 2302 1642 2359 quam
1660 2292 1830 2347 etiam

218 2373 542 2441 abbatibus,
571 2374 652 2428 vel
698 2375 1069 2447 cujuscunque
1107 2377 1371 2434 clericalis
1416 2379 1628 2436 ordinis
1658 2382 1831 2439 omni-

218 2466 321 2522 bus
375 2467 647 2523 Ecclesiae
715 2477 930 2534 vestrae;
989 2471 1296 2543 quicunque
1341 2471 1697 2544 obedientias,
1748 2477 1829 2531 vel

218 2561 487 2617 Ecclesiae
530 2561 974 2633 dispensationes
1004 2565 1166 2635 pretii
1208 2566 1486 2636 pactione,
1518 2569 1601 2624 vel
1639 2578 1830 2625 contra

218 2654 864 2710 excommunicationem
912 2656 1203 2713 Landerici
1248 2660 1666 2717 Matisconensis
1714 2664 1831 2734 epi-

217 2747 391 2819 scopi,
436 2764 611 2820 quam
658 2749 711 2803 in
759 2749 995 2820 capitulo
1034 2760 1213 2807 vestro
1259 2750 1405 2821 fecit,
1456 2754 1638 2825 adepti
1678 2765 1827 2827 sunt,

219 2841 523 2911 apostolica
555 2842 885 2897 auctoritate
915 2844 1286 2915 praecipimus,
1319 2855 1381 2900 ut
1410 2846 1464 2900 in
1490 2864 1689 2903 manus
1717 2847 1827 2903 fra-

217 2936 314 2989 tris
339 2934 526 2990 nostri
565 2934 803 2990 Gebuini
832 2936 1227 3009 archiepiscopi
1257 2941 1421 2995 vestri
1450 2939 1688 2996 refutare
1714 2941 1829 2998 sine

218 3028 486 3083 dilatione
527 3038 842 3099 procurent.
874 3030 1145 3086 Volumus
1172 3032 1447 3103 siquidem
1487 3043 1547 3089 ut
1573 3036 1832 3091 nobilita-

219 3132 354 3189 tem,
409 3137 523 3193 qua
577 3122 722 3177 inter
750 3139 945 3178 omnes
989 3125 1292 3181 Gallicanas
1336 3128 1606 3184 Ecclesias
1650 3139 1827 3186 vestra

222 3214 515 3286 hucusque
556 3215 893 3286 resplenduit
936 3218 995 3272 in
1038 3218 1316 3291 religionis
1360 3222 1628 3293 exemplo,
1682 3239 1827 3280 nunc
1862 3210 1907 3273 C

223 3325 448 3379 quoque
492 3309 787 3377 vigilanter
832 3310 1125 3381 custodiat,
1180 3322 1236 3368 et
1282 3322 1345 3369 ut
1388 3314 1619 3385 gloriam
1662 3333 1829 3387 quam

225 3401 501 3457 hactenus
528 3417 639 3472 pra:
660 3403 873 3457 caeteris
911 3403 1016 3459 illis
1047 3404 1234 3460 habuit
1276 3406 1330 3461 in
1359 3406 1646 3478 dignitate,
1682 3426 1831 3466 nunc

223 3511 423 3566 augere
466 3495 695 3566 incipiat
724 3496 779 3550 in
818 3494 996 3551 forma
1043 3498 1337 3569 religionis.
1388 3502 1616 3556 Noverit
1644 3512 1829 3559 autem

220 3586 445 3643 dilectio
477 3597 656 3643 vestra
680 3590 969 3660 quoniam,
997 3590 1044 3645 si
1071 3592 1276 3647 nostris
1318 3594 1628 3649 salubribus
1660 3595 1833 3666 jussis

226 3682 673 3752 obtemperantes
741 3681 1009 3738 hactenus
1064 3685 1211 3740 male
1266 3685 1451 3741 habita
1517 3690 1832 3745 censueritis

217 3776 363 3846 juste
411 3774 721 3844 dimittere,
762 3776 837 3830 ita
872 3776 1028 3831 vobis
1057 3778 1464 3847 providebimus
1504 3780 1559 3835 in
1598 3790 1835 3854 utroque

225 3877 281 3923 ut
305 3877 361 3924 et
386 3868 794 3939 temporalibus
836 3869 1151 3925 commodis
1186 3887 1302 3928 non
1342 3873 1737 3944 destituamini,
1781 3887 1835 3933 et

227 3962 431 4017 erroris
463 3960 681 4016 veniam
716 3961 784 4017 de
826 3962 1011 4018 divina
1041 3965 1425 4021 misericordia
1454 3971 1716 4042 consequi
1743 3987 1830 4025 va-

226 4054 399 4110 leatis.
435 4054 599 4123 Quod
619 4054 663 4109 si
695 4055 819 4126 quis
845 4064 1036 4111 contra
1073 4057 1306 4113 salutem
1334 4061 1615 4130 propriam
1644 4065 1831 4119 animo

228 4147 505 4215 indurato,
552 4156 849 4219 postquam
899 4148 968 4205 ad
1020 4151 1274 4205 notitiam
1330 4152 1447 4223 ejus
1490 4152 1607 4210 haec
1645 4166 1829 4212 nostra

228 4250 497 4311 praecepta
530 4242 899 4312 pervenerint,
947 4244 1089 4299 ultra
1136 4244 1325 4315 viginti
1373 4244 1486 4302 dies
1527 4248 1606 4302 eis
1635 4248 1831 4304 inobe-

230 4332 376 4389 diens
404 4332 592 4402 fuerit,
626 4334 702 4389 illi
730 4336 987 4391 omnium
1014 4336 1370 4393 ecclesiarum
1415 4339 1747 4412 ingressum,
1777 4351 1831 4397 et

233 4428 476 4499 corporis
501 4435 558 4483 et
576 4428 855 4500 sanguinis
886 4430 1107 4484 Domini
1128 4436 1603 4501 communionem,
1630 4450 1830 4504 quous-

237 4533 333 4588 que
380 4520 686 4591 resipiscat,
719 4523 1019 4592 apostolica
1048 4523 1436 4581 interdicimus
1478 4527 1825 4583 auctoritate.

1943 562 2215 634 adaugere
2252 580 2415 635 quam
2456 566 2513 620 in
2540 564 2728 622 futuro
2757 583 2975 625 servare
3016 572 3325 630 studuimus
3357 575 3540 632 hacte-

1942 671 2065 711 nus.
2100 658 2555 713 Existimavimus
2584 660 2727 716 enim
2749 670 2823 729 te,
2864 671 2925 717 ut
2952 664 3192 721 nobilem
3224 666 3442 724 deceret
3472 671 3538 725 ﬁ-

1943 749 2106 817 lium,
2140 749 2303 805 ﬁdem
2324 750 2483 805 beato
2513 753 2674 808 Petro
2707 763 3073 825 servaturum,
3104 767 3159 814 et
3181 759 3347 816 decus
3371 762 3539 833 ipsius

1943 844 1997 897 in
2023 843 2231 898 cunctis
2254 859 2352 914 pro
2380 844 2583 899 viribus
2609 847 2715 900 tuis
2738 847 3125 907 adaucturum.
3151 856 3357 910 Verum
3378 856 3539 928 longe

1944 952 2047 992 nos
2069 935 2266 992 fefellit
2294 937 2477 1009 opinio
2493 980 2507 1007 ,
2530 947 2584 993 et
2604 940 2695 1011 qui
2719 940 2785 996 de
2804 950 2857 996 te
2882 943 3017 998 nihil
3038 945 3148 1000 tale
3176 947 3390 1016 pridem
3414 951 3535 1020 qui-

1942 1031 2122 1086 vimus
2149 1030 2387 1097 credere,
2419 1047 2567 1087 nunc
2593 1033 2932 1091 advertimus
2959 1036 3025 1091 de
3055 1038 3157 1093 hac
3186 1040 3409 1110 perﬁdia
3439 1051 3545 1113 tua

1945 1124 2150 1179 multos
2198 1140 2308 1180 non
2345 1122 2511 1181 fuisse
2540 1126 2820 1183 mentitos.
2860 1132 2996 1185 Ecce
3025 1132 3175 1186 enim
3203 1133 3414 1191 dudum
3440 1128 3539 1191 no-

1943 1233 2163 1273 vercam
2187 1226 2340 1273 tuam
2375 1227 2428 1273 et
2457 1218 2746 1276 dominam
2773 1230 2965 1279 contra
2999 1223 3090 1295 jus
3120 1232 3172 1279 et
3214 1224 3295 1280 fas
3336 1227 3403 1283 de
3446 1245 3534 1284 ec-

1943 1311 2107 1368 clesia
2160 1311 2374 1367 trahere
2429 1313 2660 1369 invitam
2730 1323 2785 1369 et
2844 1316 3255 1386 reclamantem,
3304 1335 3537 1391 eamque

1943 1404 2151 1460 nubere
2177 1408 2455 1461 nolentem
2488 1409 2697 1478 nuptiis
2721 1407 2937 1466 tradere
2965 1410 3368 1468 violentissime
3396 1429 3535 1484 prae-

1942 1499 2239 1570 sumpsisti.
2292 1500 2625 1571 Episcopum
2676 1502 2743 1558 ad
2782 1504 3163 1574 apostolorum
3193 1506 3387 1561 limina
3436 1524 3534 1562 ve-

1942 1592 2185 1647 nientem
2230 1608 2403 1664 nuper
2429 1609 2598 1649 ausus
2628 1610 2687 1650 es
2712 1596 2995 1667 impedire,
3024 1607 3079 1653 et
3103 1599 3255 1669 quod
3304 1598 3533 1668 ferebat,

1944 1701 2101 1740 more
2163 1686 2511 1756 praedonum,
2565 1686 2797 1743 auferre.
2868 1691 3179 1746 Novissime
3243 1692 3534 1750 ecclesiam

1940 1780 2098 1835 Beati
2142 1778 2420 1834 Benedicti
2449 1781 2706 1852 sacrilego
2750 1798 2890 1837 ausu
2940 1784 3166 1851 intrare,
3208 1784 3534 1855 depraedari,

1940 1881 1995 1927 et
2034 1872 2237 1927 violare
2281 1888 2393 1928 non
2443 1874 2701 1940 timuisti,
2747 1883 2802 1929 et
2840 1876 2933 1947 qui
2961 1876 3108 1931 bona
3157 1877 3533 1948 ecclesiarum,

1940 1966 2205 2037 quoniam
2235 1965 2345 2022 fere
2380 1975 2580 2022 cuncta
2609 1983 2733 2038 quae
2776 1976 2926 2023 tenes
2953 1976 3141 2025 earum
3166 1979 3314 2038 sunt,
3339 1970 3532 2027 defen-

1938 2059 2066 2115 dere
2110 2059 2396 2127 debueras,
2436 2068 2495 2115 tu
2543 2061 2824 2131 potissime
2865 2070 3163 2117 temerator
3194 2064 3440 2133 ipsarum
3480 2073 3535 2120 et

1937 2152 2228 2208 dilaniator
2255 2154 2455 2209 existis.
2497 2155 2865 2225 Quapropter,
2909 2171 2973 2209 ex
3018 2166 3169 2226 parte
3201 2156 3348 2211 beati
3390 2159 3535 2214 Petri

1937 2262 2230 2302 monemus
2254 2255 2328 2311 te,
2357 2255 2418 2301 ut
2441 2248 2487 2302 si
2515 2247 2685 2318 ipsius
2705 2247 2871 2317 iram,
2896 2256 2952 2303 et
2978 2248 3121 2303 beati
3148 2249 3428 2306 Benedicti
3454 2251 3534 2305 in-

1937 2340 2313 2413 dignationem
2348 2356 2460 2395 non
2487 2339 2567 2394 vis
2607 2340 2905 2409 incurrere,
2955 2356 3120 2412 super
3146 2341 3233 2397 his
3276 2343 3536 2399 omnibus

1937 2433 2095 2488 nobis
2134 2433 2409 2506 justitiam
2457 2432 2642 2488 facias.
2697 2432 2859 2506 Quod
2907 2434 2952 2489 si
3003 2436 3415 2506 contempseris,
3464 2434 3534 2491 ad

1938 2526 2243 2581 Dominum
2272 2527 2710 2596 omnipotentem
2734 2542 2836 2581 nos
2865 2527 3311 2596 reclamabimus;
3341 2528 3409 2584 de
3436 2545 3533 2585 cu-

1932 2619 2025 2691 jus
2065 2619 2433 2675 misericordia
2475 2619 2804 2676 conﬁdimus
2847 2619 2995 2690 quod
3020 2619 3173 2676 dabit
3208 2622 3365 2677 nobis
3405 2637 3535 2677 con-

1938 2711 2121 2767 silium
2149 2711 2280 2782 quid
2310 2712 2365 2766 in
2393 2719 2609 2767 tantam
2648 2713 3012 2785 arrogantiam
3034 2722 3090 2769 et
3113 2713 3533 2771 immoderatam

1938 2804 2251 2876 superbiam
2287 2812 2443 2860 tuam
2480 2803 2656 2859 facere
2680 2805 2998 2863 debeamus.

2010 2902 2226 2965 Romae,
2271 2897 2562 2954 undecimo
2599 2898 2877 2954 Kalendas
2920 2899 3071 2971 Maii,
3116 2899 3421 2957 indictione
3449 2916 3534 2957 se-

1940 2991 2145 3048 cunda.

2378 3108 2733 3163 EPISTOLA
2768 3109 3090 3165 XXXVIII.

2043 3238 2126 3280 AD
2168 3238 2498 3280 HBNBICUM
2538 3237 2905 3280 EPISCOPUM
2945 3239 3421 3291 AQUILEIENSEM.

2530 3338 2724 3403 (Anno
2758 3339 2952 3402 1079.)

1946 3449 2111 3501 Usum
2152 3448 2334 3515 pallii,
2372 3450 2579 3515 praeter
2608 3447 2747 3500 alias
2790 3448 3154 3501 solemnitates
3201 3450 3260 3501 in
3303 3448 3532 3517 privile-

2010 3520 2096 3585 gio
2138 3522 2428 3580 contentas,
2469 3520 2528 3570 in
2572 3518 2781 3571 duabus
2809 3519 2931 3571 aliis
2970 3520 3381 3584 festivitatibus,
3426 3521 3539 3587 ipsi

2010 3592 2240 3669 tantum,
2290 3605 2394 3643 non
2442 3589 2846 3652 successoribus,
2895 3590 3131 3644 concedit
3175 3605 3280 3660 pro
3323 3592 3530 3643 meritis

2010 3676 2144 3729 ejus;

2014 3775 2361 3830 Gnuoomus
2387 3775 2697 3847 episcOpus,
2717 3790 2906 3830 servus
2926 3790 3208 3829 servorum
3229 3773 3347 3830 Dei.
3374 3776 3529 3830 HEN-

1941 3883 2070 3924 ιιιεο
2117 3867 2447 3923 cbarissimo
2504 3868 2561 3923 in
2614 3867 2831 3924 Christo
2882 3865 3041 3923 fratri
3097 3875 3153 3923 et
3206 3868 3530 3940 coepiscopo

1942 3961 2282 4033 Aquileiensi
2311 3961 2547 4017 salutem
2577 3970 2629 4016 et
2671 3960 3025 4033 apostolicam
3062 3959 3525 4017 benedictionem.

2007 4057 2141 4111 Tua:
2177 4053 2398 4110 dilectio
2434 4052 2799 4111 fraternitatis
2828 4071 2923 4127 per
2961 4055 3204 4127 legatum
3234 4071 3397 4111 suum
3426 4054 3530 4110 hu-

1938 4149 2142 4203 militer
2185 4149 2430 4203 exoravit
2459 4157 2727 4220 quatenus
2756 4149 2880 4217 sibi,
2922 4157 3121 4220 praeter
3156 4164 3250 4204 eas
3287 4148 3529 4203 solenni-

1937 4249 2081 4296 tates
2106 4257 2228 4311 qua:
2257 4241 2316 4295 in
2343 4241 2622 4313 privilegio
2646 4242 2903 4297 Ecclesia;
2932 4251 3126 4296 vestrae
3152 4241 3526 4309 continentur,

1941 4334 1997 4387 in
2018 4333 2161 4388 beati
2187 4334 2433 4390 Udalrici
2465 4332 2801 4389 confessoris
2819 4334 3019 4391 Christi
3040 4342 3202 4405 atque
3227 4334 3530 4403 pontiﬁcis,

1941 4425 2034 4481 sed
2062 4435 2116 4481 et
2153 4427 2211 4481 in
2246 4427 2421 4481 beatae
2467 4425 2617 4482 Afra
2646 4427 2906 4499 martyris
2936 4424 3320 4480 festivitatibus
3364 4442 3531 4481 usum

1938 4519 2083 4590 pallii
2115 4518 2563 4589 concederemus;
2594 4520 2752 4592 cujus
2783 4518 3134 4575 ecclesiastici
3174 4518 3400 4573 honoris
3432 4533 3531 4573 ex-

303 4616 439 4669 Data
468 4617 693 4681 Romaa,
712 4613 1043 4672 duodecimo
1068 4616 1350 4673 Kalendas
1368 4619 1513 4683 Maii,
1538 4618 1830 4677 indictione
1859 4591 1907 4653 D
1936 4613 2206 4687 cellentia,
2254 4612 2393 4668 sicut
2423 4612 2601 4684 pravis
2647 4591 2701 4668 et
2729 4611 3171 4668 inobedientibus
3190 4611 3337 4684 juste
3367 4611 3531 4667 dene-

241 4706 484 4763 secunda.

698 4820 1044 4875 EPISTOLA
1070 4821 1366 4876 XXXVII.

406 4942 493 4983 AD
538 4941 874 4986 JOBDANUM
921 4945 1272 4987 PRINCIPBM
1312 4946 1661 4989 CAPUANUM.

814 5032 1006 5102 (Anno
1049 5034 1240 5105 1079.)

243 5143 429 5209 Arguit
480 5143 630 5211 quod
662 5143 811 5197 beato
849 5147 1000 5198 Petro
1036 5146 1196 5214 ﬁdem
1235 5162 1342 5199 non
1386 5151 1697 5215 servaverit,
1728 5166 1826 5204 no-

302 5228 504 5289 vercam
554 5230 722 5289 suam,
758 5215 955 5289 nubere
978 5220 1219 5285 coegerit,
1262 5220 1563 5287 episcopum
1586 5221 1675 5286 ad
1702 5237 1827 5289 apo-

300 5286 553 5357 stolorum
601 5286 796 5338 limina
832 5288 1124 5341 venientem
1147 5286 1459 5357 spoliauerit
1485 5295 1533 5344 et
1561 5286 1827 5346 ecclesiam

302 5356 488 5410 Sancti
514 5357 795 5411 Benedicti
820 5356 1282 5426 dqrrwdatussit.
1315 5364 1493 5416 Monet
1520 5367 1580 5415 ut
1610 5364 1694 5416 his
1737 5364 1827 5417 de-

304 5426 440 5481 lictis
466 5429 796 5494 satisfaciat.

305 5538 659 5595 Gnsconws
679 5538 986 5610 episcopus,
1009 5556 1193 5597 servus
1218 5557 1501 5598 servorum
1532 5545 1653 5610 Dei,
1692 5545 1827 5601 Jon-

241 5644 389 5687 ωιΝο
422 5636 583 5698 (398)
614 5632 874 5704 Capuano
903 5634 1157 5705 principi.

302 5725 455 5782 Sicut
476 5725 735 5782 nonnulli
756 5736 1046 5794 noverunt,
1072 5728 1207 5785 olim
1224 5736 1280 5784 te
1296 5744 1429 5786 nosa
1451 5730 1719 5788 dmodum
1738 5732 1823 5790 di-

1936 4714 2117 4778 gatur,
2158 4706 2233 4759 ita
2262 4705 2418 4759 bonis
2456 4712 2511 4759 et
2538 4720 2759 4760 morum
2799 4706 3082 4763 honestate
3112 4704 3354 4775 praeditis
3402 4721 3531 4776 apo-

1937 4798 2124 4853 stolica
2149 4797 2525 4853 moderatione
2543 4813 2642 4868 pro
2663 4798 2873 4854 meritis
2893 4798 3221 4871 quandoque
3238 4814 3532 4869 superero-

1936 4892 2117 4962 ganda
2160 4889 2279 4946 fore
2318 4890 2545 4946 videtur.
2578 4890 2812 4947 Proinde
2861 4893 2987 4964 quia
3032 4903 3088 4950 te
3116 4895 3349 4949 sincerae
3391 4892 3531 4948 dile-

1935 4984 2131 5040 ctionis
2163 5000 2288 5056 erga
2317 5000 2421 5040 nos
2472 4984 2735 5041 affectum
2771 4984 2971 5041 habere
3014 4988 3366 5056 conﬁdimus,
3398 4987 3528 5059 quia

1935 5077 2145 5149 legatos
2174 5087 2415 5144 nostros,
2447 5078 2821 5133 Albanensem
2852 5078 3105 5135 videlicet
3130 5081 3447 5151 episcopum
3476 5087 3531 5133 et

1936 5170 2304 5239 Paduensem,
2350 5170 2588 5243 benigne
2643 5180 2936 5241 tractasse,
2988 5181 3042 5227 et
3082 5172 3333 5237 ﬁdeliter,
3381 5173 3529 5228 sicut

1933 5264 2194 5336 oportuit,
2236 5264 2505 5336 adjuvisse
2541 5265 2899 5334 dignosceris,
2932 5273 3213 5337 postremo
3238 5266 3366 5336 quia
3397 5280 3527 5335 pro-

1933 5356 2316 5428 componenda
2360 5375 2495 5429 pace
2525 5360 2762 5414 multum
2807 5358 3110 5414 desudasse
3143 5358 3410 5430 probaris,
3444 5374 3527 5430 pe-

1932 5452 2186 5506 titionem
2218 5459 2374 5506 tuam
2403 5452 2633 5507 libenter
2670 5453 2998 5523 accepimus.
3033 5453 3212 5523 Hujus
3235 5452 3399 5523 igitur
3428 5451 3529 5506 tibi

1936 5544 2191 5615 praecepti
2220 5546 2545 5600 auctoritate
2566 5546 2921 5601 concedimus
2947 5555 3006 5600 ut
3036 5547 3095 5601 in
3118 5546 3353 5601 solemni
3382 5544 3526 5600 beati

1932 5637 2179 5693 Udalrici
2203 5638 2533 5695 confessoris
2562 5648 2725 5711 atque
2754 5639 3038 5711 pontiﬁcis,
3074 5647 3130 5694 et
3155 5639 3332 5694 beata:
3375 5636 3526 5692 Afrae

1932 5731 2192 5802 martyris
2247 5731 2540 5788 missarum
2584 5733 2895 5789 celebritate
2937 5731 3101 5803 pallio
3141 5729 3330 5787 utendi
3356 5730 3523 5784 Iicen-
3610 5740 3621 5751 '

302 5883 465 5945 (398)
513 5876 743 5936 Jordani
777 5880 1035 5938 meminit
1077 5882 1191 5937 Leo
1228 5881 1513 5953 Ostiensis,
1551 5883 1689 5941 libro
1727 5900 1821 5953 in,
1852 5887 2033 5958 capite
2060 5891 2158 5954 46,
2188 5896 2243 5943 et
2269 5888 2420 5943 alibi.
