4074 6172
565 374 665 427 543

1250 368 1304 423 S.
1349 367 1668 422 GREGORII
1698 367 1787 421 Vll
1827 369 2017 423 ΡΑΡᾸΞ
2056 368 2133 423 ΟΡ

2244 368 2329 422 UM
2366 367 2539 422 PARS
2581 369 2618 421 Ι.
2661 396 2730 408 -
2768 365 3169 425 BEGISTRUM.

3747 365 3845 419 544

562 496 696 551 tiam
721 495 942 550 habeas.
990 492 1151 561 Quod
1180 499 1371 546 tamen
1400 490 1497 545 tibi
1536 491 1594 545 in
1621 500 1709 547 tua
1738 491 1868 561 vita,
1893 508 2005 547 non
2036 492 2154 547 loco
2188 497 2241 559 Α
2267 501 2479 548 remota
2505 491 2656 547 omni
2684 491 2991 558 occasione,
3010 480 3157 561 quod
3188 489 3403 561 justitia
3426 487 3710 544 dictaverit
3737 503 3849 544 mo-

561 598 679 657 tuo,
708 602 1029 643 concessum
1061 600 1178 639 esse
1221 599 1543 657 cognoscas.

632 685 773 736 Data
805 683 1026 745 Roma,
1067 677 1285 735 decimo
1317 687 1470 734 sexto
1495 678 1781 735 Kalendas
1810 679 1963 748 Julii,
2012 679 2148 735 indi-

559 774 741 829 ctione
768 772 1031 828 secunda.

1023 877 1373 931 EPISTOLA
1403 876 1681 931 XXXIX.

735 985 814 1025 AD
853 983 1222 1026 BAINALDUM
1261 983 1606 1025 EPISCOPUM
1644 984 1966 1026 CUMANUM.

1140 1069 1331 1130 (Anno
1376 1068 1564 1127 1079.)

557 1162 637 1211 De
658 1160 1029 1225 Pergamensis
1059 1159 1301 1213 Ecclesia:
1332 1159 1487 1210 electo
1528 1160 1703 1211 multa
1730 1158 1803 1211 ad
1830 1174 1884 1212 se
1920 1162 2150 1213 crimina

612 1230 833 1296 perlata
874 1231 1062 1295 refert,
1112 1245 1230 1297 qua
1266 1232 1442 1281 omnia
1472 1233 1585 1297 ipso
1614 1230 1935 1283 adhortante
1976 1247 2149 1284 emen-

627 1300 762 1353 dare
802 1301 942 1363 vult;
974 1302 1061 1353 sin
1088 1303 1265 1353 minus
1310 1301 1465 1353 illum
1493 1299 1786 1369 apostolica
1830 1304 2152 1356 auctoritate

623 1370 691 1422 ab
720 1386 774 1424 eo
804 1371 1092 1438 diligenter
1120 1372 1185 1424 de
1214 1371 1426 1439 objectis
1469 1373 1793 1433 eaaminari,
1834 1373 2041 1426 absolvi
2069 1375 2151 1426 vel

622 1441 992 1496 condemnari.
1044 1446 1118 1496 De
1147 1443 1230 1495 his
1279 1445 1375 1509 qui
1418 1458 1451 1494 a
1497 1444 1818 1497 Simoniacis
1867 1447 2151 1498 nescienter

619 1518 671 1635 ἵε
695 1515 814 1635 “sine
828 1513 1112 1567 venalitatc
1136 1512 1379 1567 ordinati
1390 1518 1519 1567 sunt
1539 1514 1672 1582 quid
1688 1516 2022 1569 sentiendum
2038 1521 2147 1571 sta-

645 1597 702 1635 αι
731 1625 747 1635 .

645 1585 747 1641 uit.

618 1678 978 1734 GnBGonms
994 1676 1305 1748 episcOpus,
1330 1692 1520 1732 servus
1548 1693 1833 1734 servorum
1848 1679 1972 1745 Dei,
2000 1683 2148 1737 Ru-

550 1786 751 1827 NALDO
773 1772 1020 1827 Cumano
1037 1770 1315 1842 episcopo,
1332 1769 1642 1841 salutemjet
1670 1772 2026 1843 apostolicam
2048 1774 2143 1830 be-

548 1864 938 1921 nedictionem.

613 1962 728 2013 Tua
769 1958 948 2026 nobis,
993 1956 1162 2014 frater
1203 1957 1553 2026 charissime,
1597 1959 1783 2015 missis
1812 1959 2005 2015 litteris
2048 1976 2141 2015 cu-

544 2051 685 2107 ravit
720 2052 971 2106 intimare
1013 2050 1233 2107 dilectio
1262 2051 1611 2122 Arnulphum
1642 2053 2018 2124 Pergamensis
2042 2056 2142 2108 Ec-

542 2145 720 2199 clesia
745 2146 982 2200 electum
1010 2153 1200 2199 nostro
1231 2145 1459 2199 libenter
1488 2152 1544 2199 et
1572 2144 1795 2200 consilio
1822 2145 2046 2200 credere
2088 2155 2141 2201 et

450 2284 453 2287 ἰ
545 2246 816 2308 pracepto
860 2237 1100 2293 obedire.
1142 2241 1258 2293 Nos
1303 2236 1557 2308 equidem
1598 2246 1796 2293 vestra
1842 2238 2139 2306 charitatis,

541 2332 681 2387 sicut
708 2331 901 2399 nostis,
927 2330 1279 2402 experientia
1310 2329 1681 2386 indubitanter
1700 2331 1996 2387 credimus.
2028 2334 2138 2387 Ve~

542 2434 855 2481 rumtamen
900 2425 1068 2480 multa
1112 2425 1179 2479 de
1227 2423 1486 2495 pradicto
1518 2425 1632 2479 viro
1681 2424 1751 2479 ad
1780 2434 2029 2480 nostram
2072 2441 2139 2481 ex

542 2517 906 2588 quorumdam
957 2517 1223 2573 relatione
1268 2532 1561 2588 pervenere
1611 2517 1884 2584 notitiam,
1925 2534 2048 2589 qua
2095 2518 2140 2573 si

542 2627 690 2678 vera,
723 2610 870 2683 quod
912 2611 1071 2677 absit,
1104 2626 1220 2666 esse
1258 2610 1582 2679 constiterit,
1612 2626 1712 2666 nos
1750 2611 1906 2666 valde
1934 2612 2139 2667 contri-

540 2712 708 2771 stant,
735 2713 791 2759 et
818 2705 874 2759 in
895 2719 960 2759 eo
987 2720 1100 2759 non
1128 2704 1231 2758 levi
1264 2712 1391 2758 sunt
1420 2704 1629 2759 ultione
1658 2704 1963 2774 plectenda.
1998 2706 2139 2761 Con-

539 2799 786 2868 queritur
813 2797 961 2853 enim
982 2799 1164 2853 Gorzo
1192 2797 1353 2852 miles
1377 2797 1491 2867 ejus
1518 2805 1571 2851 et
1601 2796 1823 2868 signifer
1842 2814 1968 2852 cum
1994 2798 2135 2853 duo-

539 2891 641 2946 bus
662 2890 920 2946 fratribus
944 2900 1108 2962 atque
1129 2890 1503 2946 coharedibus
1520 2892 1651 2957 suis,
1680 2891 1962 2946 castellum
1987 2892 2137 2962 quod

538 2983 739 3039 dicitur
789 2983 981 3039 Rocha
1028 2983 1101 3039 de
1153 2983 1416 3051 Glizione,
1467 2984 1615 3054 quod
1644 2984 1904 3039 hactenus
1948 2993 2138 3055 utpote

538 3077 743 3149 proprii
794 3076 932 3148 juris
979 3076 1098 3131 sine
1154 3076 1307 3131 omni
1360 3075 1788 3131 contradictione
1840 3084 2137 3132 tenuerunt

537 3178 698 3241 atque
728 3170 1105 3241 possederunt,
1139 3185 1288 3223 nunc
1317 3178 1430 3223 tam
1463 3169 1565 3223 sibi
1591 3184 1756 3240 quam
1786 3170 2134 3224 consortibus

536 3264 649 3318 suis
683 3279 712 3317 a
732 3262 1041 3335 supradicto
1070 3261 1357 3333 Arnulpho
1386 3262 1671 3329 violenter,
1704 3270 1777 3330 et,
1805 3262 1954 3333 quod
1983 3262 2133 3317 dictu

532 3355 687 3412 nefas
728 3365 830 3422 est,
878 3355 1251 3411 fraudulenter
1279 3371 1397 3411 esse
1425 3355 1767 3426 subreptum;
1813 3356 1901 3411 cui
1948 3364 2134 3410 tamen

534 3449 689 3504 militi
741 3450 893 3521 prius
938 3448 1223 3519 cujusdam
1278 3448 1430 3520 quasi
1475 3450 1776 3505 securitatis
1805 3458 1859 3504 et
1889 3447 2132 3517 faderis,

533 3550 797 3614 tanquam
827 3542 895 3598 ad
921 3543 1225 3597 tollendum
1255 3543 1570 3613 suSpicionis
1616 3550 1846 3607 metum,
1880 3542 2133 3614 quadam

532 3634 706 3690 fertur
752 3635 941 3689 callide
968 3643 1311 3689 sacramenta
1344 3635 1658 3704 prabuisse,
1704 3643 1776 3702 et,
1832 3636 2131 3706 postposito

533 3727 636 3781 Dei
658 3726 881 3793 timore,
912 3726 1228 3796 cupiditatis
1250 3725 1539 3796 perﬁdiam
1560 3726 1867 3783 incurrisse.
1894 3730 2008 3783 Nec
2036 3728 2133 3783 tali

533 3827 822 3873 contentus
849 3817 1088 3873 facinore
1313 3818 1691 3890 presbyterum
1719 3820 1927 3891 prafati
1965 3821 2132 3876 Gorzi

530 3909 858 3982 [Gorzonis]
891 3911 1149 3966 clericum
1181 3910 1249 3966 de
1275 3910 1527 3982 praedari,
1560 3922 1612 3966 et
1642 3913 1774 3978 suis,
1824 3923 1884 3967 ut
1915 3914 2127 3982 asserit,

532 4003 788 4059 omnibus
832 4002 1065 4073 spoliare
1103 4018 1215 4057 non
1264 4003 1478 4057 metuit.
1530 4005 1798 4058 Praterea
1848 4003 2130 4076 pestiferas

530 4096 852 4153 Simoniaca
882 4096 1104 4151 haresis
1151 4095 1433 4151 nundinas
1462 4112 1732 4164 exercere,
1764 4106 1817 4151 et
1862 4097 2002 4152 inter
2032 4114 2129 4155 ca-

529 4198 644 4245 tera
691 4188 1197 4244 archidiaconatum
1251 4190 1629 4259 Pergamensis
1659 4190 1914 4245 Ecclesia
1966 4192 2123 4262 quin-

534 4283 783 4353 quaginta
814 4282 1074 4337 librarum
1106 4283 1277 4352 pretio
1308 4282 1615 4337 vendidisse
1637 4283 1969 4353 perhibetur.
2005 4287 2127 4340 Huc

530 4376 742 4430 accedit
774 4375 922 4446 quod
950 4390 1140 4431 servos
1188 4376 1308 4443 Dei,
1351 4392 1488 4446 quos
1521 4384 1581 4430 ut
1604 4377 1920 4448 religiosum
1949 4378 2124 4433 virum

530 4467 686 4525 decet
713 4468 874 4539 tueri,
904 4478 960 4523 et
987 4469 1041 4523 in
1071 4470 1288 4523 cunctis
1327 4468 1585 4540 adjuvare
1609 4469 1851 4538 deberet,
1884 4480 2126 4526 econtra-

2255 585 2337 642 dis
2358 585 2611 641 omnibus
2638 584 2968 656 exsequaris.
2993 583 3156 652 Quod
3193 590 3382 638 autem
3407 585 3587 637 M.....
3628 581 3848 653 presby-

2255 687 2341 734 ter
2376 678 2519 734 ﬁlius
2546 686 2735 733 noster
2780 677 3116 748 interrogare
3144 676 3371 743 curavit,
3402 674 3533 747 quid
3560 674 3627 730 de
3656 674 3735 730 his
3761 675 3847 745 qui

2257 788 2289 828 a
2328 772 2653 829 Simoniacis
2682 775 2984 826 nescientes
3017 779 3070 825 et
3110 770 3223 825 sine
3263 769 3435 840 pretio
3468 768 3701 824 ordinati
3727 778 3851 823 sunt

2256 866 2566 937 apostolica
2614 863 2756 921 sedis
2798 863 3109 919 misericors
3152 878 3378 918 censura
3423 861 3699 929 decernat,
3747 861 3849 917 hoc

2257 959 2545 1015 observare
2569 968 2621 1013 te
2664 958 2933 1023 volumus,
2972 973 3067 1012 eos
3096 957 3192 1028 qui
3220 965 3348 1012 ante
3375 964 3594 1026 tempus
3641 956 3849 1013 Nicolai

2258 1069 2413 1125 papa
2454 1053 2569 1109 sine
2599 1052 2885 1108 venalitate
2931 1067 2962 1106 a
3006 1050 3332 1107 Simoniacis
3360 1049 3431 1105 ad
3460 1050 3699 1120 aliquem
3729 1067 3853 1122 gra-

2258 1146 2391 1202 dum
2418 1146 2655 1217 promoti
2685 1154 2832 1213 sunt,
2859 1144 2903 1200 si
2932 1152 3121 1200 tamen
3150 1142 3256 1198 vita
3286 1158 3478 1199 eorum
3501 1142 3845 1213 irrepreben-

2259 1239 2424 1295 sibilis
2453 1256 2569 1295 esse
2595 1238 2885 1311 probatur,
2917 1254 3012 1310 per
3052 1252 3251 1292 manus
3281 1236 3688 1307 impositionem
3716 1252 3849 1291 con-

2261 1334 2510 1389 ﬁrmatos
2544 1334 2600 1387 in
2638 1333 2751 1388 suis
2793 1330 3082 1388 ordinibus
3116 1345 3433 1402 permanere
3461 1338 3517 1385 et
3542 1329 3850 1386 ministrare

2261 1442 2440 1498 posse.

2332 1523 2475 1576 Data
2503 1524 2718 1589 Roma,
2748 1519 3041 1576 undecimo
3067 1517 3347 1575 Kalendas
3373 1516 3525 1585 Julii,
3557 1515 3851 1574 indictione

2261 1612 2515 1670 secunda.

2794 1717 3141 1773 EPISTOLA
3183 1718 3309 1772 XL.

2832 1843 2915 1884 AD
2943 1842 3249 1884 BOSONEM.

2836 1944 3029 2007 (Anno
3071 1939 3263 2010 1079.)

2258 2056 2323 2109 Ut
2344 2054 2612 2107 ecclesiam
2633 2056 2820 2110 Sancti
2838 2052 3097 2121 Sepulcri,
3127 2067 3289 2119 quam
3313 2053 3517 2107 Simoni
3544 2050 3850 2119 regendam

2321 2127 2629 2187 committit,
2660 2126 2886 2178 liberam
2915 2124 3179 2176 dimittat.
3208 2123 3358 2189 Quod
3385 2126 3435 2177 si
3462 2124 3597 2191 quid
3610 2124 3765 2191 juris
3794 2125 3849 2175 in

2320 2211 2382 2249 ea
2420 2212 2473 2249 se
2498 2201 2653 2264 putet
2682 2197 2869 2249 habere
2890 2237 2905 2257 ,
2942 2210 2997 2247 se
3023 2210 3197 2247 coram
3228 2196 3397 2261 legato
3424 2196 3484 2247 in
3509 2195 3723 2248 concilio
3754 2210 3847 2246 ra-

2322 2268 2522 2319 tionem
2572 2268 2817 2321 dicturus
2855 2268 3163 2334 praesentet;
3202 2265 3465 2334 alioquin,
3516 2267 3841 2320 sententiam

2319 2339 2879 2393 eacommunicationis
2899 2353 2933 2390 a
2960 2337 3134 2405 legato
3153 2338 3209 2389 in
3225 2352 3343 2389 eum
3370 2337 3535 2390 latam
3562 2351 3617 2390 se
3638 2338 3835 2404 conﬁr-

2319 2413 2616 2463 maturum.

2320 2520 2668 2576 Gnsaonms
2694 2520 3001 2591 episcopus,
3034 2531 3222 2572 servus
3251 2534 3531 2575 servorum
3560 2519 3684 2585 Dei,
3729 2522 3846 2575 Bo-

2248 2626 2385 2668 som
2429 2617 2721 2680 [BBIZONI
2736 2612 2772 2686 ].

2321 2708 2618 2763 Ecclesiam
2649 2707 2827 2763 Sancti
2857 2710 3096 2781 Sepulcri
3138 2711 3207 2767 de
3238 2713 3390 2765 Novo
3415 2708 3571 2776 Vico,
3607 2722 3732 2778 qua
3755 2704 3847 2779 ju-

2244 2804 2316 2859 ris
2353 2801 2592 2857 ecclesia
2630 2802 3144 2875 Hierosolymitana
3174 2814 3230 2860 et
3266 2801 3533 2858 censualis
3576 2800 3691 2872 ejus
3719 2816 3847 2856 esse

2245 2895 2462 2961 dicitur,
2505 2894 2632 2949 huic
2660 2904 2851 2951 nostro
2880 2897 3077 2952 clerico
3104 2897 3311 2953 Simoni
3358 2893 3648 2967 regendam
3677 2909 3845 2949 com-

2246 2987 2641 3054 mendavimus;
2684 3004 2849 3058 quam
2907 2990 2976 3044 ab
3024 2991 3176 3044 omni
3228 2988 3475 3044 molestia
3526 2995 3582 3041 et
3628 2986 3844 3042 calum-

2244 3081 2398 3135 niosa
2427 3080 2678 3135 omnium
2718 3080 3010 3137 hominum
3057 3082 3403 3138 infestatione
3446 3081 3673 3136 liberam
3716 3097 3846 3136 esse

2245 3174 2513 3241 volentes,
2553 3172 2656 3227 sub
2707 3175 2868 3229 tutela
2900 3184 3086 3230 nostra
3132 3191 3249 3230 esse
3293 3174 3657 3230 decernimus.
3694 3175 3848 3243 Qua-

2169 3246 2213 3309 C
2248 3276 2467 3337 propter
2508 3267 2768 3336 quoniam
2796 3275 2849 3321 te
2888 3267 3039 3322 illam
3068 3268 3348 3339 tyrannica
3376 3266 3636 3321 invasisse
3683 3266 3847 3321 audi-

2244 3356 2444 3429 vimus,
2494 3368 2547 3414 te
2603 3360 2861 3430 prasenti
2907 3361 3109 3431 pagina
3159 3375 3603 3428 commonemus,
3653 3366 3739 3425 ut,
3794 3359 3842 3415 si

2245 3455 2424 3508 Deum
2458 3462 2511 3507 et
2537 3462 2757 3508 sanctos
2796 3454 3069 3523 apostolos
3096 3454 3190 3509 tibi
3221 3454 3297 3508 vis
3326 3453 3525 3508 habere
3548 3452 3842 3523 propitios,

2242 3546 2310 3600 ab
2349 3547 2629 3602 invasione
2674 3546 2952 3618 pradicta
2992 3549 3234 3603 ecclesia
3278 3546 3346 3602 de
3393 3555 3593 3601 caetero
3622 3561 3845 3602 cessare

2243 3640 2460 3710 penitus
2525 3638 2739 3706 debeas,
2807 3639 3122 3711 nullamque
3174 3640 3400 3695 ulterius
3459 3637 3689 3709 prafato
3753 3640 3843 3695 Si-

2243 3732 2391 3786 moni
2419 3733 2745 3800 molestiam,
2771 3732 2853 3787 vel
2885 3733 3089 3788 clericis
3120 3732 3188 3787 ibi
3220 3736 3338 3788 Deo
3367 3731 3725 3786 servientibus
3762 3733 3842 3787 in-

2242 3824 2383 3878 ferre
2414 3841 2741 3895 prasumas;
2766 3825 2859 3881 sed
2885 3831 2974 3893 (ut
3008 3825 3213 3881 dictum
3243 3826 3348 3897 est)
3382 3824 3553 3879 libera
3582 3824 3651 3878 ab
3681 3825 3842 3880 omni

2240 3917 2648 3987 perturbatione
2694 3934 2885 3974 secura
2930 3928 3135 3974 sancta
3178 3918 3691 3989 Hierosolymitana
3736 3921 3843 3973 Ec-

2237 4010 2437 4078 clesia,
2465 4011 2549 4065 cui
2581 4010 2824 4066 fidelium
2854 4012 3006 4067 illam
3038 4010 3260 4066 devovit
3283 4012 3530 4077 intentio,
3563 4013 3680 4064 Deo
3705 4027 3841 4081 pro-

2236 4102 2396 4174 pitio,
2425 4119 2488 4158 ex
2520 4113 2706 4158 nostra
2734 4104 3053 4159 auctoritate
3082 4104 3138 4158 in
3166 4112 3497 4175 perpetuum
3539 4118 3839 4159 conserve-

2234 4204 2345 4250 tur.
2377 4196 2534 4264 Quod
2565 4197 2606 4251 si
2650 4196 2851 4267 aliquid
2882 4197 3113 4267 justitia
3140 4198 3195 4251 in
3242 4195 3554 4267 supradicta
3609 4196 3839 4252 ecclesia

2206 4306 2209 4309 ί
2236 4298 2289 4344 te
2316 4288 2517 4344 habere
2542 4289 2796 4355 conﬁdis,
2829 4297 2958 4345 ante
3006 4290 3249 4361 legatum
3279 4297 3530 4344 nostrum
3559 4289 3837 4346 Diensem

2234 4382 2549 4451 episcopum
2592 4382 2644 4435 in
2697 4382 2944 4448 consilio,
2975 4383 3127 4453 quod
3167 4382 3412 4453 proxime
3454 4381 3837 4438 celebratur-us

2233 4482 2336 4537 est,
2362 4483 2413 4527 te
2445 4483 2770 4544 praesentare
2794 4474 3034 4542 debebis,
3070 4475 3248 4530 sciens
3276 4475 3378 4530 hoc
3408 4473 3559 4545 quod
3587 4475 3643 4529 in
3675 4477 3836 4533 nullo

530 4563 613 4616 rio
644 4562 899 4617 infestare
950 4570 1003 4617 et
1037 4562 1333 4618 molestare
1381 4571 1629 4617 conatur.
1661 4567 1795 4618 Tua
1825 4564 1988 4634 igitur
2011 4563 2121 4619 fra-
2152 4604 2201 4665 Β
2234 4574 2425 4620 contra
2462 4567 2728 4636 justitiam
2774 4574 2825 4622 te
2868 4567 3121 4623 volumus
3152 4583 3512 4639 pragravare.
3542 4567 3595 4622 Si
3639 4578 3835 4624 autem

532 4654 799 4709 ternitatis
850 4654 1159 4711 sollicitudo
1207 4655 1557 4727 corripiendo
1613 4656 1727 4711 sive
1780 4656 2122 4711 exhortando

528 4746 745 4801 studeat
770 4756 931 4818 atque
965 4748 1245 4817 provideat
1274 4759 1537 4818 quatenus
1565 4748 1884 4821 sapedictus
1916 4751 2119 4806 electus

529 4838 652 4893 hac
706 4840 893 4893 omnia
924 4840 1213 4894 emendare
1240 4840 1475 4907 festinet,
1525 4850 1579 4896 et
1629 4850 1741 4897 tam
1770 4859 1952 4898 coram
1999 4846 2117 4899 Deo

527 4946 690 5001 quam
706 4946 893 4986 coram
914 4930 1225 4987 hominibus
1247 4975 1261 4999 ,
1285 4936 1493 4989 bonum
1520 4936 1893 4990 testimonium
1918 4935 2120 4991 habere

527 5032 803 5095 procuret.
831 5026 881 5080 Si
905 5041 1031 5080 vero
1064 5027 1146 5080 vel
1184 5027 1370 5081 omnia
1418 5027 1567 5093 hac,
1607 5030 1691 5083 vel
1723 5029 1974 5100 quadam
2006 5030 2115 5083 for-

527 5126 666 5173 tasse
695 5133 895 5190 negare
939 5119 1200 5186 voluerit,
1250 5120 1504 5174 volumus
1554 5129 1715 5190 atque
1769 5122 2115 5192 pracipimus

526 5220 589 5266 ut
618 5219 745 5282 apto
777 5221 1024 5282 tempore
1064 5221 1117 5267 et
1184 5213 1302 5269 loco
1361 5222 1564 5268 nostra
1618 5215 1747 5269 vicis
1790 5215 2116 5272 auctoritate

524 5321 652 5360 cum
679 5304 749 5362 de
777 5305 1003 5377 objectis
1021 5306 1263 5380 diligenti
1299 5307 1705 5365 examinatione
1747 5307 2033 5380 discutias,
2061 5317 2117 5367 et

2234 4660 2439 4714 monita
2466 4668 2676 4725 nostra,
2706 4660 2820 4715 imo
2859 4660 2958 4715 Dei
2997 4662 3158 4716 verba
3188 4660 3362 4732 (quod
3401 4659 3605 4731 absit!)
3638 4662 3837 4718 audire

2226 4762 2605 4819 contemnens,
2632 4754 2699 4808 ab
2728 4754 2909 4808 illicita
2943 4762 2999 4809 et
3022 4753 3309 4808 interdicta
3336 4752 3616 4808 invasione
3636 4769 3833 4825 supra-

2224 4846 2384 4902 dicta
2429 4846 2667 4902 ecclesia
2696 4856 2751 4901 te
2792 4846 3045 4902 cohibere
3084 4846 3347 4911 nolueris,
3377 4849 3835 4904 excommunica-

2224 4940 2453 5005 tionem,
2484 4956 2649 5009 quam
2679 4940 2734 4994 in
2773 4948 2826 4994 te
2854 4955 2950 5009 pro
2989 4940 3104 5010 ipsa
3133 4938 3356 4994 ecclesia
3393 4940 3602 5010 legatus
3632 4951 3834 4998 noster

2224 5034 2385 5103 Hugo
2418 5032 2633 5087 Diensis
2663 5032 2948 5103 episcopus
2976 5033 3037 5086 in
3082 5033 3315 5088 consilio
3348 5033 3829 5107 Pictavensijacu-

2223 5124 2366 5181 latus
2406 5134 2507 5191 est,
2540 5125 2858 5189 auctoritate
2897 5125 3201 5196 apostolica
3229 5125 3641 5183 conﬁrmamus.

2294 5223 2435 5274 Data
2463 5218 2760 5287 Lateranis,
2792 5228 2986 5290 quarto
3010 5217 3289 5274 Kalendas
3316 5220 3489 5287 Junii,
3515 5220 3828 5277 indictione

2223 5312 2456 5367 secunda
2469 5351 2483 5367 .
