4144 6184
204 214 308 268 545

1342 221 1541 279 LIBER
1582 223 1924 281 SEPTIMUS.
1965 255 2035 266 —
2074 225 2280 286 EPIST.
2324 181 2388 282 u.
2602 215 2632 232 '
3408 239 3508 293 sic

199 338 3469 373 —_______________________________

1017 447 1370 536 LIBER
1436 448 2029 541 SEPTIMUS
2100 451 2706 542 REGISTRI.
2806 505 2808 508 τ

203 603 386 662 Anno
413 604 740 664 Dominicae
767 593 1206 668 Incarnatiom's
1231 609 1549 697 millesimo
1569 615 2010 697 septuagesimo
2031 631 2213 697 nono,
2237 613 2625 697 pontiﬁcatus
2645 634 2784 676 vero
2805 617 3032 677 domini
3056 618 3331 697 Gregorii
3349 639 3506 681 anno

1275 694 1556 769 septimo,
1594 692 1916 751 indictione
1950 694 2215 752 secunda
2249 695 2438 772 (399).

685 819 1033 876 EPISTOLA
1063 824 1316 878 PRIMA.

532 925 614 966 ΔΙ)
652 927 991 970 BUBEBTUM
1019 929 1458 973 SUBDIACONUM
1468 958 1481 970 .

206 1004 504 1079 Increpans
529 1005 646 1074 ejus
670 1023 896 1073 moram,
929 1009 1165 1063 redit-um
1184 1026 1490 1079 properare
1519 1011 1694 1079 jubet.
1717 1013 1804 1066 Si-

285 1077 514 1150 gniﬁcat
542 1093 598 1130 se
615 1080 845 1150 Zeuzoni
867 1081 1149 1150 (Teuzoni)
1169 1077 1270 1134 non
1287 1077 1612 1135 commisisse
1634 1087 1694 1134 ut
1711 1083 1800 1136 ad-

270 1161 459 1200 versus
480 1149 698 1221 Anglia
722 1166 901 1217 regem
921 1152 1084 1204 verba
1104 1154 1325 1217 faceret.
1358 1155 1487 1207 Vult
1504 1169 1675 1221 regem
1690 1170 1801 1207 mo-

267 1223 415 1282 neat,
445 1224 509 1271 ut
537 1220 774 1273 debitum
803 1222 1051 1276 honorem
1079 1225 1326 1277 Ecclesia:
1356 1220 1572 1278 reddat.
1609 1227 1801 1279 Rotho-

265 1291 540 1358 magensis
566 1293 954 1364 archiepiscopi
969 1295 1256 1348 sacerdotis
1289 1295 1394 1362 ﬁlii
1415 1298 1800 1364 promotionem

268 1375 378 1414 non
422 1362 704 1430 approbat,
728 1379 822 1416 nec
861 1380 982 1433 qua:
1011 1367 1124 1434 ipse
1175 1362 1448 1420 Hubertus
1481 1383 1599 1420 cum
1618 1369 1800 1434 Lingo-

277 1434 439 1506 nensi
467 1435 702 1502 episcopo
727 1440 942 1501 egerat;
984 1452 1103 1504 qua
1132 1438 1320 1490 Diensi
1344 1439 1580 1506 episcopo
1611 1440 1798 1492 termi-

265 1503 768 1579 nandagcommittit.
799 1509 976 1560 Monet
991 1503 1056 1560 ut
1079 1507 1210 1561 duos
1231 1523 1302 1562 ea:
1324 1503 1540 1579 A'nglice
1578 1514 1626 1562 et
1664 1511 1799 1565 Nor-

264 1577 504 1628 mannice
541 1579 831 1646 provinciis
881 1581 1143 1648 episcopos
1190 1579 1264 1632 ad
1312 1577 1577 1647 synodum
1615 1583 1800 1634 venire

265 1651 438 1700 curet.

262 1739 626 1796 Gnncomus
640 1740 956 1813 episcopus,
973 1757 1163 1798 servus
1175 1743 1796 1813 servorumDei,di|ecto

192 1825 248 1881 in
279 1827 504 1884 Christo
540 1828 651 1884 ﬁlio
683 1833 978 1886 Hunnn'ro
1009 1839 1212 1886 sancta
1241 1834 1508 1887 Romana
1538 1831 1795 1886 Ecclesia

192 1915 526 1973 subdiacono
577 1918 808 1974 salutem
843 1927 894 1975 et
930 1919 1288 1991 apostolicam
1326 1919 1788 1975 benedictionem.

261 2006 533 2062 Miramur
558 2007 818 2077 nimium,
867 2016 923 2064 et
970 2007 1132 2063 nobis
1169 2008 1473 2064 admodum
1504 2008 1790 2080 displicere

199 2100 532 2172 cognoveris,
585 2109 642 2156 te
691 2109 870 2157 tantas
898 2117 1081 2158 moras
1112 2101 1373 2157 hactenus
1403 2100 1685 2169 habuisse,
1734 2111 1788 2158 et

205 2193 268 2248 ad
310 2194 669 2264 apostolicam
729 2193 914 2251 sedem
975 2195 1165 2250 tandiu
1233 2195 1511 2252 distulisse
1572 2196 1784 2251 reverti.
1818 2180 1866 2241 Β

205 2286 380 2358 Neque
429 2303 560 2343 vero
588 2287 816 2360 alicujus
860 2288 936 2343 rei
981 2289 1260 2344 excusatio
1299 2297 1352 2344 te
1398 2289 1531 2345 satis
1561 2288 1789 2345 reddere

208 2389 406 2451 potesto
443 2389 758 2454 purgatum,
794 2390 984 2453 except
1022 2383 1066 2437 si
1108 2383 1191 2438 vel
1222 2398 1387 2438 causa
1430 2380 1787 2450 inﬁrmitatis,

209 2475 281 2529 vel
335 2475 478 2546 quod
505 2491 618 2530 non
670 2475 904 2546 patuerit
938 2475 1119 2532 aditus
1166 2475 1448 2544 redeundi,
1498 2476 1783 2532 dimiseris.

209 2569 334 2622 Nam
363 2568 617 2640 pecunias
646 2569 761 2623 sine
786 2568 996 2625 honore
1024 2569 1255 2625 tributas
1285 2569 1474 2641 quanti
1505 2569 1658 2640 pretii
1688 2569 1787 2624 ha-

206 2659 375 2728 beam,
416 2671 474 2716 tu
504 2661 619 2733 ipse
649 2662 852 2734 optime
903 2663 1131 2734 potuisti
1175 2662 1386 2718 dudum
1431 2663 1783 2734 perpendere.

207 2755 537 2826 Quapropter
565 2755 742 2810 sciens
767 2756 891 2826 quia
921 2764 1139 2827 pr0pter
1155 2757 1327 2811 multa
1358 2755 1614 2810 volumus
1634 2763 1787 2810 tuam

204 2850 555 2918 prasentiam,
583 2847 825 2904 reditum
841 2857 1000 2904 tuum
1030 2858 1302 2919 quantum
1329 2856 1482 2919 potes
1511 2856 1786 2903 maturare

201 2955 446 3010 procura.
483 2942 809 3013 Signiﬁcasti
835 2950 1019 2997 autem
1045 2941 1204 2998 nobis
1233 2944 1540 2997 Zeuzonem
1565 2943 1788 3009 [Teuzo-

198 3048 315 3090 nem
352 3038 425 3090 sic
454 3042 505 3091 et
529 3037 590 3089 in
630 3035 749 3090 eod.
783 3038 942 3102 Mut.)
962 3035 1116 3107 quasi
1146 3050 1211 3090 ex
1243 3045 1396 3106 parte
1419 3042 1606 3090 nostra
1630 3035 1774 3105 lega-

193 3134 308 3183 tum
337 3129 592 3184 adversus
618 3129 913 3200 Anglicum
943 3143 1130 3200 regem
1167 3128 1334 3183 verba
1372 3125 1567 3183 fecisse
1595 3147 1611 3196 ς
1665 3143 1788 3199 qua

188 3222 405 3277 noveris
442 3238 508 3278 ex
550 3222 711 3278 nobis
748 3220 1008 3277 mandata
1040 3237 1152 3276 non
1182 3237 1315 3277 esse.
1372 3224 1580 3276 Verum
1610 3221 1783 3276 multa

184 3322 309 3369 sunt
357 3309 499 3372 unde
530 3323 718 3371 sancta
759 3317 1015 3371 Romana
1072 3313 1308 3370 Ecclesia
1348 3313 1610 3370 adversus
1649 3329 1780 3369 eum

183 3408 337 3478 queri
367 3416 571 3480 potest.
597 3411 773 3464 Nemo
815 3408 959 3463 enim
986 3408 1237 3464 omnium
1283 3423 1477 3479 regum
1505 3408 1669 3463 etiam
1689 3423 1782 3478 pa-

1835 827 1889 890 Α
1915 840 2036 880 rem
2078 841 2375 881 mouemus
2410 835 2469 881 ut
2500 827 2677 898 ipsum
2706 830 3032 900 quantocius
3062 847 3322 902 procures
3355 833 3505 889 adire

1911 926 2108 973 etcum
2136 934 2199 974 eo
2235 918 2502 975 rationem
2529 919 2662 976 facti
2703 937 2926 992 ponere,
2956 932 3222 994 quatenus
3253 925 3309 980 in
3352 941 3413 980 ea
3445 941 3505 982 re

1912 1011 2027 1080 ipse
2062 1011 2208 1082 quod
2235 1013 2615 1084 corrigendum
2643 1012 2808 1068 fuerit
2836 1015 3090 1086 corrigat,
3135 1017 3355 1088 etquod
3375 1035 3506 1074 con-

1910 1103 2245 1159 ﬁrmandum
2275 1107 2612 1162 corroboret.
2638 1109 2910 1164 Praterea
2947 1125 3236 1165 monemus
3255 1119 3327 1178 te,
3354 1121 3417 1166 ut
3437 1127 3502 1167 ex

1910 1205 2062 1268 parte
2097 1197 2240 1253 beati
2275 1200 2417 1254 Petri
2443 1201 2740 1272 praecipias,
2786 1211 2843 1257 et
2880 1203 3070 1258 invites
3100 1213 3213 1258 tam
3249 1205 3503 1276 Anglicos

1909 1305 2074 1360 quam
2111 1292 2529 1359 Normannicos,
2559 1309 2624 1348 ex
2658 1310 2988 1366 unoquoque
3007 1295 3503 1367 archiepiscopatu,

1907 1383 1990 1438 vel
2019 1382 2159 1438 duos
2198 1385 2481 1455 episcopos
2500 1385 2567 1441 ad
2590 1389 2896 1442 Romanam
2925 1388 3216 1460 synodum,
3249 1403 3416 1460 quam
3445 1391 3502 1444 in

1909 1475 2354 1548 Quadragesima,
2382 1481 2504 1533 Deo
2537 1488 2784 1548 auctore,
2814 1497 3006 1537 sumus
3031 1483 3378 1550 celebraturi,
3408 1499 3498 1539 ve-

1905 1569 2041 1625 nire.
2065 1570 2172 1638 Qui
2198 1571 2242 1625 si
2265 1569 2406 1626 forte
2427 1573 2916 1640 murmuraverint,
2950 1583 3006 1628 et
3052 1575 3124 1629 ad
3153 1591 3280 1630 eum
3304 1577 3494 1631 termi-

1905 1678 2041 1717 num
2089 1679 2147 1719 se
2194 1663 2435 1719 dixerint
2474 1665 2733 1721 interesse
2761 1683 2870 1722 non
2903 1682 3082 1738 posse,
3133 1669 3217 1723 vel
3251 1678 3375 1740 post
3395 1672 3496 1725 Pa-

1905 1755 2036 1811 scha
2061 1756 2315 1812 studeant
2351 1760 2668 1829 apostolica
2703 1759 2816 1816 sedi
2849 1776 2907 1815 se
2927 1770 3278 1830 praseutare.

1975 1853 2119 1905 Data
2163 1853 2377 1919 Roma,
2400 1867 2547 1907 nono
2576 1852 2842 1908 kalendas
2888 1852 3168 1923 Octobris,
3200 1854 3497 1913 indictione

1911 1943 2094 2000 tertia.

2469 2041 2820 2096 EPISTOLA
2867 2043 2940 2097 ΙΙ.

2448 2166 2536 2206 ΑΙ)
2574 2165 2709 2206 LUC
2733 2167 2976 2208 BNSBS.

2495 2254 2680 2320 (Anno
2717 2257 2898 2320 1079.)

1900 2362 2099 2417 Contra
2147 2363 2354 2416 clericos
2383 2364 2609 2430 infestos
2656 2366 2765 2416 suis
2795 2366 3055 2434 episcopis
3092 2367 3370 2434 conﬁrmat
3404 2365 3492 2419 de-

1969 2438 2114 2506 creta
2143 2449 2467 2487 summorum
2495 2437 2827 2502 pontiﬁcum,
2859 2437 2926 2489 ab
2965 2435 3246 2490 ordinibus
3270 2453 3333 2490 ac
3353 2452 3496 2506 pra-

1969 2503 2155 2558 bendis
2208 2521 2290 2558 eos
2338 2507 2397 2558 in
2446 2511 2765 2574 perpetuum
2805 2508 3144 2568 submovens,
3181 2513 3233 2560 et
3281 2503 3492 2562 monens

1968 2575 2167 2627 clerum
2197 2592 2257 2628 ac
2281 2577 2537 2644 populum
2564 2593 2627 2629 ne
2669 2577 2775 2631 illis
2819 2581 3204 2632 communicent
3232 2595 3359 2634 neve
3389 2596 3489 2633 au-

1967 2646 2166 2709 xilium
2211 2647 2511 2714 praebeant.

1966 2755 2318 2812 Gnnconws
2355 2758 2663 2828 episcOpus,
2695 2773 2886 2814 servus
2913 2774 3196 2814 servorum
3226 2759 3351 2826 Dei,
3384 2760 3490 2814 Lu-

1895 2848 2039 2903 censi
2068 2849 2212 2904 clero
2243 2857 2297 2904 et
2326 2849 2550 2920 populo,
2581 2851 2822 2920 exceptis
2853 2850 2936 2906 his
2959 2851 3048 2921 qui
3073 2851 3490 2906 communicant

1893 2948 2056 3012 atque
2085 2942 2430 2998 consentiunt
2455 2943 2966 3009 excommunicatis,
2997 2945 3232 2999 salutem
3261 2952 3316 2998 et
3352 2959 3487 3015 apo-

1891 3034 2144 3090 stolicam
2175 3034 2630 3091 benedictionem.

1963 3129 2303 3184 Clericorum
2378 3138 2570 3185 vestra
2623 3129 2866 3185 ecclesia
2925 3129 3217 3202 diligenter
3259 3145 3485 3185 causam

1891 3223 2285 3290 examinantes,
2317 3221 2520 3294 diuque
2552 3223 2606 3278 in
2636 3238 2697 3278 ea
2726 3222 3054 3290 laborantes,
3085 3223 3293 3278 nullam
3325 3223 3378 3277 in
3409 3223 3488 3278 eis

1891 3315 2164 3371 rationem
2209 3325 2372 3386 atque
2404 3316 2712 3383 veritatem,
2749 3315 2890 3372 sicut
2916 3316 3075 3372 decet
3123 3317 3486 3384 Christianos,

1897 3406 2218 3462 invenimus.
2250 3409 2498 3476 Quorum
2528 3407 2832 3462 mirabilem
2861 3417 2915 3462 et
2958 3408 3260 3464 inauditam
3287 3425 3483 3480 super-

172 3505 449 3573 ganoruln
472 3511 661 3558 contra
694 3501 1054 3574 apostolicam
1084 3501 1270 3557 sedem
1307 3500 1412 3556 hoc
1435 3500 1782 3572 prasumpsit
1815 3529 1862 3592 Ο
1890 3500 2055 3567 biam,
2078 3501 2203 3556 licet
2230 3502 2350 3574 sine
2381 3500 2659 3556 audientia
2688 3501 2990 3557 secundum
3021 3501 3338 3574 synodalem
3361 3518 3484 3557 sen-

174 3602 394 3652 tentare
419 3595 571 3677 quod
609 3596 654 3651 is
682 3611 793 3651 non
830 3595 1047 3651 erubuit
1087 3593 1290 3662 facere,
1327 3594 1534 3650 scilicet
1562 3602 1623 3649 ut
1668 3594 1776 3664 epi-

170 3704 397 3760 scopos,
441 3689 895 3761 archiepiscopos,
946 3688 1016 3744 ab
1077 3689 1454 3760 apostolorum
1503 3686 1780 3743 liminibus

175 3781 325 3837 nllus
364 3789 482 3838 tam
538 3781 887 3838 irreverentis
951 3789 1007 3837 et
1048 3781 1383 3854 impudentis
1430 3780 1599 3836 animi
1649 3796 1776 3852 pro-

177 3872 411 3932 hiberet.
443 3875 606 3933 Unde
628 3876 884 3932 volumus
908 3881 973 3930 ut
998 3890 1123 3930 eum
1143 3883 1329 3931 nostra
1351 3875 1464 3930 vice
1489 3873 1776 3946 prudentia

181 3976 276 4024 tua
323 3969 537 4026 studeat
584 3968 902 4038 admonere,
960 3977 1228 4040 quatenus
1272 3967 1568 4038 honorem,
1611 3984 1776 4040 quem

188 4060 287 4117 sibi
323 4077 354 4117 a
406 4061 637 4118 subditis
681 4063 795 4118 suis
841 4062 1077 4134 graviter
1117 4059 1286 4116 ferret
1341 4077 1455 4116 non
1501 4059 1774 4126 exhiberi,

189 4163 386 4213 sancta
412 4159 676 4212 Romana
709 4155 968 4212 Ecclesia
996 4170 1107 4211 non
1136 4162 1419 4226 tantopere
1441 4146 1652 4210 laboret
1675 4155 1778 4210 im-

195 4247 451 4314 minuere,
481 4256 540 4306 et
564 4248 771 4305 debitas
798 4249 1001 4321 gratias
1045 4247 1260 4319 agendo
1311 4247 1538 4320 gratiam
1583 4247 1647 4300 B.
1677 4249 1775 4302 Pe-

196 4341 266 4396 tri
307 4353 559 4414 procuret
586 4343 905 4415 acquirere.
936 4344 1050 4398 Nos
1091 4340 1240 4396 enim
1266 4341 1517 4396 amicitia
1574 4348 1778 4395 nostra

194 4434 424 4504 pristina
467 4437 610 4493 circa
663 4452 792 4492 eum
821 4451 1121 4504 memores,
1151 4443 1204 4491 et
1227 4435 1583 4506 apostolicam
1612 4449 1776 4488 man-

192 4529 552 4597 suetudinem,
597 4538 871 4603 quantum
898 4531 1016 4586 Deo
1057 4536 1284 4584 auctore
1314 4543 1628 4599 possumus,
1651 4526 1775 4582 imi-

197 4627 382 4693 tantes,
449 4624 736 4696 hucusque
777 4622 924 4679 illius
965 4623 1144 4693 culpa
1186 4622 1555 4694 pepercimus;
1601 4620 1696 4692 qui
1731 4620 1774 4675 si

199 4711 296 4783 bis,
335 4725 387 4772 et
424 4717 694 4773 similibus
732 4731 854 4788 qua
890 4715 986 4771 tibi
1024 4723 1156 4770 nota
1203 4723 1356 4782 sunt,
1392 4713 1621 4769 modum
1658 4729 1772 4769 non

202 4806 528 4881 imposuerit,
575 4810 803 4866 omnino
849 4809 984 4864 sciat
1020 4825 1078 4864 se
1107 4809 1247 4864 iram
1288 4807 1427 4863 beati
1457 4807 1600 4862 Petri
1631 4806 1685 4861 in
1715 4822 1774 4862 se

1889 3594 2115 3650 tentiam
2146 3610 2312 3665 quam
2346 3595 2402 3649 in
2436 3611 2494 3650 se
2524 3604 2958 3666 provocaverant
3001 3595 3189 3666 punire
3228 3594 3486 3651 debueri-

1888 3703 2030 3753 mus,
2056 3688 2492 3745 mansuetudinis
2543 3697 2730 3744 tamen
2776 3689 2973 3761 spiritu
3003 3705 3092 3744 res
3139 3705 3334 3744 eorum
3379 3704 3482 3744 au-

1886 3780 2112 3838 diendas
2162 3797 2280 3837 esse
2321 3781 2552 3854 dignum
2581 3780 2860 3851 duximus,
2902 3791 2964 3838 ut
2991 3783 3188 3837 saltem
3227 3780 3484 3838 confusos

1885 3883 1940 3930 et
1967 3874 2244 3932 convictos
2272 3875 2341 3932 ad
2371 3891 2568 3932 sanum
2611 3875 2897 3931 consilium
2929 3891 3262 3946 sensumque
3293 3875 3477 3930 humi-

1885 3968 2054 4025 litatis
2093 3984 2496 4026 revocaremus.
2547 3971 2688 4024 Nam
2717 3969 2764 4024 si
2796 3968 2847 4023 in
2891 3969 2969 4024 eis
2998 3967 3218 4040 aliquod
3265 3968 3482 4023 humili-

1882 4062 2009 4118 tatis
2037 4063 2255 4133 signum
2305 4079 2462 4118 mens
2503 4071 2692 4118 nostra
2724 4062 3120 4134 perpendisset,
3149 4063 3264 4117 sine
3300 4063 3480 4134 aliqua

1885 4173 1915 4210 a
1971 4155 2134 4210 nobis
2193 4155 2568 4212 misericordia
2608 4173 2720 4212 non
2769 4156 3129 4211 recessissent.
3179 4155 3390 4226 Quibus
3427 4155 3481 4210 in

1885 4249 2135 4320 superbia
2200 4265 2296 4304 sua
2353 4248 2792 4321 perdurantibus,
2845 4249 3138 4304 auctoritas
3189 4248 3479 4304 beatorum

1884 4349 2194 4413 martyrum
2250 4350 2413 4412 atque
2459 4340 2786 4412 pontiﬁcum
2844 4340 3065 4396 Fabiani
3120 4349 3175 4396 et
3219 4341 3478 4412 Stephani

1884 4449 2073 4490 coram
2104 4433 2267 4490 nobis
2307 4435 2466 4490 allata
2496 4442 2615 4501 est;
2650 4449 2820 4506 quam
2852 4448 2954 4489 nos
3006 4448 3100 4505 per
3142 4435 3320 4488 omnia
3351 4433 3480 4489 huic

1882 4529 2100 4598 negotio
2147 4528 2438 4584 convenire
2487 4535 2790 4594 cernentes,
2834 4542 2930 4582 eos
2956 4534 3016 4582 ut
3055 4526 3281 4582 rebelles
3319 4534 3373 4582 et
3399 4526 3480 4582 in-

1885 4621 2198 4677 obedientes
2227 4620 2474 4692 ejusdem
2503 4619 2840 4675 auctoritatis
2884 4619 3157 4675 sententia
3202 4618 3479 4675 damnavi-

1884 4716 2010 4770 mu's
2055 4729 2222 4785 quam
2280 4713 2472 4768 litteris
2528 4712 2728 4768 nostris
2756 4711 3102 4768 inserendam
3153 4728 3272 4768 esse
3299 4712 3479 4768 existi-

1881 4808 2191 4875 mavimus,
2262 4813 2323 4862 ut
2388 4806 2607 4877 quantis
2679 4805 2791 4860 sint
2862 4804 3195 4861 facinoribus
3259 4806 3475 4881 irretiti,

199 4904 419 4972 graviter
445 4912 893 4975 provocaturum.
926 4900 1256 4959 Audivimus
1284 4901 1450 4972 etiam
1470 4901 1772 4956 Rothoma-
1801 4886 1851 4946 D
1882 4900 2164 4973 quantisve
2209 4899 2554 4955 contumeliis
2599 4899 2769 4971 digni,
2799 4899 3002 4972 liquido
3037 4908 3235 4972 pateat.
3278 4901 3476 4956 Fabia-

205 5010 406 5066 gensem
439 4997 908 5070 archiepiscopum
935 4995 1231 5052 sacerdotis
1251 4995 1425 5050 ﬁlium
1446 5011 1581 5050 esse.
1606 4993 1773 5062 Quod

203 5087 242 5141 si
264 5105 438 5146 verum
456 5089 903 5162 deprehenditur,
924 5087 1142 5145 noveris
1161 5087 1490 5160 promotioni
1512 5087 1653 5142 illius
1670 5103 1773 5143 nos

202 5195 463 5241 assensum
506 5170 856 5256 nequaquam
902 5183 1163 5238 tribuere.
1209 5185 1291 5238 De
1319 5197 1384 5237 eo
1411 5189 1594 5262 autem
1623 5181 1772 5252 quod

206 5273 254 5330 in
277 5277 517 5335 Flandria
542 5293 670 5334 cum
692 5276 1024 5349 Lingonensi
1047 5275 1310 5348 episcopo
1360 5291 1472 5330 non
1497 5291 1561 5330 ex
1588 5275 1768 5330 moni-

203 5367 263 5424 tis
293 5372 486 5428 nostris
519 5370 888 5426 intelleximus
933 5378 987 5424 te
1029 5367 1246 5437 fecisse,
1297 5368 1436 5424 scias
1482 5377 1539 5424 et
1575 5377 1770 5425 contra

205 5464 449 5521 rationem
477 5473 531 5521 et
560 5465 755 5536 injuste
774 5463 941 5522 fuisse
965 5470 1382 5535 prasumptum,
1412 5479 1542 5519 cum
1567 5478 1669 5518 nos
1717 5462 1772 5517 in

201 5557 428 5626 partibus
446 5557 550 5614 illis
575 5557 759 5614 Diensi
795 5557 1049 5630 episcopo
1081 5557 1357 5628 pracipue
1394 5555 1773 5613 sollicitudinis

205 5660 383 5710 nostra
411 5653 593 5709 vicem
617 5651 686 5708 de
712 5651 965 5708 omnibus
990 5650 1453 5709 commiserimus.
1495 5649 1772 5720 Quamob-

267 5800 397 5862 (399)
430 5792 516 5850 Ad
541 5794 755 5850 tertiam
779 5795 1052 5867 pertinent
1087 5813 1207 5870 qua
1245 5802 1571 5870 sequuntur.

1878 5010 1981 5049 nus
2025 4993 2381 5050 :Statuimus
2436 5001 2498 5049 ut
2525 4993 2570 5048 si
2617 4992 2812 5066 aliquis
2863 4993 3188 5049 clericorum
3229 4993 3342 5050 suis
3367 4996 3478 5067 epi-

1879 5087 2058 5160 scopis
2089 5086 2315 5143 infestus
2343 5082 2447 5142 auf
2467 5085 2750 5142 insidiator
2797 5086 2982 5152 fuerit,
3022 5102 3087 5142 eo
3115 5087 3265 5158 quod
3293 5087 3480 5143 crimi~

1881 5181 2001 5237 nari
2023 5182 2334 5248 tentaverit,
2365 5189 2458 5236 aut
2488 5181 2832 5251 conspirator
2863 5180 3046 5249 fuerit,
3096 5187 3157 5235 ut
3196 5197 3325 5237 mox
3351 5190 3478 5237 ante

1883 5275 2246 5332 examinatum
2269 5274 2539 5347 judicium
2563 5275 2852 5331 submotus
2895 5290 2926 5329 a
2955 5274 3100 5330 clero
3141 5277 3310 5330 curia
3356 5283 3478 5331 tra-

1880 5368 2065 5436 datur,
2125 5369 2212 5424 cui
2240 5367 2433 5424 diebus
2478 5369 2602 5436 vita
2655 5383 2768 5424 sua
2813 5365 3096 5436 deserviat,
3148 5374 3205 5422 et
3255 5366 3476 5424 infamis

1879 5429 2087 5533 absque
2120 5462 2228 5517 ulla
2271 5429 2632 5518 restitution‘ns
2655 5477 2752 5532 spe
2803 5429 3134 5532 permaneat.
3173 5461 3476 5530 Stephanus

1875 5569 2030 5627 papa
2083 5575 2099 5609 :
2140 5553 2382 5610 Clericus
2411 5553 2503 5626 qui
2533 5553 2849 5625 episcopum
2900 5568 3063 5609 suum
3115 5555 3472 5618 accusaverit,

1883 5655 1980 5705 aut
2003 5647 2052 5703 ei
2083 5647 2366 5704 insidiator
2395 5647 2682 5713 exstiterit,
2706 5662 2818 5702 non
2847 5657 2930 5703 est
2951 5644 3316 5716 recipiendus,
3347 5644 3472 5718 quia

3445 5752 3462 5778 Ι
