4074 6172
522 226 625 280 547

1208 226 1263 280 8.
1303 224 1619 279 GREGORII
1654 222 1743 278 VII
1781 222 1976 277 PAPrE
2015 221 2287 278 OPERUM
2324 221 2495 277 PARS
2535 223 2575 277 Ι.
2618 252 2684 262 -
2726 223 3121 278 REGISTRUM.

3700 214 3805 277 ’548

522 350 746 407 infamis
773 349 1003 406 effectus
1029 357 1130 418 est,
1162 356 1218 403 et
1261 364 1291 403 a
1338 347 1509 419 gradu
1547 347 1709 428 debet
1736 347 2012 415 recedere,
2052 363 2115 403 ac
2141 353 2195 415 Α
2222 355 2343 419 pter
2388 347 2781 404 discutiendam
2847 364 3068 403 causam
3132 355 3369 402 vestram
3423 344 3801 417 dirigeremus,

526 444 693 501 curiae
720 444 860 499 tradi
889 440 1226 498 serviendus.
1259 442 1415 496 Hanc
1440 440 1623 513 itaque
1650 441 1705 495 in
1737 456 1833 496 eos
1861 441 2107 513 promul-

520 546 708 609 gantes
735 535 1081 603 sententiam,
1115 534 1545 589 existimavimus
1584 543 1645 590 ut
1672 534 1872 589 saltem
1898 543 2111 589 terrore

522 638 689 686 tantae
745 627 1084 683 auctoritatis
1133 627 1203 683 ad
1245 627 1609 683 humilitatem
1643 635 2106 684 converterentur.

522 722 630 779 Sed
660 721 760 793 ipsi
786 720 899 778 dati
948 721 1002 775 in
1029 720 1331 791 reprobum
1377 736 1624 790 sensum,
1674 729 1728 776 et
1778 720 2013 778 demersi
2056 721 2110 777 in

521 814 799 871 diabolica;
853 814 1110 870 caecitatis
1141 822 1394 886 puteum,
1438 830 1469 869 a
1489 814 1876 870 communione
1906 823 2112 870 sanctae

523 908 766 965 ecclesiae
842 907 1075 980 separati
1131 912 1186 963 et
1250 908 1703 963 excommunicati
1750 916 2109 963 recesserunt.

521 1002 681 1060 Unde
700 1017 801 1057 nos
831 1000 1215 1072 praedictorum
1245 1008 1560 1056 sanctorum
1585 1009 1788 1057 statuta
1811 1001 2109 1070 ﬁrmantes,

520 1112 586 1151 ex
613 1095 935 1152 auctoritate
957 1094 1098 1150 beati
1129 1094 1275 1151 Petri
1315 1110 1410 1150 eos
1447 1095 1516 1150 ab
1544 1094 1829 1151 ordinibus
1875 1103 1931 1151 et
1978 1111 2113 1167 prae-

518 1188 712 1246 bendis
741 1189 980 1245 ecclesiae
999 1188 1173 1244 sancti
1200 1188 1419 1243 Martini
1446 1190 1503 1244 in
1527 1198 1852 1260 perpetuum
1881 1190 2112 1245 submo-

521 1298 731 1352 vemus,
764 1290 816 1338 et
855 1282 1221 1351 decernimus,
1247 1281 1320 1338 ita
1350 1290 1411 1338 ut
1438 1283 1651 1337 nullum
1688 1282 1944 1354 deinceps
1974 1283 2114 1338 inter

527 1376 818 1433 canonicos
877 1375 1123 1448 ejusdem
1177 1376 1419 1432 ecclesiae
1488 1376 1671 1432 locum
1723 1384 1966 1445 teneant,
2021 1384 2115 1431 aut

528 1469 947 1543 praebendarum
987 1468 1209 1541 aliquod
1244 1469 1497 1525 solatium
1527 1485 1624 1525 seu
1651 1485 1802 1542 spem
1832 1470 1888 1525 in
1930 1478 2111 1541 poste-

526 1579 652 1619 rum
699 1563 954 1619 habeant.
1000 1565 1114 1618 Vos
1152 1563 1355 1635 itaque,
1394 1562 1737 1619 dilectissimi
1771 1563 1888 1631 ﬁlii,
1921 1563 2115 1619 admo-

529 1671 744 1725 nemus,
790 1657 902 1721 imo
930 1656 1225 1729 apostolica
1262 1657 1589 1713 auctoritate
1622 1657 2023 1727 interdicimus,
2055 1666 2117 1712 ut

527 1750 809 1807 scelerosis
837 1750 1194 1806 contumacia:
1236 1750 1452 1807 actibus
1488 1766 1681 1806 eorum
1726 1768 1838 1807 non
1863 1767 2116 1806 commu-
2149 1731 2197 1793 Β

526 1844 736 1913 nicetis,
790 1860 968 1915 neque
1020 1844 1305 1900 consilium
1349 1853 1443 1899 aut
1487 1845 1750 1901 auxilium
1783 1854 1973 1900 contra
2007 1849 2121 1901 Do-

529 1939 747 1994 minum
800 1938 1147 2009 impendatis,
1192 1937 1287 1993 sed
1317 1946 1380 1993 ut
1403 1938 1505 2009 ipsi
1532 1938 1689 1995 illaesi
1714 1939 2061 1995 etimmunes
2088 1955 2119 1994 a

529 2031 879 2087 damnatione
910 2047 1100 2087 eorum
1131 2032 1487 2102 permaneatis
1516 2032 1705 2104 illique
1744 2032 1813 2088 ad
1843 2033 2116 2103 poeniten-

528 2125 666 2180 tiam
713 2123 1140 2192 confundantur,
1187 2123 1328 2180 infra
1358 2125 1632 2181 ambitum
1660 2126 1887 2182 civitatis
1923 2136 2120 2183 vestra

530 2233 627 2274 eos
654 2216 972 2274 cohabitare
994 2233 1109 2273 non
1141 2218 1499 2288 permittatis;
1537 2226 1593 2274 et
1616 2227 1677 2274 ut
1700 2224 1813 2274 tota
1844 2221 2119 2291 provincia

530 2327 722 2368 eorum
750 2311 1040 2383 praesentia
1082 2320 1140 2367 et
1171 2312 1501 2383 contagione
1543 2312 1858 2380 mundetur,
1895 2330 2119 2385 operam

527 2406 682 2463 detis.
725 2405 883 2476 Quod
923 2405 1023 2461 nisi
1049 2404 1310 2472 feceritis,
1341 2414 1396 2461 et
1437 2421 1529 2462 eos
1572 2407 1747 2479 magis
1777 2423 1947 2479 quam
1970 2408 2122 2479 justi-

527 2500 661 2556 tiam
707 2507 764 2553 et
804 2499 1037 2554 salutem
1093 2498 1405 2555 animarum
1456 2507 1757 2555 vestrarum
1804 2500 2117 2571 dilexeritis,

528 2594 697 2649 totius
734 2590 1314 2648 excommunicationis
1361 2609 1554 2648 eorum
1588 2593 1642 2648 in
1685 2610 1781 2649 vos
1810 2596 2120 2665 periculum

530 2685 819 2754 inducetis,
862 2694 917 2743 et
942 2686 1078 2741 iram
1114 2685 1216 2741 Dei
1248 2685 1301 2741 in
1336 2687 1595 2758 prmsenti
1627 2695 1680 2742 et
1714 2688 1769 2742 in
1799 2687 1984 2744 futura
2012 2690 2121 2744 vita

529 2780 644 2835 sine
664 2779 831 2835 dubio
873 2778 1141 2845 sentietis,
1169 2794 1264 2835 eos
1301 2796 1427 2835 vero
1459 2781 1551 2851 qui
1582 2781 1705 2848 illis,
1741 2797 1810 2837 ne
1842 2784 1899 2837 in
1933 2798 2123 2854 super-

531 2872 619 2929 bia
661 2888 757 2929 sua
810 2880 1165 2944 permaneant
1224 2881 1280 2929 et
1335 2873 1763 2944 confundantur,
1800 2876 2118 2946 restiterint,

530 2966 700 3039 gratia
743 2965 885 3022 beati
934 2966 1078 3023 Petri
1123 2967 1553 3024 remunerandos
1583 2984 1869 3025 censemus
1906 2978 1962 3025 et
1994 2986 2121 3041 pro-

531 3060 818 3117 mittimus.

602 3157 742 3209 Data
774 3158 991 3225 Romae,
1018 3155 1283 3213 Kalendis
1326 3154 1603 3224 Octobris,
1632 3154 1923 3213 indictione
1946 3156 2123 3213 tertia.

1082 3292 1431 3349 EPISTOLA
1456 3295 1556 3348 IlI.

1070 3411 1161 3452 AD
1200 3410 1624 3454 GBBMANOS.

1127 3491 1312 3562 (Anno
1354 3495 1539 3559 1079.)

534 3604 777 3659 Ewcusat
796 3620 850 3657 se
878 3604 943 3658 de
963 3605 1289 3673 quibusdam
1315 3604 1429 3667 sibi
1445 3603 1682 3672 objectis,
1714 3606 1773 3656 in
1796 3604 1994 3672 legatos
2021 3606 2128 3658 cul-

605 3692 734 3743 pam
787 3675 1057 3743 rejiciens,
1088 3678 1138 3728 si
1177 3676 1312 3743 quid
1340 3679 1523 3727 contra
1549 3676 1835 3743 apostolica
1864 3676 2128 3730 mandata

608 3746 790 3869 ﬁt}:
807 3749 909 3798 aut
934 3746 1057 3799 dolo
1109 3748 1332 3813 egerint,
1365 3761 1556 3814 eosque
1584 3745 1657 3799 ad
1672 3749 2126 3814 perseverantiam

679 3831 705 3868 ν
731 3832 762 3867 a
792 3830 877 3869 ur.

610 3930 963 3985 GnsGonius
996 3927 1303 4000 episcopus,
1330 3944 1518 3985 servus
1539 3944 1820 3985 servorum
1850 3931 1979 3999 Dei,
2009 3947 2128 3987 om-

536 4023 705 4078 nibus
749 4022 1000 4078 ﬁdelibus
1050 4022 1220 4077 sancti
1270 4023 1418 4078 Petri
1488 4023 1545 4078 in
1604 4024 1904 4080 Teutonico
1955 4040 2125 4097 regno

537 4116 1015 4173 commorantibus
1050 4114 1285 4172 salutem
1318 4124 1372 4172 et
1397 4115 1753 4188 apostolicam
1790 4114 2127 4175 benedictio-

536 4227 687 4268 nem.

608 4304 860 4361 Pervenit
880 4303 952 4360 ad
980 4319 1083 4361 nos
1108 4303 1259 4376 quod
1288 4302 1513 4376 quidam
1538 4320 1605 4360 ex
1632 4304 1785 4362 vobis
1800 4304 1867 4362 de
1894 4321 1986 4362 me
2015 4306 2124 4363 du-

538 4398 733 4466 bitant,
764 4407 1028 4471 tanquam
1074 4398 1131 4454 in
1176 4398 1395 4454 instanti
1433 4397 1601 4455 modo
1629 4400 1950 4457 necessitate
1992 4416 2124 4457 usus

2215 450 2378 512 atque
2403 449 2464 496 ut
2483 441 2538 495 in
2562 440 2722 497 sedes
2740 456 2865 497 suas
2893 442 3177 512 episcopos
3204 441 3578 503 restituerent,
3607 446 3662 493 et
3686 438 3810 493 abs-

2217 536 2393 591 tinere
2421 534 2492 590 ab
2532 533 3016 591 excommunicatis
3042 533 3318 589 docerent.
3359 534 3413 589 Si
3453 532 3588 605 quid
3620 541 3811 587 contra

2217 628 2334 685 haec
2352 629 2435 685 vel
2461 628 2675 699 decepti
2706 627 2785 683 vel
2823 627 2996 683 coacti
3017 627 3289 694 fecerunt,
3312 643 3426 681 non
3454 625 3641 681 laudo.
3663 625 3806 681 Scia-

2217 723 2289 778 tis
2336 722 2706 777 indubitanter
2751 722 3032 795 quoniam,
3064 723 3181 776 Deo
3224 721 3583 792 gubernante,
3642 733 3813 774 nemo

2217 815 2529 883 hominum,
2558 816 2671 871 sive
2697 831 2907 883 amore,
2939 815 3051 870 sive
3071 815 3291 881 timore,
3318 822 3416 869 aut
3444 829 3541 884 per
3576 812 3815 883 aliquam

2217 908 2573 981 cupiditatem
2603 908 2780 981 potuit
2816 925 2903 965 me
2932 924 3198 980 unquam,
3246 917 3341 962 aut
3374 906 3574 962 amodo
3614 905 3817 976 poterit

2219 1003 2476 1059 seducere
2504 1019 2534 1058 a
2578 1011 2722 1058 recta
2748 1004 2941 1059 semita
2972 1001 3216 1073 justitiae.
3258 1003 3370 1056 Vos
3403 1000 3588 1072 itaque
3626 999 3670 1055 si
3725 1015 3815 1055 re-

2215 1112 2339 1152 vera
2365 1106 2421 1153 et
2447 1096 2508 1152 in
2526 1096 2789 1153 charitate
2815 1113 2927 1152 non
2970 1095 3097 1151 ﬁcta
3120 1095 3308 1151 ﬁdeles
3337 1096 3442 1150 Dei
3483 1103 3649 1166 atque
3684 1109 3811 1149 san-

2219 1190 2292 1245 cti
2334 1191 2483 1246 Petri
2524 1191 2675 1259 estis,
2716 1191 2885 1246 nolite
2928 1190 2986 1245 in
3045 1188 3489 1245 tribulationibus
3548 1187 3816 1255 deﬁcere,

2219 1299 2410 1340 verum
2446 1293 2509 1339 ut
2551 1284 2682 1340 boni
2710 1283 3057 1339 aemulatores
3094 1283 3148 1338 in
3178 1283 3395 1354 incepta
3426 1281 3683 1338 ﬁdelitate
3712 1280 3817 1336 im-

2220 1379 2451 1433 mobiles
2470 1377 2759 1450 perdurate
2781 1397 2793 1432 :
2821 1377 3078 1449 quoniam
3100 1379 3197 1448 qui
3206 1378 3632 1448 perseveraverit
3650 1393 3822 1446 usque

2220 1474 2278 1525 in
2299 1474 2477 1540 ﬁnem,
2506 1472 2590 1525 hic
2612 1473 2818 1527 salvuse
2842 1474 2916 1526 rit
2944 1472 3161 1541 (Matth.
3190 1472 3276 1543 Χ).
3306 1471 3820 1542 lmprzesentiarum

2224 1564 2394 1620 modo
2421 1564 2554 1619 nihil
2587 1564 2742 1620 vobis
2766 1565 2914 1620 aliud
2934 1562 3001 1620 de
3023 1564 3287 1636 praedicto
3311 1564 3531 1635 negotio
3557 1563 3823 1620 mandare

2226 1674 2534 1729 possumus,
2565 1659 2691 1731 quia
2721 1659 2903 1714 nuntii
2931 1658 3102 1713 nostri
3139 1657 3386 1713 nondum
3423 1666 3552 1713 sunt
3583 1658 3820 1725 reversi;

2227 1753 2424 1824 quibus
2449 1752 2636 1823 utique
2666 1752 3007 1807 venientibus
3045 1751 3379 1820 (secundum
3399 1751 3547 1824 quod
3587 1751 3656 1807 ab
3687 1752 3824 1823 ipsis

2225 1846 2678 1914 intellexerimus)
2720 1845 2896 1916 vobis,
2936 1845 3263 1918 quantocius
3301 1862 3619 1918 possumus,
3669 1861 3825 1901 vera-

2226 1941 2363 1996 citer
2401 1939 2789 1995 indicabimus.

2298 2036 2440 2089 Data
2469 2037 2684 2103 Roma,
2713 2032 2989 2090 Kalendis
3011 2033 3288 2101 Octobris,
3314 2032 3609 2089 indictione
3638 2031 3823 2089 tertia.

2796 2138 3047 2192 EPISTO
3057 2138 3149 2189 LA
3193 2137 3286 2191 IV.

2717 2244 2810 2285 AD
2856 2244 3336 2286 WBZELINUM.

2822 2327 3005 2389 (Anno
3037 2326 3220 2389 1079.)

2237 2417 2496 2482 Ut‘regem
2516 2417 2801 2473 Dalmatiae
2821 2418 3107 2488 apostolica
3128 2419 3447 2471 auctoritate
3481 2418 3827 2472 constitutum

2297 2490 2558 2554 infestare
2586 2490 2825 2543 desistat.
2860 2493 3033 2545 Monet
3060 2491 3108 2543 si
3130 2490 3266 2557 quid
3293 2490 3547 2542 adversus
3576 2505 3691 2542 eum
3728 2490 3825 2541 ha-

2303 2561 2443 2623 beat,
2470 2560 2538 2613 ab
2570 2563 2858 2629 apostolica
2886 2561 3005 2615 sede
3017 2561 3288 2628 judicium
3320 2566 3559 2630 empetat,
3581 2562 3828 2628 alioquin

2301 2634 2857 2686 excommunicationis
2896 2634 3215 2685 sententiam
3260 2647 3379 2685 cum
3428 2631 3668 2686 omnibus
3706 2634 3827 2685 suis

2300 2703 2612 2769 fautoribus
2662 2705 2995 2758 incursurus.

2301 2806 2659 2863 Gnsconws
2688 2806 2994 2877 episcopus,
3018 2820 3206 2861 servus
3226 2820 3506 2860 servorum
3533 2804 3659 2873 Dei,
3688 2807 3827 2860 Ws-

2232 2915 2439 2955 znuuo
2487 2899 2658 2955 nobili
2688 2899 2853 2971 militi
2883 2898 3117 2955 salutem
3159 2907 3214 2954 et
3254 2898 3614 2969 apostolicam
3656 2898 3827 2954 bene-

2237 2992 2559 3051 dictionem.

2162 3088 2208 3149 C
2307 3090 2458 3145 Scias
2479 3103 2581 3143 nos
2603 3087 2670 3144 de
2694 3086 2986 3159 prudentia
3012 3096 3107 3144 tua
3132 3086 3369 3143 multum
3407 3086 3619 3151 mirari,
3647 3094 3708 3141 ut
3736 3086 3832 3158 qui

2233 3197 2352 3238 esse
2391 3181 2604 3238 dudum
2655 3181 2815 3237 beato
2857 3184 3023 3238 Petro
3073 3190 3128 3237 et
3166 3180 3325 3236 nobis
3358 3180 3577 3237 ﬁdelem
3615 3180 3830 3251 promi-

2234 3275 2385 3343 seris,
2421 3283 2610 3331 contra
2643 3291 2771 3331 eum
2809 3291 2977 3347 quem
3021 3275 3077 3330 in
3120 3275 3395 3330 Dalmatia
3425 3290 3613 3347 regem
3638 3282 3828 3330 aucto-

2232 3370 2361 3425 ritas
2385 3370 2677 3441 apostolica
2702 3370 2986 3426 constituit
3004 3376 3065 3425 tu
3092 3369 3258 3425 modo
3287 3369 3499 3425 coneris
3518 3368 3828 3439 insurgere.

2233 3465 2585 3536 Quapropter
2603 3463 2946 3519 nobilitatem
2973 3471 3131 3519 tuam
3162 3478 3472 3528 monemus,
3502 3470 3557 3517 et
3580 3476 3643 3517 ex
3674 3469 3831 3532 parte

2232 3557 2378 3613 beati
2420 3557 2569 3612 Petri
2608 3556 2983 3627 praecipimus,
3026 3564 3089 3611 ut
3130 3556 3420 3612 adversum
3450 3555 3568 3626 jam
3618 3553 3830 3610 dictum

2232 3666 2421 3722 regem
2444 3649 2696 3719 deinceps
2719 3665 2873 3705 arma
2897 3665 3091 3721 capere
3119 3665 3232 3705 non
3258 3664 3558 3721 praesumas
3594 3667 3606 3703 :
3650 3648 3832 3703 sciens

2233 3743 2382 3815 quod
2418 3742 2683 3814 quidquid
2734 3743 2789 3797 in
2826 3744 2981 3799 illum
3018 3759 3183 3799 ausus
3212 3741 3401 3811 fueris,
3442 3740 3632 3815 procul
3662 3741 3831 3798 dubio

2232 3844 2286 3892 te
2314 3837 2369 3891 in
2397 3836 2748 3907 apostolicam
2782 3835 2971 3893 sedem
3000 3836 3294 3893 facturum.
3326 3837 3381 3893 Si
3409 3852 3537 3893 vero
3568 3834 3833 3891 adversus

2232 3932 2410 4001 ipsum
2439 3930 2641 4002 aliquid
2658 3938 2713 3985 te
2736 3928 2881 3985 forte
2904 3929 3046 3986 dicis
3072 3930 3295 3998 habere,
3318 3947 3347 3986 a
3370 3928 3528 3986 nobis
3550 3927 3830 4000 judicium

2233 4023 2398 4080 debes
2423 4032 2698 4095 expetere,
2739 4033 2795 4080 et
2819 4032 3130 4096 exspectare
3149 4024 3418 4095 justitiam
3448 4023 3635 4094 potius
3663 4037 3832 4094 quam

2233 4126 2425 4174 contra
2469 4133 2596 4174 eum
2644 4117 2713 4174 ad
2757 4118 3013 4191 injuriam
3070 4117 3219 4174 sedis
3270 4116 3586 4190 apostolica:
3633 4130 3832 4171 manus

2230 4219 2352 4267 tuas
2376 4226 2609 4267 armare.
2650 4211 2810 4280 Quod
2847 4211 2895 4267 si
2932 4220 2985 4268 te
3027 4220 3138 4268 tute
3166 4210 3487 4267 temeritatis
3525 4225 3641 4266 non
3670 4208 3835 4281 paeni

2235 4305 2418 4372 tuerit,
2454 4304 2549 4360 sed
2580 4312 2771 4360 contra
2799 4305 3123 4362 mandatum
3150 4313 3404 4361 nostrum
3435 4303 3835 4359 contumaciter

2232 4408 2313 4462 ire
2336 4397 2653 4464 tentaveris,
2690 4398 2832 4454 scias
2864 4399 3237 4455 indubitanter
3264 4398 3386 4471 quia
3421 4397 3664 4471 gladium
3693 4394 3834 4453 beati

539 4493 645 4550 sim
684 4493 932 4549 saeculari
985 4493 1211 4549 levitate.
1263 4494 1381 4563 Qua
1441 4500 1585 4549 certe
1646 4493 1702 4549 in
1740 4510 1902 4550 causa
1946 4496 2126 4551 nullus
2154 4508 2204 4571 Ι)
2239 4492 2385 4547 Petri
2413 4491 2473 4546 in
2520 4491 2809 4567 audaciam
2856 4500 3012 4549 tuam
3061 4492 3493 4565 evaginabimus,
3541 4498 3596 4546 et
3634 4492 3834 4547 eodem

538 4596 781 4643 vestrum
817 4595 1014 4658 praeter
1058 4587 1373 4643 instantiam
1411 4586 1724 4659 praeliorum
1761 4588 2001 4660 majores
2042 4605 2133 4645 me

538 4688 593 4734 et
645 4681 844 4750 patitur
894 4681 1169 4752 angustias
1205 4689 1257 4736 et
1320 4680 1521 4737 suffert
1552 4680 1796 4753 injurias.
1842 4682 2129 4754 Quotquot

538 4772 686 4828 enim
715 4773 892 4828 Latini
920 4783 1067 4842 sunt,
1091 4790 1284 4829 omnes
1304 4790 1527 4830 causam
1556 4775 1779 4832 Henrici
1809 4784 2007 4847 praeter
2031 4776 2130 4832 ad-

538 4865 764 4922 modum
801 4882 1002 4937 paucos
1045 4868 1267 4923 laudant
1304 4884 1367 4923 ac
1399 4867 1718 4935 defendunt,
1749 4878 1805 4924 et
1840 4870 2129 4942 pernimiaz

540 4959 754 5016 duritiae
778 4975 842 5015 ac
861 4959 1151 5031 impietatis
1182 4962 1323 5016 circa
1344 4976 1471 5017 eum
1495 4977 1583 5016 me
1614 4961 1971 5034 redarguunt.
1992 4964 2129 5034 Qui-

540 5055 641 5111 bus
679 5053 777 5109 Dei
802 5054 971 5126 gratia
1001 5053 1257 5110 omnibus
1284 5054 1361 5109 sic
1406 5054 1710 5111 restitimus
1754 5055 2037 5125 hactenus,
2067 5066 2130 5113 ut

538 5149 594 5203 iu
629 5156 883 5205 neutram
907 5147 1087 5204 adhuc
1114 5150 1349 5220 partem,
1389 5147 1493 5203 nisi
1523 5148 1830 5205 secundum
1850 5150 2128 5221 justitiam

540 5251 597 5297 et
651 5241 992 5314 aequitatem,
1040 5241 1344 5298 secundum
1379 5250 1629 5299 nostrum
1664 5242 2000 5301 intellectum
2032 5244 2127 5301 de-

537 5336 887 5392 clinaremus.
917 5338 1061 5393 Nam
1086 5337 1132 5392 si
1156 5336 1314 5409 legati
1338 5337 1515 5427 nosiri
1539 5337 1740 5409 aliquid
1770 5347 1955 5395 contra
1981 5340 2129 5412 quod

538 5430 642 5486 illis
672 5430 1033 5502 imposuimus
1051 5439 1297 5502 egerunt,
1336 5431 1589 5489 dolemus
1621 5431 1801 5504 :quod
1822 5432 1920 5505 ipsi
1941 5443 2130 5491 tamen

543 5525 697 5597 (sicut
739 5524 1129 5596 comperimus)
1164 5534 1285 5581 tum
1325 5525 1587 5583 violenter
1622 5519 1821 5587 coacti.
1854 5535 1973 5582 tum
2001 5528 2129 5584 dolo

534 5618 747 5691 decepti
774 5618 1043 5675 fecerunt.
1075 5622 1190 5675 Nos
1218 5635 1347 5675 vero
1377 5620 1713 5692 injunximus
1751 5621 1829 5677 eis
1858 5630 1918 5676 ut
1944 5622 2126 5677 locum

538 5728 602 5767 ac
650 5712 953 5769 terminum
979 5713 1350 5769 communiter
1376 5721 1682 5770 statuerent
1730 5723 2125 5786 opportunum,

482 5876 501 5881 _
539 5805 606 5860 ad
637 5822 804 5878 quem
851 5808 1121 5880 sapientes
1148 5813 1366 5865 nostros
1416 5816 1472 5864 et
1497 5807 1725 5865 idoneos
1768 5807 1972 5878 legatos
2000 5824 2129 5878 pro-

2244 4584 2599 4658 pertinaciam
2630 4594 2782 4641 tuam
2812 4594 2869 4642 et
2891 4587 3143 4644 omnium
3174 4587 3266 4658 qui
3295 4586 3395 4641 tibi
3426 4585 3485 4640 in
3512 4600 3573 4640 ea
3596 4600 3654 4639 re
3687 4584 3833 4640 fave-

2233 4680 2365 4747 rint,
2387 4679 2493 4735 nisi
2518 4680 2825 4752 resipiscas,
2865 4681 3275 4736 mulctabimus.
3309 4680 3362 4735 Si
3391 4695 3519 4735 vero
3545 4678 3833 4745 obediens,

2234 4772 2375 4829 sicut
2403 4772 2772 4831 Christianum
2807 4774 2983 4841 decet,
3029 4773 3329 4845 prudenter
3366 4773 3669 4842 exstiteris,
3706 4788 3831 4843 gra-

2233 4866 2367 4922 tiam
2394 4866 2537 4921 beati
2570 4868 2732 4935 Petri,
2760 4876 2814 4922 et
2840 4868 3152 4938 apostolicae
3183 4867 3325 4923 sedis
3369 4865 3832 4932 benedictionem,

2233 4960 2379 5017 sicut
2406 4961 2793 5032 obtemperans
2827 4961 3005 5029 ﬁlius,
3036 4958 3401 5033 consequeris.

2308 5059 2448 5112 Data
2498 5057 2713 5123 Romae,
2744 5063 2939 5128 quarto
2978 5058 3164 5113 Nonas
3207 5054 3483 5125 Octobris,
3524 5051 3831 5110 indictione

2237 5148 2413 5205 tertia.

2816 5244 3171 5302 EPISTOLA
3222 5245 3291 5302 V.

2540 5354 2621 5393 AD
2650 5352 2906 5395 ACONUM
2944 5354 3162 5396 REGE)!
3203 5352 3530 5397 DANORUH.

2784 5433 2967 5504 (Anno
3009 5437 3188 5500 1079.)

2241 5524 2571 5611 Gra‘tulatur
2593 5528 2643 5580 ei
2665 5527 2824 5611 ﬁdem
2864 5526 3575 5611 etRriistianwfetigionis
3605 5526 3824 5611 cultum,

2310 5603 2361 5653 et
2417 5598 2559 5668 quod
2624 5603 2863 5653 sanctam
2910 5598 3205 5654 Bo‘ma-nam
3256 5600 3547 5654 Ecclesium
3600 5604 3830 5653 matrem

2310 5685 2601 5738 agnoscens
2643 5670 2757 5738 ejus
2788 5671 3101 5724 documenta
3131 5671 3234 5723 sibi
3264 5675 3534 5739 exposcat.
3559 5672 3827 5739 Hortatur

2308 5741 2651 5824 adimajo'rem
2680 5744 2735 5824 in
2751 5742 2862 5796 dies
2876 5738 3202 5824 profectum,
3225 5747 3285 5795 ut
3300 5738 3394 5824 suo
3403 5741 3675 5824 "exemplo
3694 5738 3827 5794 sub-
3901 5769 3909 5777 -

2312 5811 2451 5867 ditas
2474 5813 2549 5868 ad
2587 5814 2820 5868 saniora
2847 5811 3069 5869 consilia
3102 5816 3367 5882 provocet.
3397 5814 3553 5882 Cupit
3590 5813 3825 5880 aliquem
