4074 6172
256 244 358 299 549

1368 250 1565 305 LIBER
1603 250 1953 309 SEPTIMUS.
1994 283 2062 293 —
2101 253 2310 312 EPIST.
2348 254 2434 307 Vl.

3418 250 3419 253 “
3444 255 3547 309 550

316 368 645 448 prudentem
670 371 918 448 clericum
937 372 1008 426 ab
1032 386 1090 426 eo
1117 372 1191 427 ad
1218 376 1463 448 segmitti,
1490 376 1586 443 qui
1613 381 1665 431 et
1689 378 1843 431 illius
1870 386 1924 443 Α
1953 386 2070 432 tum
2109 377 2357 434 caecitate
2386 374 2738 448 ignorantiae,
2770 382 2891 430 tum
2922 374 3198 432 obstinata
3226 378 3545 434 temeritate

320 442 498 516 gentis
522 456 692 516 mores
720 444 829 516 sibi
845 448 1095 513 exponat,
1122 449 1173 499 et
1200 442 1409 500 rediens
1438 442 1741 516 apostolica:
1769 464 1845 502 se-

320 512 409 565 dis
443 512 699 566 mandata
724 514 797 568 ad
821 512 945 569 eum
970 517 1234 585 perferat.

306 607 668 665 Gnnconms
678 611 986 683 episcopus,
1000 629 1185 669 servus
1194 629 1478 671 servorum
1488 615 1614 683 Dei,
1631 623 1845 674 ΔεοΝο

242 702 508 770 [Canuto]
548 704 661 775 regi
694 707 985 761 Danorum
1013 708 1250 763 salutem
1280 717 1337 764 et
1366 709 1727 782 apostolicam
1756 710 1843 766 be-

246 793 640 851 nedictionem.

314 888 541 944 Sincero
572 889 856 947 charitatis
886 890 1093 949 affectu
1113 892 1388 949 dilectioni
1410 902 1521 951 tua:
1549 904 1843 968 congratu-

242 980 446 1049 lamur,
469 982 760 1053 quia,licet
779 983 832 1038 in
859 985 1066 1040 ultimis
1090 994 1364 1043 terrarum
1384 988 1585 1045 ﬁnibus
1606 989 1839 1061 positus,

245 1089 309 1130 ea
339 1082 534 1131 tamen
570 1092 695 1148 qua:
724 1076 797 1133 ad
838 1078 1163 1136 Christiana:
1187 1082 1467 1153 religionis
1494 1084 1703 1139 cultum
1731 1100 1842 1155 per-

244 1168 425 1224 tinere
470 1178 793 1241 noscuntur,
842 1171 1130 1243 vigilanter
1188 1175 1377 1230 studes
1429 1175 1740 1248 inquirere,
1790 1186 1844 1232 et

244 1262 396 1335 quod
425 1273 680 1320 sanctam
708 1268 1023 1322 Romanam
1060 1267 1357 1323 Ecclesiam
1401 1278 1641 1325 matrem
1685 1278 1842 1326 tuam

246 1364 299 1412 et
328 1357 712 1415 universorum
740 1376 1160 1433 recognoscens,
1187 1361 1356 1433 ipsius
1385 1361 1716 1419 documenta
1743 1364 1840 1420 tibi

249 1460 478 1523 exoptas
519 1461 576 1508 et
612 1454 876 1525 exposcis.
926 1455 1199 1511 Volumus
1228 1456 1397 1511 etiam
1445 1465 1608 1528 atque
1649 1474 1841 1513 mone-

249 1559 398 1613 mus,
429 1548 497 1614 [Γ.
529 1556 609 1614 ut,
656 1548 881 1617 Hxnn.]
908 1548 963 1603 in
993 1549 1082 1605 his
1120 1548 1315 1605 studiis
1352 1557 1407 1605 et
1436 1549 1724 1606 desideriis
1752 1551 1845 1607 dc-

249 1639 398 1694 votio
424 1647 520 1694 tua
552 1640 867 1711 persistens,
898 1650 953 1697 et
989 1650 1257 1714 quantum
1282 1643 1456 1714 pietas
1485 1643 1666 1699 divina
1706 1660 1846 1716 prte-

234 1732 439 1787 stiterit
459 1749 734 1805 crescens,
752 1735 1058 1791 nullatenus
1078 1753 1108 1792 a
1130 1736 1409 1809 proposito
1425 1744 1575 1793 recto
1598 1737 1837 1805 deficiat,
1866 1747 1915 1808 Β

239 1825 337 1881 sed
377 1827 446 1882 ad
478 1827 705 1883 meliora
731 1828 994 1900 quotidie,
1034 1829 1178 1885 sicut
1206 1830 1534 1902 prudentem
1567 1830 1752 1886 virum
1781 1839 1837 1887 et

240 1920 452 1991 regiam
492 1920 653 1976 decet
680 1922 1080 1990 constantiam,
1120 1923 1431 1979 roboretur.
1476 1924 1832 1980 Animadver-

239 2022 358 2069 tere
386 2013 654 2085 siquidem
673 2012 839 2071 debet
863 2016 1183 2072 excellentia
1206 2025 1299 2073 tua
1325 2016 1473 2088 quod
1494 2027 1701 2089 quanto
1721 2019 1835 2091 plu-

237 2106 394 2163 ribus
428 2109 802 2178 supereminet
841 2126 907 2165 ac
942 2110 1278 2180 dominatur,
1310 2120 1464 2167 tanto
1511 2112 1688 2184 magis
1730 2113 1833 2168 sibi

236 2199 491 2257 subditos
520 2210 700 2272 potest
739 2205 992 2275 exemplo
1015 2220 1115 2260 suo
1144 2214 1239 2260 aut
1273 2204 1346 2261 ad
1384 2204 1624 2261 deterius
1665 2205 1835 2277 (quod

237 2292 399 2365 absit)
430 2294 739 2366 inﬂectere,
773 2305 873 2353 aut
919 2297 989 2353 ad
1030 2313 1226 2353 sanum
1261 2299 1558 2355 consilium
1604 2299 1835 2371 ignavos

237 2388 406 2443 etiam
432 2405 747 2460 provocare.
780 2392 990 2447 Intueri
1037 2408 1257 2463 quoque
1296 2392 1643 2464 prudentiam
1683 2402 1834 2449 tuam

240 2497 470 2538 necesse
502 2494 585 2539 est
615 2485 929 2556 temporalis
954 2486 1077 2541 vitae
1103 2485 1299 2557 gaudia
1318 2502 1496 2557 quam
1525 2487 1635 2541 sint
1663 2486 1838 2542 cadu-

237 2591 320 2643 ca,
348 2593 517 2648 quam
533 2576 781 2651 fugitiva,
803 2594 946 2651 qum,
966 2578 1067 2635 etsi
1086 2580 1197 2635 vita
1218 2579 1313 2635 diu
1334 2579 1651 2636 crederetur
1678 2597 1831 2635 man-

236 2685 360 2726 sura
401 2677 587 2727 tamen
616 2688 760 2744 saepe
789 2674 979 2730 multis
1008 2673 1249 2730 adversis
1274 2690 1342 2729 ex
1374 2674 1675 2745 improviso
1698 2666 1828 2730 ευτ-

237 2764 495 2835 gentibus
535 2780 730 2821 secura
757 2773 905 2821 stare
932 2782 1046 2822 non
1091 2775 1339 2837 possunt.
1367 2766 1533 2823 Unde
1576 2783 1830 2823 summo-

238 2872 365 2927 pere
388 2873 583 2913 curare
609 2866 825 2930 oportet
847 2866 910 2914 ut
936 2858 1004 2915 ad
1034 2859 1121 2915 illa
1147 2875 1271 2931 quae
1299 2859 1529 2916 transire
1556 2860 1828 2928 nesciunt,

236 2959 289 3006 et
314 2950 620 3007 habentem
646 2952 896 3009 deserere
942 2962 1255 3024 nequeunt,
1286 2970 1505 3025 gressus
1533 2962 1659 3010 tuos
1690 2970 1829 3010 conc

237 3052 451 3100 stanter
474 3044 697 3117 dirigas,
727 3054 781 3102 et
808 3044 1073 3102 affectum
1114 3047 1313 3102 mentis
1341 3046 1616 3103 intendas.
1648 3048 1829 3120 Cupe-

233 3154 422 3195 remus
458 3140 703 3196 nimium
732 3148 882 3197 certe
906 3140 975 3196 de
1004 3141 1199 3196 vestris
1224 3140 1462 3213 aliquem
1495 3141 1827 3213 prudentem

238 3233 497 3289 clericum
528 3232 601 3288 ad
627 3250 729 3290 nos
760 3234 961 3303 venire,
994 3234 1085 3306 qui
1109 3242 1164 3289 et
1201 3243 1395 3292 vestra:
1426 3235 1605 3307 gentis
1646 3251 1831 3291 mores

236 3341 326 3383 seu
357 3326 725 3383 continentias
768 3327 936 3383 sciret
976 3327 1138 3384 nobis
1180 3327 1417 3399 pleniter
1456 3329 1741 3396 intimare,
1778 3337 1832 3384 et

236 3420 547 3493 apostolica.o
589 3420 733 3477 sedis
779 3419 1109 3476 documenta
1151 3421 1266 3478 sive
1312 3422 1575 3479 mandata
1616 3422 1829 3494 plenius

237 3515 481 3570 eruditus
512 3514 582 3570 ad
609 3529 705 3570 vos
732 3522 920 3585 posset
946 3514 1203 3587 perferre.

300 3612 448 3665 Data
488 3609 690 3665 Romae
735 3607 926 3663 Idibus
955 3608 1229 3665 Octobris.

799 3712 1153 3768 EPISTOLA
1179 3714 1271 3769 VI.

446 3828 537 3870 ΔΙ)
587 3828 964 3871 ALPHONSUII
1006 3830 1218 3872 REGE)!
1262 3828 1608 3872 οΑδτΕιιΑΞ.

819 3912 1008 3975 (Anno
1066 3914 1250 3976 1079.)

240 4010 641 4067 Gratulaturde
674 4011 788 4081 ejus
802 4012 907 4081 ﬁde
932 4017 984 4067 et
1010 4012 1312 4067 obedientia
1328 4028 1465 4080 erga
1481 4012 1827 4081 apostolicam

302 4084 502 4137 sedem.
552 4086 817 4138 Hortatur
853 4084 925 4137 ad
960 4085 1421 4153 perseverantiam
1466 4084 1590 4137 boni
1628 4087 1823 4153 operis.

298 4157 473 4209 Mittit
498 4155 814 4208 claviculam
842 4169 1083 4217 auream,
1119 4157 1177 4208 in
1206 4170 1312 4224 qua
1338 4155 1403 4208 de
1443 4156 1645 4209 catenis
1687 4155 1831 4209 beati

299 4227 450 4279 Petri
486 4227 807 4289 continetur,
840 4230 890 4279 et
930 4228 1163 4295 legatum
1210 4241 1365 4281 suum
1405 4227 1455 4281 ei
1497 4226 1827 4280 commendat

296 4297 464 4366 plura
487 4311 583 4351 suo
606 4299 819 4351 nomine
840 4298 1157 4352 relaturum.

303 4399 658 4455 Gnnconms
683 4398 993 4472 episcopus,
1016 4416 1204 4455 servus
1232 4415 1517 4456 servorum
1543 4398 1666 4468 Dei,
1697 4398 1824 4455 cha-

1952 480 2273 540 caruerant,
2312 479 2494 527 vestra
2524 478 2829 525 mereretur
2871 470 3139 542 suscipere
3167 470 3416 526 sublimis
3447 471 3548 526 hu-

1952 565 2158 621 militas
2177 574 2231 620 et
2256 564 2432 621 ﬁdelis
2462 563 2795 620 obedientia.
2821 566 3029 620 Verum
3051 564 3176 635 quia
3211 580 3378 619 omne
3402 581 3544 635 opus

1952 657 2163 712 bonum
2185 674 2297 712 non
2326 666 2441 713 tam
2471 657 2541 712 ab
2570 658 2829 729 incmptu,
2852 673 3016 729 quam
3038 673 3104 713 ex
3129 657 3235 713 ﬁne
3258 674 3358 714 suo
3385 659 3544 714 retri-

1953 750 2195 805 butionis
2222 751 2469 806 debitum
2498 759 2742 822 spectat,
2772 750 3158 806 excellentiam
3187 760 3421 807 vestram
3453 768 3547 824 pa-

1952 850 2109 899 terna
2135 844 2396 899 charitate
2425 860 2737 912 monemus,
2782 852 2845 901 ut
2868 845 3014 916 quod
3048 862 3078 900 a
3128 845 3318 918 legatis
3341 847 3547 903 nostris

1950 940 2019 996 de
2047 938 2314 1011 religione
2349 937 2474 993 ﬁdei
2504 946 2561 995 et
2596 938 2945 994 ecclesiastici
2988 938 3199 995 ordinis
3228 940 3543 1010 accepistis,

1952 1040 2006 1087 et
2043 1031 2244 1097 adhuc,
2275 1035 2393 1087 Deo
2423 1040 2668 1098 auctore,
2694 1032 2967 1103 accepturi
2995 1032 3156 1101 estis,
3199 1032 3432 1089 ﬁrmiter
3460 1041 3547 1090 te-

1952 1126 2125 1182 neatis
2168 1148 2180 1182 :
2221 1126 2350 1198 quia
2388 1127 2529 1182 sicut
2555 1133 2701 1181 certa
2731 1141 2853 1196 spes
2903 1125 3093 1181 salutis
3120 1134 3201 1181 est
3231 1125 3315 1182 his
3348 1128 3439 1199 qui
3488 1126 3545 1183 in

1952 1219 2334 1277 observatione
2357 1219 2487 1276 ﬁdei
2519 1228 2574 1275 et
2596 1219 2861 1275 doctrinae.
2898 1218 3058 1291 hujus
3085 1227 3287 1276 sanctae
3325 1230 3544 1292 aposto-

1951 1315 2067 1370 licae
2099 1314 2239 1370 sedis
2264 1322 2604 1385 permanent,
2634 1314 2705 1368 ita
2746 1313 2854 1368 illis
2881 1314 2968 1384 qui
2998 1312 3067 1367 ab
3110 1313 3227 1384 ejus
3256 1313 3546 1369 concordia

1949 1417 2002 1464 et
2028 1408 2242 1463 unitate
2271 1407 2712 1475 exorbitaverint,
2758 1406 2906 1463 haud
2951 1406 3131 1463 dubia:
3174 1407 3545 1463 damnationis

1948 1501 2419 1558 terrorimminet.
2448 1505 2517 1557 Et
2547 1501 2769 1572 quidem
2800 1500 2867 1555 de
2896 1500 3051 1556 vobis
3074 1500 3215 1556 bene
3238 1516 3542 1572 speramus,

1949 1596 2209 1667 quoniam
2247 1595 2509 1651 relatione
2548 1594 2733 1650 dilecti
2776 1594 2871 1649 ﬁlii
2914 1595 3089 1650 nostri
3136 1593 3390 1649 Richardi
3422 1609 3543 1650 car-

1949 1688 2149 1745 dinalis
2178 1690 2477 1761 presbyteri
2507 1697 2712 1745 sanctae
2740 1690 3013 1743 Romanae
3056 1688 3343 1753 Ecclesiae,
3376 1703 3541 1758 quem

1950 1800 2099 1839 nunc
2128 1783 2368 1839 secundo
2398 1783 2467 1839 ad
2514 1799 2611 1838 vos
2641 1782 2947 1846 mittimus,
2976 1782 3177 1837 bonam
3204 1780 3541 1836 voluntatem

1945 1892 2041 1931 vos
2064 1876 2265 1932 habere
2286 1876 2680 1931 intelleximus.
2707 1874 2817 1931 Sed
2845 1876 3114 1947 quoniam
3144 1873 3343 1930 devota
3372 1874 3541 1930 corda

1944 1986 2161 2042 semper
2189 1970 2564 2027 admonitione
2597 1969 2863 2043 gaudent,
2890 1977 2943 2024 et
2970 1969 3089 2024 istm
3116 1968 3286 2023 etiam
3314 1968 3542 2024 virtutes

1943 2064 2202 2120 exercitio
2230 2063 2501 2136 indigent,
2526 2064 2819 2119 hortamur
2832 2062 3187 2118 eminentiam
3214 2069 3455 2117 vestram
3479 2070 3543 2117 ut

1944 2158 2013 2213 ab
2042 2159 2145 2213 hac
2167 2166 2381 2214 terrena
2416 2166 2471 2213 et
2497 2157 2698 2214 caduca
2728 2157 2994 2229 dignitate
3018 2156 3087 2211 ad
3114 2156 3260 2211 illam
3285 2171 3408 2227 qua
3430 2171 3541 2212 cm-

1944 2250 2100 2307 lestis
2137 2260 2192 2307 et
2215 2260 2420 2308 aeterna
2449 2260 2533 2307 est
2559 2260 2803 2306 mentem
2834 2250 3000 2318 levet;
3031 2248 3133 2305 hac
3170 2258 3355 2305 utatur
3397 2248 3541 2305 sicut

1944 2345 2255 2401 transitoria
2285 2350 2341 2401 et
2367 2345 2476 2401 cito
2522 2345 2779 2416 peritura,
2807 2343 2956 2399 illam
2986 2348 3205 2414 appetat
3233 2358 3355 2415 quae
3380 2351 3538 2399 aeter-

1944 2440 2178 2494 nitatem
2210 2440 2413 2510 pariter
2432 2438 2598 2494 habet
2622 2447 2674 2493 et
2694 2438 2878 2510 gloriae
2904 2437 3317 2509 plenitudinem.
3349 2440 3539 2492 Atten-

1944 2532 2072 2588 dere
2093 2533 2240 2587 enim
2270 2541 2324 2587 et
2347 2533 2580 2588 sollicite
2602 2548 2831 2603 pensare
2861 2530 3067 2587 debetis
3102 2532 3362 2603 quoniam
3394 2547 3536 2603 quo-

1940 2625 2071 2681 tidie
2102 2624 2170 2680 ad
2202 2625 2371 2681 ﬁnem
2396 2625 2521 2681 vitae
2553 2626 2795 2680 volentes
2823 2625 3178 2696 nolentesque
3205 2625 3532 2696 properatis,

1944 2727 1999 2773 et
2029 2718 2290 2790 quidquid
2319 2718 2649 2788 divitiarum,
2693 2718 2937 2787 honoris,
2974 2719 3251 2788 potentiae,
3282 2735 3428 2773 nunc
3455 2735 3540 2773 ar-

1942 2812 2105 2881 ridet,
2138 2811 2315 2866 vicina
2354 2827 2524 2880 mors,
2564 2827 2691 2866 cum
2722 2811 2949 2866 minime
2974 2818 3221 2883 putatur,
3257 2812 3446 2882 rapiet,
3479 2819 3535 2866 et

1942 2904 2128 2960 omnia
2151 2904 2388 2960 tenebris
2417 2912 2470 2960 et
2498 2904 2854 2959 amaritudine
2884 2902 3117 2960 claudet.
3157 2906 3295 2973 Quae
3321 2919 3449 2975 ergo
3480 2904 3535 2958 in

1942 3000 2046 3055 illis
2068 3014 2210 3070 spes,
2234 3014 2356 3071 quae
2384 2998 2574 3071 gloria,
2602 3013 2729 3070 qua:
2748 2997 3055 3064 delectatio,
3084 3005 3178 3052 aut
3201 2996 3531 3053 desiderium

1868 3116 1914 3180 ο
1942 3109 2063 3149 esse
2091 3093 2270 3161 debet,
2297 3109 2422 3165 quae
2449 3109 2505 3148 se
2529 3100 2779 3147 amantes
2804 3090 3103 3163 decipiunt,
3134 3100 3425 3163 sequentes
3450 3090 3533 3147 fu-

1943 3188 2118 3260 giunt,
2149 3186 2411 3243 habentes
2442 3185 2866 3258 derelinquunt?
2894 3188 3115 3255 Quanto
3154 3193 3338 3241 autem
3372 3185 3427 3239 in
3449 3184 3533 3240 his

1942 3281 2176 3353 quisque
2208 3283 2394 3336 minus
2423 3280 2743 3347 delectatur,
2783 3280 3075 3350 minusque
3097 3278 3332 3335 elatione
3369 3294 3533 3350 super

1941 3389 1998 3428 se
2028 3374 2257 3444 rapitur,
2288 3380 2439 3428 tanto
2467 3373 2708 3428 securius
2739 3371 2807 3427 ad
2840 3387 2901 3426 ea
2928 3386 3053 3442 quae
3083 3387 3204 3427 vera
3233 3379 3362 3427 sunt
3388 3371 3530 3426 bona

1939 3466 2242 3522 deducitur.
2295 3465 2463 3537 Cujus
2506 3465 2581 3521 rei
2628 3465 2937 3536 exemplum
2986 3465 3099 3535 ipse
3144 3465 3417 3520 Dominus
3464 3481 3528 3520 ac

1941 3560 2191 3616 Salvator
2234 3568 2430 3615 noster
2455 3560 2616 3615 Jesus
2661 3559 2911 3615 Christus
2940 3566 3125 3630 aperte
3176 3558 3527 3628 monstravit,

1940 3670 2065 3711 cum
2097 3653 2342 3709 oblatum
2371 3653 2472 3708 sibi
2516 3652 2585 3708 ab
2613 3652 2923 3708 hominibus
2962 3668 3191 3725 regnum
3220 3652 3307 3724 pia
3344 3652 3530 3707 humi-

1940 3747 2090 3803 litate
2132 3747 2361 3819 respuit,
2394 3762 2497 3802 nec
2546 3746 2787 3818 speciem
2811 3745 3034 3817 quidem
3082 3754 3316 3801 terrenae
3354 3744 3527 3801 subli-

1939 3839 2149 3896 mitatis
2174 3841 2229 3896 in
2247 3840 2421 3896 oculis
2444 3838 2732 3896 hominum
2754 3855 2939 3912 gerere
2964 3838 3155 3906 voluit,
3187 3839 3278 3909 qui
3299 3837 3357 3893 in
3381 3837 3531 3894 hunc

1936 3933 2241 4002 mundum,
2272 3941 2333 3988 ut
2378 3948 2477 3988 nos
2516 3932 2587 3988 ad
2622 3947 2856 4004 regnum
2902 3931 3124 3987 cceleste
3168 3930 3526 4001 perduceret,

1936 4027 2106 4083 venit.
2138 4028 2480 4098 Quapmpter
2516 4025 2657 4081 sicut
2685 4024 3064 4081 charissimum
3096 4024 3267 4079 ﬁlium
3311 4040 3407 4080 vos
3432 4024 3531 4081 ad-

1937 4136 2249 4188 monemus,
2292 4130 2354 4176 ut
2381 4120 2499 4175 haec
2526 4118 2716 4175 sedulo
2748 4119 3034 4174 vobiscum
3063 4117 3389 4189 cogitantes,
3429 4135 3530 4174 co-

1937 4230 2056 4271 ram
2084 4214 2176 4269 illo
2204 4229 2301 4270 vos
2331 4212 2635 4269 exhibeatis
2663 4212 2957 4280 humilem,
2980 4212 3070 4284 qui
3110 4228 3206 4268 vos
3236 4212 3519 4268 constituit

1937 4307 2088 4363 valde
2116 4306 2427 4373 sublimem,
2461 4314 2517 4361 et
2540 4306 2680 4361 inter
2700 4306 2886 4360 omnia
2911 4314 2965 4360 et
2993 4321 3102 4376 prae
3123 4305 3378 4361 omnibus
3409 4309 3527 4361 Deo
3570 4362 3575 4365 .

1937 4401 2151 4472 placere
2180 4399 2491 4466 studentes,
2542 4398 2840 4454 commissa
2869 4396 3022 4452 vobis
3065 4397 3220 4469 regni
3250 4398 3528 4470 guberna-

233 4490 442 4547 rissimo
466 4493 527 4547 in
555 4491 775 4548 Christo
807 4493 917 4549 ﬁlio
948 4497 1275 4550 ALPHONSO
1302 4495 1465 4563 [deest
1493 4493 1824 4565 Alphonso],
1853 4484 1904 4547 Ι)
1938 4494 2060 4550 cuia
2090 4495 2162 4548 ita
2193 4492 2577 4549 administrare
2606 4507 2734 4546 cum
2755 4490 2857 4547 Dei
2881 4490 3151 4562 adjutorio
3179 4491 3479 4562 procuretis
3507 4506 3521 4546 :

231 4584 469 4656 glorioso
510 4585 624 4658 regi
654 4585 1067 4658 Hispaniarum,
1098 4588 1333 4643 salutem
1364 4595 1420 4643 et
1459 4587 1819 4659 apostolicam

229 4676 684 4736 benedictionem.

294 4772 689 4843 Omnipotenti
736 4774 857 4829 Deo
901 4772 1092 4830 laudes
1120 4780 1177 4831 et
1214 4773 1422 4846 gratias
1462 4774 1698 4847 agimus,
1727 4774 1821 4847 qui

226 4866 455 4938 gloriam
482 4874 728 4921 vestram
756 4867 932 4939 gratia
972 4883 1089 4924 suae
1133 4868 1461 4925 visitationis
1510 4868 1819 4937 illustrans,

223 4961 283 5017 Β.
308 4965 479 5019 Petro
506 4961 883 5033 apostolorum
906 4961 1134 5034 principi
1162 4961 1271 5018 ﬁde
1299 4978 1364 5018 ac
1382 4962 1672 5019 devotione
1692 4979 1821 5019 con-

217 5052 440 5123 iunxit,
485 5054 577 5112 cui
624 5070 818 5111 omnes
862 5054 1199 5127 principatus
1238 5063 1293 5113 et
1337 5064 1631 5128 potestates
1671 5056 1824 5112 orbis

218 5154 491 5205 terrarum
532 5148 850 5220 subjiciens,
894 5148 982 5221 jus
1024 5147 1231 5223 ligandi
1263 5156 1433 5222 atque
1474 5149 1717 5205 solvendi
1764 5149 1823 5205 in

218 5241 356 5299 celo
378 5248 437 5297 et
458 5240 517 5297 in
550 5248 698 5297 terra
722 5241 1079 5298 contradidit.
1111 5246 1228 5316 Qua
1253 5242 1321 5299 de
1344 5258 1403 5299 re
1431 5250 1487 5298 et
1514 5242 1670 5298 vobis
1704 5257 1824 5297 me-

218 5334 330 5391 rito
378 5333 742 5407 gaudendum
784 5342 890 5402 est,
936 5336 1201 5407 quoniam
1247 5352 1311 5392 eo
1355 5336 1622 5408 ampliora
1667 5335 1824 5392 vobis

216 5437 412 5500 parata
444 5434 577 5485 sunt
611 5428 867 5500 praemia,
904 5444 1014 5500 quo
1048 5428 1230 5485 divina
1254 5430 1501 5503 dignatio
1526 5431 1823 5487 correctio-

214 5536 349 5579 nem
378 5521 541 5595 regni
576 5524 769 5591 vestri,
812 5521 963 5595 quod
1013 5522 1108 5578 diu
1155 5522 1211 5577 in
1240 5537 1427 5580 errore
1480 5525 1820 5596 perstiterat,

214 5632 400 5689 usque
446 5616 519 5673 ad
547 5625 727 5674 vestra
767 5617 1069 5675 reservavit
1113 5624 1402 5687 tempora,
1443 5626 1505 5673 ut
1533 5618 1821 5675 veritatem

215 5711 325 5767 Dei
355 5718 416 5768 et
453 5710 751 5783 justitiam,
782 5728 893 5785 qua
921 5711 1000 5768 illi
1047 5711 1138 5785 qui
1168 5725 1268 5768 vos
1294 5720 1693 5783 praecesserunt
1730 5728 1823 5768 re-

216 5811 408 5863 ctores
434 5812 494 5861 et
526 5804 819 5877 principes,
848 5813 904 5862 et
930 5806 1217 5863 universus
1249 5806 1505 5878 populus,
1548 5814 1633 5862 tot
1660 5806 1819 5861 annis

1933 4596 2203 4660 quatenus
2227 4594 2401 4643 vestra
2427 4584 2724 4641 eminentia
2741 4584 2954 4640 nullum
2982 4583 3182 4640 futurae
3207 4583 3528 4656 abjectionis

1939 4690 2036 4737 aut
2065 4680 2354 4736 infortunii
2380 4695 2565 4735 casum
2588 4678 2810 4745 sentiat,
2837 4676 2933 4733 sed
2961 4677 3031 4733 ad
3056 4693 3319 4733 coronam
3350 4678 3526 4735 incor-

1935 4774 2208 4846 ruptibilis
2249 4773 2405 4845 regni
2454 4781 2511 4829 et
2549 4771 2751 4828 solium
2782 4780 3000 4828 aeternae
3029 4771 3216 4844 gloriae
3259 4781 3522 4830 transeat.

1936 4871 2015 4925 Ut
2057 4877 2245 4923 autem
2272 4875 2460 4922 nostra
2493 4865 2801 4923 exhortatio
2830 4865 2982 4922 cordi
3012 4875 3196 4922 vestro
3226 4867 3390 4922 altius
3419 4868 3524 4923 im-

1935 4962 2224 5036 primatur,
2265 4977 2330 5017 ex
2365 4976 2520 5017 more
2557 4969 2871 5017 sanctorum
2902 4961 3159 5017 misimus
3188 4961 3341 5017 vobis
3368 4962 3527 5018 clavi-

1931 5057 2115 5113 culam
2141 5071 2365 5111 auream
2387 5056 2444 5110 in
2469 5071 2575 5127 qua
2602 5054 2669 5110 de
2702 5053 2910 5110 catenis
2946 5054 3089 5110 beati
3123 5056 3269 5110 Petri
3296 5054 3524 5111 benedi-

1933 5150 2041 5206 ctio
2063 5149 2409 5217 continetur;
2442 5156 2713 5220 quatenus
2743 5163 2837 5219 per
2866 5147 2983 5219 ejus
3022 5148 3309 5219 praesentia
3338 5157 3524 5220 patro-

1932 5244 2074 5299 cinia
2126 5242 2383 5299 uberiora
2429 5256 2556 5313 erga
2599 5256 2697 5297 vos
2740 5240 3002 5297 beneﬁcia
3043 5241 3321 5308 sentiatis,
3370 5250 3424 5297 et
3466 5241 3524 5297 in

1931 5353 2122 5393 amore
2156 5337 2327 5409 ipsius
2360 5336 2427 5391 de
2455 5335 2546 5391 die
2574 5334 2628 5389 in
2652 5334 2797 5390 diem
2827 5335 3095 5390 ferventes
3124 5334 3521 5405 accendamini,

1930 5439 2307 5502 promerentes
2334 5436 2393 5485 ut
2440 5428 2787 5499 omnipotens
2830 5430 3011 5496 Deus,
3041 5427 3134 5500 qui
3160 5429 3311 5483 illum
3357 5429 3523 5485 admi-

1932 5523 2083 5580 rabili
2114 5523 2357 5595 potentia
2381 5538 2412 5577 a
2442 5522 2669 5577 nexibus
2699 5520 2893 5577 ferreis
2922 5521 3197 5591 liberavit,
3242 5522 3360 5595 ejus
3400 5539 3521 5580 me—

1930 5619 2052 5675 ritis
2089 5625 2142 5673 et
2192 5616 2676 5673 intercessionibus
2716 5632 2813 5672 vos
2854 5614 2923 5670 ab
2972 5616 3227 5671 omnium
3273 5625 3524 5687 peccato-

1928 5726 2060 5768 rum
2101 5719 2420 5767 vestrorum
2450 5710 2680 5766 vinculis
2713 5707 2986 5775 absolvat;
3019 5714 3074 5762 et
3101 5707 3170 5764 ad
3215 5708 3413 5779 gaudia
3442 5722 3523 5763 aa-

1928 5814 2086 5862 terna
2115 5802 2397 5877 perducat.
2432 5801 2520 5860 Ad
2547 5801 2666 5858 haec
2692 5798 3149 5857 commendamus
3177 5798 3334 5857 vobis
3375 5798 3523 5858 hunc
