4144 6184
646 243 740 296 551

1327 239 1382 295 S.
1424 240 1747 296 GREGORII
1783 240 1873 295 VII
1896 240 2105 296 .PAPzE
2144 239 2415 295 OPERUM
2452 240 2623 294 PARS
2663 242 2702 293 l.
2742 267 2811 279 -—
2847 238 3257 295 REGISTRUM.
3767 248 3849 302 552

645 364 906 421 dilectum
928 364 1097 420 ﬁlium
1118 374 1389 435 nostrum,
1412 381 1596 437 quem,
1628 366 1766 421 sicut
1794 381 1956 436 supra
1972 364 2230 433 diximus,
2259 368 2313 430 Α
2412 366 2540 425 Non
2584 362 2903 420 dubitamus
2949 362 3307 419 fraternitatis
3351 373 3529 421 vesn’a
3565 363 3849 423 dilectionem

645 472 791 514 nunc
836 458 1082 515 secundo
1124 458 1192 514 ad
1238 474 1336 514 vos
1374 460 1673 527 mittimus,
1702 467 1765 514 ut
1793 474 1916 513 eum
1947 458 2088 514 sicut
2128 473 2230 513 nos

644 552 913 619 audiatis,
956 560 1011 607 et
1052 553 1110 607 in
1149 551 1404 608 omnibus
1454 553 1553 608 sibi
1611 552 1855 608 favorem
1896 551 2225 618 exhibeatis;

649 654 923 717 quatenus
944 661 1055 701 non
1087 645 1181 700 ﬁat
1213 646 1390 701 inanis
1415 662 1607 702 cursus
1636 654 1691 700 et
1734 645 1887 701 labor
1908 646 2051 699 illius
2088 645 2231 716 apud

646 754 764 806 vos,
796 739 890 795 sed
916 755 1014 811 pro
1046 740 1343 795 commissa
1374 740 1475 795 sibi
1504 739 1775 811 legatione
1806 755 1867 794 ea
1896 754 2020 810 qua
2044 737 2113 793 de
2140 755 2227 794 ec-

644 833 963 893 clesiasticis
1017 834 1193 889 causis
1244 832 1525 888 tractanda
1583 832 1885 900 invenerit,
1938 832 2232 888 efﬁcaciter

643 926 893 996 exsequi,
924 934 977 980 et
1002 926 1068 981 ad
1113 935 1314 981 statum
1346 924 1727 991 rectitudinis,
1760 928 1875 979 Deo
1903 925 2228 997 adjuvante,

642 1018 936 1087 perducere
972 1019 1162 1073 valeat.
1194 1020 1399 1073 Catera
1438 1034 1564 1073 vero
1603 1034 1725 1089 qua
1768 1017 1858 1072 hic
1888 1019 2069 1072 minus
2106 1034 2232 1072 con-

641 1110 906 1175 tinentur,
939 1112 993 1165 in
1022 1111 1137 1183 ejus
1166 1128 1260 1167 ore
1295 1111 1595 1182 posuimus,
1622 1112 1707 1167 cui
1728 1127 1823 1166 vos
1849 1112 1905 1166 in
1932 1111 2081 1166 nullo
2118 1127 2229 1166 cre-

639 1203 768 1260 dere
791 1204 1072 1271 dubitetis,
1105 1220 1197 1275 per
1225 1220 1387 1275 quem
1409 1213 1653 1261 nostram
1678 1205 1833 1259 vobis
1851 1205 2231 1261 auctoritatem

641 1298 1017 1367 reprasentari
1046 1298 1405 1368 cognoscitis.

710 1393 851 1446 Data
873 1394 1089 1459 Romae,
1116 1392 1329 1447 decimo
1355 1400 1548 1449 octavo
1568 1392 1849 1449 Kalendas
1879 1391 2229 1462 Novembris,

639 1480 937 1539 indictione
964 1498 1063 1540 ιιι.

910 1576 916 1583 ’
1178 1580 1533 1635 EPISTOLA
1572 1581 1691 1634 VII.

955 1685 1040 1727 AD
1073 1687 1442 1729 BICHABDUM
1479 1686 1902 1729 CABDINALBM.

1211 1765 1397 1829 (Anno
1438 1766 1619 1827 1079.)

606 1853 932 1911 'Constituit
976 1871 1095 1909 eum
1143 1856 1391 1911 abbatem
1439 1857 1826 1911 Massiliensem
1869 1872 1903 1909 a
1948 1856 2221 1924 fratribus

698 1928 1047 1994 postulatum.
1082 1931 1351 1981 Hortatur
1391 1928 1464 1981 ad
1492 1942 1623 1981 onus
1663 1929 1893 1995 ﬁdeliter
1936 1930 2224 1996 suscipien-

701 1997 849 2050 dum.
893 1999 1209 2052 Desiderare
1238 2015 1292 2051 se
1316 2002 1394 2051 ait
1425 2002 1809 2052 monasterium
1840 2001 2024 2053 Sancti
2066 2000 2228 2053 Pauli

705 2072 754 2121 et
790 2072 1175 2123 monasterium
1215 2072 1551 2125 Massiliense
1584 2072 1760 2131 unire,
1801 2075 1855 2123 et
1888 2074 2007 2138 post
2036 2086 2222 2123 mona-

702 2142 991 2192 steriorum
1034 2139 1151 2207 ejus
1195 2146 1395 2193 rectam
1428 2140 1856 2210 dispositionem,
1909 2142 2224 2209 legationem

604 2240 607 2245 -
702 2224 857 2263 suam
896 2212 955 2263 in
978 2213 1297 2279 Hispaniam
1317 2214 1571 2281 persequi
1586 2212 1763 2280 jubet.

705 2304 1051 2357 GBEGOBIUS
1086 2304 1400 2374 episcopus,
1430 2319 1617 2358 servus
1642 2320 1929 2359 servorum
1953 2305 2089 2372 Dei,
2129 2307 2225 2361 RI-

628 2409 868 2451 annno
896 2396 1161 2451 cardinali
1202 2396 1258 2450 in
1302 2398 1576 2468 legatione
1618 2397 1899 2467 Hispania
1927 2397 2225 2454 constituto

627 2489 858 2544 salutem
889 2497 945 2543 et
980 2489 1339 2559 apostolicam
1370 2489 1831 2546 benedictionem.

698 2581 1054 2637 Unanimitas
1080 2582 1310 2637 fratrum
1336 2584 1784 2651 Massiliensium,
1818 2584 1877 2639 in
1906 2583 2098 2641 litteris
2117 2585 2228 2641 suis

629 2684 829 2730 sancta
885 2676 1167 2730 memoria
1225 2675 1410 2731 fratris
1463 2676 1569 2732 tuis
1624 2692 1942 2733 memorans
1989 2679 2222 2745 obitum,

626 2783 772 2822 novo
811 2783 899 2823 me
927 2767 1116 2823 dolore
1144 2769 1427 2837 sauciavit,
1479 2778 1669 2840 petens
1706 2770 1925 2841 insuper
1970 2780 2223 2827 contem-

626 2860 862 2932 platione
886 2863 1091 2917 amoris
1119 2862 1290 2917 sancti
1319 2861 1504 2919 fratris
1534 2863 1637 2926 tui,
1668 2868 1829 2936 teque
1863 2864 2011 2920 velut
2041 2866 2221 2936 ipsum

2336 457 2590 513 maeroris
2619 465 2675 513 et
2710 457 2947 515 tristitia
2989 457 3208 528 plenam
3237 473 3398 529 super
3424 458 3682 513 venerandi
3713 460 3850 515 Patris

2337 550 2420 606 sui
2468 566 2693 607 excessu
2716 549 3043 617 [vehementi
3090 548 3281 605 dolore
3309 551 3607 621 constringi,
3636 551 3694 606 de
3728 552 3854 623 cujus

2335 645 2571 701 transitu
2598 644 2841 717 profecto
2872 644 3095 700 memini
3123 643 3299 715 majus
3321 643 3700 700 incommodum
3721 661 3853 716 quam

2336 740 2498 795 nobis
2544 748 2638 794 aut
2689 755 2848 810 aque
2892 754 3154 810 magnum
3206 739 3445 794 evenisse
3487 746 3742 808 putamus,
3785 738 3854 809 qui

2337 833 2508 888 talem
2545 840 2870 904 tantumque
2914 831 3225 903 adjutorem
3253 831 3411 887 nobis
3448 847 3477 886 e
3518 832 3669 886 latere
3694 830 3855 886 subdu-

2337 934 2487 981 ctum
2527 926 2815 982 sentimus.
2849 925 3234 980 Intelleximus
3262 924 3522 997 siquidem
3550 924 3603 978 in
3629 922 3739 995 ipsis
3759 939 3859 995 pru-

2336 1019 2513 1075 dentia
2554 1028 2609 1075 et
2636 1018 2889 1084 consilio,
2933 1018 2976 1073 si
3022 1019 3129 1073 vita
3159 1017 3470 1090 aliquandiu
3510 1032 3683 1073 comes
3707 1033 3855 1072 mane-

2337 1122 2440 1180 ret,
2474 1114 2773 1184 plurimum
2804 1112 3073 1178 utilitatis,
3107 1114 3223 1167 Deo
3255 1111 3481 1178 favente,
3509 1127 3614 1165 non
3641 1110 3793 1166 solum
3818 1110 3863 1165 in

2337 1207 2727 1278 Transalpinis,
2778 1221 2967 1261 verum
2997 1206 3163 1261 etiam
3205 1206 3257 1260 in
3303 1206 3466 1261 Italia
3493 1204 3739 1275 partibus,
3762 1217 3862 1258 cum

2339 1301 2643 1356 multorum
2670 1300 2870 1367 salute,
2893 1307 3095 1355 sancta
3122 1303 3393 1355 Romana
3413 1298 3656 1353 Ecclesia
3678 1311 3864 1368 perven-

2338 1402 2545 1450 turum.
2576 1393 2741 1449 Unde
2770 1409 2870 1449 nos
2898 1408 3116 1464 quoque
3143 1394 3278 1447 tanti
3304 1391 3545 1448 culminis
3572 1386 3721 1452 onus,
3747 1387 3864 1460 quod

2338 1488 2479 1543 ultra
2512 1487 2656 1542 vires
2681 1496 2782 1555 est,
2809 1486 3159 1555 sustinentes,
3180 1485 3452 1559 ejusmodi
3475 1484 3654 1540 solatio
3673 1482 3862 1549 sublato,

2335 1598 2460 1637 cum
2489 1581 2794 1648 neminem,
2825 1589 2918 1636 aut
2950 1580 3036 1635 vix
3066 1595 3270 1652 paucos
3299 1578 3672 1650 suffragatores
3701 1574 3865 1632 similes

2335 1674 2701 1739 inveniamus,
2718 1683 2921 1746 quanto
2942 1673 3147 1729 mentis
3164 1690 3369 1745 angore
3389 1681 3677 1737 teneamur,
3696 1666 3865 1740 liquido

2254 1747 2302 1809 B
2340 1767 2566 1839 quidem
2591 1768 2820 1839 potestis
2845 1776 2898 1823 et
2916 1766 3016 1839 ipsi
3041 1768 3401 1839 perpendere.
3424 1768 3622 1821 Verum
3640 1763 3747 1834 quia
3772 1776 3862 1815 om-

2330 1862 2628 1933 nipotentis
2657 1861 2761 1916 Dei
2792 1860 3189 1917 inaestimabilis
3218 1858 3549 1931 providentia
3572 1856 3732 1913 omnia
3748 1855 3865 1927 juste

2331 1962 2385 2009 et
2426 1955 2700 2026 sapienter
2740 1954 3013 2026 disponit,
3038 1954 3247 2025 judicia
3294 1955 3439 2026 eius,
3469 1951 3710 2007 nimirum
3751 1954 3865 2003 recta

2331 2048 2559 2103 consilia
2617 2048 2816 2119 ipsius,
2868 2048 3141 2120 aquitatis
3207 2057 3263 2104 et
3318 2044 3694 2103 misericordia
3741 2041 3865 2113 plena

2331 2142 2489 2197 nobis
2518 2150 2674 2208 sunt,
2721 2140 2949 2209 fratres,
2992 2142 3377 2214 aquanimiter
3414 2139 3646 2197 ferenda.
3678 2140 3738 2193 Et
3761 2148 3865 2206 quo-

2331 2237 2479 2292 niam
2528 2245 2869 2293 momoratus
2903 2238 3061 2293 Pater
3102 2244 3302 2306 vester,
3333 2236 3479 2309 quod
3524 2232 3731 2291 vivendo
3772 2243 3867 2300 Ρτο·

2333 2330 2615 2399 meruerit,
2665 2331 2925 2387 obeundo
2980 2331 3371 2387 incunctanter
3416 2339 3497 2387 est
3522 2326 3737 2386 Abrahae
3774 2323 3871 2377 sinu

2331 2433 2607 2495 receptus,
2638 2440 2738 2480 nos
2767 2424 2909 2481 dulci
2951 2425 3094 2481 illius
3140 2425 3419 2481 memoria
3462 2441 3492 2480 a
3538 2421 3675 2479 vobis
3717 2414 3869 2481 stricti,

2330 2518 2602 2588 praecipue
2643 2518 2807 2573 etiam
2835 2517 3017 2574 divino
3065 2534 3259 2576 amore
3288 2527 3581 2585 monente,
3610 2516 3767 2571 locum
3802 2523 3871 2563 ve-

2330 2618 2501 2665 strum
2528 2611 2834 2681 specialiter
2853 2612 3096 2683 diligere,
3118 2613 3339 2685 juvare,
3370 2622 3423 2669 et
3452 2612 3519 2668 ab
3546 2606 3770 2666 omnibus
3786 2601 3870 2657 vio-

2332 2702 2527 2771 lentiis,
2549 2704 2687 2759 sicut
2712 2705 2968 2760 Ecclesia
2984 2708 3252 2761 Romana
3271 2706 3575 2778 specialiter
3595 2702 3866 2761 harentem,

2331 2794 2623 2852 defendere
2664 2796 3031 2865 decrevimus;
3091 2807 3145 2854 et
3189 2798 3651 2870 quemadmodum
3688 2788 3865 2849 Clunia-

2331 2904 2491 2945 cense
2518 2891 2917 2946 monasterium
2947 2891 3109 2963 longo
3133 2891 3251 2962 jam
3284 2900 3535 2964 tempore
3562 2888 3665 2946 sedi
3691 2890 3868 2956 aposto-

623 2954 856 3009 alterum
880 2954 1122 3010 futurum
1159 2971 1402 3026 sperans,
1445 2956 1521 3011 uti
1561 2956 1667 3012 sibi
1696 2966 1749 3012 te
1775 2956 2137 3013 concederem
2168 2958 2223 3012 in

627 3046 909 3115 abbatem;
943 3048 1089 3120 quod
1136 3057 1190 3104 et
1230 3047 1353 3104 feci.
1397 3050 1535 3105 Volo
1574 3066 1701 3122 ergo
1752 3058 1813 3103 ut
1853 3050 2051 3106 fratres
2097 3060 2221 3107 tuos

623 3141 773 3196 nullo
800 3141 966 3197 modo
1018 3143 1364 3214 pertinaciter
1413 3143 1719 3198 resistendo
1765 3144 2083 3210 contristes,
2116 3144 2213 3200 sed

620 3234 889 3289 voluntati
931 3235 1029 3289 Dei
1070 3242 1124 3289 et
1165 3242 1484 3290 sanctorum
1515 3233 1748 3290 fratrum
1794 3234 1949 3291 facile
1990 3238 2211 3307 acquie-

621 3341 761 3383 scas.
796 3326 1064 3383 Volumus
1093 3328 1257 3383 etiam
1299 3336 1464 3399 atque
1494 3343 1789 3384 monemus
1820 3336 1905 3397 ut,
1946 3329 2003 3384 in
2043 3346 2215 3402 quan-

620 3427 742 3475 tum
771 3429 956 3491 potes,
998 3436 1123 3491 spes
1168 3430 1451 3477 tantorum
1477 3420 1709 3477 fratrum
1738 3422 1805 3477 de
1848 3430 1902 3477 te
1928 3439 2067 3479 vana
2096 3440 2212 3479 non

621 3512 735 3583 ﬁat,
792 3513 888 3569 sed
950 3514 1212 3585 Spiritum
1284 3524 1534 3571 sanctum
1598 3513 1785 3571 fratris
1844 3518 1925 3571 tui
1983 3517 2213 3573 viriliter

619 3606 837 3668 induas,
866 3608 1145 3663 sacularia
1188 3624 1251 3662 ac
1274 3608 1537 3679 juvenilia
1576 3609 1843 3665 desideria
1881 3618 1941 3665 ut
1971 3619 2210 3667 mortem

617 3698 825 3769 fugias,
864 3707 1065 3754 sancta
1099 3702 1301 3770 regula
1330 3701 1652 3757 medullitus
1678 3710 1733 3756 te
1777 3704 2051 3775 astringas
2073 3744 2088 3771 ,
2140 3720 2209 3759 ne

619 3791 902 3845 occasione
957 3799 1068 3847 tua
1120 3792 1424 3863 juventutis
1474 3796 1873 3851 monasterium
1928 3806 2206 3865 sanctum,

616 3883 763 3954 quod
806 3892 1019 3939 avertat
1050 3888 1221 3951 Deus,
1270 3886 1504 3957 patiatur
1547 3886 1769 3958 aliquod
1812 3888 2210 3945 detrimentum

617 3975 910 4047 religionis.
937 3979 1141 4032 Notum
1168 3987 1354 4033 autem
1383 3978 1482 4033 tibi
1520 3978 1683 4049 facio,
1715 3980 1845 4051 quia
1874 3979 2208 4037 desiderium

621 4068 756 4125 mihi
788 4078 868 4125 est
891 4070 1290 4125 monasterium
1316 4071 1461 4147 beati
1488 4072 1636 4126 Pauli
1668 4073 1900 4143 apostoli
1938 4082 1993 4129 et
2022 4091 2208 4130 mona-

618 4164 849 4218 sterium
898 4164 1237 4219 Massiliense
1292 4172 1443 4219 tanta
1489 4164 1771 4221 charitatis
1831 4166 2030 4223 unione
2077 4185 2209 4225 con-

617 4255 907 4325 stringere,
936 4264 999 4311 ut
1037 4265 1093 4311 et
1126 4256 1262 4313 illud
1307 4273 1525 4329 semper
1563 4275 1660 4330 pro
1690 4275 1876 4315 amore
1906 4260 2207 4318 beatissimi

614 4348 768 4404 Pauli
794 4366 856 4405 ex
882 4350 1178 4422 apostolica
1213 4352 1539 4407 auctoritate
1568 4362 1902 4422 succrescat,
1937 4364 1992 4410 et
2020 4355 2218 4413 beatis-

2332 2982 2448 3038 lica
2478 2992 2693 3039 constat
2725 3000 2842 3040 esse
2871 2985 3110 3053 unitum,
3144 2985 3215 3041 ita
3253 3002 3482 3059 quoque
3509 2992 3733 3041 vestrum
3756 2974 3871 3033 dein-

2332 3091 2479 3147 ceps,
2510 3086 2572 3132 ut
2602 3076 2782 3133 eidem
2825 3077 2938 3134 sedi
2984 3078 3234 3135 similiter
3265 3079 3479 3137 hareat
3520 3079 3573 3134 in
3601 3080 3872 3148 perpetuum

2328 3170 2581 3226 volumus
2626 3179 2789 3242 atque
2833 3172 3129 3229 sancimus.
3180 3172 3507 3230 Audivimus
3552 3177 3719 3227 autem
3749 3156 3871 3235 quod

2328 3261 2567 3319 charitas
2592 3272 2767 3319 vestra
2809 3264 2987 3321 ﬁlium
3011 3273 3268 3323 nostrum
3317 3278 3377 3324 et
3404 3265 3755 3339 presbyterum
3781 3269 3874 3310 car-

2321 3356 2556 3412 dinalem
2604 3356 2942 3414 Richardnm
2980 3360 3101 3416 loco
3148 3361 3411 3433 germani
3448 3359 3611 3433 ipsius
3652 3357 3704 3410 in
3729 3348 3868 3408 abba-

2318 3457 2435 3505 tem
2467 3451 2594 3506 velit
2619 3451 2840 3523 eligere,
2873 3468 3040 3523 quam
3069 3452 3301 3525 denique
3332 3454 3652 3511 electionem
3677 3461 3765 3502 nos
3794 3457 3867 3511 aP'

2319 3543 2639 3614 probamus,
2666 3553 2720 3600 et
2739 3546 3037 3616 apostolica
3062 3548 3395 3604 auctoritate
3416 3547 3701 3605 ﬁrmamus,
3720 3539 3769 3594 in
3784 3536 3868 3590 hoc

2318 3637 2448 3692 item
2489 3638 2642 3693 vobis
2668 3638 2922 3705 obnoxii,
2963 3648 3017 3694 et
3055 3641 3209 3711 quasi
3239 3640 3478 3697 vinculis
3516 3633 3774 3713 geminatis
3795 3643 3871 3684 an-

2314 3731 2460 3799 nexi,
2490 3731 2638 3802 quod
2667 3740 2869 3787 sancta
2915 3735 3182 3789 Romana
3228 3735 3492 3791 Ecclesia
3523 3731 3684 3787 ﬁlium
3724 3729 3870 3780 ιέϐῐο·

2316 3838 2436 3877 rem
2488 3824 2639 3879 vobis
2686 3824 2989 3895 appetitis.
3020 3828 3292 3897 Oportere
3352 3828 3520 3900 igitur
3568 3822 3861 3880 arbitramur

2317 3917 2567 3972 omnium
2593 3917 2872 3973 bonorum
2902 3917 3343 3991 dispensatorem
3365 3934 3613 3988 exorare,
3637 3919 3871 3987 quatenus

2319 4008 2495 4080 ipsum
2525 4026 2654 4066 eum
2682 4012 2838 4066 saluti
2880 4020 3073 4068 vestra
3101 4013 3177 4069 ita
3223 4014 3541 4085 vigilantem
3571 4008 3873 4084 provisorem

2320 4100 2547 4169 efﬁciat,
2580 4111 2639 4158 ut
2670 4103 2719 4158 is
2744 4120 2841 4174 pro
2870 4105 3070 4161 salubri
3096 4122 3225 4162 cura
3255 4116 3311 4162 et
3342 4107 3561 4164 talentis
3596 4096 3876 4169 multiplica-

2316 4196 2390 4253 tis
2436 4205 2656 4253 aterna
2700 4196 3035 4254 hareditatis
3077 4198 3224 4256 dona
3257 4202 3546 4274 percipiat,
3590 4204 3643 4254 et
3682 4186 3876 4267 praemia

2324 4288 2480 4345 beata
2510 4299 2801 4361 reportans
2826 4300 3059 4348 matrem
3103 4309 3263 4349 suam
3292 4294 3558 4351 latiﬁcet.

2394 4385 2535 4438 Data
2562 4386 2778 4453 Roma,
2810 4386 3003 4457 quinto
3039 4385 3151 4459 [ιιι]
3182 4389 3372 4445 Nonas
3401 4382 3739 4450 Novembris,
3767 4372 3881 4434 indi-

613 4442 739 4499 simi
772 4444 921 4500 Pauli
969 4444 1366 4500 monasterium
1408 4444 1478 4501 ad
1520 4454 1767 4501 sanctam
1797 4448 2121 4519 religionem
2154 4466 2217 4506 ex
2246 4457 2297 4519 D
2328 4476 2509 4532 ctione
2550 4477 2728 4533 tertia.

613 4535 762 4592 illius
830 4537 1152 4593 monasterii
1226 4537 1486 4610 religione
1569 4538 1842 4610 proﬁciat.
1882 4544 2212 4614 .Postquam

616 4638 832 4697 autem,
868 4634 985 4687 Deo
1030 4640 1279 4700 auctore,
1313 4634 1649 4687 monasteria
1690 4641 1785 4689 tua
1817 4634 1956 4690 bene
1984 4651 2212 4707 compo-

615 4723 815 4792 sueris,
871 4724 1194 4796 legationem
1245 4725 1340 4780 tibi
1400 4727 1761 4783 commissam
1812 4727 1879 4783 ad
1926 4728 2213 4802 Hispanias

618 4816 877 4886 perﬁcere
922 4833 1036 4872 non
1071 4819 1324 4874 moreris.

693 4911 835 4964 Data
865 4913 1084 4977 Roma,
1118 4927 1182 4966 1v
1214 4916 1397 4967 Nonas
1416 4914 1770 4982 Novembris,
1790 4915 2092 4973 indictione
2113 4933 2209 4974 ιιι.

1138 5006 1492 5061 EPISTOLA
1530 5009 1677 5063 Vlll.

942 5112 1022 5153 AD
1060 5113 1395 5155 MONACHOS
1436 5116 1890 5159 MASSILIENSES.

1236 5193 1416 5253 (Anno
1458 5195 1641 5257 1079.)

623 5281 773 5335 Dolet
798 5280 863 5335 de
883 5281 1030 5335 obitu
1059 5298 1243 5337 eorum
1271 5282 1517 5351 abbatis,
1553 5301 1781 5354 quorum
1802 5288 2208 5353 monasterium,

692 5354 1138 5426 quemadmodum
1180 5355 1520 5410 Cluniacense
1558 5359 1861 5426 apostolica:
1903 5360 2021 5412 sedi
2067 5363 2207 5413 unit.

690 5425 1013 5478 Electionem
1055 5426 1316 5481 Richardi
1349 5425 1641 5482 cardinalis
1673 5432 1729 5482 in
1760 5430 2007 5485 abbatem
2040 5433 2108 5483 ab
2138 5433 2211 5484 eis

690 5496 899 5561 factam
918 5500 1222 5566 conﬁrmat.

690 5588 1040 5645 Gnnaonws
1068 5590 1377 5662 episcopus,
1404 5608 1592 5648 servus
1617 5608 1901 5649 servorum
1930 5595 2047 5663 Dei,
2072 5595 2209 5650 dile-

623 5682 725 5737 ctis
752 5682 807 5737 in
850 5681 1069 5739 Christo
1097 5685 1447 5741 Massiliensis
1475 5687 1909 5759 congregationis
1950 5686 2214 5745 fratribus

630 5774 861 5832 salutem
892 5784 949 5832 et
977 5777 1331 5849 apostolicam
1362 5776 1821 5835 benedictionem.

2873 4576 3223 4634 EPISTOLA
3256 4578 3362 4634 1X.

2323 4691 2404 4733 AD
2464 4692 2819 4747 ASTBNSBM,
2902 4694 3372 4748 TAUBINENSEM,
3443 4695 3521 4737 ET
3584 4677 3871 4743 Δρυειπειιιι

2800 4786 3155 4829 EPISCOPOS.
3196 4777 3385 4840 (Anno
3416 4777 3600 4837 1079.)

2328 4865 2397 4919 Ut
2424 4865 2709 4934 cujusdam
2738 4868 3015 4933 Bonifacii
3044 4866 3344 4935 conjugium
3377 4883 3496 4921 cum
3538 4863 3875 4935 muliertge"

2425 4932 2585 4990 mana
2608 4953 2702 4991 suo
2721 4932 2976 5005 defuncto
2997 4932 3480 5008 olim'desponsata
3498 4932 3786 5007 prohibeat.

2391 5037 2753 5094 Gnsaonrus
2766 5039 3072 5110 episcopus,
3090 5054 3277 5096 servus
3286 5052 3578 5095 servorum
3590 5034 3705 5100 Dei,
3720 5022 3882 5086 fratri'

2321 5130 2423 5186 bus
2453 5139 2510 5186 et
2539 5131 2905 5202 coepiscopis,
2934 5132 3185 5199 Astensi,
3233 5131 3595 5198 Taurinensi,
3638 5136 3692 5184 et
3728 5124 3880 5181 electo

2321 5225 2586 5295 Aquensi,
2611 5224 2844 5280 salutem
2874 5234 2931 5281 et
2956 5226 3318 5296 apostolicam
3339 5223 3789 5282 benedictionem.

2392 5318 2644 5372 Pervenit
2680 5316 2748 5373 ad
2796 5334 2896 5374 nos
2938 5318 3088 5390 quod
3116 5318 3425 5375 Bonifacius
3468 5314 3730 5379 marchio,
3777 5320 3885 5380 εει·

2322 5426 2519 5465 manus
2547 5409 2839 5465 Mainfredi
2856 5420 2911 5467 et
2934 5412 3201 5480 Anselmi,
3222 5428 3401 5485 nuper
3426 5411 3885 5479 interemptorum.

2321 5502 2563 5573 ejusdem
2594 5503 2836 5559 Anselmi
2866 5504 3253 5577 desponsatam
3284 5513 3523 5562 conatur
3550 5502 3652 5559 sibi
3684 5499 3736 5555 in
3763 5507 3880 5550 con-

2315 5596 2529 5669 jugium
2576 5598 2850 5668 copulare.
2898 5598 3057 5670 Quod
3101 5615 3271 5672 quam
3288 5600 3359 5655 sit
3407 5596 3604 5669 ﬂagitii
3638 5593 3877 5665 plenum.

2322 5705 2488 5761 quam
2540 5708 2573 5745 a
2638 5690 2964 5749 Christiana
3020 5693 3304 5766 religionis
3361 5689 3578 5763 legibus
3637 5686 3886 5742 alienum.

2324 5798 2490 5839 nemo
2532 5783 2623 5856 qui
2677 5799 2859 5842 sacros
2905 5802 3147 5844 canones
3191 5787 3342 5843 novit
3386 5792 3570 5855 potest
3614 5770 3882 5846 ambigere-
