4144 6184
211 228 299 280 553
1315 231 1513 286 LIBER
1549 232 1889 289 SEPTIMUS.
1927 261 1996 272 -——
2034 234 2244 290 EPIST.
2284 237 2369 291 Xl.
3389 243 3488 298 554

209 357 543 426 Quapropter
579 356 849 412 dilectioni
891 366 1085 414 vestra:
1132 359 1477 431 pracipimus
1523 370 1588 434 ut
1633 362 1786 419 illum
1815 366 1870 429 Α
1894 379 2014 418 cere
2041 363 2348 419 nullatenus
2370 373 2564 436 potest.
2590 365 2997 424 lnfructuosam
3028 369 3178 426 enim
3214 371 3490 442 paeniten-

205 456 378 503 nostra
416 448 533 504 vice
579 450 988 519 convenientes,
1038 454 1467 520 commoneatis,
1511 462 1782 525 quatenus

206 549 384 596 contra
410 549 742 598 [sanctorum
773 545 994 599 Patrum
1037 553 1238 600 statuta
1278 546 1369 601 tali
1399 554 1656 618 tanquam
1695 565 1786 604 ne-

204 632 327 691 fario
370 635 644 691 connubio
672 635 896 692 desistat
925 638 1148 694 ulterius
1180 654 1405 710 operam
1439 640 1588 696 dare.
1628 642 1786 712 Quod

203 727 241 783 si
273 743 326 784 se
355 728 426 784 ad
465 729 568 784 hoc
610 730 1038 800 perpetrandum
1077 732 1395 803 juramento
1441 742 1601 804 putat
1625 735 1785 790 astri-

203 828 340 877 ctum
368 821 567 889 teneri,
598 823 919 893 perniciosae
942 824 1286 897 obligationis
1307 826 1536 882 stultum
1561 837 1786 898 pactum

202 929 302 968 non
327 913 758 982 observandum,
799 915 895 972 sed
923 916 978 972 in
1007 917 1227 973 irritum
1255 918 1634 975 devocandum
1665 936 1785 977 esse

203 1022 498 1076 censemus,
540 1017 598 1063 et
635 1009 785 1064 vobis
825 1009 1010 1066 taliter
1052 1009 1372 1067 habendum
1420 1013 1774 1069 mandamus.

201 1101 285 1156 Sin
328 1117 462 1156 vero
497 1110 688 1158 contra
729 1103 963 1158 salutem
995 1119 1154 1160 suam
1194 1105 1380 1160 animo
1427 1105 1684 1162 indurato
1725 1108 1784 1162 in

201 1193 389 1264 placito
413 1203 529 1250 tam
553 1194 789 1251 nefando
827 1198 1145 1267 perstiterit,
1177 1206 1229 1252 et
1256 1198 1571 1255 salubribus
1595 1201 1781 1255 moni-

202 1286 280 1355 tis,
344 1287 486 1344 sicut
549 1289 926 1345 Christianum
976 1290 1152 1358 decet,
1205 1291 1584 1363 obtemperare
1645 1310 1784 1349 con-

199 1381 496 1452 tempserit,
528 1397 625 1437 vos
651 1382 709 1436 in
750 1398 882 1438 eum
910 1383 1072 1454 primi
1098 1384 1420 1439 canonicam
1461 1387 1784 1442 sententiam

196 1474 549 1546 promulgate,
569 1490 732 1546 quam
759 1491 861 1531 nos
880 1477 1096 1543 exinde,
1133 1480 1252 1532 Deo
1276 1486 1516 1546 auctore,
1539 1479 1784 1536 ﬁrmabi-

196 1583 333 1634 mus,
354 1577 410 1623 et
431 1568 725 1639 apostolica
754 1578 1024 1639 potestate
1049 1570 1460 1640 roborabimus,
1481 1589 1550 1628 ne
1575 1575 1780 1640 caeteri,

195 1659 296 1716 hoc
323 1662 576 1732 exemplo
619 1661 787 1730 ducti,
829 1670 925 1718 aut
959 1664 1015 1719 in
1060 1663 1330 1720 deteriora
1369 1665 1640 1732 labantur,
1687 1675 1784 1722 aut

195 1754 381 1809 similia
419 1754 520 1809 sibi
550 1755 711 1811 licere
756 1755 900 1812 forte
947 1757 1278 1814 existiment.

258 1849 400 1904 Data
423 1850 623 1905 Romae
657 1850 821 1906 tertio
851 1853 1038 1906 Nonas
1065 1851 1360 1920 Novemb.,
1389 1851 1506 1909 ind.
1536 1867 1636 1909 ιιι.

751 1953 1092 2009 EPISTOLA
1133 1956 1210 2009 X.

543 2062 628 2103 AD
664 2063 1006 2106 UNIVEBSOS
1044 2064 1412 2107 BBITANNOS.

778 2147 960 2207 (Anno
1006 2147 1190 2212 1079.)

207 2236 443 2300 (tuemur
469 2236 536 2290 de
561 2237 720 2302 falsa:
736 2239 1062 2305 pamitentice
1079 2239 1475 2301 consuetudine,
1498 2255 1618 2308 quae
1642 2241 1783 2295 inter

266 2312 449 2361 uetera
491 2309 628 2362 vitia
658 2313 782 2362 tunc
810 2311 1055 2377 temporis
1083 2312 1144 2362 in
1186 2310 1419 2364 Ecclesia
1439 2312 1732 2365 inoleverat
1759 2331 1777 2363 :

265 2380 347 2431 cui
387 2380 527 2432 malo
575 2383 636 2431 ut
683 2381 977 2434 remedium
1023 2382 1232 2446 afferat
1259 2383 1430 2435 mittit
1467 2397 1522 2435 eo
1551 2384 1783 2449 legatum

267 2450 559 2503 Olorensem
586 2452 907 2520 episcopum,
933 2456 997 2504 ut
1031 2467 1086 2503 eo
1100 2452 1335 2521 praeside
1362 2454 1418 2504 in
1443 2454 1644 2519 synodo
1668 2470 1784 2507 con-

266 2521 538 2588 greganda
563 2522 628 2575 de
661 2538 723 2575 ea
746 2538 808 2575 re
834 2523 1123 2589 diligenter
1146 2527 1535 2593 pertractetur;
1565 2526 1782 2579 interim

267 2593 370 2661 ipse
395 2607 516 2661 qua:
548 2608 673 2647 vera
702 2596 773 2647 sit
799 2595 1119 2663 paenitentia
1151 2597 1389 2663 exponit.

264 2689 619 2746 Gnsconins
643 2691 950 2762 episcopus,
982 2706 1174 2747 servus
1201 2707 1489 2746 servorum
1511 2692 1636 2758 Dei,
1670 2693 1784 2763 epi-

206 2784 396 2852 scopis,
424 2783 826 2850 sacerdotibus,
857 2784 1236 2856 principibus,
1267 2784 1489 2855 aliisque
1527 2785 1783 2842 omnibus

201 2874 250 2930 in
282 2877 558 2933 Britannia
605 2878 1111 2945 commorantibus,
1163 2878 1399 2934 salutem
1440 2887 1497 2934 et
1521 2879 1782 2950 apostoli—

201 2984 312 3024 cam
357 2969 824 3034 benedictiouem,
873 2972 918 3027 si
949 2971 1273 3027 obedierint.

260 3064 617 3120 Sacerdotalis
643 3065 901 3120 culminis
928 3065 1166 3137 dignitas
1183 3074 1305 3120 tum
1335 3065 1629 3138 imperitia,
1657 3075 1777 3122 tum
1802 3102 1854 3170 Ο

192 3157 512 3229 negligentia
541 3157 910 3227 sacerdotum,
951 3158 1094 3214 sicut
1123 3166 1299 3214 vestra
1344 3159 1568 3215 dilectio
1599 3160 1776 3228 novit,

187 3265 248 3304 ex
269 3250 437 3323 longo
453 3252 570 3324 jam
598 3261 867 3323 tempore,
895 3253 1128 3323 peccatis
1156 3252 1516 3324 exigentibus,
1552 3252 1655 3309 fuit
1674 3254 1785 3308 col-

185 3343 359 3416 lapsa.
390 3347 468 3400 Ex
502 3361 611 3416 qua
650 3346 876 3416 quidem
915 3362 994 3414 re,
1029 3346 1184 3417 quasi
1215 3363 1278 3402 ex
1317 3346 1572 3418 pestifera
1609 3347 1787 3402 radice

178 3437 474 3494 innumera
503 3440 647 3493 mala
675 3447 864 3494 exorta
903 3448 1055 3508 sunt,
1088 3440 1226 3495 adeo
1265 3449 1329 3494 ut
1354 3455 1527 3510 usque
1551 3439 1640 3496 'ad
1670 3441 1788 3497 haec

177 3541 375 3588 nostra
420 3540 692 3603 tempora.
749 3533 893 3588 inter
934 3541 1132 3588 cmtera
1174 3547 1298 3604 qua:
1333 3533 1476 3588 male
1518 3533 1789 3604 pullulant

171 3625 335 3693 vitia,
368 3625 518 3682 falsae
549 3625 901 3682 nihilominus
940 3626 1272 3694 poenitentiae
1295 3626 1632 3682 consuetudo
1675 3627 1787 3682 ino-

175 3717 399 3774 leverit.
435 3721 778 3792 Quapropter
797 3720 927 3790 quia
956 3720 1112 3776 nobis
1132 3736 1230 3791 pro
1253 3718 1422 3775 ofﬁcii
1452 3720 1626 3776 nostri
1649 3737 1786 3775 con-

177 3811 526 3870 sideratione
569 3822 624 3869 et
671 3812 1057 3869 sollicitudinis
1115 3813 1492 3886 magnitudine
1537 3813 1788 3869 imminet

183 3902 304 3962 haec
334 3916 387 3962 et
413 3906 764 3979 hujusmodi,
804 3915 1074 3978 quantum
1126 3923 1449 3978 possumus,
1503 3910 1623 3964 Deo
1673 3909 1786 3962 lar-

188 3998 393 4068 giente,
435 4000 724 4072 corrigere,
766 4001 1026 4056 volumus
1055 4008 1222 4070 atque
1260 3999 1561 4072 apostolica
1591 4008 1786 4056 aucto-

191 4091 353 4148 ritate
401 4094 765 4166 prmcipimus,
821 4102 885 4151 ut
919 4095 1165 4167 legatum
1207 4096 1786 4160 nostrum,,Amatum

193 4183 445 4243 videlicet
470 4188 799 4245 Olorensem
823 4187 1163 4260 episcopum,
1211 4187 1301 4243 cui
1330 4186 1785 4254 vicemostram

198 4276 253 4331 in
285 4281 526 4349 partibus
556 4282 749 4338 vestris
790 4282 1192 4349 commisimus,
1225 4281 1446 4337 studeat
1472 4289 1648 4337 vestra
1675 4279 1784 4335 fra-

199 4374 417 4431 ternitas
452 4385 762 4432 reverenter
782 4391 1110 4443 convocare,
1137 4383 1193 4430 et
1221 4383 1308 4443 ut,
1341 4374 1433 4430 illo
1461 4384 1674 4446 agente,
1702 4390 1785 4447 sy-

1815 1765 1864 1828 B

1891 456 2027 511 tiam
2051 456 2303 523 dicimus,
2332 474 2455 528 quae
2485 459 2558 513 ita
2583 460 2870 529 accipitur,
2903 469 2962 516 ut
2990 461 3046 516 in
3085 462 3278 519 eadem
3307 464 3490 535 culpa,

1891 550 1973 604 vel
1999 550 2163 604 simili
2184 550 2456 620 deteriori,
2477 553 2557 607 vel
2589 569 2783 624 parum
2814 555 3039 622 minori,
3072 565 3487 628 permaneatur.

1890 642 2056 699 Unde
2095 644 2341 715 quisquis
2384 644 2548 717 digne
2590 647 2707 701 vult
2736 649 3024 718 paenitere,
3058 665 3284 705 necesse
3313 659 3394 705 est
3428 659 3490 706 ut

1892 735 1960 791 ad
1998 735 2122 792 ﬁdei
2166 747 2417 792 recurrat
2459 739 2752 810 originem,
2805 749 2880 807 et,
2911 741 3059 812 quod
3104 743 3158 798 in
3215 742 3488 814 baptismo

1894 825 2163 896 promisit,
2207 825 2425 883 diabolo
2453 829 2661 883 scilicet
2689 829 3009 900 pompisque
3037 831 3184 887 illius
3212 834 3488 888 abrenun-
3579 897 3584 900 _

1891 915 2050 982 tiare,
2075 926 2131 972 et
2159 916 2215 970 in
2243 919 2423 972 Deum
2449 916 2691 985 credere,
2723 917 2970 974 videlicet
2996 929 3143 975 recta
3169 919 3234 976 de
3259 937 3326 976 eo
3357 937 3485 976 sen-

1892 1005 2082 1060 tiendo
2106 1004 2380 1060 mandatis
2405 1005 2576 1076 ipsius
2596 1005 2842 1075 obedire,
2871 1007 3140 1062 sollicitus
3160 1008 3230 1063 sit
3260 1008 3486 1080 vigilan-

1891 1102 1978 1150 ter
2024 1093 2316 1149 custodire.
2365 1094 2691 1166 Quicunque
2737 1111 2868 1166 ergo
2920 1096 3102 1151 taliter
3148 1098 3482 1168 paenituerit,

1892 1185 2150 1254 quoniam
2170 1183 2327 1238 aliter
2355 1184 2631 1239 simulatio
2656 1185 2764 1240 dici
2791 1193 2992 1255 potest,
3014 1202 3125 1240 non
3147 1187 3485 1257 pceuitentia,

1893 1273 1970 1328 illi
2033 1282 2379 1344 peccatorum
2448 1289 2678 1329 suorum
2741 1275 3123 1329 remissionem
3189 1277 3487 1346 apostolica

1895 1361 2018 1418 freti
2058 1371 2331 1434 potestate
2373 1363 2658 1434 largimur,
2688 1363 2907 1434 insuper
2946 1374 3166 1418 aeternae
3196 1364 3487 1420 beatitudi-

1893 1451 1978 1507 nis
2002 1449 2205 1523 'gaudia
2239 1452 2306 1508 de
2336 1451 2728 1522 omnipotentis
2758 1453 2862 1507 Dei
2887 1453 3263 1508 misericordia
3298 1453 3490 1510 conﬁsi

1891 1541 2281 1610 promittimus.

1965 1631 2105 1685 Data
2131 1633 2328 1686 Romae
2363 1639 2554 1686 octavo
2579 1631 2709 1698 [v11]
2727 1628 3010 1686 Kalendas
3031 1628 3382 1699 Decembris,
3406 1630 3486 1684 in.

1894 1719 2131 1777 dictione
2167 1721 2344 1775 tertia.

2159 1805 2162 1808 ’
2431 1814 2792 1870 EPISTULA
2844 1816 2948 1870 Xl.

2071 1920 2151 1961 AD
2192 1922 2585 1963 URATISLAUM
2644 1923 3035 1964 BOHEMOBUM
3076 1923 3306 1964 BEGEM.

2491 2005 2677 2068 (Anno
2713 2008 2889 2066 1079.)

1893 2095 2070 2147 Monet
2094 2099 2153 2147 ut
2180 2095 2417 2149 ecclesias
2445 2093 2513 2148 ab
2541 2096 2868 2148 invaseribus
2913 2095 3192 2160 defendat.
3232 2097 3487 2150 Divinum

1965 2167 2215 2234 Ofﬁcium
2261 2170 2318 2219 in
2344 2167 2708 2221 Sclavonicam
2762 2167 3008 2233 linguam
3051 2169 3188 2221 certi
3220 2169 3483 2235 prohibet.

1964 2239 2185 2304 Legatos
2217 2253 2348 2306 quos
2372 2240 2607 2307 petierat
2634 2253 2689 2291 se
2713 2240 3004 2292 missurum
3029 2240 3323 2307 promittit.

1964 2330 2322 2385 Gunoomus
2342 2332 2648 2401 episcopus,
2670 2345 2860 2385 servus
2879 2346 3161 2386 servorum
3186 2330 3304 2394 Dei,
3327 2332 3489 2386 Uns-

1890 2436 2102 2478 TISLAO
2125 2423 2502 2478 Bohemorum
2519 2423 2667 2492 duci,
2691 2425 2927 2480 salutem
2945 2433 3000 2480 et
3017 2423 3374 2496 apostolicam
3393 2425 3486 2480 be-

1891 2515 2279 2571 nedictionem.

1966 2609 2302 2679 Hujusmodi
2353 2611 2696 2666 salutationis
2749 2619 2955 2667 nostra:
3008 2612 3485 2680 consuetudinem,

1891 2702 2090 2759 scilicet
2116 2697 2434 2772 apostolica:
2459 2703 2880 2772 benedictionis,
2911 2720 3034 2760 eam
3056 2705 3156 2759 tibi
3179 2705 3485 2771 mittentes,

1890 2813 2006 2852 non
2058 2795 2175 2852 sine
2217 2795 2559 2851 hazsitatione
2601 2795 2771 2851 modo
2810 2798 3167 2863 servavimus,
3199 2806 3488 2868 propterea

1893 2890 2040 2962 quod
2079 2889 2275 2945 videris
2321 2890 2814 2946 excommunicatis
2865 2891 2982 2962 ipse
3029 2891 3484 2945 communicare:

1891 2983 2202 3054 quicunque
2237 2983 2384 3038 enim
2415 2985 2508 3051 [f.,
2534 2983 2842 3055 uimirum,j
2889 2985 3094 3039 Hxnn.
3133 2983 3281 3038 bona
3311 2983 3487 3039 eccle-

1891 3076 2094 3132 siarum
2126 3076 2414 3142 invadunt,
2439 3077 2492 3132 id
2514 3085 2616 3145 est,
2644 3077 2758 3132 sine
2782 3085 2929 3132 certa
2960 3076 3179 3132 licentia
3202 3077 3487 3147 episcopo-

1885 3186 2011 3225 rum
2032 3170 2114 3226 vel
2133 3170 2391 3225 abbatum
2415 3170 2699 3240 diripiunt,
2727 3170 2808 3225 vel
2831 3170 2900 3224 ab
2931 3171 3107 3242 aliqua
3137 3185 3367 3238 persona
3397 3186 3486 3226 ac-

1894 3263 2122 3334 cipiunt,
2153 3280 2268 3318 non
2297 3264 2475 3319 solum
2506 3263 2574 3318 ab
2603 3264 2900 3333 apostolica
2921 3263 3047 3318 sede
3085 3263 3192 3317 hoc
3215 3271 3484 3333 tempore,

1893 3371 2084 3411 verum
2114 3356 2276 3411 etiam
2296 3373 2325 3410 a
2345 3357 2534 3411 multis
2556 3356 2756 3411 sanctis
2791 3356 3069 3424 Patribus,
3091 3356 3236 3410 sicut
3268 3355 3323 3409 in
3351 3355 3485 3410 scri-

1892 3450 2069 3521 pturis
2113 3465 2304 3505 eorum
2373 3450 2768 3520 reperimus....
2827 3452 3032 3504 Verum
3079 3458 3360 3520 utcunque
3429 3465 3487 3504 se

1892 3559 1978 3598 res
2006 3541 2224 3610 habeat,
2257 3542 2416 3597 saluti
2455 3551 2564 3598 tua:
2591 3543 2821 3598 internae
2850 3542 3140 3614 providere
3164 3559 3275 3596 non
3316 3540 3487 3597 modo

1893 3652 1958 3692 ex
1983 3637 2202 3707 antiqua
2228 3637 2306 3691 tui
2335 3636 2621 3692 dilectione
2651 3651 2974 3705 movemur,
3006 3651 3197 3690 verum
3227 3635 3394 3690 etiam
3423 3651 3489 3690 ex
3549 3709 3552 3714 _

1889 3731 2124 3800 suscepti
2147 3729 2390 3796 honoris,
2415 3729 2528 3784 imo
2545 3729 2748 3785 laboris
2785 3729 3008 3797 intuitu,
3039 3727 3291 3800 profecto
3331 3744 3483 3783 com-

1892 3822 2169 3894 pellimur,
2204 3840 2270 3880 eo
2293 3823 2468 3894 magis
2486 3821 2638 3894 quod
2661 3823 2969 3878 multorum
3001 3820 3269 3894 profectui
3289 3831 3385 3877 tua
3407 3837 3494 3876 su-

1890 3916 2134 3973 blimitas
2161 3932 2278 3973 esse
2300 3925 2484 3988 potest
2501 3917 2834 3987 exemplum.
2868 3918 3062 3987 Neque
3087 3917 3231 3970 enim
3257 3915 3364 3970 hoc
3391 3914 3488 3970 tibi

1890 4011 2212 4082 relinquitur
2251 4011 2332 4066 vel
2379 4010 2560 4066 dicere
2588 4010 2672 4066 vel
2701 4010 2942 4081 cogitare
2974 4029 2990 4066 :
3034 4011 3222 4064 Meum
3255 4023 3368 4063 non
3405 4016 3494 4064 est

1891 4104 2124 4159 alienam
2155 4105 2323 4159 vitam
2357 4104 2438 4160 vel
2477 4119 2660 4159 mores
2689 4103 2747 4158 in
2797 4102 3176 4174 spiritualibus’
3206 4102 3491 4173 exquirere

1890 4192 2004 4248 sive
2060 4192 2406 4264 distringere.
2433 4192 2654 4248 .Procul
2707 4191 2876 4248 dubio
2925 4207 3166 4262 namque
3206 4198 3488 4245 tantorum

1889 4300 2019 4341 reus
2054 4285 2262 4356 existis,
2293 4294 2627 4357 quantorum
2653 4285 2764 4339 vias
2795 4284 2866 4339 ab
2904 4283 3158 4339 interitus
3189 4281 3489 4352 praecipitio

1891 4387 2110 4450 poteras
2134 4380 2324 4435 volens
2365 4379 2665 4434 rcﬂectere.
2699 4377 2840 4433 Illud
2875 4392 3096 4448 quoque
3125 4375 3273 4445 vigili
3304 4382 3490 4428 mente

198 4465 392 4524 Mdale
418 4469 714 4525 concilium
743 4478 1128 4541 congregetur,
1157 4467 1248 4524 ubi
1276 4485 1405 4523 cum
1432 4468 1551 4523 aliis
1572 4483 1694 4539 quae
1714 4466 1785 4523 ad
1813 4480 1868 4546 ι)
1898 4481 2196 4544 pertractes
2222 4480 2456 4544 oportet,
2487 4489 2556 4526 ne
2581 4471 2853 4526 honorem
2883 4479 3044 4525 tuum
3070 4467 3250 4524 divino
3270 4467 3489 4533 honori,

199 4559 421 4618 salutem
465 4564 741 4634 pertinent
780 4565 1112 4630 animarum,
1167 4562 1330 4617 etiam
1358 4561 1424 4617 de
1455 4562 1786 4633 paenitentiae

201 4656 595 4712 consultatione
610 4656 925 4729 diligentius
956 4664 1338 4728 pertractetur.
1371 4657 1492 4726 Qua
1515 4655 1572 4710 in
1601 4671 1659 4710 re
1683 4654 1788 4710 hoc

200 4759 547 4822 summopere
574 4766 671 4806 vos
689 4767 884 4806 cavere
907 4758 1144 4822 oportet,
1175 4749 1422 4821 aliosque
1449 4764 1675 4804 monere
1694 4747 1788 4804 de-

205 4834 358 4910 betis,
383 4844 506 4915 quia
534 4844 579 4900 si
615 4843 737 4916 quis
767 4844 825 4900 in
853 4844 1238 4912 homicidium,
1270 4842 1626 4910 adulterium,
1661 4857 1785 4914 per-

203 4929 424 5004 iurium,
453 4938 534 4993 vel
562 4937 770 5010 aliquid
793 4936 1114 5010 hujusmodi
1149 4937 1354 5008 lapsus,
1403 4935 1457 4990 in
1485 4935 1668 5007 aliquo
1695 4943 1787 4990 ta-

211 5022 335 5082 lium
375 5030 670 5087 criminum
710 5031 1091 5103 permanserit,
1133 5039 1228 5087 aut
1252 5027 1632 5102 negotiationi,
1661 5043 1786 5101 quae

213 5118 294 5174 Vix
341 5124 421 5196 agi
470 5125 588 5180 sine
632 5133 855 5196 peccato
903 5133 1118 5196 potest,
1167 5139 1391 5195 operam
1434 5121 1649 5178 dederit
1693 5129 1788 5177 aut

213 5224 354 5271 arma
402 5219 656 5275 militaria
705 5219 1021 5290 portaverit,
1067 5226 1298 5289 excepto
1347 5217 1391 5273 si
1441 5231 1540 5287 pro
1582 5214 1784 5271 tuenda

213 5304 406 5375 justitia
436 5329 534 5368 sua
571 5312 656 5368 vel
684 5311 916 5380 domini,
947 5312 1030 5367 vel
1059 5312 1244 5380 amici,
1275 5327 1370 5366 seu
1400 5311 1561 5365 etiam
1593 5325 1786 5381 paupe-

215 5413 348 5474 rum,
376 5421 474 5461 nec
511 5422 623 5462 non
656 5422 758 5477 pro
787 5405 1144 5462 defendendis
1184 5404 1425 5461 ecclesiis
1455 5408 1574 5470 (nec
1599 5411 1786 5458 tamen

216 5491 319 5550 sine
365 5499 744 5572 religiosorum
788 5500 1035 5562 virorum
1067 5499 1299 5556 consilio
1330 5497 1654 5569 sumpserit,
1692 5496 1784 5568 qui

214 5597 420 5649 uernae
453 5593 646 5650 salutis
680 5594 966 5650 consilium
999 5593 1134 5651 dare
1166 5594 1440 5668 sapienter
1471 5596 1781 5656 noverunt),

213 5689 297 5737 aut
342 5685 515 5741 aliena
565 5686 708 5742 bona
747 5687 944 5760 injuste
973 5687 1295 5759 possederit,
1344 5694 1442 5742 aut
1491 5685 1550 5740 in
1595 5682 1787 5739 odium

217 5777 435 5842 proximi
461 5778 547 5834 sui
575 5781 852 5848 exarserit,
884 5795 1021 5838 verte
1061 5781 1404 5856 pcenitentiae
1432 5777 1677 5836 fructum
1703 5774 1783 5830 fa-

487 5869 715 5924 pA'l'ROL.
752 5870 1004 5928 CXLVIII.

1892 4564 2007 4621 sive
2048 4566 2329 4638 pecuniam
2372 4580 2660 4636 praaponas
2697 4563 2943 4636 justitiae,
2988 4577 3095 4616 neu
3143 4559 3290 4632 quod
3333 4561 3388 4615 in
3433 4568 3489 4616 te

1894 4659 2131 4714 cinerem
2161 4675 2188 4713 a
2216 4657 2432 4713 subdito
2469 4657 2567 4712 tibi
2607 4656 2877 4712 consimili
2908 4655 3026 4711 fieri
3058 4669 3172 4709 non
3195 4654 3312 4709 sine
3341 4653 3490 4724 gravi

1893 4752 2367 4808 animadversione
2415 4751 2695 4822 patereris,
2740 4751 2799 4805 in
2865 4757 3172 4805 creatorem
3220 4757 3382 4803 tuum
3437 4755 3494 4802 et

1895 4846 2146 4902 omnium
2185 4844 2444 4916 praesumi
2484 4844 2865 4916 aequanimiter
2904 4841 3070 4899 feras.
3114 4814 3529 4897 lndubitanter‘

1895 4940 2095 4995 etenim
2124 4954 2236 4994 non
2286 4937 2419 5006 Dei,
2447 4936 2545 4993 sed
2581 4937 2778 4993 diaboli
2810 4937 3058 4993 membra
3099 4943 3156 4991 et
3183 4933 3302 4989 falsi
3337 4932 3493 4989 Chri-

1893 5033 2052 5090 stiani
2088 5033 2512 5100 convincuntur,
2543 5031 2636 5104 qui
2665 5047 2794 5088 suas
2828 5030 3055 5102 injurias
3093 5034 3494 5101 persequuntur

1893 5143 2065 5202 usque
2103 5127 2171 5183 ad
2203 5125 2544 5197 sanguinem,
2585 5133 2640 5180 et
2678 5125 2782 5180 Dei
2824 5123 3182 5180 contumelias
3214 5119 3497 5192 negliguut

1893 5237 2064 5292 usque
2095 5220 2166 5276 ab
2210 5219 2569 5276 oblivionem.
2617 5218 2852 5273 Divitias
2889 5226 3076 5273 autem
3126 5213 3370 5286 potentia
3398 5220 3492 5269 tua

1894 5330 2030 5386 quas
2057 5313 2243 5380 habet,
2272 5329 2384 5367 non
2413 5313 2484 5367 ob
2514 5311 2776 5366 meritum
2801 5310 2978 5374 datas,
3006 5310 3102 5366 sed
3137 5308 3208 5363 ob
3234 5306 3494 5362 sollicitu-

1895 5407 2082 5463 dinem
2123 5415 2314 5477 putare
2360 5407 2522 5462 debet
2568 5405 2670 5461 sibi
2707 5405 3048 5461 commissas.
3096 5401 3346 5472 Denique
3382 5416 3494 5456 non
3539 5431 3544 5437 ~

1891 5509 2110 5555 tantum
2151 5499 2500 5556 saecularibus
2546 5499 2698 5553 oneri
2742 5497 2960 5554 videtur
2988 5495 3182 5566 inopia,
3222 5502 3491 5562 quantum

1895 5588 2206 5660 spirituales
2235 5587 2379 5644 viros
2404 5595 2629 5659 gravant
2657 5585 2879 5654 divitiae,
2904 5587 3066 5642 simul
3093 5582 3259 5637 etiam
3289 5580 3492 5636 diffusa

1895 5687 2159 5756 potestas.
2189 5679 2546 5749 Perpendunt
2571 5678 2770 5747 quippe
2796 5677 2841 5730 si
2880 5678 2970 5733 ille
3001 5677 3084 5734 cui
3113 5686 3220 5728 una
3249 5671 3371 5728 ovis
3398 5669 3497 5724 sub

1895 5774 2047 5832 necis
2091 5789 2204 5828 sua:
2235 5773 2556 5829 conditione
2594 5767 2966 5826 committitur
3004 5783 3115 5825 non
3162 5758 3350 5819 solum
3381 5775 3504 5821 ccu-

3083 5854 3142 5907 l8

4029 45 4043 102 'l

4033 107 4045 202 ἔ

4033 203 4042 304 l

4034 347 4039 406 ξ
