4144 6184
654 297 757 347 555

652 427 772 471 tum
796 414 989 471 eodem
1015 422 1173 485 pacto
1196 428 1304 469 non
1332 422 1559 484 cuperet
1587 413 1843 485 recipere,
1869 430 2057 470 verum
2085 414 2246 470 etiam
2279 418 2333 481 Α

659 510 752 565 illa
779 526 846 564 ne
884 509 1068 579 aliquo
1099 524 1227 563 casu
1259 507 1533 578 dispereat
1560 508 1703 563 haud
1728 508 1846 563 sine
1873 509 2071 563 timore
2101 509 2253 564 solli-

651 604 793 660 citus
822 611 905 657 est
946 602 1269 667 observare,
1307 600 1457 673 quod
1499 601 1601 657 sibi
1632 611 1784 657 tanto
1830 602 1903 657 sit
1930 602 2254 657 irremissius

652 695 986 768 vigilandum
1021 694 1305 766 magisque
1334 693 1663 763 timendum,
1701 703 1906 766 quanto
1940 710 2102 765 super
2141 696 2255 766 plu-

651 805 739 845 res
767 805 959 844 curam
989 805 1085 844 seu
1119 797 1443 860 potestatem
1472 788 1763 860 acceperit.
1800 789 1902 844 His
1931 789 2004 844 ita
2033 804 2249 859 perspe-

649 883 749 937 ctis
794 882 1087 953 [peractis],
1140 882 1208 937 ad
1256 881 1525 953 majorem
1576 889 1629 937 te
1674 882 1877 937 mentis
1920 882 2250 953 vigilantiam

648 977 928 1047 praesentis
949 976 1132 1031 saeculi
1164 974 1435 1047 fugacitas
1456 975 1684 1043 invitat;
1715 984 1770 1030 et
1794 991 1919 1030 cum
1942 974 2073 1031 illud
2101 975 2249 1046 quod

646 1070 703 1124 in
736 1069 836 1124 hac
866 1070 983 1125 luce
1013 1069 1191 1140 magis
1218 1068 1477 1141 diligitur,
1520 1069 1628 1123 vita
1658 1069 1864 1124 scilicet
1892 1084 2151 1140 praesens,
2176 1067 2247 1123 ad

645 1179 901 1220 occasum
913 1161 1043 1217 furti
1066 1166 1156 1229 [f.,
1177 1161 1389 1229 furtim,
1408 1164 1454 1216 H
1467 1177 1631 1228 “11).,
1651 1166 1727 1217 sic
1742 1168 1791 1217 et
1810 1164 1925 1217 cod.
1942 1165 2160 1230 Mutin.)
2175 1162 2249 1217 fe~

645 1258 829 1323 stinet,
852 1256 1097 1326 profecto
1126 1273 1236 1327 quo
1254 1256 1427 1327 magis
1454 1256 1521 1311 ad
1542 1255 1772 1311 districti
1804 1257 2075 1311 examinis
2095 1256 2242 1311 diem

648 1350 1006 1420 propinquas,
1037 1365 1101 1403 eo
1131 1350 1363 1420 amplius
1393 1350 1462 1404 ad
1491 1358 1696 1405 arterna
1729 1349 2159 1420 praemeditanda
2190 1357 2245 1404 et

644 1442 987 1514 adipiscenda
1032 1452 1085 1499 te
1114 1460 1247 1498 sana
1280 1443 1418 1497 ratio
1448 1443 1633 1498 mittit.
1682 1446 1815 1498 Hmc
1844 1444 2027 1515 itaque
2057 1453 2242 1499 nostra

644 1537 875 1605 monita,
919 1538 1027 1592 sive
1076 1537 1333 1592 mandata
1369 1537 1652 1605 volumus,
1702 1538 1811 1592 imo
1846 1538 2134 1608 jubemus,
2180 1546 2241 1592 ut

638 1638 763 1685 ante
793 1647 907 1685 sum
930 1631 1132 1685 mentis
1156 1631 1343 1686 oculos
1364 1632 1674 1686 excellentia
1706 1640 1798 1685 tua
1822 1632 2021 1701 saepius
2052 1640 2237 1703 ponat,

640 1732 695 1779 et
716 1706 969 1779 crebrius
992 1724 1219 1795 legendo
1242 1733 1297 1779 et
1315 1725 1584 1780 audiendo
1614 1725 1929 1791 meditetur,
1956 1741 2065 1779 non
2088 1724 2238 1795 quod

1336 289 1392 343 S.
1436 290 1757 344 GREGORII
1795 290 1883 344 νη
1926 291 2117 345 ΡΑΡίΕ
2157 290 2242 344 ΟΡ

2339 289 2431 343 UM
2466 288 2640 343 PARS
2675 289 2714 344 l.
2760 318 2828 327 --
2866 287 3268 342 REGISTRUM.
3792 295 3871 345 556

2436 430 2615 468 coram
2662 415 2858 482 legatis
2904 413 3209 483 apostolicis
3252 412 3469 481 objectis
3497 414 3775 467 criminibus
3806 431 3875 469 re-

2432 502 2777 556 sponsarum.

2433 603 2788 659 Gnaeonws
2817 600 3119 671 episcopus,
3140 614 3326 654 servus
3354 614 3625 655 servorum
3657 599 3747 655 Dei
3771 603 3877 656 ΜΑ-

2359 709 2568 751 NASSE
2586 693 2845 749 Remensi
2856 692 3267 764 archiepiscopo
3286 692 3508 747 salutem
3523 696 3876 764 etapostolicam

2358 788 2821 844 benedictionem.

2428 882 2692 937 Miramur
2728 879 3078 936 fraternitatis
3106 885 3216 935 tuae
3239 877 3574 950 prudentiam
3609 878 3674 935 ad
3702 879 3803 945 bocﬁ
3817 891 3881 939 tot

2357 975 2664 1031 occasiones
2710 974 2971 1039 invenire,
3018 981 3083 1029 ut
3124 973 3179 1027 in
3208 971 3429 1027 infamia
3465 988 3557 1028 sua
3592 980 3643 1027 et
3686 975 3880 1031 ecclesia:

2355 1084 2470 1125 suae
2489 1078 2732 1141 tempore
2747 1068 2914 1139 longe
2926 1074 3263 1138 permaneat,
3281 1074 3353 1133 et,
3372 1066 3515 1137 quod
3525 1066 3743 1137 opinioni
3754 1068 3880 1123 relin-

2353 1163 2557 1233 quitur,
2595 1161 2865 1234 judicium
2898 1158 3276 1231 subterfugere
3315 1159 3571 1227 videatur,
3603 1176 3718 1215 eum
3742 1161 3877 1233 magis

2353 1255 2425 1311 ad
2460 1255 2566 1311 hoc
2596 1255 2840 1327 profecto
2870 1270 2993 1309 eam
3024 1253 3270 1309 decuerit
3296 1253 3550 1321 laborare,
3583 1262 3639 1307 ut
3661 1254 3876 1324 suspicio-

2351 1366 2482 1405 nem
2510 1351 2643 1405 tanti
2684 1357 2865 1404 reatus
2894 1363 2924 1403 a
2949 1364 3008 1403 se
3034 1356 3089 1403 et
3118 1347 3341 1403 ecclesia
3370 1363 3463 1403 sua
3500 1346 3798 1402 excluderet.
3833 1350 3878 1402 ln

2351 1444 2625 1513 praeterito
2659 1443 2702 1497 si
2725 1442 2948 1513 quidem
2972 1457 3115 1496 anno
3140 1440 3208 1496 ad
3225 1450 3598 1512 argumentum
3625 1440 3877 1495 excusatio-

2349 1539 2435 1592 nis
2464 1546 2574 1592 tuaa
2611 1534 2915 1607 quamdam
2944 1535 3103 1589 nobis
3150 1533 3395 1589 obtulisti
3442 1534 3804 1599 auctoritatem,
3839 1541 3879 1587 te

2348 1630 2599 1686 videlicet
2627 1645 2737 1684 non
2761 1629 3007 1700 alicujus,
3034 1627 3129 1683 sed
3160 1636 3364 1683 nostra:
3396 1636 3603 1683 tantum
3629 1626 3878 1698 praesentiae

2349 1722 2700 1779 subdendum
2722 1722 2842 1778 fore
2869 1722 3072 1793 iudicio
3099 1741 3110 1776 :
3144 1721 3311 1785 unde,
3335 1730 3399 1776 ut
3415 1722 3567 1776 etiam
3592 1736 3727 1775 nunc
3747 1735 3882 1790 appa-

641 1817 937 1888 elegantius
966 1818 1167 1888 scripta
1198 1833 1441 1889 nequeas
1468 1819 1521 1873 in
1559 1826 1875 1873 sanctorum
1916 1818 2124 1889 paginis
2154 1817 2235 1871 in-
2273 1785 2322 1848 B
2344 1826 2446 1885 ret,
2505 1817 2559 1871 in
2607 1817 2911 1871 litterarum
2955 1823 3265 1870 nostrarum
3320 1814 3695 1885 exemplaribus
3720 1812 3880 1883 dignis-

644 1911 848 1979 venire,
880 1910 978 1965 sed
1005 1911 1131 1982 quia
1165 1910 1281 1966 haec
1310 1911 1377 1965 ad
1402 1922 1454 1966 te
1485 1912 1790 1983 specialiter
1821 1928 1885 1966 ex
1914 1912 2097 1977 nobis,
2125 1912 2237 1966 imo

647 2019 713 2058 ex
747 2004 907 2058 beato
935 2005 1095 2058 Petro
1120 2003 1287 2058 missa
1322 2011 1466 2069 sunt,
1497 2013 1550 2058 et
1573 2005 1671 2059 ista
1715 2003 2057 2074 frequentius
2088 2020 2241 2058 reco-

645 2096 862 2167 gitando
894 2096 1121 2167 poteris,
1150 2100 1271 2151 Deo
1295 2097 1669 2168 propitiatore,
1702 2097 1769 2151 ad
1797 2096 2007 2168 potiora
2032 2112 2241 2167 cogno-

552 2172 556 2181 ’
641 2188 844 2244 scenda
871 2204 1181 2260 exsurgere.
1210 2189 1346 2258 Quia
1379 2206 1507 2245 vero
1533 2189 1789 2246 nobilitas
1831 2198 1921 2245 tua
1950 2190 2243 2261 postulavit

644 2281 792 2354 quod
826 2282 1127 2338 secundum
1154 2282 1527 2337 Sclavonicam
1560 2283 1802 2355 linguam
1832 2283 1978 2354 apud
1998 2300 2095 2338 vos
2112 2283 2243 2339 divi-

643 2391 777 2430 num
806 2376 1065 2431 celebrari
1093 2390 1459 2431 annueremus
1486 2375 1763 2444 Officium,
1807 2376 1946 2431 scias
1974 2391 2076 2431 nos
2114 2376 2239 2431 huic

644 2469 1015 2539 petitionituaa
1040 2485 1390 2541 nequaquam
1416 2486 1574 2540 posse
1592 2468 1793 2525 favere.
1815 2473 1894 2525 Ex
1920 2469 2026 2524 hoc
2042 2485 2241 2540 nempe

642 2578 788 2633 saepe
826 2563 1162 2617 volventibus
1192 2562 1361 2634 liquet
1390 2578 1502 2617 non
1545 2563 1815 2618 immerito
1853 2578 2066 2618 sacram
2091 2562 2241 2618 Scri-

641 2664 856 2727 pturam
885 2656 1243 2727 omnipotenti
1283 2660 1403 2711 Deo
1434 2656 1700 2726 placuisse
1743 2656 2069 2727 quibusdam
2107 2655 2241 2712 locis

641 2765 757 2804 esse
786 2748 1077 2816 occultam,
1110 2766 1199 2815 ne,
1248 2749 1290 2804 si
1338 2749 1405 2804 ad
1437 2750 1706 2821 liquidum
1751 2750 1961 2805 cunctis
2010 2758 2242 2819 pateret,

641 2841 781 2897 forte
824 2843 1105 2898 vilesceret
1149 2852 1204 2898 et
1249 2842 1556 2914 subjaceret
1601 2844 1903 2914 despectui,
1936 2851 2033 2897 aut
2079 2858 2242 2913 prave

638 2936 911 2992 intellecta
940 2951 971 2990 a
1010 2936 1380 2991 mediocribus
1419 2937 1475 2991 in
1517 2951 1766 2993 errorem
1795 2936 2093 2992 induceret.
2111 2938 2237 3006 ~Ne-

641 3045 746 3101 que
776 3029 923 3084 enim
960 3028 1034 3085 ad
1076 3024 1477 3085 excusationem
1502 3030 1676 3100 juvat,
1708 3030 1859 3100 quod
1891 3029 2115 3100 quidam
2146 3045 2237 3084 re-

2347 1911 2484 1966 sime
2510 1910 2870 1981 reprehensus
2900 1925 2977 1963 es.
3011 1912 3171 1964 Nune
3200 1924 3336 1964 vero
3376 1910 3660 1965 immemor
3690 1906 3880 1978 promis-

2347 2004 2515 2059 sionis
2547 2013 2674 2069 tuae,
2714 2019 2821 2074 qua
2855 2005 3051 2059 Romae
3087 2011 3140 2058 te
3173 2018 3341 2074 supra
3371 2018 3562 2072 corpus
3609 2000 3733 2056 beati
3772 1999 3881 2053 Petri

2348 2097 2619 2169 obligasti,
2646 2097 2810 2152 aliam
2838 2096 3243 2152 excusationem
3277 2095 3551 2161 obtendis,
3576 2094 3752 2150 timore
3770 2092 3880 2147 vide-

2349 2191 2475 2246 licet
2501 2190 2811 2246 dissidentis
2840 2190 3012 2261 regni,
3045 2189 3113 2246 ad
3141 2189 3511 2262 Lugdunense
3534 2187 3809 2252 concilium,
3830 2183 3881 2239 ad

2348 2283 2496 2356 quod
2526 2294 2747 2339 vocatus
2775 2299 2853 2351 es,
2893 2283 3077 2338 venire
3107 2298 3215 2338 non
3242 2298 3427 2354 posse.
3458 2285 3521 2337 In
3547 2298 3645 2359 qua
3666 2297 3717 2336 re
3741 2294 3879 2349 quan-

2347 2385 2466 2431 tum
2517 2378 2791 2432 excusatio
2836 2385 2926 2431 tua
2979 2384 3155 2445 nutet,
3215 2376 3428 2446 liquido
3471 2377 3606 2431 valet
3652 2370 3878 2444 perpendi.

2347 2474 2485 2526 Nam
2516 2487 2696 2542 neque
2720 2471 2929 2543 legatus
2948 2473 3217 2526 Romanae
3241 2470 3509 2525 Ecclesia)
3530 2470 3583 2523 in
3610 2466 3795 2539 negotio
3811 2473 3882 2518 tuo

2348 2564 2789 2621 contemnendus
2816 2564 2936 2631 fuit,
2966 2566 3057 2635 qui
3106 2563 3263 2634 (sicut
3301 2564 3481 2619 noscit
3506 2562 3774 2617 fraternitas
3797 2556 3881 2621 tua)

2348 2658 2603 2712 maximis
2647 2666 2702 2713 et
2739 2657 3027 2729 praecipuis
3052 2656 3321 2723 conciliis,
3369 2656 3611 2711 videlicet
3638 2654 3822 2709 Nicmno
3843 2657 3883 2703 et

2348 2751 2794 2819 Clialcedonensi,
2817 2751 3045 2822 aliisque
3074 2750 3261 2805 multis
3281 2748 3521 2820 praefuit,
3545 2758 3596 2803 et
3624 2740 3879 2818 hujusmodi

2349 2845 2743 2916 quaestionibus
2781 2852 2996 2898 certum
3043 2842 3392 2899 definitionis
3426 2843 3701 2899 terminum
3741 2835 3879 2899 dedit;

2349 2954 2525 3009 neque
2562 2937 2693 2993 illud
2734 2954 2881 2992 nunc
2916 2936 3321 2992 assumendum
3357 2938 3451 2991 tibi
3490 2936 3602 3003 fuit,
3643 2942 3689 2988 te
3714 2928 3884 3001 Lugdu-

2345 3047 2483 3086 num
2526 3046 2634 3085 non
2681 3046 2841 3102 posse
2870 3031 3072 3097 venire,
3112 3046 3239 3085 cum
3267 3030 3457 3086 omnia
3488 3029 3584 3085 viae
3625 3026 3749 3082 illius
3771 3021 3881 3094 peri-

638 3123 811 3194 ligiosi
850 3122 947 3178 viri
990 3123 1094 3178 hoc
1122 3123 1271 3194 quod
1300 3123 1623 3194 simpliciter
1654 3123 1888 3194 populus
1915 3122 2109 3194 quaarit
2143 3138 2233 3193 pa-
2267 3144 2312 3208 ρ
2346 3124 2487 3192 cula,
2529 3123 2575 3178 si
2614 3140 2719 3195 qua
2748 3133 2895 3190 sunt,
2928 3124 3225 3179 tutissimis
3259 3133 3322 3179 et
3367 3120 3707 3180 securissimis
3730 3117 3882 3208 ductof

637 3216 834 3271 tienter
872 3218 1136 3283 tulerunt,
1190 3232 1288 3272 seu
1322 3217 1686 3272 incorrectum
1726 3216 2069 3283 dimiserunt,
2108 3232 2234 3271 cum

640 3309 911 3379 primitiva
960 3309 1199 3365 Ecclesia
1240 3311 1412 3365 multa
1441 3310 1862 3365 dissimulaverit
1899 3326 2019 3381 qua:
2049 3326 2081 3365 a
2123 3325 2237 3365 san-

639 3403 738 3458 ctis
780 3402 1051 3469 Patribus,
1083 3403 1438 3475 postmodum
1468 3403 1682 3459 ﬁrmata
1715 3404 2139 3467 Christianitate,
2180 3412 2237 3459 et

638 3496 895 3568 religione
943 3506 1237 3565 crescente,
1292 3496 1479 3553 subtili
1534 3498 1945 3553 examinatione
1992 3506 2234 3553 correcta

633 3599 782 3645 sunt.
834 3590 997 3646 Unde
1025 3607 1093 3645 ne
1141 3590 1195 3645 id
1225 3590 1321 3646 fiat
1363 3591 1507 3662 quod
1553 3607 1583 3645 a
1615 3592 1810 3646 vestris
1856 3591 2235 3663 imprudenter

634 3684 944 3753 exposcitur
971 3684 1294 3738 auctoritate
1329 3684 1471 3739 beati
1512 3684 1658 3739 Petri
1690 3684 2025 3753 inhibemus,
2069 3694 2233 3756 teque

635 3774 703 3830 ad
732 3773 998 3831 honorem
1025 3776 1414 3847 omnipotentis
1447 3776 1549 3831 Dei
1590 3776 1715 3832 huic
1743 3793 1894 3833 vanae
1938 3777 2233 3835 temeritati

637 3868 844 3923 viribus
879 3868 1006 3923 totis
1046 3868 1293 3924 resistere
1322 3870 1692 3940 praecipimus.
1730 3874 1813 3925 De
1844 3871 2021 3941 legato
2049 3879 2236 3927 autem

636 3969 846 4028 nostro,
876 3976 1041 4032 quem
1068 3961 1211 4016 mitti
1236 3962 1306 4016 ad
1330 3977 1387 4016 se
1407 3970 1499 4017 tua
1520 3962 1742 4017 devotio
1769 3964 2037 4034 poposcit,
2066 3979 2235 4021 nove-

636 4055 711 4112 ris
732 4055 869 4111 item
887 4071 989 4110 nos
1008 4070 1197 4125 preces
1216 4063 1339 4111 tuas
1363 4054 1430 4111 ad
1451 4071 1691 4127 praesens
1711 4056 2001 4112 commode
2020 4056 2237 4112 efﬁcere

638 4149 871 4204 minime
893 4148 1137 4219 potuisse
1169 4157 1390 4204 :tamen
1420 4149 1476 4204 in
1503 4149 1610 4205 hoc
1629 4165 1794 4217 anno,
1825 4149 2005 4206 divina
2029 4149 2236 4206 favente

636 4241 948 4309 clementia,
997 4241 1133 4297 tales
1190 4242 1609 4313 procurabimus
1674 4243 1917 4299 invenire
1978 4260 2237 4314 personas

635 4350 759 4407 quae
790 4344 843 4390 et
879 4335 1113 4406 negotiis
1142 4336 1333 4391 vestris
1379 4338 1591 4392 valeant
1631 4337 1837 4393 utiliter
1864 4337 2133 4409 deputari,
2183 4347 2237 4393 et

633 4428 1056 4485 necessitudines
1080 4438 1284 4485 vestras
1314 4430 1529 4501 plenius
1565 4440 1958 4503 cognoscentes
1992 4433 2059 4487 ad
2096 4432 2235 4487 notio

2345 3218 2499 3273 ribus
2528 3232 2714 3287 posses
2755 3218 3009 3285 transire,
3043 3216 3403 3289 Lugdunensi
3449 3216 3653 3272 scilicet
3678 3207 3886 3278 archiepi-

2345 3327 2510 3382 scopo
2540 3318 2595 3365 et
2622 3311 2955 3381 Lingonensi
2999 3310 3279 3381 episcOpo,
3318 3312 3413 3382 qui
3452 3310 3673 3366 fraterna
3700 3314 3746 3361 te
3780 3301 3883 3357 cha-

2344 3405 2505 3460 ritate
2530 3412 2846 3471 tractarent,
2879 3413 2933 3459 et
2962 3404 3078 3458 sine
3117 3404 3267 3458 omni
3304 3403 3601 3460 formidine
3624 3400 3685 3456 ad
3713 3408 3885 3470 praeno-

2344 3498 2616 3553 minatum
2665 3499 3029 3569 perducerent
3071 3496 3273 3553 locum.
3342 3498 3429 3553 Ad
3470 3511 3624 3569 quem
3671 3490 3884 3547 nimirum

2343 3592 2524 3647 locum
2553 3600 2751 3662 Sponte
2778 3601 2829 3646 et
2859 3591 2976 3645 sine
3001 3591 3334 3647 invitatione
3364 3592 3537 3663 aliqua
3573 3581 3885 3645 accedendum

2344 3684 2466 3752 fuit,
2505 3694 2563 3739 ut
2587 3684 2628 3739 si
2657 3685 2919 3740 immunis
2943 3699 3001 3738 es
3041 3700 3101 3740 ea
3127 3684 3313 3754 culpa,
3344 3682 3727 3740 collaudatione
3752 3688 3885 3747 53110-

2344 3777 2477 3845 dali,
2496 3778 2742 3833 infamiae
2759 3788 2871 3834 tua:
2884 3778 3163 3833 silentium
3178 3778 3429 3845 daretur,
3451 3786 3507 3834 et
3520 3792 3624 3833 non
3648 3773 3802 3829 solum
3816 3780 3888 3839 per

2346 3871 2617 3941 Diensem,
2659 3872 2755 3928 sed
2791 3888 2886 3943 per
2913 3870 3248 3927 confratrem
3279 3882 3535 3928 nostrum
3575 3868 3887 3925 Albanensem

2348 3969 2689 4037 episcopum,
2751 3975 2803 4021 et
2844 3980 2938 4035 per
2991 3965 3244 4021 abbatem
3282 3966 3710 4027 Cluuiacensem,
3760 3966 3888 4028 quem

2346 4058 2523 4115 eidem
2550 4058 2761 4131 synodo
2788 4059 3049 4115 interesse
3074 4075 3387 4130 speramus,
3414 4076 3501 4115 res
3517 4067 3606 4113 tua
3624 4046 3886 4125 diligentius

2345 4161 2765 4208 retractaretur:
2796 4151 2946 4224 quod
2973 4153 3019 4206 si
3051 4154 3145 4220 [γη
3178 4152 3274 4207 sed
3300 4154 3371 4221 si,
3406 4153 3625 4219 Hann]
3654 4148 3809 4218 aliqua
3824 4138 3889 4194 ni-

2346 4246 2453 4301 mis
2482 4245 2625 4301 dura
2664 4246 2721 4300 in
2755 4254 2805 4300 te
2833 4246 3056 4301 daretur
3089 4248 3380 4315 sententia,
3407 4245 3635 4319 justitia:
3674 4236 3888 4295 modera-

2344 4340 2493 4395 mine
2534 4348 2775 4405 utentes,
2820 4356 2932 4395 non
2976 4341 3156 4395 solum
3193 4349 3386 4397 contra
3441 4348 3495 4395 te
3548 4354 3654 4394 non
3690 4332 3887 4405 agerent,

2346 4449 2531 4487 verum
2552 4433 2715 4488 etiam
2740 4450 2836 4504 pro
2864 4442 2916 4489 te
2939 4433 3221 4489 laborante
3248 4448 3594 4506 praepropere
3616 4430 3802 4486 dictum
3824 4416 3887 4472 vel

634 4523 773 4578 tiam
809 4531 1057 4579 nostram
1097 4523 1388 4579 deducere.
1426 4525 1509 4579 Ut
1537 4540 1665 4595 ergo
1700 4533 1817 4580 tute
1859 4526 2132 4596 possimus
2172 4525 2239 4581 ad
2265 4526 2316 4588 D
2350 4525 2554 4582 factum
2578 4526 2938 4598 corrigerent.
2959 4526 3121 4596 Quod
3143 4527 3187 4581 si
3203 4524 3351 4583 forte
3370 4527 3443 4582 ad
3465 4524 3770 4599 praedictum
3789 4528 3893 4571 con-

633 4632 729 4671 vos
758 4617 960 4688 legatos
1005 4625 1225 4673 nostros
1266 4616 1519 4689 dirigere,
1560 4634 1777 4674 necesse
1818 4618 2148 4674 arbitramur
2176 4626 2231 4675 et

635 4710 888 4766 volumus
914 4719 975 4765 ut
1006 4709 1187 4765 filium
1217 4721 1470 4766 nostrum
1501 4711 1849 4767 Fredericum
1882 4721 1937 4767 et
1966 4712 2111 4767 hunc
2140 4714 2240 4768 Fe-

633 4804 792 4859 licem
820 4802 892 4858 ad
914 4819 1016 4858 nos
1036 4804 1237 4860 iterum
1256 4806 1476 4861 studeas
1504 4814 1600 4860 aut
1629 4806 1829 4862 borum
1855 4806 2087 4862 alterum
2113 4808 2240 4862 mit-

634 4904 770 4965 tere,
809 4906 1081 4969 quatenus
1111 4897 1188 4953 ita
1224 4896 1438 4969 possint
1464 4914 1574 4969 quo
1614 4899 2011 4958 destinabimus
2044 4916 2233 4957 secure

634 5006 839 5046 venire.

704 5096 844 5149 Data
896 5095 1114 5164 Bome,
1157 5102 1357 5166 quarto
1405 5096 1593 5152 Nonas
1631 5097 1896 5168 Januarii,
1937 5096 2233 5155 indictione

634 5187 813 5244 tertia.

1171 5340 1520 5399 EPISTOLA
1558 5343 1695 5398 XII.

712 5504 796 5547 AD
838 5505 1171 5547 MANASSEM
1211 5506 1753 5548 ABCHIEPISCOPUM
1794 5507 2148 5549 BBMENSEM.

1217 5634 1399 5697 (Auno
1456 5630 1641 5703 1080.)

626 5771 764 5841 Ejus
804 5770 1195 5824 excusationem
1228 5770 1533 5823 nullatenus
1562 5770 1882 5831 admittens,
1917 5773 1991 5826 ad
2019 5772 2235 5839 Lugdu-

698 5856 863 5895 nense
889 5842 1172 5895 concilium
1201 5855 1320 5893 eum
1347 5842 1487 5895 alias
1508 5846 1754 5894 vocatum
1784 5846 1965 5897 venire
1986 5846 2237 5914 prwcipit

2338 4620 2521 4676 cilium
2570 4637 2683 4677 non
2719 4622 2905 4688 iveris,
2947 4638 3135 4675 aurem
3158 4623 3251 4688 [f.,
3277 4629 3331 4675 et
3360 4622 3491 4677 add.
3519 4621 3735 4683 Hann;
3771 4612 3833 4665 sic
3855 4608 3894 4660 εἰ

2346 4718 2402 4769 in
2430 4716 2545 4769 cod.
2577 4719 2741 4783 Mut.]
2766 4716 2961 4771 debita:
2992 4714 3314 4770 obedientize
3348 4715 3514 4771 matri
3538 4722 3646 4768 tua:
3670 4711 3894 4764 Romam

2349 4810 2599 4864 Ecclesia
2624 4808 2720 4864 diu
2748 4817 2802 4864 te
2822 4808 3161 4880 supportanti
3190 4824 3304 4865 non
3328 4805 3696 4869 inclinaveris;
3726 4800 3765 4855 si
3790 4788 3895 4867 quid

2344 4911 2531 4957 contra
2551 4912 2602 4957 te
2622 4902 2835 4957 Diensis
2854 4917 2981 4957 cum
2999 4918 3275 4958 consensu
3297 4902 3676 4973 religiosorum
3700 4893 3896 4949 fratrum

2343 5004 2661 5052 nostrorum
2691 4996 2880 5067 egerit,
2906 5012 3019 5051 non
3048 4996 3226 5052 solum
3250 4995 3581 5051 sententiam
3614 4992 3667 5046 in
3685 4996 3736 5044 te
3753 4980 3897 5056 prola-

2344 5098 2455 5145 tam
2485 5106 2599 5146 non
2629 5089 3065 5157 immutabimus,
3095 5106 3289 5145 verum
3326 5090 3497 5145 etiam
3526 5080 3799 5158 apostolica
3823 5087 3896 5129 au-

2343 5185 2596 5240 ctoritate
2625 5183 2987 5239 ﬁrmabimus.
3024 5184 3187 5253 Quod
3217 5184 3261 5241 si
3286 5180 3617 5239 fraternitati
3648 5187 3748 5231 tua:
3773 5167 3892 5224 vide-

2344 5278 2496 5334 bitur
2519 5278 2745 5350 prolatae
2769 5277 3062 5334 sententia:
3090 5276 3486 5334 rationabiliter
3523 5286 3676 5347 posse
3700 5257 3896 5324 obviari.

2344 5373 2593 5428 volumus
2610 5381 2665 5427 te
2695 5373 2875 5444 magis
2899 5387 3083 5427 coram
3106 5372 3308 5427 vicario
3338 5378 3558 5435 nostro,
3581 5360 3760 5421 Diensi
3789 5353 3897 5451 vide:

2342 5465 2471 5521 licet
2498 5466 2782 5537 episcopo,
2813 5466 3037 5537 aliisque
3060 5465 3329 5538 religiosis
3350 5506 3365 5532 ,
3403 5464 3457 5518 in
3489 5460 3660 5534 patria
3688 5456 3795 5518 illa,
3820 5444 3895 5501 ubi

2340 5568 2722 5614 accusatorum
2759 5568 2813 5614 et
2845 5560 3199 5616 defensorum
3242 5557 3420 5629 major
3454 5554 3612 5627 copia
3637 5543 3893 5607 invenitur,

2341 5654 2583 5709 rationes
2604 5661 2726 5707 tuas
2746 5669 3035 5724 exponere,
3057 5670 3224 5726 quam
3244 5657 3487 5709 Romam
3510 5664 3605 5721 per
3620 5652 3696 5701 tot
3720 5638 3898 5696 labore!

2338 5755 2393 5803 et
2428 5746 2798 5815 difficultates,
2838 5748 2929 5804 ubi
2970 5756 3262 5820 utrumque
3288 5744 3461 5811 deest,
3501 5742 3695 5798 frustra
3720 5746 3804 5804 spe
3824 5726 3895 5798 lu‘

2338 5842 2463 5898 dieii
2501 5857 2768 5913 quaerere.
2806 5845 3020 5899 Interea
3053 5841 3453 5898 fraternitatem
3487 5846 3633 5891 tuam
3671 5846 3726 5885 ex
3764 5827 3894 5895 parte
