4144 6184
227 297 310 348 557
1316 276 1527 365 Linea
1549 310 1892 368 SEPTIMUS.
1932 342 2000 354 -
2038 313 2248 369 EPlST.
2288 314 2394 369 xv.

3396 312 3499 383 338

222 416 596 490 omnipotentis
622 422 726 478 Dei
746 439 841 495 per
865 426 1245 487 auctoritatem
1266 430 1410 489 beati
1430 436 1575 492 Petri
1606 452 1796 495 mone-
1822 441 1876 505 Α
1904 438 2058 494 niam
2095 438 2434 509 pollicemur.
2464 439 2733 497 Nolumus
2760 442 2930 499 etiam
2958 424 3311 515 prudentiam
3342 455 3501 506 tuam
3557 447 3563 453 ”

193 526 342 579 omns,
374 520 455 581 ut,
500 514 546 569 si
586 522 645 570 te
693 515 749 571 in
797 516 896 574 hac
933 535 1094 577 causa
1131 524 1456 597 culpabilem
1491 531 1795 602 cognoscis,

219 604 379 676 potius
406 621 571 677 quam
610 608 800 680 aliquo
821 614 1071 672 saculari
1093 616 1306 689 ingenio
1339 630 1394 677 te
1421 623 1796 681 excusandum

213 697 490 769 existimes,
520 701 741 759 studeas
782 706 1028 766 animam
1053 719 1209 768 tuam
1252 729 1352 786 per
1377 714 1572 788 dignos
1612 719 1795 790 pani-

215 792 385 849 tentia
417 791 624 851 fructus
646 795 894 857 liberare.

270 887 408 943 Data
432 889 623 946 Roma
649 893 809 949 tertio
845 895 1032 954 Nonas
1055 901 1329 972 Januarii,
1355 902 1656 963 indictione
1690 921 1789 965 III.

716 996 1059 1054 EPISTOLA
1112 1002 1271 1058 XIII.

303 1104 387 1148 AD
426 1108 805 1160 THEDDOIUM
847 1113 1283 1164 VIBDUNENSEM
1323 1120 1681 1166 BPISCOPUM.

787 1195 1001 1261 (Anno~
1028 1200 1206 1265 1080.)

219 1288 276 1344 Ut
301 1288 645 1368 rnulphum
673 1297 933 1368 comitem,
976 1302 1077 1368 qui
1099 1301 1213 1368 epis

1309 1318 1402 1356 um
1430 1305 1790 1362 Leodicensem

274 1360 344 1414 ad
360 1362 541 1416 sedem
553 1365 900 1432 apostolicam
915 1360 1217 1425 uenientem

274 1432 459 1499 furare
491 1437 754 1518 compulit
785 1453 947 1518 seres
981 1442 1191 1518 ablatas
1212 1432 1498 1518 nunquam
1524 1432 1788 1518 repetita;

273 1519 413 1588 rum,
441 1512 695 1588 conventu
735 1509 918 1588 habito
948 1513 1036 1588 ad
1069 1509 1441 1588 paenitentiam
1479 1523 1529 1573 et
1555 1509 1786 1588 satisfa-

269 1577 487 1652 ctionem
511 1583 663 1646 cogat
705 1598 724 1631 :
748 1582 1010 1652 alioquin,
1043 1577 1266 1640 ecclesia:
1289 1590 1571 1644 introitum
1593 1596 1642 1644 et
1666 1577 1786 1647 cor-

268 1647 415 1714 poris
457 1664 521 1701 ac
547 1654 827 1718 sanguinis
860 1647 1116 1709 Dominici
1151 1665 1514 1713 communione
1562 1663 1787 1717 interdi-

276 1722 387 1801 cfzt;
435 1724 495 1801 et.
662 1724 812 1801 intra
851 1727 1157 1794 quindecim
1186 1729 1304 1784 dies
1332 1734 1614 1801 respuerit,
1647 1750 1783 1788 ana-

274 1789 520 1870 tltematis
539 1793 729 1870 gladio
743 1789 989 1870 unafcum
1002 1800 1119 1853 suis
1133 1789 1442 1866 fautoribus
1458 1818 1577 1857 eum
1592 1789 1780 1870 feriat.

1378 1375 1588 1431 adatus
1611 1382 1706 1441 est,
1740 1383 1790 1434 et
1856 1382 1861 1383 ⁷

1904 532 2157 603 ignorare
2171 548 2271 587 nos
2291 548 2438 603 sape
2456 532 2667 603 dictum
2682 536 3069 609 coepiscopum
3089 538 3158 595 ab
3170 539 3316 597 illius
3338 542 3499 601 mali-

1902 624 2042 679 tiose
2070 626 2245 681 coacti
2286 625 2591 697 juramenti
2633 628 2957 686 conditione
2990 632 3314 703 absolvisse,
3367 651 3496 692 san-

1903 727 2115 790 ctaque
2145 719 2404 776 Ecclesia
2442 722 2832 778 contumeliam
2862 723 3175 782 vindicandi
3216 727 3497 787 licentiam

1901 811 2008 883 ipsi
2026 812 2268 882 dedisse;
2300 829 2467 885 quem
2501 823 2562 870 ut
2590 814 2650 870 in
2678 817 2937 873 omnibus
2958 834 3058 890 pro
3082 835 3243 891 posse
3270 819 3497 880 studeas

1899 904 2155 978 adjuvare
2205 906 2406 963 iterum
2437 907 2750 982 iterumque
2795 926 3090 969 monemus
3135 922 3299 987 atque
3339 931 3497 988 roga-

1900 1014 2051 1055 mus.

1966 1096 2108 1150 Data
2136 1097 2335 1152 Roma
2356 1097 2528 1153 tertio‘
2543 1097 2820 1156 Kalendas
2850 1099 3157 1173 Februarii,
3180 1099 3496 1174 indictione

1897 1187 2077 1244 tertia.

2412 1295 2767 1352 EPISTOLA
2808 1298 2967 1354 XIV.

2038 1409 2123 1450 AD
2161 1409 2491 1451 BENBICU‘M
2527 1411 2946 1457 LEODICENSEH
2982 1415 3346 1462 EPISCOPUM.

2481 1494 2660 1557 (Anno
2703 1494 2892 1562 1080.)

1894 1590 2045 1645 Dolet
2080 1591 2146 1644 de
2170 1591 2489 1666 contumelia
2528 1593 2617 1645 illi
2642 1593 3017 1666 ab_Arnulpho
3038 1596 3218 1666 illata,
3242 1600 3492 1665 absoluit-

1963 1676 2065 1729 que
2094 1677 2210 1715 eum
2232 1678 2265 1715 a
2284 1662 2593 1736 jar-amento
2614 1664 2877 1719 violenter
2888 1662 3158 1736 prastito,
3179 1662 3241 1723 ac
3266 1662 3492 1728 mandat

1959 1736 2021 1785 ut
2046 1734 2595 1811 contrarii-numnum
2613 1734 2909 1811 insurgens
2928 1738 3042 1807 ejus
3061 1741 3272 1797 sceleris
3287 1758 3480 1811 panos

1969 1809 2188 1884 sumat._
2221 1804 2503 1884 gignificat
2539 1821 2595 1860 se
2638 1804 2977 1884 Virdunensi
3004 1812 3248 1884 episcopo
3279 1804 3491 1884 prace-

274 1853 802 1948 Ul'toribus'episcopi
849 1853 1189 1948 iniuriarum
1208 1853 1785 1948 *piciiiariiﬁi'iéhiaw};
1816 1853 1864 1915 Β
1959 1853 2189 1944 pissent
2210 1853 2525 1930 iiiiiii'iﬂa
2540 1853 2613 1931 re

259 1932 554 2000 pollicetur,
604 1932 917 2007 episcopum
954 1956 990 1995 a
1025 1946 1196 1997 coacto
1215 1932 1559 2013 'juramento
1606 1948 1785 2002 absol-

272 2018 411 2058 υεηε.

275 2107 431 2162 Gesn
442 2121 623 2165 onms
636 2109 942 2184 episcopus,
955 2128 1140 2170 servus
1154 2131 1437 2173 servorum
1456 2117 1581 2187 Dei,
1591 2121 1785 2178 THEO-

216 2213 439 2270 noalco,
455 2202 784 2261 Virdunensi
806 2205 1081 2280 episcopo,
1102 2209 1337 2267 salutem
1356 2218 1410 2267 et
1428 2213 1785 2285 apostolicam

214 2290 646 2352 benedictionem.

270 2389 512 2445 Pervenit
528 2388 599 2446 ad
625 2405 732 2448 nos
761 2390 943 2450 fratris
971 2405 1025 2452 et
1039 2398 1341 2471 coepiscopi
1366 2400 1539 2456 nostri
1554 2402 1783 2459 Henrici

213 2479 549 2539 Leodicensis
575 2484 916 2553 [Leodiensis
951 2494 1007 2544 et
1040 2493 1117 2545 sic
1152 2497 1376 2564 semper]
1424 2480 1598 2566 gravis
1639 2496 1786 2552 cala-

213 2575 376 2642 mitas,
405 2592 571 2648 quem
599 2578 670 2634 ad
708 2581 1085 2651 apostolorum
1114 2584 1303 2641 limina
1339 2588 1651 2645 venientem
1677 2594 1782 2647 Ar-

211 2668 432 2738 nulphus
458 2686 649 2727 comes
675 2673 840 2729 rebus
866 2676 979 2731 suis
1012 2678 1295 2748 omnibus,
1329 2695 1465 2752 quas
1494 2696 1682 2736 secum
1710 2681 1784 2738 fe-

210 2760 365 2829 rebat,
420 2765 810 2835 exspoliatum,
849 2768 917 2825 ad
944 2780 1300 2842 augmentum
1350 2774 1628 2845 nequitia,
1661 2784 1786 2847 post

204 2869 418 2912 suorum
465 2860 828 2929 ereptionem,
871 2856 1141 2936 compulit
1166 2866 1377 2937 'gladiis
1404 2867 1593 2940 jurare
1634 2867 1784 2940 quod

203 2948 368 3005 ablata
409 2966 694 3024 nunquam
746 2963 1036 3026 repeteret,
1079 2967 1135 3013 et
1181 2958 1331 3031 quod
1374 2975 1405 3015 a
1435 2960 1594 3018 nebis
1621 2978 1785 3034 super

201 3042 289 3097 tali
312 3051 576 3115 tantoque
608 3044 848 3104 facinore
878 3049 982 3105 sibi
1014 3051 1227 3108 veniam
1256 3053 1590 3125 impetraret.
1622 3055 1784 3127 Quod

197 3134 437 3193 immane
478 3138 752 3211 flagitium
795 3152 859 3198 ut
903 3145 1285 3216 cognovimus,
1327 3147 1575 3219 profecto
1620 3147 1783 3205 vehe-

192 3239 403 3287 menter
442 3231 744 3302 doluimus,
795 3250 923 3291 cum
970 3248 1195 3309 propter
1237 3240 1562 3313 impeditam
1599 3240 1784 3300 fratris
1813 3240 1858 3305 C

191 3325 365 3380 nostri
410 3324 785 3394 devotionem,
817 3337 937 3386 tum
962 3341 1188 3403 propter
1227 3333 1373 3391 illius
1399 3334 1781 3392 detestabilem

185 3416 506 3485 audaciam;
537 3435 660 3491 qua
687 3421 795 3477 nisi
818 3422 982 3496 digna
1011 3422 1481 3485 animadversione
1506 3428 1783 3485 vindicata

184 3508 377 3579 fuerit,
399 3521 572 3568 restat
595 3523 660 3570 ut
680 3515 728 3571 ei
749 3517 971 3588 suisque
991 3518 1287 3589 similibus,
1318 3522 1364 3577 si
1379 3537 1487 3594 qua
1509 3518 1808 3579 deteriora'

182 3613 313 3660 sunt
359 3613 413 3661 et
464 3616 711 3677 possunt,
762 3613 1111 3681 perpetrandi
1157 3614 1493 3672 concedatur
1521 3617 1778 3673 occasio:

181 3706 603 3769 verumtamen,
629 3717 699 3757 ne
730 3702 880 3759 forte
903 3704 1216 3776 judicemur
1242 3709 1426 3780 potius
1459 3710 1556 3767 ira
1581 3726 1781 3766 consu-

183 3788 293 3846 lere
318 3808 491 3864 quam
526 3809 719 3865 parere
741 3796 994 3869 justitia,
1020 3800 1276 3857 volumus
1303 3811 1462 3874 atque
1486 3804 1782 3875 apostolica

177 3887 516 3943 auctoritate
554 3890 909 3961 pracipimus
938 3901 999 3948 ut
1026 3891 1344 3952 fraternitas
1384 3904 1479 3952 tua
1506 3913 1782 3970 quoscun-

176 3991 287 4047 que
314 3989 501 4051 potest
519 3982 827 4054 episcopos,
861 3984 1108 4055 abbates,
1132 3988 1439 4046 sacerdotes
1463 3998 1516 4045 et
1533 3990 1781 4058 clericos,

179 4071 410 4129 studeat
454 4073 715 4145 adunare,
759 4085 814 4134 et
841 4088 1120 4136 conventu
1149 4079 1335 4139 habito
1373 4097 1535 4153 super
1578 4082 1682 4139 hac
1722 4099 1785 4140 re

179 4161 347 4220 illum
398 4168 721 4240 improbum
748 4170 818 4228 ad
858 4174 1242 4244 panitentiam
1271 4184 1326 4232 et
1352 4175 1783 4233 satisfactionem

179 4253 436 4317 invitare.
486 4262 647 4332 Quod
669 4264 717 4319 si
754 4265 808 4320 in
838 4266 1048 4323 malitia
1066 4283 1171 4324 sua
1208 4268 1509 4341 perdurans
1549 4278 1647 4327 aut
1674 4285 1787 4342 pa-

185 4350 481 4411 nitentiam
526 4372 711 4429 agere,
742 4367 837 4415 aut
876 4360 1057 4417 ablata
1096 4362 1337 4419 noluerit
1361 4362 1521 4436 digna
1547 4380 1677 4420 cum
1699 4379 1784 4420 sa-

190 4441 503 4504 tisfactione
524 4452 831 4521 restituere,
861 4454 1107 4511 ecclesia
1134 4457 1430 4514 introitum
1456 4466 1511 4514 et
1539 4459 1787 4530 corporis

190 4542 246 4590 et
285 4543 567 4614 sanguinis
606 4546 885 4602 Dominici
924 4548 1400 4621 participationem
1434 4561 1524 4607 tua
1574 4552 1626 4607 ei
1672 4550 1784 4608 fra-

190 4632 417 4691 ternitas
448 4637 769 4708 interdicat;
795 4640 1044 4713 datisque
1082 4643 1186 4700 sibi
1225 4644 1537 4717 quindecim
1563 4643 1783 4703 dierum
1810 4638 1861 4701 D

192 4720 450 4800 induciis,
496 4732 544 4787 si
598 4731 742 4789 infra
782 4735 916 4791 illud
943 4737 1186 4808 spatium
1215 4754 1330 4795 non
1358 4739 1694 4811 paenituerit,
1726 4748 1783 4797 et

194 4815 261 4873 ad
292 4823 739 4883 emendationem
768 4828 988 4886 sceleris
1019 4831 1105 4887 sui
1137 4846 1253 4887 non
1286 4834 1519 4901 venerit,
1563 4834 1783 4891 anathe-

192 4913 358 4971 matis
379 4931 503 4975 eum
526 4918 714 4992 gladio
732 4920 861 4979 fulta
892 4933 1168 4996 pracepto
1196 4926 1536 4984 auctoritatis
1566 4937 1784 5000 aposto-

188 5000 308 5063 lica
338 5008 491 5068 feriat
525 5031 539 5068 :
573 5014 725 5086 quod
762 5024 909 5072 certe
940 5032 1042 5074 nos
1070 5018 1271 5075 exinde
1309 5020 1568 5078 omnibus
1599 5022 1783 5078 modis

190 5095 555 5162 ﬁrmabimus.
587 5111 671 5163 Ac
697 5110 1049 5180 postmodum
1090 5113 1314 5184 quidem
1345 5116 1598 5172 volumus
1620 5124 1782 5188 atque

190 5190 439 5259 iubemus
463 5209 529 5256 ut
552 5199 609 5257 in
641 5201 797 5258 illum
821 5204 1037 5261 dilectio
1073 5214 1169 5263 tua
1202 5208 1405 5280 quibus
1431 5208 1633 5266 valebit
1661 5226 1780 5269 mo-

189 5281 273 5341 dis
304 5290 571 5368 insurgat.
616 5296 942 5371 Quicunque
974 5300 1124 5356 enim
1164 5301 1312 5358 illius
1341 5299 1597 5361 nefanda
1632 5321 1779 5377 pra-

191 5387 485 5454 anptioni
534 5388 796 5446 auxilium
836 5399 931 5448 aut
958 5409 1238 5451 assensum
1283 5395 1512 5463 dederit,
1543 5399 1682 5455 sciat
1721 5416 1779 5457 se

192 5476 418 5542 gratiam
446 5482 552 5537 Dei
582 5490 641 5538 et
665 5483 812 5541 beati
835 5488 980 5542 Petri
1012 5489 1199 5559 procul
1228 5488 1395 5547 dubio
1416 5491 1772 5551 amissurum.

191 5565 511 5646 Quicunque
528 5592 658 5633 vero
678 5578 926 5649 pradicti
954 5581 1246 5640 confratris
1270 5586 1468 5655 nostri,
1488 5585 1602 5643 imo
1632 5584 1775 5645 beati

192 5658 356 5734 Petri,
376 5667 609 5741 injurias
630 5686 730 5742 pro
748 5671 954 5731 viribus
980 5677 1093 5734 suis
1111 5678 1301 5735 ulcisci
1328 5680 1698 5751 contenderit,
1727 5682 1775 5739 ei

192 5765 287 5812 nos
312 5762 672 5830 apostolicam
705 5765 1137 5830 benedictionem
1160 5774 1478 5842 tribuimus,
1509 5783 1564 5829 et
1593 5773 1661 5830 de
1688 5776 1775 5833 di-

199 5849 328 5907 Vina
358 5855 573 5926 pietatis
593 5874 821 5917 munere
844 5865 1028 5923 confisi
1053 5879 1411 5943 peccatorum
1435 5883 1660 5925 suorum
1684 5884 1774 5927 ve-

1962 1978 2312 2035 Gseoonms
2325 1978 2635 2051 episcopus,
2663 1995 2856 2038 servus
2878 1998 3166 2042 servorum
3192 1987 3310 2056 Dei,
3333 1990 3492 2045 Hen-

1892 2085 2033 2128 ntco
2078 2071 2406 2128 Leodicensi
2442 2073 2706 2146 episcopo
2749 2076 2980 2133 salutem
3021 2085 3078 2135 et
3125 2080 3490 2152 apostolicam

1892 2163 2358 2222 benedictionem.

1963 2259 2196 2331 Cognita
2222 2267 2334 2317 tua
2356 2260 2716 2319 fraternitatis
2734 2261 3063 2323 adversitate
3077 2272 3132 2323 et
3145 2269 3486 2328 contumelia

1892 2351 2012 2421 tibi,
2053 2353 2169 2410 imo
2216 2353 2378 2411 beato
2426 2358 2610 2424 Petro,
2652 2356 2838 2427 illata,
2883 2359 3155 2417 nimirum
3207 2362 3489 2434 [nimium]

1892 2444 2048 2502 valde
2069 2445 2250 2503 dolere
2278 2463 2473 2505 sumus
2500 2450 2695 2506 coacti.
2726 2453 2809 2506 De
2837 2451 3142 2523 juramenti
3170 2471 3305 2514 vero
3342 2457 3488 2531 inju-

1890 2539 2134 2595 stissima
2165 2539 2493 2613 obligatione
2512 2541 2795 2599 dilectioni
2822 2549 2934 2602 tua
2961 2546 3039 2603 sic
3059 2548 3489 2623 respondemus,

1891 2635 2003 2689 non
2029 2631 2229 2690 debere
2271 2634 2571 2692 existimari
2602 2653 2725 2693 eam
2771 2638 2898 2694 ullis
2925 2639 3224 2711 juramenti
3257 2643 3487 2704 vinculis

1891 2741 2052 2797 posse
2087 2727 2286 2795 teneri,
2325 2742 2449 2799 qua
2475 2737 2590 2784 tam
2626 2728 3015 2789 nefandissime
3050 2743 3239 2791 coacta
3258 2736 3488 2809 jurave-

1891 2820 1979 2876 rit.
2014 2818 2179 2877 Unde
2203 2829 2261 2876 et
2286 2821 2581 2892 apostolica
2608 2830 2664 2878 te
2690 2823 3014 2882 auctoritate
3041 2827 3490 2899 absolvimus,'ut

1893 2928 2006 2969 non
2033 2921 2143 2979 tua
2191 2913 2272 2970 vel
2317 2914 2545 2987 alicujus
2586 2916 2936 2973 conscientia
2975 2919 3049 2975 ob
3099 2918 3205 2977 hoc
3253 2921 3490 2985 videaris

1892 3004 2125 3062 innexus
2154 3015 2254 3063 aut
2282 3007 2501 3065 debitor
2523 3024 2662 3066 esse.
2693 3011 2920 3083 Insuper
2949 3011 3115 3069 etiam
3142 3013 3341 3071 eadem
3363 3014 3485 3074 freti

1891 3107 2160 3170 potestate
2188 3099 2511 3159 fraternitati
2534 3110 2643 3160 tua
2669 3103 2945 3161 licentiam
2975 3104 3192 3177 damus,
3220 3106 3337 3165 imo
3360 3107 3488 3166 bor-

1888 3200 2096 3261 tamur,
2140 3202 2203 3250 ut
2237 3203 2427 3252 contra
2454 3195 2679 3268 injurias
2718 3196 2880 3253 beato
2922 3199 3086 3256 Petro
3122 3199 3303 3257 illatas
3323 3242 3340 3271 ,
3382 3201 3489 3259 nisi

1890 3295 2257 3358 prasumptor
2296 3288 2386 3343 ille
2429 3289 2764 3360 poenituerit,
2818 3289 3093 3363 digneque
3138 3292 3486 3363 satisfecerit,

1891 3380 2090 3451 quibus
2128 3380 2333 3437 viribus
2372 3389 2569 3452 potest,
2598 3381 2869 3455 insurgat,
2913 3392 3079 3456 atque
3123 3384 3282 3443 illum
3308 3389 3488 3446 omni-

1891 3473 1994 3530 bus
2030 3473 2213 3531 modis
2250 3473 2495 3544 infestet,
2544 3483 2602 3532 et
2636 3473 2707 3532 de
2734 3491 2800 3532 eo
2839 3477 2980 3533 tanti
3017 3477 3240 3536 sceleris
3274 3496 3486 3552 panes,

1890 3568 2011 3622 Deo
2039 3566 2368 3639 opitulante,
2397 3576 2549 3639 petat
2594 3577 2650 3625 et
2675 3577 2873 3626 sumat.
2905 3570 3206 3643 Indignum
3243 3588 3490 3647 namque

1891 3660 2053 3717 nobis
2097 3660 2331 3729 videtur,
2360 3662 2788 3734 exemplumque
2827 3655 3048 3722 cateris
3090 3664 3362 3737 improbis
3387 3682 3489 3726 au-

1890 3751 2056 3809 dendi
2085 3754 2267 3826 pejora
2294 3753 2570 3824 futurum,
2608 3755 2655 3812 si
2691 3754 2800 3812 hoc
2822 3756 3097 3830 ﬂagitium
3126 3758 3229 3815 iste
3258 3760 3486 3832 impune

1891 3848 2214 3918 susceperit.
2240 3847 2406 3905 Unde
2431 3849 2592 3906 etiam
2618 3846 2806 3905 fratris
2829 3851 3005 3907 nostri
3021 3851 3349 3910 Virdunensi
3374 3855 3489 3927 epi-

1892 3956 2085 4013 scopo,
2131 3941 2360 4014 aliisque
2397 3941 2543 3999 beati
2592 3944 2746 4000 Petri
2790 3942 3067 4014 ﬁdelibus,
3130 3961 3487 4019 summopere

1892 4035 2244 4108 pracipimus
2271 4044 2354 4105 ut,
2380 4036 2734 4094 dilectionem
2758 4046 2914 4095 tuam
2957 4039 3298 4098 unanimiter
3325 4041 3486 4115 adju-

1894 4136 2107 4198 vantes,
2133 4144 2262 4186 eum
2292 4138 2594 4203 tyrannum
2618 4138 2673 4186 et
2700 4130 3025 4189 Christiana
3046 4132 3329 4206 religionis
3347 4150 3484 4192 con-
3540 4192 3543 4195 λ

1892 4221 2225 4278 culeatorem
2269 4222 2621 4296 impugnent,
2677 4232 2735 4279 et
2783 4224 2949 4281 armis
3006 4233 3126 4282 tam
3177 4227 3487 4286 carnalibus

1894 4330 2060 4388 quam
2116 4316 2486 4389 spiritualibus
2523 4315 2769 4389 undique
2822 4325 2877 4375 et
2939 4317 3161 4391 ubique,
3213 4328 3485 4392 quantum

1892 4416 2143 4480 possunt,
2170 4410 2518 4481 insequentes
2538 4418 2834 4467 coarctent.

1964 4506 2106 4561 Data
2133 4506 2330 4561 Roma
2358 4504 2525 4562 tertio
2552 4503 2833 4562 Kalendas
2860 4504 3164 4577 Februarii,
3184 4505 3487 4568 indictione

1892 4597 2074 4656 tertia.

2412 4702 2772 4760 EPISTOLA
2826 4706 2953 4762 XV.

2164 4819 2250 4862 an
2287 4816 2636 4862 BRITANNOS
2674 4820 2749 4862 er
2786 4819 3196 4887 TUBDNENSBS.

2482 4901 2665 4966 (Anno
2711 4901 2894 4970 1080.)

1890 5001 2306 5058 Controversiam
2329 5004 2473 5058 inter
2490 5005 2778 5059 Ecclesium
2811 5008 3166 5063 Turonmsem
3194 5009 3248 5063 et
3285 5003 3482 5065 Dolen-

1958 5089 2067 5129 sem
2085 5090 2185 5151 per
2213 5075 2411 5151 legatos
2437 5076 2740 5151 apostolica
2762 5078 2925 5143 sedis,
2959 5079 3167 5136 auditis
3194 5081 3485 5151 utriusque

1952 5149 2131 5216 partis
2150 5146 2392 5216 juribus,
2422 5148 2541 5202 vult
2564 5148 2796 5219 deﬁniri.

1884 5247 2115 5298 Definitio
2162 5247 2412 5316 synodalis
2442 5247 3402 5316 intergarchiepiscopumq‘Turonensem
3434 5257 3487 5306 et

2258 5311 2547 5374 episcOpum
2568 5311 2831 5363 Dolensem
2858 5311 2924 5363 de
2942 5312 3114 5377 pallio.

1957 5404 2638 5477 Gneeonrusepiscopus,
2660 5421 2851 5462 servus
2887 5421 3178 5464 servorum
3202 5402 3334 5483 Dei,
3360 5425 3486 5466 om-

1884 5496 2050 5552 nibus
2072 5497 2344 5570 episcopis
2372 5498 2695 5569 Britannia,
2719 5499 2863 5555 clero
2888 5507 2943 5554 et
2969 5500 3175 5574 populo
3218 5502 3280 5562 in
3307 5508 3483 5565 Turo-

1885 5589 2044 5646 nensi
2070 5592 2348 5660 provincia
2377 5593 2709 5650 constitutis.

1954 5685 2163 5740 Notum
2200 5701 2318 5743 esse
2364 5687 2617 5745 volumus
2644 5683 3077 5743 controversiam
3121 5681 3282 5745 inter
3306 5685 3497 5753 Eccle-

1883 5777 2021 5834 siam
2048 5787 2285 5837 vestram
2321 5788 2378 5835 et
2421 5782 2714 5838 Dolensem
2744 5771 3007 5847 pestifera
3029 5780 3208 5829 ortam
3257 5782 3512 5850 multum

1883 5872 2044 5929 nobis
2085 5871 2141 5926 in
2193 5877 2451 5930 Romana
2492 5870 2701 5945 synodo
2735 5863 2997 5922 laborem
3042 5864 3398 5957 ὶιιεσιξιιεὶε,εθἱ
3432 5868 3527 5931 sed
3566 5868 3567 5877 ‘

4032 38 4047 151 ὲ

4044 162 4047 223 ἲ

4044 294 4047 335 1

4046 346 4047 373 l

4044 378 4047 421 l

4046 438 4047 473 l

4044 536 4047 567 l
