4144 6184
650 360 751 412 559

1335 355 1387 410 S.
1430 355 1752 410 GREGORII
1789 355 1876 409 Vll
1915 355 2111 410 ΡΑΡᾸΞ
2150 356 2212 410 Ol

2307 355 2423 409 lUM
2461 353 2632 410 PARS
2669 355 2709 407 Ι.
2753 379 2820 390 --
2859 346 3257 405 REGISTRUM.
3769 352 3846 404 560

646 489 853 548 tamen,
896 482 1014 536 Deo
1053 479 1364 546 miserante,
1403 488 1530 550 post
1561 479 1782 552 longam
1822 478 2239 548 discussionem,
2269 485 2319 545 Α
2349 478 2574 545 auferri,
2625 484 2786 549 prout
2829 474 2932 546 ipsi
2985 473 3184 530 iterum
3235 479 3637 542 conqueruntur,
3683 473 3849 542 penitus

648 588 815 644 quam
836 571 1042 645 justius
1069 573 1370 644 potuimus,
1401 572 1544 628 hanc
1575 588 1698 644 quae
1727 573 2092 628 subscribitur
2110 573 2242 628 defi-

645 665 917 720 nitionem
950 665 1244 721 invenisse.
1279 665 1733 736 Archiepiscopus
1761 665 2035 736 siquidem
2068 674 2241 721 vester

645 759 952 814 Ecclesium
989 761 1371 815 Turonensem
1393 758 1485 831 jus
1511 774 1678 813 suum
1716 757 1774 812 in
1807 759 2087 814 Britannia
2116 775 2240 829 per-

647 850 856 907 didisse
883 867 1242 923 conquerens,
1273 855 1658 907 Romanorum
1687 851 2012 923 pontiﬁcum
2054 861 2240 907 aucto-

639 944 857 1000 ritatem
877 945 938 1000 in
964 944 1209 1001 medium
1234 944 1410 1010 duxit,
1431 960 1554 1016 quae
1583 944 1867 1016 perspicue
1893 944 2088 1016 probat
2116 946 2239 1000 Bri-

640 1037 893 1093 tanniam
932 1039 1239 1094 Turonensi
1278 1037 1534 1093 Ecclesia:
1562 1037 2035 1109 quemadmodum
2073 1037 2238 1109 spiri-

641 1129 779 1186 tuali
815 1131 982 1186 matri
1023 1140 1078 1186 et
1105 1131 1397 1202 metropoli
1439 1146 1553 1186 suae
1581 1130 1977 1202 subjectionem
2007 1139 2062 1185 et
2087 1146 2240 1186 reve-

639 1223 876 1278 rentiam
902 1223 1118 1279 debere.
1149 1224 1404 1279 Dolensis
1432 1239 1560 1278 vero
1595 1224 1880 1295 episcopus
1909 1239 2023 1278 non
2055 1223 2233 1280 solum

639 1317 1024 1371 auctoritatem
1052 1315 1347 1373 audientiae
1375 1325 1580 1373 nostrae
1602 1333 1715 1372 non
1743 1316 2012 1385 exhibuit,
2042 1333 2234 1373 verum

638 1407 806 1463 etiam
838 1409 956 1480 ipsa
991 1409 1152 1465 verba
1192 1426 1292 1466 sua
1324 1409 1395 1466 ad
1433 1409 1808 1466 defensionem
1839 1409 2048 1482 prolata
2085 1411 2236 1466 nulla

636 1501 962 1558 certitudine
1000 1504 1092 1558 cui
1132 1501 1270 1558 ﬁdes
1306 1503 1482 1559 danda
1522 1512 1667 1559 esset
1712 1502 1846 1559 fulta
1883 1503 2229 1559 videbantur.

633 1594 840 1650 Tamen
868 1595 1000 1668 quia
1022 1597 1079 1652 in
1100 1597 1275 1668 patria
1300 1613 1396 1652 sua
1424 1596 1728 1669 quamdam
1757 1597 2143 1652 auctoritatem
2173 1613 2232 1653 se

633 1687 920 1759 reliquisse
949 1689 1246 1759 asserebat,
1297 1689 1478 1746 visum
1506 1689 1668 1746 nobis
1715 1689 1818 1745 fuit
1846 1697 1909 1746 ut
1948 1689 2025 1746 ad
2053 1698 2229 1746 retra-

629 1780 892 1838 ctandum
919 1781 1204 1857 negotium
1246 1783 1383 1839 illud
1424 1782 1669 1840 induciae
1711 1783 1990 1851 darentur,
2031 1793 2087 1840 et
2130 1800 2226 1855 pro

629 1873 734 1930 hac
755 1874 987 1948 aliisque
1015 1877 1194 1932 causis
1222 1876 1382 1949 legati
1407 1877 1727 1948 apostolica:
1765 1877 1910 1933 sedis
1929 1877 2226 1949 dirigeren-

628 1974 754 2036 tur;
799 1977 864 2023 ut
887 1969 1090 2025 auditis
1128 1970 1419 2041 utriusque
1460 1971 1629 2040 partis
1677 1970 2006 2038 rationibus,
2052 1971 2100 2026 si
2128 1987 2224 2026 co-

626 2063 914 2132 gnoverint
938 2062 1229 2118 Britannos
1255 2063 1644 2118 auctoritatem
1672 2063 2040 2119 authenticam
2085 2079 2227 2135 apo-

626 2152 838 2209 stolicae
883 2155 1052 2224 sedis,
1090 2154 1339 2211 videlicet
1381 2171 1575 2211 eorum
1622 2142 1948 2227 pontificum
1989 2172 2223 2227 quorum

627 2244 902 2302 ordinatio
928 2255 982 2302 et
1009 2249 1119 2303 vita
1146 2247 1311 2320 digna
1335 2256 1392 2303 et
1421 2246 1822 2326 legalisfuerit,
1864 2249 2086 2321 habere,
2127 2265 2226 2322 per

624 2352 792 2410 quam
821 2340 1032 2410 possint
1061 2356 1118 2396 se
1149 2357 1180 2396 a
1209 2341 1552 2412 snbjectione
1583 2327 1860 2412 praedicta
1886 2343 2221 2398 Turonensis

621 2433 883 2489 Ecclesiae
910 2432 1254 2502 subtrahere,
1287 2433 1462 2506 quieti
1489 2434 1748 2506 deinceps
1773 2444 2136 2506 permaneant
2162 2437 2220 2490 in

621 2540 723 2582 sua
750 2526 1012 2582 libertate.
1046 2526 1208 2599 Quod
1249 2527 1298 2582 si
1321 2528 1614 2598 contigerit
1642 2543 1736 2583 eos
1765 2528 1928 2600 hujus
1976 2529 2219 2584 auctori-

623 2621 771 2686 tatis,
805 2635 974 2691 quam
1011 2622 1179 2675 modo
1231 2619 1492 2688 diximus,
1537 2637 1651 2676 non
1680 2637 1838 2692 posse
1888 2621 2092 2677 habere
2120 2622 2218 2678 de-

621 2710 947 2782 fensionem,
997 2715 1177 2785 sopita
1234 2713 1494 2786 deinceps
1537 2721 1593 2770 et
1637 2714 1692 2770 in
1744 2723 2018 2771 aeternum
2065 2716 2216 2772 omni

620 2808 1019 2876 controversia,
1081 2809 1466 2863 Turonensem
1527 2809 1830 2864 Ecclesiam
1880 2817 2112 2864 matrem
2163 2818 2220 2864 et

617 2900 967 2972 metropolim
995 2915 1156 2956 suam
1185 2912 1597 2974 recognoscant,
1638 2910 1694 2957 et
1737 2917 1864 2958 eam
1899 2917 2022 2974 quae
2062 2902 2219 2958 decet

616 2993 1105 3065 metropolitanum
1149 2994 1560 3067 archiepiscopo
1589 3004 1770 3051 vestro
1817 2996 2214 3067 subjectionem

615 3093 674 3141 et
722 3086 1096 3142 obedientiam
1141 3085 1457 3156 exhibeant,
1488 3097 1762 3144 reservato
1806 3088 2035 3143 Dolensi
2096 3089 2211 3160 epi-

2264 1834 2312 1896 B

2350 572 2659 644 deSpexisti.
2715 575 2793 625 Ac
2839 577 3123 640 propterea
3153 563 3730 620 excommunicationem
3759 580 3852 635 qua

2351 665 2406 720 in
2433 674 2621 720 nostro
2645 664 2874 734 registro
2903 659 3097 731 scripta
3127 667 3234 724 est,
3253 666 3313 712 tu
3336 672 3458 712 cum
3480 655 3550 711 eis
3570 655 3850 723 incurrendo,

2350 759 2469 815 sine
2515 766 2766 829 respectu
2794 755 2897 812 Dei
2928 762 2982 809 et
3009 751 3319 823 apostolica:
3348 749 3639 804 reverentia!
3659 747 3855 803 divinum

2348 851 2631 918 Officium,
2679 851 2818 906 sicut
2856 847 3190 914 audivimus,
3219 843 3482 899 celebrare
3507 839 3852 912 praesumpsisti.

2348 949 2451 1002 Pro
2499 944 2696 1016 quibus
2724 952 2780 999 et
2819 942 2937 998 aliis
2963 940 3204 1011 pluribus
3231 953 3260 992 a
3285 934 3449 991 fratre
3475 942 3651 990 nostro
3677 935 3860 1005 ilugone

2349 1039 2536 1095 Diensi
2563 1039 2815 1109 episcopo
2852 1033 3020 1090 semel
3049 1041 3106 1088 et
3139 1033 3336 1087 iterum
3356 1028 3422 1084 ad
3443 1027 3706 1083 concilium
3735 1041 3858 1080 voca-

2347 1132 2458 1201 tus,
2488 1140 2541 1188 et
2567 1141 2752 1203 postea
2784 1145 2814 1184 a
2843 1127 3000 1183 nobis
3023 1125 3093 1182 ad
3113 1123 3388 1200 synodum
3403 1124 3688 1176 Romanam
3717 1118 3862 1171 invita-

2347 1235 2436 1280 tus
2463 1233 2526 1280 ut
2547 1234 2600 1280 te
2625 1237 2970 1295 expurgares,
3001 1219 3128 1291 quia
3153 1234 3266 1272 non
3304 1215 3509 1280 venisti,
3539 1229 3629 1268 nec
3655 1209 3861 1267 canonice

2345 1318 2638 1386 excusasti,
2670 1317 2780 1372 nisi
2835 1314 3148 1386 apostolicae
3176 1310 3388 1383 pietatis
3433 1303 3760 1364 mansuetudo
3786 1317 3864 1357 nos

2345 1411 2741 1484 dispensatorie
2762 1409 2833 1466 ad
2856 1419 3074 1479 tempus
3093 1406 3409 1468 sustineret,
3423 1400 3723 1457 sententiam
3736 1397 3864 1468 justas

2343 1505 2699 1576 depositionis
2744 1511 2838 1558 tua
2869 1499 3257 1566 inobedientia,
3290 1511 3411 1568 quae
3464 1510 3584 1550 vere
3607 1500 3682 1548 est
3724 1489 3865 1545 idolo-

2343 1599 2513 1667 latria,
2539 1596 2867 1669 jamdudum
2887 1595 3240 1666 suscepisset.
3268 1591 3375 1646 Sed
3409 1598 3589 1643 tamen
3615 1584 3773 1640 adhuc
3795 1581 3868 1636 tibi

2338 1700 2564 1764 paterno
2607 1697 2886 1762 parcentes
2915 1687 3142 1752 affectu,
3174 1685 3303 1758 quia
3331 1683 3531 1740 diutius
3567 1688 3644 1734 tot
3683 1681 3871 1732 ettanta

2339 1801 2463 1857 quae
2486 1785 2555 1842 de
2575 1794 2630 1840 te
2659 1783 2803 1840 dicta
2844 1790 2972 1839 sunt
3002 1781 3144 1837 ferre
3163 1779 3317 1834 nullo
3341 1775 3509 1833 modo
3555 1773 3758 1828 honeste
3779 1783 3871 1840 pos-

2338 1894 2553 1946 sumus,
2584 1877 2879 1949 apostolica
2904 1875 3228 1931 auctoritate
3266 1869 3610 1944 praecipimus
3633 1874 3688 1921 ut
3724 1861 3802 1918 ubi
3831 1869 3873 1914 et

2335 1971 2551 2045 quando
2597 1971 2890 2044 przedictus
2943 1969 3108 2024 frater
3158 1976 3350 2022 noster
3394 1967 3552 2035 Hugo
3577 1958 3764 2016 Diensis
3786 1954 3873 2025 epi-

2335 2081 2536 2137 scopus
2571 2073 2623 2120 te
2670 2063 2966 2129 vocaverit,
3018 2061 3086 2118 de
3127 2059 3213 2115 his
3242 2059 3329 2114 vel
3386 2055 3503 2112 aliis
3531 2051 3871 2113 satisfacturus,

2333 2159 2619 2214 occasione
2666 2157 2987 2229 postposita,
3036 2155 3107 2210 ita
3154 2161 3386 2224 paratus
3417 2158 3472 2206 et
3507 2149 3876 2214 circumspectus

2329 2251 2584 2308 advenias
2630 2261 2709 2322 ut,
2749 2252 2794 2307 si
2849 2258 2901 2306 te
2948 2250 3300 2304 innocentem
3345 2253 3402 2301 et
3430 2242 3566 2300 falso
3607 2244 3876 2296 accusatum

2331 2344 2455 2414 scis,
2499 2361 2628 2401 cum
2673 2344 2774 2400 Dei
2837 2342 3033 2400 auxilio
3088 2348 3143 2396 et
3191 2339 3551 2396 conscientiae
3591 2332 3793 2407 puritate
3826 2325 3878 2382 ab

2329 2439 2584 2496 omnibus
2623 2438 2850 2512 objectis
2891 2445 2944 2493 et
2973 2433 3296 2506 objiciendis
3343 2431 3602 2488 canonice
3639 2419 3910 2497 expurgari.

2325 2533 2526 2604 possis.
2580 2536 2850 2588 Praeterea
2896 2545 3059 2586 omne
3087 2527 3340 2594 divinu‘m
3376 2524 3628 2583 Ofﬁcium
3667 2516 3882 2575 omnibus

2327 2613 2613 2681 canonicis
2637 2625 2704 2682 de
2731 2633 2910 2680 castro
2943 2621 3121 2681 Sancti
3147 2621 3332 2688 Pauli,
3369 2628 3423 2675 te
3451 2617 3567 2674 solo
3596 2611 3791 2670 interim
3813 2621 3881 2662 us-

2327 2735 2436 2791 que
2483 2719 2550 2776 ad
2575 2719 2914 2775 audientiam
2935 2723 3186 2787 excepto,
3209 2712 3691 2770 interdicimuszet
3720 2703 3830 2776 ipsis
3843 2707 3885 2754 et

2322 2812 2456 2868 locis
2471 2826 2980 2883 eorum,quousque
3012 2807 3307 2882 praefatam
3335 2807 3526 2861 villam
3557 2817 3680 2858 cum
3705 2793 3882 2854 ecclesia

2328 2914 2382 2961 et
2422 2905 2540 2961 aliis
2592 2907 2703 2961 suis
2745 2903 3088 2976 pertinentiis
3142 2899 3398 2957 canonici
3441 2895 3673 2956 ecclesiae
3715 2894 3887 2948 Sancta

2325 2999 2516 3054 Maria:
2539 3008 2595 3054 et
2612 3001 2666 3054 S.
2688 2997 2993 3053 Audomari
3015 2995 3387 3062 restituerint,
3407 3001 3464 3048 et
3488 3004 3671 3046 coram
3695 2988 3887 3055 Hugone

2324 3091 2515 3148 Diensi
2553 3093 2810 3163 episcopo
2856 3091 2924 3147 de
2961 3089 3338 3145 inobedientia
3386 3095 3445 3143 et
3488 3076 3889 3141 excommunica-

612 3193 781 3251 scopo
809 3179 957 3250 pallii
987 3195 1089 3236 usu
1124 3197 1138 3236 :
1188 3180 1263 3235 ita
1307 3189 1492 3236 tamen
1521 3189 1583 3236 ut
1625 3181 1810 3236 nullus
1837 3196 2214 3238 successorum
2247 3184 2292 3246 Ο
2324 3185 2474 3241 tione
2505 3183 2826 3240 satisfecerit
2861 3190 2953 3240 :et
2979 3183 3080 3239 nisi
3117 3191 3177 3238 tu
3201 3182 3403 3238 statim
3434 3180 3545 3234 visa
3576 3170 3890 3250 prmeeptione

609 3275 834 3327 suorum
862 3273 1048 3345 aliquo
1081 3273 1139 3327 in
1167 3280 1416 3346 tempore
1443 3273 1512 3330 ad
1551 3274 1692 3330 hanc
1717 3273 2040 3346 dignitatem
2064 3277 2212 3347 aspi-

611 3373 716 3432 ret,
747 3365 866 3434 sed,
901 3367 1044 3422 sicut
1071 3382 1237 3438 supra
1260 3366 1519 3436 diximus,
1553 3376 1669 3423 tam
1710 3367 1817 3441 ipsi
1853 3367 2105 3424 videlicet
2149 3370 2210 3424 in

608 3459 846 3515 Eccleia
897 3461 1122 3516 Dolensi
1159 3461 1529 3517 constituendi
1580 3477 1748 3532 quam
1801 3462 1971 3518 etiam
2023 3463 2208 3519 caeteri

607 3552 904 3609 Britanniae
957 3554 1198 3626 episcopi
1253 3555 1568 3627 magisterio
1627 3557 1960 3611 Turonensis
2024 3556 2207 3612 archi-

606 3644 845 3716 episcopi
870 3647 928 3700 in
958 3656 1284 3717 perpetuum
1303 3647 1505 3704 subditi
1537 3657 1914 3718 permaneant.

639 3757 642 3760 ‘
676 3739 818 3793 Data
841 3740 1042 3794 Romae
1066 3745 1258 3795 octava
1279 3739 1406 3795 Idus
1431 3741 1677 3811 Martias,
1700 3741 1994 3800 indictione
2018 3744 2204 3800 tertia.

1135 3856 1492 3911 EPISTOLA
1520 3857 1676 3910 XVI.

677 3984 761 4026 AD
800 3982 1154 4025 HUBBBTUH
1194 3985 1541 4027 EPISCOPUM
1581 3987 2125 4030 TARVANNBNSIUM.

1193 4089 1378 4153 (Anno
1431 4087 1612 4159 1080.)

601 4199 739 4268 Ejus
768 4202 1158 4276 contumaciam
1183 4216 1459 4266 accusans,
1479 4206 1730 4274 prwcipit
1757 4210 1820 4260 ut
1847 4207 2198 4276 quandocun-

671 4276 1017 4347 quevocatus
1033 4275 1207 4338 fuerit
1225 4289 1403 4327 coram
1428 4278 1614 4330 Diensi
1631 4275 1870 4346 episcopo
1892 4281 2194 4347 apostolicae

667 4343 810 4415 sedis
836 4344 1014 4412 legato
1043 4347 1254 4398 omnino
1282 4361 1336 4400 se
1359 4343 1742 4415 praesentet—de
1769 4343 1954 4404 γὴαιε-ιὲ
1979 4352 2087 4404 sibi
2112 4353 2198 4406 ob-

657 4414 816 4489 jectis
859 4416 1184 4489 criminibus
1215 4414 1448 4489 seipsum
1491 4424 1843 4487 purgaturus.
1879 4423 2012 4489 Ejus
2043 4439 2197 4477 cano-

668 4487 826 4560 nicis,
859 4488 957 4560 qui
989 4487 1281 4560 quamdam
1304 4488 1493 4542 villam
1523 4487 1934 4560 usurpaverant—
1953 4494 2195 4548 divinum

667 4557 909 4624 Officium
931 4558 1227 4623 interdicit,
1247 4564 1297 4614 et
1315 4560 1382 4613 ab
1411 4575 1467 4614 eo
1487 4557 1744 4616 interdici
1762 4564 1896 4617 υαιε.

664 4671 1019 4729 Gnseomus
1047 4675 1358 4746 episcopus,
1390 4691 1578 4732 servus
1605 4692 1886 4734 servorum
1917 4679 2043 4747 Dei,
2071 4681 2194 4735 HU-

593 4779 808 4834 nsn'ro,
836 4767 1307 4823 Tarvannensium
1331 4771 1610 4840 episcopo.

660 4857 820 4942 Quod
848 4858 1088 4917 salutem
1125 4864 1567 4945 et.apostolicam
1597 4865 2037 4923 benedictionem
2077 4867 2181 4922 tibi

588 4967 700 5007 non
727 4951 1080 5017 mandamus,
1118 4970 1183 5009 ea
1213 4956 1452 5011 maxime
1479 4973 1641 5014 causa
1672 4969 1772 5026 est,
1805 4966 1953 5032 quod
2003 4961 2062 5016 in
2092 4977 2179 5016 re-

588 5044 762 5116 gistro
786 5053 974 5101 nostro
999 5046 1198 5118 legitur
1234 5057 1290 5104 te
1318 5048 1388 5104 ab
1416 5051 1648 5123 Hugone
1678 5051 1839 5124 hujus
1862 5062 2065 5109 sancta:
2093 5070 2178 5110 se-

586 5137 673 5194 dis
703 5137 880 5210 legato
916 5139 1061 5210 apud
1106 5142 1556 5199 monasteriolum
1600 5144 1922 5202 haereticum
1964 5146 2179 5218 publice

583 5231 909 5300 convictum,
941 5242 997 5287 et
1024 5241 1230 5304 postea,
1273 5244 1566 5308 antequam
1595 5253 1742 5293 esses
1793 5239 1860 5295 ab
1897 5239 1999 5295 hac
2047 5239 2180 5295 infa-

584 5324 694 5379 mia
741 5334 1090 5397 expurgatus,
1131 5326 1446 5385 audivimus
1495 5329 1807 5388 Simoniace
1859 5335 2176 5405 episcopum

582 5415 813 5501 factum.
843 5418 1056 5476 Deinde
1085 5423 1232 5492 quod
1264 5424 1585 5495 apostolica:
1613 5425 1760 5481 sedis
1778 5437 2049 5499 praecepta
2081 5445 2176 5487 su-

579 5526 677 5593 per
703 5518 758 5566 te
787 5520 841 5566 et
864 5528 1027 5585 super
1048 5517 1341 5572 canonicos
1372 5525 1494 5573 tuos
1517 5519 1584 5574 de
1613 5529 1792 5577 castro
1817 5523 1999 5578 Sancti
2018 5526 2172 5582 Pauli

577 5603 924 5678 promulgata
968 5623 1065 5678 pro
1104 5609 1339 5680 quadam
1368 5613 1513 5682 villa,
1544 5616 1783 5671 Kesseca
1840 5615 2087 5689 [Reseca,
2121 5623 2171 5673 et

575 5699 691 5782 cod.
723 5702 914 5756 Mutin.
949 5703 1182 5775 Resena]
1215 5705 1512 5775 nominata,
1541 5725 1708 5779 quam
1745 5725 1873 5765 cum
1915 5712 2028 5766 suis
2049 5704 2164 5782 per-

574 5791 819 5848 tinentiis
847 5795 1096 5851 canonici
1125 5797 1182 5854 S.
1207 5799 1394 5854 Maria:
1429 5809 1484 5854 et
1509 5803 1565 5856 S.
1600 5801 1911 5856 Audomari
1936 5820 2081 5874 saepe
2111 5807 2170 5860 in

577 5887 862 5950 praesentia
888 5898 1077 5946 nostra
1101 5893 1387 5964 conquesti
1413 5901 1541 5947 sunt
1561 5891 1668 5947 sibi
1697 5902 1751 5948 et
1774 5909 1889 5948 suae
1916 5897 2176 5954 Ecclesia:

2320 3287 2506 3334 nostra
2552 3278 2822 3350 praedictis
2861 3277 3144 3334 canonicis
3184 3276 3321 3343 tuis,
3386 3283 3444 3330 et
3488 3270 3742 3328 omnibus
3781 3259 3895 3318 locis

2322 3388 2537 3438 eorum,
2565 3379 2619 3426 et
2646 3371 2918 3443 prmeipue
2965 3370 3055 3426 ubi
3093 3368 3348 3424 canonici
3395 3360 3727 3423 denominati
3769 3361 3893 3421 sunt,

2321 3481 2487 3521 omne
2514 3464 2763 3521 divinum
2786 3464 3033 3520 officium
3059 3459 3440 3527 iuterdixeris,
3487 3473 3654 3516 omne
3681 3449 3894 3510 ofﬁcium

2315 3568 2478 3616 tuum
2503 3559 2826 3615 auctoritate
2852 3556 3150 3629 apostolica
3181 3555 3556 3612 interdictum
3576 3547 3797 3607 noveris.

2389 3657 2533 3708 Data
2564 3656 2758 3710 Roma:
2785 3653 3022 3724 septimo
3050 3649 3340 3706 Kalendas
3376 3647 3608 3721 Aprilis,
3641 3637 3900 3700 indictione

2316 3747 2498 3804 tertia.

2831 3848 3190 3905 EPISTOLA
3220 3847 3418 3902 XVII.

2704 3980 2785 4020 AD
2823 3978 3129 4021 DOLENSBS
3167 3976 3533 4020 MONACHOS.

2917 4073 3104 4138 (Anno
3134 4071 3322 4140 1080.)

2308 4189 2544 4243 thdat
2577 4193 2637 4242 ut
2680 4189 3024 4254 monasteria,
3061 4201 3181 4256 qum
3226 4185 3632 4242 Lcmo-vicensis
3666 4179 3905 4256 episcopus

2382 4261 2630 4316 Ecclesia?
2661 4276 2773 4314 sua:
2801 4262 2868 4313 ab
2889 4250 3019 4328 ipsis
3045 4250 3340 4312 subtracta.
3367 4250 3704 4330 conquestus
3721 4250 3904 4330 fuerat.

2382 4347 2550 4399 usque
2595 4332 2667 4385 ad
2702 4318 2991 4385 adventum
3025 4331 3335 4398 apostolica:
3382 4318 3534 4383 sedis
3575 4326 3742 4402 legati
3762 4318 3907 4402 eidem

2383 4405 2626 4471 episcopo
2679 4405 2994 4456 restituunt.
3027 4401 3177 4467 Quod
3198 4404 3249 4454 si
3277 4402 3428 4469 quid
3465 4403 3528 4454 in
3554 4416 3617 4454 ea
3642 4414 3698 4452 re
3714 4401 3847 4465 juris
3868 4401 3911 4442 δε

2309 4484 2317 4532 ῖ
2377 4473 2604 4527 credant
2661 4474 2876 4540 habere,
2905 4488 3084 4527 coram
3106 4473 3287 4540 legato
3315 4473 3645 4527 ostendant.

2216 4589 2266 4650 D
2369 4589 2726 4646 GBEGonrus
2747 4589 3050 4660 episcopus.
3065 4603 3252 4643 servus
3267 4603 3583 4643 servorum
3603 4583 3724 4650 Dei,
3739 4577 3914 4634 Dolen-

2304 4681 2463 4738 sihus
2500 4682 2804 4752 monachis,
2825 4682 3059 4738 salutem
3088 4689 3142 4736 et
3176 4681 3566 4751 apostolicam
3599 4671 3911 4734 benedictio-

2305 4792 2432 4832 nem
2441 4819 2452 4831 .

2373 4872 2566 4926 Frater
2594 4878 2649 4926 et
2695 4869 3051 4942 coepiscopus
3095 4876 3287 4924 noster
3322 4864 3754 4925 Lemovicensis
3796 4874 3916 4915 con-

2303 4972 2528 5035 questus
2555 4972 2640 5019 est
2675 4964 2834 5020 nobis
2876 4963 2933 5018 in
2981 4962 3212 5035 synodo,
3247 4978 3435 5034 quam
3488 4977 3674 5034 nuper
3717 4961 3922 5016 Romae,

2303 5059 2423 5113 Deo
2452 5057 2771 5129 opitulante,
2803 5056 3218 5122 celebravimus,
3250 5059 3418 5127 quod
3450 5065 3643 5112 vestra
3676 5045 3920 5109 fraterni-

2303 5159 2388 5206 tas
2413 5151 2669 5207 Ecclesizn
2695 5167 2807 5208 sum
2835 5149 2946 5207 duo
2975 5149 3309 5206 monasteria
3343 5149 3658 5206 subtrahit.
3684 5149 3926 5204 Testatus

2301 5253 2386 5300 est
2411 5245 2576 5300 etiam
2629 5245 2742 5316 ipse
2787 5243 2960 5300 frater
3002 5253 3055 5300 ot
3093 5243 3475 5315 coepiscopus
3534 5250 3734 5298 noster
3775 5245 3924 5306 atque

2300 5338 2504 5411 legatus
2525 5347 2710 5394 noster
2736 5341 2898 5411 Hugo
2924 5337 3145 5394 Diensis
3185 5336 3500 5410 episcopus
3527 5335 3688 5409 quod
3719 5348 3816 5389 vos
3839 5341 3926 5401 pro

2301 5430 2404 5486 hac
2429 5447 2588 5486 causa
2617 5431 2684 5487 ad
2720 5431 2827 5487 duo
2878 5432 3124 5499 concilia,
3164 5429 3384 5486 scilicet
3431 5440 3500 5486 ut
3555 5429 3706 5484 inter
3751 5438 3844 5480 vos
3880 5427 3928 5474 et

2299 5525 2644 5596 prmlihatum
2687 5525 3000 5596 episcopum
3029 5525 3219 5581 exinde
3242 5522 3508 5594 justitiae
3564 5524 3745 5580 finem
3784 5532 3928 5576 com-

2296 5627 2549 5690 poneret,
2593 5618 2905 5683 admonuit;
2935 5618 3052 5690 sed,
3087 5627 3147 5674 ut
3176 5620 3296 5690 ipse
3330 5619 3574 5686 asserit,
3611 5618 3830 5674 nullam
3851 5612 3930 5682 ju-

2297 5713 2504 5769 stitiam
2551 5728 2650 5769 seu
2705 5713 3078 5769 obedientiam
3121 5709 3400 5768 exhibere
3455 5711 3746 5769 voluistis.
3793 5709 3930 5776 Qua-

2295 5815 2516 5878 propter
2579 5806 2854 5879 synodalis
2915 5814 3210 5862 conventus
3255 5802 3535 5862 decrevit
3594 5814 3660 5862 ut
3716 5797 3932 5876 praefata

2294 5902 2626 5958 monasteria
2662 5901 2718 5956 in
2760 5909 3023 5973 potestate
3055 5896 3499 5957 Lemovicensis
3539 5898 3819 5958 Ecclesia?
3850 5907 3930 5949 re-
