4144 6184
293 227 368 279 561
1368 220 1564 275 LIBER
1600 218 1944 275 SEPTIMUS.
1986 246 2055 259 -—
2093 218 2298 273 EPIST.
2339 218 2467 274 XIX.

3463 225 3565 279 562

285 348 383 404 dire
406 347 659 412 debeant,
692 353 748 400 et
774 346 892 401 sine
928 342 1359 400 contradictione
1400 353 1598 410 vestra,
1633 358 1728 397 seu
1759 357 1857 396 ve—
1888 348 1942 409 Α
2040 345 2178 397 Data
2226 344 2423 397 Roma
2469 342 2709 398 secundo
2764 343 2896 399 ldus
2942 343 3147 415 Aprilis
3183 344 3398 416 [pridie
3440 332 3567 402 Idus

282 450 529 505 strorum,
561 454 731 511 usque
769 438 839 494 ad
866 438 1166 494 adventum
1197 438 1357 509 legati
1382 437 1555 492 nostri
1580 437 1757 507 quiete
1785 435 1854 491 ab

282 536 378 606 ipsa
400 533 638 589 Ecclesia
660 531 1056 604 possideantur.
1074 534 1187 587 Nos
1207 532 1412 602 itaque,
1428 531 1591 603 juxta
1618 529 1854 586 fratrum

277 636 581 684 nostrorum
622 640 953 681 consensum
998 633 1161 696 atque
1187 624 1471 680 consilium
1514 623 1661 695 quod
1691 640 1853 695 supra

277 721 621 777 deliberatum
648 727 733 775 est
760 717 1151 774 conﬁrmantes
1168 762 1182 785 ,
1214 717 1540 773 mandamus
1568 717 1719 774 vobis
1767 726 1851 773 at-

274 830 371 887 que
412 813 757 885 pracipimus
796 821 858 867 ut
899 826 1069 883 usque
1095 810 1163 867 ad
1215 810 1500 883 praﬁxum
1551 812 1850 866 terminum

272 907 595 979 permittatis
657 904 975 978 pradictam
1042 905 1343 960 Ecclesiam
1400 904 1853 961 Lemovicensem

270 1003 379 1072 ipsa
442 999 771 1055 monasteria
817 999 1074 1054 retinere.
1130 998 1185 1054 Si
1232 1014 1362 1053 vero
1430 999 1484 1053 in
1535 998 1611 1053 eis
1647 997 1852 1069 aliquid

263 1094 485 1166 justitia
513 1109 609 1148 vos
632 1092 829 1147 habere
849 1091 1140 1159 conﬁditis,
1170 1091 1328 1164 legati
1354 1091 1530 1146 nostri
1556 1090 1849 1146 adventum

268 1195 666 1259 exspectantes,
688 1200 909 1241 causam
938 1193 1178 1239 vestram
1208 1185 1282 1239 illi
1312 1194 1624 1256 opportuno
1663 1184 1781 1239 loco
1800 1193 1855 1239 et

265 1289 535 1352 tempore,
586 1280 680 1334 ubi
717 1278 885 1351 possit
911 1278 1313 1334 Lemovicensis
1341 1277 1622 1349 episcopus
1676 1278 1850 1333 inter-

264 1389 399 1439 esse,
452 1380 857 1444 reprasentate.
904 1376 1044 1428 Ante
1087 1372 1242 1443 cujus
1293 1370 1635 1426 audientiam
1691 1386 1850 1425 causa

263 1476 435 1524 vestra
482 1466 797 1538 diligentius
827 1465 1082 1521 ventilata
1112 1473 1166 1520 et
1213 1464 1421 1536 plenius
1450 1464 1662 1536 cognita
1685 1464 1847 1535 justi-

262 1562 351 1616 tia
400 1559 564 1615 ﬁnem
613 1559 873 1625 inveniat,
926 1566 983 1614 et
1019 1559 1162 1614 inter
1205 1574 1303 1613 vos
1342 1558 1493 1612 omni
1541 1557 1632 1613 lite
1669 1558 1846 1629 sopita

265 1654 483 1725 quisque
512 1662 757 1709 vestrum
784 1668 884 1708 suo
903 1653 1028 1723 jure
1059 1659 1349 1707 contentus
1377 1650 1635 1722 injuriam
1667 1649 1844 1707 facere

269 1747 481 1802 desinat.
1306 1794 1313 1797 Α

333 1843 461 1895 Data
475 1844 676 1896 Roma
690 1837 956 1895 Kalendis
981 1842 1120 1905 [vm
1140 1837 1291 1905 Kal.]
1310 1836 1526 1909 Aprilis,
1546 1836 1849 1894 indictione

273 1935 411 1990 tertia
422 1975 434 1987 .

751 2043 1109 2099 EPISTOLA
1136 2043 1342 2097 XVIII.

333 2169 409 2210 AD
434 2170 816 2212 WILLELMUM
834 2168 1183 2211 AUXIENSEM
1203 2167 1765 2209 ARCHIEPISCOPUH.

855 2262 1037 2321 (Anno
1060 2254 1237 2325 1080.)

264 2363 497 2431 Arguens
529 2379 651 2417 eum
703 2363 1073 2416 inobedientice
1092 2360 1343 2429 praecipit
1382 2363 1443 2412 ut
1488 2362 1844 2413 I’ezanensem

321 2437 563 2489 abbatem
586 2440 740 2502 cogat
760 2434 1125 2489 Aureliacensi
1139 2432 1326 2483 abbati
1346 2433 1625 2484 restituere
1649 2448 1843 2499 quam-

322 2508 445 2560 dam
479 2507 750 2559 ecclesiam
791 2506 877 2557 illi
903 2506 1221 2557 monasterio
1269 2502 1335 2554 ab
1379 2503 1667 2569 apostolica
1718 2503 1842 2556 sede

320 2593 627 2638 concessam,
671 2577 969 2630 contumaci
1003 2575 1225 2628 ecclesia:
1267 2575 1497 2626 introitu
1533 2574 1833 2628 interdicto.

319 2689 674 2744 Gasaonms
690 2686 996 2758 episcopus,
1014 2698 1202 2739 servus
1225 2698 1508 2737 servorum
1539 2683 1663 2747 Dei,
1682 2685 1840 2737 WIL~

257 2796 445 2837 Lauso
474 2780 738 2836 Auxiensi
765 2779 1173 2850 archiepiscopo
1225 2775 1560 2847 [episcopo],
1608 2776 1840 2831 salutem

254 2882 302 2929 et
334 2874 691 2945 apostolicam
722 2872 1183 2928 benedictionem.

316 2969 584 3023 Miramur
616 2966 961 3038 prudentiam
992 2974 1140 3019 tuam
1169 2963 1247 3018 ita
1276 2978 1334 3017 se
1374 2962 1689 3034 apostolica
1718 2960 1830 3017 sedi

250 3060 644 3117 inobedientem
683 3058 1015 3124 exhibuisse,
1049 3065 1109 3113 ut
1134 3056 1413 3128 negotium
1443 3054 1591 3128 quod
1621 3054 1718 3109 tibi
1750 3054 1835 3109 vi-

248 3152 374 3206 carii
400 3153 571 3208 nostri
618 3150 1041 3215 commiserunt,
1089 3148 1160 3204 ad
1187 3148 1594 3219 exsequendum
1621 3155 1679 3202 tu
1722 3163 1835 3202 non

249 3259 438 3301 curans
466 3260 675 3317 parere,
702 3242 1105 3313 contemperis
1125 3241 1192 3297 ad
1222 3240 1483 3296 effectum
1512 3240 1830 3311 perducere.

245 3337 523 3408 Siquidem
552 3339 805 3409 injuncta
832 3336 932 3390 tibi
964 3343 1048 3390 est
1083 3335 1150 3390 ab
1177 3334 1251 3389 eis
1278 3350 1407 3389 cura
1440 3333 1708 3405 justitiam
1748 3333 1833 3389 fa-

241 3431 415 3487 ciendi
452 3434 614 3487 Petro
659 3429 842 3485 abbati
890 3427 1287 3493 Aureliacensis
1320 3427 1746 3493 [Aurelianensis
1785 3432 1836 3481 et

238 3528 312 3578 sic
363 3526 579 3593 deinde]
631 3522 870 3580 canobii
920 3520 1058 3592 juris
1099 3520 1260 3593 hujus
1312 3524 1514 3575 sancta
1568 3523 1833 3575 Romana

237 3618 495 3675 Ecclesia
520 3618 589 3673 de
616 3617 851 3672 Dodone
873 3613 1066 3669 abbate
1094 3617 1435 3679 Pezanense,
1456 3612 1549 3684 qui
1577 3628 1641 3668 ex
1670 3613 1832 3685 longo

236 3718 486 3782 tempore
510 3712 753 3765 invasam
776 3708 982 3763 detinet
1004 3707 1289 3761 ecclesiam
1301 3707 1443 3778 juris
1468 3705 1660 3761 itidem
1688 3705 1829 3761 beati

236 3804 404 3870 Petri,
432 3803 528 3859 sed
572 3799 803 3875 praefato
836 3799 1174 3855 monasterio
1203 3799 1571 3855 Aureliacensi
1601 3814 1829 3854 conces-

236 3911 380 3964 sam,
408 3913 527 3969 qna
555 3895 876 3951 nominatur
903 3894 1100 3949 Sancta
1130 3892 1297 3947 Maria
1328 3892 1676 3947 Dalmairaci.
1710 3893 1830 3961 Qua

236 3989 289 4042 in
318 4006 382 4045 re
407 3998 672 4062 quantam
703 3988 863 4043 beato
895 3990 1058 4043 Petro
1088 3988 1455 4042 reverentiam
1482 3985 1737 4041 habueris
1774 3985 1831 4039 in

238 4080 342 4138 hoc
380 4084 657 4139 evidenter
686 4089 931 4153 apparet,
989 4079 1136 4152 quod
1186 4087 1241 4133 et
1288 4079 1504 4134 invasor
1548 4078 1828 4133 ecclesiam

243 4175 573 4232 calumniose
602 4174 785 4231 adhuc
830 4188 1096 4245 occupare
1132 4188 1247 4227 non
1288 4170 1505 4238 desinit,
1544 4180 1599 4226 et
1628 4170 1827 4241 pradi-

245 4275 361 4324 ctus
384 4270 546 4327 abbas
574 4267 973 4324 Aureliacensis
999 4265 1323 4338 apostolicas
1349 4280 1508 4321 aures
1551 4264 1621 4319 ob
1659 4262 1715 4319 id
1742 4264 1830 4319 in-

249 4364 520 4433 terpellare
544 4361 916 4433 compellitur,
945 4360 1252 4431 prasertim
1294 4374 1417 4413 cum
1454 4373 1615 4429 supra
1644 4356 1829 4412 nomi-

1965 435 2278 503 Octobris],
2311 436 2619 492 indictione
2646 437 2830 492 tertia.

2489 542 2836 596 EPISTOLA
2874 541 3040 597 XIX.

2038 663 2104 700 AD
2142 661 2530 713 BITURICENCES,
2560 661 2929 700 NARBONENSES
2956 663 3019 700 ET
3048 660 3490 701 BURDIGALENSES.

2564 748 2747 813 (Anno
2786 748 2967 812 1080.)

1965 852 2223 918 Praecipit
2268 853 2330 901 ut
2378 849 2622 916 beneﬁcia
2678 849 3049 903 Aureliacensi
3094 849 3326 902 caznobio
3372 848 3562 902 ablata

2036 924 2415 981 restituantur,
2448 926 2499 973 et
2533 921 2838 988 obsequium
2867 924 3028 988 atque
3054 920 3287 988 fidelitas
3308 936 3344 973 α
3369 921 3562 973 viceco-

2034 995 2164 1046 mite
2192 992 2549 1046 exhibeantur
2576 992 2783 1056 abbati,
2806 1006 2960 1058 quem
2988 1005 3042 1044 se
3069 990 3323 1057 obligasse
3349 993 3559 1059 signiﬁ-

2035 1069 2139 1128 cat,
2162 1078 2225 1116 ne
2250 1064 2351 1115 ulli
2371 1064 2539 1115 militi
2584 1063 2732 1116 ultra
2770 1078 2938 1115 unum
2970 1076 3217 1114 mansum
3247 1062 3311 1115 de
3350 1077 3560 1129 posses-

2031 1137 2181 1188 sione
2210 1135 2431 1187 ecclesia:
2461 1134 2640 1187 daret.
2675 1134 2966 1200 Conﬁrmat
3000 1135 3317 1185 monasterii
3341 1134 3561 1187 Viacen-

2033 1208 2106 1259 sis
2142 1204 2528 1280 refutationem
2568 1220 2602 1280 ᾳ
2624 1206 2869 1280 principe
2891 1207 2953 1280 in
2997 1218 3159 1255 manu
3186 1202 3401 1257 abbatis
3437 1220 3561 1258 con-

2031 1292 2187 1331 sensu
2199 1276 2445 1345 episcopi
2464 1281 2514 1329 et
2537 1276 2850 1329 clericorum
2870 1276 3099 1341 factam.

2032 1381 2386 1436 Gnsoomus
2408 1379 2714 1449 episcopus,
2732 1393 2920 1433 servus
2937 1393 3222 1433 servorum
3240 1378 3364 1446 Dei,
3384 1377 3561 1432 omni-

1959 1472 2061 1529 bus
2089 1473 2142 1527 in
2176 1472 2527 1539 Bituricensi,
2572 1486 2791 1526 necnon
2820 1471 3184 1540 Narbonensi,
3228 1486 3327 1527 seu
3368 1471 3559 1527 Burdi-

1958 1567 2189 1635 galensi,
2234 1565 2531 1638 provinciis
2560 1565 2894 1629 constitutis,
2924 1564 3160 1635 exceptis
3188 1564 3272 1619 his
3298 1564 3389 1635 qui
3425 1580 3558 1637 apo-

1955 1660 2146 1715 stolica
2170 1657 2739 1715 excommunicatione
2768 1665 3051 1725 tenentur,
3087 1656 3321 1713 salutem
3350 1667 3407 1715 et
3429 1673 3557 1731 apo-

1878 1734 1928 1796 Β
1957 1755 2204 1810 stolicam
2234 1753 2690 1809 benedictionem.

2027 1848 2248 1904 Clamor
2288 1847 2497 1903 abbatis
2525 1845 2925 1902 Aureliacensis
2954 1845 3214 1914 coenobii,
3247 1845 3399 1918 quod
3424 1862 3551 1919 pro-

1958 1941 2059 2012 prii
2087 1941 2231 2012 juris
2258 1940 2398 1996 beati
2439 1939 2577 1995 Petri
2614 1939 2966 1995 concessione
3010 1938 3318 1996 fundatoris
3348 1940 3554 1997 scilicet

1956 2036 2099 2090 beati
2136 2034 2349 2089 Geraldi
2380 2048 2498 2088 esse
2531 2033 2893 2105 dignoscitur,
2919 2032 3144 2088 auribus
3168 2034 3371 2090 nostris
3397 2034 3552 2090 inso-
3626 2030 3629 2033 ’
3718 2106 3721 2113 η

1953 2128 2090 2196 nuit,
2123 2127 2377 2182 videlicet
2404 2142 2567 2198 super
2594 2125 2920 2197 quibusdam
2947 2126 3194 2198 personis
3222 2126 3317 2198 qui
3346 2127 3551 2198 injuste

1952 2221 2203 2277 detinent
2248 2219 2511 2275 beneﬁcia
2550 2218 2799 2291 pradicti
2840 2218 3155 2274 monasterii
3187 2235 3220 2275 a
3249 2219 3551 2291 praedeces-

1951 2315 2164 2370 soribus
2182 2314 2295 2370 suis
2323 2314 2424 2369 sub
2452 2312 2711 2368 ﬁdelitate
2740 2322 2795 2367 et
2818 2312 3062 2367 dominio
3092 2328 3192 2384 pro
3222 2310 3549 2371 defensione

1950 2409 2191 2464 ecclesia
2232 2407 2333 2462 sibi
2358 2415 2413 2462 et
2460 2406 2573 2462 suis
2614 2405 3050 2461 antecessoribus
3080 2405 3215 2462 olim
3263 2422 3546 2463 concessa.

1948 2502 2225 2571 Pracipue
2270 2501 2618 2570 conqueritur
2664 2515 2826 2570 super
2873 2499 3209 2571 Berengario
3250 2500 3548 2556 Carlatensi

1949 2594 2293 2661 vicecomite,
2325 2593 2437 2664 qui,
2464 2592 2682 2663 propria
2716 2591 3018 2662 cupiditate
3050 2591 3272 2658 ductus,
3296 2592 3546 2649 debitum

1946 2687 2230 2743 servitium
2259 2693 2314 2739 et
2346 2685 2664 2740 ﬁdelitatem
2701 2684 2884 2739 abbati
2926 2684 3185 2739 exhibere
3224 2695 3408 2757 negat,
3441 2687 3544 2742 nisi

1944 2779 2269 2836 beneﬁcium
2300 2777 2451 2849 quod
2491 2776 2767 2832 immerito
2798 2776 3007 2831 detinet
3054 2776 3237 2833 adhuc
3263 2779 3427 2833 etiam
3474 2778 3545 2835 de

1939 2874 2064 2945 jure
2101 2871 2341 2928 ecclesia
2372 2878 2653 2943 augeatur.
2685 2868 2925 2925 PrOinde
2954 2869 3255 2940 apostolica
3301 2872 3543 2927 auctori-

1944 2974 2056 3021 tate
2100 2964 2476 3037 pracipimus,
2517 2970 2787 3035 quatenus
2829 2963 3038 3030 omnis,
3078 2961 3172 3034 qui
3216 2962 3540 3019 beneﬁcium

1944 3058 2188 3131 prafata
2221 3056 2462 3113 ecclesia
2497 3055 2570 3112 ad
2618 3055 2725 3111 hoc
2765 3046 3058 3127 aliquandb
3086 3054 3392 3125 suscepisse
3441 3072 3539 3111 co-

1943 3152 2252 3225 gnoscitur,
2295 3149 2687 3222 subjectionem
2732 3157 2789 3203 et
2835 3146 3152 3203 ﬁdelitatem
3189 3148 3372 3204 abbati
3410 3165 3537 3221 per-

1942 3246 2135 3313 solvat,
2164 3255 2218 3301 et
2256 3244 2541 3300 servitium
2572 3259 2669 3313 pro
2711 3240 2973 3297 beneﬁcio
3014 3240 3201 3312 largiri
3229 3256 3337 3297 non
3368 3241 3536 3298 dene-

1942 3348 2054 3411 get,
2083 3348 2136 3394 et
2159 3340 2225 3394 ab
2255 3339 2535 3394 exactione
2564 3335 2762 3391 illicita
2790 3334 3254 3407 augmentationis
3278 3335 3535 3404 desistat;

1941 3433 2098 3488 aliter
2133 3432 2275 3487 enim
2313 3431 2533 3487 invasor
2561 3436 2615 3484 et
2645 3427 2941 3500 sacrilegus
2975 3442 3093 3482 esse
3122 3428 3533 3499 comprobatur.

1941 3530 2055 3582 Nos
2075 3541 2203 3580 vero
2231 3523 2623 3579 detrimentum
2650 3520 2945 3592 supradicti
2976 3520 3212 3576 coenobii
3242 3536 3535 3593 agnoscen-

1939 3627 2042 3686 tes,
2069 3618 2323 3673 abbatem
2353 3615 2455 3671 sub
2484 3614 2844 3687 promissione
2865 3613 2985 3669 ﬁdei
3014 3629 3128 3669 sua
3158 3614 3214 3668 in
3236 3630 3407 3670 manu
3431 3631 3531 3672 no-

1939 3721 2049 3767 stra
2078 3710 2456 3783 obligavimus,
2508 3717 2571 3763 ut
2610 3708 2741 3763 nulli
2784 3706 3025 3762 militum
3066 3707 3223 3762 liceat
3267 3707 3343 3762 illi
3391 3708 3534 3765 ultra

1937 3821 2111 3860 unum
2138 3819 2387 3859 mansum
2409 3802 2476 3858 de
2501 3801 2849 3874 possessione
2876 3799 3124 3855 ecclesia
3153 3799 3283 3856 dare
3305 3800 3408 3856 sub
3428 3799 3532 3857 hac

1939 3898 2019 3953 vel
2062 3898 2165 3952 alia
2206 3896 2512 3962 occasione,
2543 3909 2720 3966 neque
2757 3893 2913 3949 alicui
2944 3892 3095 3948 alteri
3128 3909 3396 3965 persona,
3426 3894 3535 3950 nisi

1936 3989 2249 4046 communis
2302 3988 2506 4044 utilitas
2563 3984 2799 4043 fratrum
2846 3985 3164 4057 regulariter
3212 3985 3531 4058 degentium

1938 4083 2309 4155 postulaverit,
2357 4090 2409 4136 et
2453 4080 2766 4152 apostolica
2805 4078 3044 4151 aequitati
3084 4079 3395 4135 renuntiare
3437 4096 3533 4135 au-

1936 4192 2031 4231 sus
2054 4175 2239 4231 fuerit.
2272 4174 2672 4230 Monasterium
2700 4180 2886 4227 autem
2914 4172 3292 4228 Maurzicense
3317 4174 3531 4241 [Mann-

1937 4269 2196 4333 ziacense]
2237 4283 2362 4323 cum
2395 4266 2653 4322 omnibus
2681 4265 2783 4320 sibi
2824 4264 3164 4336 adjacentiis,
3196 4274 3251 4320 et
3277 4266 3531 4321 ecclesias

1934 4362 2139 4418 scilicet
2175 4359 2497 4416 Dalmairaci
2545 4358 2945 4427 [Dealmairaci]
2995 4365 3050 4413 et
3084 4358 3285 4414 Montis
3336 4359 3529 4428 Salvii,

250 4463 404 4510 natus
428 4456 741 4511 Pezanensis
766 4454 1071 4517 convictus,
1103 4459 1160 4507 et
1185 4467 1215 4507 a
1247 4452 1432 4523 legatis
1466 4451 1669 4507 nostris
1706 4452 1825 4507 Ste-
1855 4473 1907 4535 Β
1934 4465 1991 4513 et
2033 4462 2289 4521 caeteras,
2320 4450 2540 4508 necnon
2591 4460 2765 4507 terras
2793 4457 2847 4505 et
2872 4450 3241 4522 possessiones
3294 4450 3350 4505 in
3400 4467 3530 4523 qua.

251 4546 421 4615 phano
446 4549 722 4605 cardinale
757 4556 809 4601 et
838 4544 1082 4602 Gerardo
1114 4544 1352 4601 Ostiensi
1378 4544 1698 4616 coepiscopo
1729 4543 1825 4599 ad-

245 4639 504 4707 judicatus
526 4641 729 4697 debere
772 4641 921 4695 illam
952 4639 1237 4694 ecclesiam
1266 4637 1512 4705 reddere,
1544 4638 1666 4708 quia
1711 4653 1823 4692 non

254 4731 442 4804 fecerit,
477 4733 1103 4792 excommunicationem
1131 4732 1436 4787 incurrerit.
1483 4733 1826 4801 Quapropter

254 4824 584 4885 dilectionem
634 4837 786 4883 tuam
814 4841 1128 4895 monemus,
1167 4833 1221 4880 et
1248 4824 1543 4895 apostolica
1594 4824 1825 4879 auctori-

255 4926 351 4975 tate
379 4922 719 4994 pracipimus
757 4929 820 4975 ut
859 4920 1214 4991 sapedictum
1261 4921 1629 4973 Pezanensem
1658 4917 1824 4972 abba-

258 5019 358 5069 tem
384 5031 538 5087 cogas
565 5014 935 5070 Aureliacensi
968 5012 1250 5084 praﬁxam
1280 5011 1562 5066 ecclesiam
1592 5010 1735 5065 unde
1764 5010 1828 5064 lis

260 5115 333 5159 est
360 5110 662 5174 restituere,
712 5116 767 5162 et
805 5105 1074 5177 condigna
1106 5103 1475 5160 satisfactione
1516 5104 1696 5174 ipsum
1726 5102 1828 5157 sibi

263 5198 551 5266 placabilem
590 5200 841 5257 reddere.
875 5197 1037 5268 Quod
1066 5198 1111 5253 si
1151 5197 1294 5253 forte
1330 5196 1525 5268 spiritu
1563 5195 1830 5266 superbia

264 5290 523 5350 induratus
572 5294 919 5366 acquiescere
965 5290 1223 5357 noluerit,
1272 5298 1325 5345 et
1369 5289 1703 5345 monasterio
1752 5289 1828 5343 illi

262 5386 389 5453 quod
415 5388 659 5444 invasam
703 5394 806 5452 est,
859 5384 1116 5442 Ofﬁcium
1155 5383 1419 5452 divinum,
1460 5391 1517 5438 et
1568 5383 1828 5451 invasori,

264 5487 427 5536 nostra
467 5481 794 5537 auctoritate
841 5479 1020 5534 omnis
1062 5478 1303 5533 ecclesia
1331 5475 1618 5533 interdicas
1661 5477 1830 5531 intro-

262 5569 399 5628 itum.
440 5578 581 5631 Nam
612 5590 727 5630 non
758 5575 901 5629 inter
929 5571 1210 5644 religiosos
1245 5570 1567 5637 monachos,
1602 5570 1698 5625 sed
1726 5585 1829 5625 nec

262 5661 382 5721 inter
407 5667 785 5737 Iaicos,-debet
825 5663 1170 5722 annumerari
1193 5666 1291 5737 qui
1334 5663 1681 5736 sacrilegium
1708 5679 1830 5734 per-

257 5767 447 5829 petrare
475 5778 587 5818 non
613 5762 786 5817 timet.

1931 4565 2143 4620 cunque
2174 4546 2666 4619 suprascriptarum
2710 4543 3117 4614 provinciarum
3160 4542 3386 4609 ablatas,
3427 4559 3527 4610 seu

1934 4643 2091 4699 malis
2124 4638 2611 4696 consuetudinibus
2638 4650 2945 4707 oppressas,
2989 4636 3323 4698 monasterio
3356 4642 3529 4694 Aure-

1934 4734 2155 4791 liacensi
2187 4733 2404 4803 scriptis
2431 4731 2547 4785 sive
2572 4729 2803 4785 testibus
2844 4728 2978 4784 olim
3018 4729 3167 4800 juste
3217 4745 3526 4800 concessas,

1936 4826 2230 4901 apostolica
2279 4823 2595 4879 auctoritate
2636 4821 2984 4894 pracipimus
3024 4822 3257 4892 restitui,
3308 4831 3365 4878 et
3409 4824 3530 4880 sine

1936 4919 2306 4993 inquietudine
2333 4918 2511 4988 aliqua
2562 4915 2823 4987 permitti.
2874 4916 3274 4972 Monasterium
3303 4917 3527 4988 quidem

1936 5014 2196 5070 Viacense
2238 5011 2294 5066 in
2345 5027 2513 5066 manu
2550 5008 2763 5065 abbatis
2809 5008 3109 5064 refutatum
3138 5024 3168 5064 a
3198 5009 3534 5081 principibus

1938 5107 2107 5179 ipsius
2144 5114 2306 5162 terra
2348 5120 2620 5161 consensu
2664 5102 2902 5174 episcopi
2954 5110 3009 5157 et
3055 5101 3380 5159 clericorum
3432 5103 3536 5158 sibi

1936 5200 2153 5271 suisque
2181 5197 2589 5255 successoribus
2629 5195 2987 5253 concedimus
3031 5203 3087 5251 et
3115 5195 3533 5264 conﬁrmamus,

1938 5301 1991 5349 et
2010 5292 2311 5349 fautoribus
2338 5289 2679 5348 refutationis
2712 5288 3070 5360 apostolicam
3102 5288 3535 5345 benedictionem

1940 5387 2231 5458 largimur;
2262 5394 2318 5441 et
2362 5400 2454 5439 eos
2482 5383 2571 5455 qui
2618 5383 2869 5439 ecclesias
2908 5382 3021 5437 sive
3063 5382 3269 5453 pradia
3320 5381 3536 5453 prafati

1940 5479 2263 5535 monasterii
2304 5477 2502 5548 injuste
2549 5476 2815 5542 detinent,
2865 5475 3080 5547 absque
3123 5474 3234 5531 ulla
3277 5474 3540 5532 dilatione

1940 5571 2095 5628 reddi
2124 5571 2401 5642 jubemus.
2432 5570 2535 5640 Qui
2577 5585 2705 5641 ergo
2752 5568 2840 5624 his
2882 5569 3151 5624 mandatis
3196 5567 3397 5623 nostris
3427 5569 3539 5637 spi-

1940 5666 2053 5722 ritu
2109 5664 2379 5734 superbia
2423 5663 2767 5735 acquiescere
2831 5660 3102 5730 noluerit,
3159 5659 3538 5733 pracipueque

1941 5757 2316 5829 Berengarius,
2354 5756 2402 5813 si
2432 5755 2654 5812 obedire
2681 5753 3103 5835 contempserit,
3134 5750 3363 5823 gratiam
3386 5752 3546 5810 "beati
