4044 6186
475 239 574 294 563
654 214 661 215 ί

1158 228 1211 283 s.
1253 225 1575 283 GREGORII
1616 224 1703 278 vn
1740 222 1936 279 eam
1974 219 2246 275 OPERUM
2282 222 2456 278 mas
2498 224 2537 277 1.
2570 186 2648 263 7—
2680 222 3086 278 REGISTRUM.

3660 227 3760 281 564

473 360 620 419 Petri
644 320 910 423 amittet,
951 360 1008 409 et
1046 352 1182 407 iram
1227 346 1613 420 omnipotentis
1652 347 1755 402 Dei
1798 345 2060 401 incurret.
2089 346 2143 411 Α
2245 348 2419 411 sedis,
2461 350 2515 423 et
2547 348 2620 402 ad
2646 348 2970 423 imitandum
3014 350 3156 415 regis
3189 350 3395 417 patris,
3424 364 3576 418 quem
3608 351 3768 405 valde

476 450 996 525 Obtemperantibus
1022 453 1204 501 autem
1229 442 1461 515 gratiam
1488 441 1589 497 Dei
1619 449 1673 496 et
1704 439 2060 511 apostolicam

475 545 931 607 benedictionem,
962 539 1031 595 de
1077 535 1445 593 misericordia
1484 534 1669 591 divina
1709 531 1921 601 conﬁsi,
1952 531 2061 587 lar-

476 655 687 790 81:2;
731 732 930 787 Romae
996 725 1235 783 secundo
1295 723 1424 780 Idus
1487 722 1726 795 Aprilis,
1774 720 2066 776 indictione

478 827 654 886 tertia.

1010 914 1356 972 EPISTOLA
1391 913 1525 968 XX.

586 1036 671 1078 AD
690 1033 1019 1077 MANASSEM
1051 1028 1583 1073 ABCHIEPISCOPUM
1612 1026 1958 1069 BEMENSEM.

1085 1114 1271 1177 (Anno
1320 1112 1501 1173 1080.)

478 1213 828 1285 Depositionis
856 1212 1248 1286 sententiama
1273 1208 1442 1277 legato
1483 1208 1663 1286 contra
1691 1220 1809 1259 eum
1839 1206 1901 1286 in
1928 1204 2070 1286 Lug-

549 1274 782 1340 dunensi
826 1284 1043 1337 concilio
1071 1274 1341 1349 prolatam
1383 1294 1437 1331 se
1458 1282 1789 1346 conﬁrmasse
1815 1276 1895 1327 ait
1940 1293 1972 1349 ;_
2003 1274 2073 1325 li-

552 1358 782 1410 centiam
807 1361 982 1408 tamen
1010 1345 1185 1425 adhuc
1214 1367 1267 1404 se
1286 1345 1630 1425 empurgandi
1657 1363 1832 1425 coram
1857 1345 2077 1425 quibus-

554 1428 682 1480 dam
703 1428 955 1495 episcopis
983 1424 1247 1490 indulget,
1279 1421 1562 1475 dummodo
1591 1420 1809 1495 interim
1839 1420 1954 1486 ejus
1983 1431 2073 1469 ac-

545 1492 857 1551 cusata—rum
870 1492 955 1551 res
970 1498 1028 1548 in
1044 1498 1308 1561 integrum
1326 1495 1702 1552 restituantur,
1714 1494 1764 1543 et
1775 1492 2077 1561 Remensem

554 1571 843 1626 Ecclesium
892 1558 1185 1634 relinquat,
1221 1569 1270 1618 et
1310 1566 1367 1617 in
1410 1565 1579 1617 alium
1621 1563 1790 1615 locum
1841 1558 2071 1623 secedat,

553 1642 863 1709 clericosque
887 1641 945 1692 in
966 1654 1027 1691 ea
1046 1651 1219 1690 secure
1243 1639 1346 1689 Deo
1369 1638 1573 1689 servire
1588 1634 1893 1702 permittat.

2246 420 2596 485 commendat,
2627 422 2868 473 virtutes.
2918 423 3097 473 Monet
3144 426 3204 473 ut
3233 426 3374 478 curet
3417 438 3481 474 ne
3513 425 3768 489 temporis

2243 491 2575 544 calamitates
2606 494 2661 543 in
2695 490 3027 543 sacerdotum
3058 492 3261 559 culpas,
3293 493 3487 559 quibus
3516 494 3759 545 honorem

2245 564 2598 615 emhibendum
2620 578 2725 615 esse
2752 562 3053 630 docet,‘ejus
3072 563 3278 615 subditi
3296 566 3655 629 transferant,
3680 580 3770 617 nec

2248 636 2305 687 in
2332 636 2582 687 mulieres
2612 633 2850 688 eamdem
2888 632 2951 688 ob
2980 649 3193 687 causam
3220 637 3463 689 sceviant.

2246 724 2590 779 GBEGORIUS
2606 722 2906 794 episcopus,
2924 738 3109 778 servus
3125 738 3405 779 servorum
3426 724 3547 791 Dei,
3560 726 3762 781 ΛεοΝο

2177 818 2289 887 regi
2326 820 2632 883 Danorum,
2681 816 2967 887 episcopis,
3017 816 3371 888 principibus,
3404 817 3547 873 clero
3585 827 3639 873 et
3665 834 3761 889 po.

2178 912 2305 983 pulo
2324 911 2555 965 salutem
2585 917 2641 965 et
2662 910 3010 981 apostolicam
3032 910 3492 967 benedictionem.

2251 1004 2521 1074 Quoniam
2567 1012 2759 1059 vestrae
2808 1004 3115 1059 dilectionis
3159 1020 3316 1059 amor
3344 1008 3465 1060 Deo
3509 1012 3562 1061 et
3609 1005 3771 1061 beato

2180 1103 2340 1155 Petro
2364 1114 2597 1169 pronam
2636 1098 3001 1153 obedientiam
3041 1097 3391 1169 debitamque
3412 1101 3772 1156 reverentiam

2183 1192 2257 1259 (in
2285 1200 2550 1263 quantum
2592 1190 2873 1265 potuimus
2902 1191 3220 1263 intelligere)
3255 1192 3467 1248 studuit
3506 1193 3776 1249 hactenus

2183 1286 2504 1359 propensius
2531 1284 2801 1350 exhibere,
2828 1300 2939 1339 non
2967 1284 3200 1341 dubium
3226 1285 3490 1341 habemus
3515 1287 3647 1356 quin
3687 1287 3775 1342 id-

2183 1381 2327 1437 circo
2356 1380 2509 1434 vobis
2537 1378 2883 1449 triumphum
2914 1387 2969 1433 et
3006 1379 3234 1450 gloriam
3264 1395 3377 1450 pra:
3406 1381 3617 1436 caeteris
3654 1396 3778 1452 gra-

2185 1474 2258 1530 tia
2288 1473 2468 1529 divina
2509 1472 2815 1527 contulerit.
2848 1472 3005 1539 Quod
3044 1472 3087 1527 si
3120 1473 3175 1527 in
3201 1473 3396 1529 eodem
3434 1473 3619 1529 studio
3648 1489 3775 1545 per-

2183 1566 2478 1624 severando
2507 1575 2701 1621 vestrae
2738 1564 3046 1621 devotionis
3083 1564 3314 1622 affectus
3352 1566 3407 1621 in
3449 1567 3612 1622 ﬁnem
3657 1584 3779 1638 per-

2187 1676 2408 1716 manere
2437 1658 2725 1725 curaverit,
2754 1674 2852 1729 pro
2882 1667 3031 1713 certo
3061 1666 3115 1714 et
3140 1675 3262 1715 eam
3290 1676 3457 1731 quam
3494 1676 3639 1715 nunc
3672 1660 3779 1716 ha-

555 1744 903 1823 διιεθοιιιυε
927 1738 1231 1811 episcopus,
1259 1749 1446 1791 servus
1478 1748 1763 1789 servorum
1794 1732 1916 1794 Dei!
1950 1731 2069 1785 ΜΛ·
2103 1746 2151 1807 Β
2180 1755 2316 1832 betis
2355 1754 2578 1825 gloriam
2608 1753 2844 1808 retinere
2865 1795 2879 1819 ,
2910 1761 2965 1807 et
3011 1753 3304 1824 ampliore,
3344 1754 3584 1809 Domino
3624 1755 3778 1810 auxi-

485 1851 689 1894 mssa
717 1832 998 1891 Remensi.

552 1930 699 1987 Sciat
747 1927 1059 1985 fraternitas
1107 1932 1201 1981 tua
1258 1922 1407 1995 quod
1459 1920 1812 1994 depositionis
1865 1927 2080 1975 senten-

486 2026 645 2093 tiam,
677 2040 707 2080 a
733 2025 910 2096 legato
934 2029 1122 2076 nostro
1145 2019 1330 2074 Diensi
1360 2017 1617 2089 episcopo
1647 2016 1701 2069 in
1728 2013 2080 2086 Lugdunensi

485 2118 717 2176 concilio
756 2116 1139 2187 religiosorum
1178 2111 1425 2167 virorum
1452 2108 1679 2165 consilio
1708 2108 1999 2179 prolatam,
2030 2112 2086 2159 et

494 2226 595 2266 nos
643 2208 880 2264 dictante
912 2205 1124 2279 justitia
1151 2204 1207 2259 in
1254 2208 1504 2258 Romana
1534 2201 1742 2275 synodo
1788 2201 2085 2272 apostolica

489 2302 813 2360 auctoritate
847 2299 1205 2355 ﬁrmavimus.
1257 2296 1365 2352 Sed
1407 2305 1594 2351 tamen
1641 2304 1830 2351 contra
1872 2310 2085 2351 morem

484 2400 753 2454 Romanae
784 2393 1042 2449 Ecclesia:
1076 2391 1266 2453 nimia,
1305 2397 1371 2445 ut
1394 2390 1465 2444 ita
1494 2388 1744 2454 dixerim,
1773 2388 2089 2443 misericor-

487 2490 575 2546 dia
598 2488 815 2555 ductus,
859 2484 1133 2558 adjunctis
1158 2483 1252 2539 tibi
1287 2482 1682 2549 Suessionensi,
1722 2481 2088 2548 Laudunensi,

488 2580 889 2649 Cameracensi,
928 2577 1305 2635 Catalaunensi
1341 2576 1629 2648 episcOpis,
1673 2576 1751 2630 vel
1791 2570 1985 2630 eorum
2022 2575 2091 2630 si-

491 2676 737 2740 milibus,
769 2689 898 2730 cum
926 2671 1046 2728 aliis
1070 2670 1286 2727 duobus
1325 2685 1564 2741 quorum
1593 2668 1906 2724 testimonio
1935 2683 2090 2740 atque

493 2768 869 2837 conﬁdamus,
913 2766 960 2822 si
997 2764 1065 2821 de
1098 2763 1312 2836 justitia
1354 2762 1611 2829 conﬁdis,
1655 2770 1710 2817 et
1753 2777 1846 2817 eos
1892 2761 2092 2816 habere

492 2862 718 2935 poteris,
744 2876 917 2932 usque
945 2857 1016 2915 ad
1054 2857 1405 2914 festivitatem
1434 2856 1605 2912 sancti
1639 2855 1918 2911 Michaelis
1955 2871 2085 2925 pur-

492 2954 655 3029 gandi
683 2953 960 3010 licentiam
997 2951 1095 3006 tibi
1140 2950 1525 3023 indulgemus;
1571 2965 1633 3004 ea
1680 2948 1929 3004 videlicet
1956 2964 2091 3003 con-

491 3050 723 3117 ditione,
748 3056 811 3103 ut
841 3049 1107 3102 Manassae
1134 3052 1190 3100 et
1227 3044 1498 3109 Brunoni,
1530 3050 1584 3097 et
1607 3042 1817 3098 caeteris
1861 3042 1953 3112 qui
1997 3058 2094 3112 pro

2186 1849 2373 1915 liante,
2414 1846 2659 1901 valebitis
2689 1846 2942 1917 deinceps
2968 1846 3209 1917 adipisci.
3238 1849 3313 1902 Te
3355 1848 3534 1918 itaque
3572 1849 3780 1918 specia—

2188 1943 2326 2008 liter,
2354 1940 2427 1995 ﬁli
2461 1939 2803 2006 charissime,
2833 1939 2919 1994 cui
2944 1939 3100 2011 regni
3122 1956 3309 1996 curam
3339 1940 3673 2011 providentia
3700 1941 3784 1995 di-

2188 2036 2309 2090 vina
2329 2034 2632 2101 commisit,
2662 2041 2884 2103 paterno
2902 2048 3192 2088 monemus
3214 2032 3416 2089 affectu
3439 2043 3499 2089 ut
3517 2036 3782 2090 excellen-

2187 2127 2381 2183 tissimi
2411 2125 2649 2197 parentis
2678 2126 2755 2181 tui
2776 2126 2952 2197 regias
2981 2125 3275 2197 probitates
3301 2135 3357 2181 et
3382 2127 3606 2183 virtutes
3630 2144 3785 2200 egre-

2190 2223 2304 2294 gias
2352 2219 2555 2274 imitari
2587 2227 2831 2290 satagas;
2874 2218 2989 2289 ejus
3037 2219 3260 2290 quidem
3299 2220 3553 2291 praecipui
3596 2237 3783 2276 mores

2192 2315 2247 2369 in
2277 2322 2487 2368 tantum
2525 2313 2739 2369 cmteris
2774 2312 2987 2383 regibus
3017 2313 3429 2384 praenituerunt,
3460 2322 3539 2382 ut,
3571 2317 3789 2371 cunctis

2193 2406 2531 2480 posthabitis,
2561 2422 2661 2460 nec
2689 2406 2804 2477 ipso
2835 2407 2999 2461 etiam
3032 2406 3361 2478 imperatore
3392 2408 3645 2475 Henrico,
3689 2410 3789 2480 qui

2190 2509 2393 2573 sancta:
2432 2504 2705 2555 Romana:
2736 2500 2986 2556 Ecclesia:
3025 2500 3380 2572 propinquius
3422 2500 3597 2568 haesit,
3634 2517 3794 2557 exce-

2193 2604 2309 2666 pto,
2350 2594 2605 2667 singulari
2637 2610 2825 2649 amore
2865 2595 3016 2650 illum
3047 2595 3205 2650 nobis
3233 2596 3670 2666 amplectendum
3692 2597 3791 2667 ju-

2193 2688 2581 2753 dicaverimus;
2626 2687 2693 2744 de
2734 2687 2889 2758 cuius
2933 2704 3039 2744 nos
3099 2688 3253 2743 obitu
3308 2688 3658 2745 vehementer
3699 2692 3791 2745 ni-

2197 2783 2473 2853 miumque
2501 2781 2762 2845 dolentes,
2806 2790 2867 2837 ut
2909 2783 3087 2853 ipsum
3135 2782 3233 2837 tibi
3285 2798 3560 2853 proponas
3609 2800 3802 2839 exem-

2196 2876 2367 2947 plum,
2417 2875 2701 2942 volumus,
2745 2875 3054 2942 hortamur,
3106 2877 3421 2946 iterumque
3470 2893 3797 2945 monemus,

2196 2977 2464 3039 quatenus
2500 2968 2635 3037 Linde
2681 2969 2853 3039 possis
2894 2978 3213 3025 ornamenta
3269 2970 3531 3025 virtutum
3588 2987 3796 3042 propa—

2202 3061 2380 3133 gando
2424 3061 2654 3117 educere
2704 3061 2847 3117 unde
2895 3062 3093 3118 videris
3136 3062 3460 3119 nobilissimi
3515 3065 3803 3137 sanguinis

486 3142 699 3215 justitia
726 3148 915 3196 contra
948 3148 1001 3195 te
1044 3137 1211 3193 locuti
1244 3137 1411 3193 fuisse
1452 3135 1727 3229 videntur,
1760 3135 1935 3229 rebus
1973 3135 2089 3189 suis
2118 3123 2162 3184 C
2201 3123 2398 3212 {meam
2428 3155 2667 3210 trahere.
2698 3155 2943 3227 Denique
2970 3156 3207 3227 cogitare
3236 3156 3400 3212 debes
3424 3165 3478 3212 et
3510 3123 3806 3229 vigiﬁmter

494 3239 549 3294 in
584 3236 860 3307 integrum
897 3231 1184 3298 restitutis,
1228 3246 1403 3302 usque
1435 3228 1505 3283 ad
1548 3228 1937 3284 Ascensionem
1974 3232 2092 3283 Do-

495 3329 631 3385 mini
656 3328 961 3401 proximam
994 3328 1327 3380 Remensem
1362 3322 1663 3378 Ecclesiam
1685 3337 1714 3377 a
1738 3330 1830 3377 tua
1860 3337 2095 3392 occupa-

496 3423 644 3479 tione
672 3437 738 3477 ex
760 3428 877 3477 toto
908 3419 1136 3474 liberam
1166 3408 1399 3483 deseras,
1434 3425 1487 3472 et
1520 3415 1843 3472 Cluniacum
1872 3424 1968 3470 aut
1990 3417 2091 3471 Ca-

493 3532 613 3572 sam
631 3516 714 3588 [ac
738 3516 958 3582 Casam]
982 3513 1081 3568 Dei
1100 3527 1225 3567 cum
1253 3527 1365 3567 uno
1391 3511 1589 3567 clerico
1614 3518 1670 3564 et
1692 3508 1914 3565 duobus
1940 3508 2096 3563 laicis

496 3610 604 3666 tuis
653 3607 935 3681 stipendiis
977 3606 1230 3678 religiose
1280 3604 1521 3659 victurus
1563 3602 1801 3658 secedas.
1845 3601 2007 3672 Quod
2048 3601 2092 3657 si

497 3701 674 3758 facere
718 3700 978 3767 volueris,
1017 3697 1280 3769 praedicto
1312 3696 1500 3752 Diensi
1542 3696 1800 3767 episcopo
1846 3710 2097 3767 praenun-

499 3794 638 3850 tiare
695 3806 994 3864 procures,
1048 3799 1111 3846 ut
1156 3790 1212 3844 in
1266 3789 1383 3859 ejus
1424 3788 1707 3860 praesentia
1756 3795 2097 3844 sacramento

498 3885 818 3952 conﬁrmes,
848 3883 917 3939 de
954 3882 1116 3939 rebus
1153 3880 1423 3953 praedictae
1447 3880 1685 3936 ecclesiae
1713 3889 1766 3936 te
1794 3881 1925 3935 nihil
1960 3881 2098 3935 inte-

499 3980 610 4036 rim
652 3978 1066 4043 distracturum,
1108 3974 1212 4029 nisi
1254 3982 1523 4046 quantum
1567 3973 1663 4028 tibi
1722 3982 1777 4028 et
1828 3974 2103 4045 praedictis

499 4073 663 4132 sociis
714 4078 1090 4142 competenter
1126 4065 1419 4123 suffecerit.
1469 4066 1708 4121 Clericos
1758 4075 1966 4133 autem,
2011 4082 2109 4140 qui

499 4175 655 4223 tanto
698 4172 947 4234 tempore
996 4178 1093 4232 pro
1118 4160 1333 4232 justitia
1362 4160 1616 4215 exsilium
1664 4160 1807 4232 passi
1853 4170 2002 4230 sunt,
2048 4162 2105 4216 in

498 4257 727 4317 ecclesia
764 4271 957 4312 secure
980 4259 1098 4311 Deo
1138 4253 1339 4309 servire
1380 4252 1679 4325 permittas.
1727 4256 1799 4308 Et
1841 4255 2104 4326 quoniam

497 4352 833 4409 laboriosum
878 4348 973 4403 tibi
1004 4346 1167 4403 fuerit
1202 4345 1274 4401 ad
1311 4362 1413 4401 nos
1450 4362 1622 4418 usque
1665 4346 1865 4414 venire,
1906 4363 2103 4403 conce-

500 4445 682 4503 dimus
711 4452 775 4500 ut
814 4457 1003 4499 coram
1044 4440 1224 4497 Diensi
1263 4440 1516 4513 episcopo
1560 4448 1616 4495 et
1642 4440 1841 4496 abbate
1869 4441 2089 4496 Clunia-

502 4540 674 4607 censi,
729 4545 827 4594 aut
864 4536 920 4592 si
990 4535 1245 4591 abbatem
1292 4533 1481 4589 deesse
1545 4534 1854 4606 contigerit,
1903 4551 2092 4590 coram

501 4638 722 4699 Amato,
764 4629 1024 4702 praedicto
1053 4627 1219 4684 modo
1265 4643 1394 4682 cum
1436 4626 1705 4697 pradictis
1755 4628 1983 4683 testibus
2027 4628 2095 4685 de

502 4726 734 4782 infamia
770 4732 824 4779 te
860 4738 1137 4796 expurges.
1171 4720 1333 4790 Quod
1369 4721 1411 4774 si
1443 4721 1567 4775 huic
1590 4729 1793 4777 nostra
1817 4721 2095 4793 dispensa-

501 4819 665 4875 tionis
692 4824 963 4890 praecepto
986 4814 1212 4871 obedire
1239 4814 1653 4885 contempseris,
1678 4816 1817 4870 scias
1836 4816 2095 4886 quoniam

498 4912 845 4984 iniquitatem
874 4918 1028 4965 tuam
1054 4908 1282 4964 ulterius
1310 4915 1528 4980 portare
1558 4924 1666 4964 non
1694 4925 2006 4980 possumus,
2041 4918 2096 4965 et

498 5003 860 5077 depositionis
902 5002 1262 5068 sententiam,
1304 5016 1417 5057 non
1454 5002 1637 5056 solum
1680 5002 2093 5057 immutabiliter

499 5112 940 5172 permansuram,
980 5095 1075 5152 sed
1123 5094 1288 5151 etiam
1315 5094 1523 5150 nullam
1546 5094 1645 5149 tibi
1679 5094 2018 5151 audientiam
2038 5094 2093 5149 in

496 5200 778 5265 posterum
801 5188 1237 5263 relinquendam.

566 5289 708 5342 Data
736 5288 934 5341 Romae
970 5282 1185 5341 decimo
1215 5281 1408 5354 quinto
1449 5278 1726 5337 Kalendas
1761 5278 1912 5347 Maii,
1954 5279 2093 5336 indi-

492 5379 675 5437 ctione
700 5379 887 5437 tertia.

1034 5477 1385 5534 EPISTOLA
1404 5478 1565 5532 XXI.

806 5596 890 5641 ΑΙ)
920 5596 1180 5639 ΔΩΟΝΙῙΠ
1208 5594 1420 5637 BEGBM
1450 5594 1777 5637 DANOBUM.

1098 5679 1279 5742 (Anno
1305 5679 1488 5742 1080.)

491 5775 756 5829 Hortatur
781 5772 856 5828 ad
878 5774 1331 5845 perseverantiam
1365 5772 1425 5827 in
1458 5770 1761 5827 obedientia
1786 5772 2089 5845 apostolicae

2202 3248 2530 3321 perpendere
2560 3247 2677 3303 haec
2701 3256 2913 3303 terrena
2939 3265 3105 3320 quam
3140 3249 3345 3306 caduca
3366 3258 3422 3305 et
3447 3250 3632 3306 frivola
3657 3254 3801 3316 sint,

2202 3359 2367 3415 quam
2408 3344 2742 3398 incessanter
2784 3340 2852 3397 ad
2894 3360 3149 3399 occasum
3178 3354 3371 3399 cuncta
3415 3344 3698 3412 festinent,
3740 3358 3807 3403 ut

2202 3437 2282 3491 eis
2320 3436 2593 3491 conﬁdere
2635 3436 2783 3491 nulla
2826 3437 3084 3491 stabilitas
3126 3437 3349 3493 suadeat
3377 3447 3437 3493 ut
3462 3440 3518 3493 in
3568 3440 3671 3495 illis
3705 3440 3805 3496 ha-

2204 3529 2395 3586 bendis
2438 3530 2605 3585 timor
2634 3529 2905 3585 horribilis
2944 3530 3134 3596 lateat;
3168 3531 3355 3601 sicque
3383 3530 3627 3603 fugitivis
3672 3550 3806 3604 per-

2206 3624 2484 3694 spicaciter
2512 3623 2706 3694 agnitis
2734 3632 2787 3678 et
2838 3624 3114 3694 sapienter
3162 3623 3455 3695 despectis,
3496 3626 3699 3696 poteris
3731 3628 3810 3683 ad

2205 3718 2294 3772 illa
2318 3717 2532 3771 stabilia
2558 3726 2613 3771 et
2636 3716 2963 3786 sempiterna
2997 3717 3195 3772 mentis
3219 3734 3457 3774 acumen
3485 3720 3806 3789 extendere,

2208 3824 2331 3881 quae
2359 3809 2428 3865 ad
2463 3824 2581 3864 sese
2617 3809 2909 3865 obtinenda
2955 3809 3204 3866 animum
3246 3820 3405 3867 tuum
3446 3813 3697 3880 invitent,
3749 3794 3811 3871 et

2207 3903 2277 3957 ad
2315 3917 2438 3973 quae
2466 3902 2895 3973 concupiscenda
2924 3903 3196 3959 bonorum
3240 3913 3294 3959 te
3331 3906 3581 3977 exempla
3609 3923 3810 3963 accen-

2209 3996 2361 4052 dant.
2402 3998 2553 4051 Inter
2579 4004 2801 4052 caeteras
2840 4012 2972 4068 ergo
3022 3997 3270 4064 virtutes,
3302 4014 3436 4068 quas
3477 4000 3659 4055 animo
3706 4010 3811 4057 tuo

2207 4089 2497 4145 imitandas
2534 4090 2847 4158 censueris,
2909 4090 3269 4146 Ecclesiarum
3314 4091 3700 4150 defensionem
3748 4096 3813 4151 in

2211 4192 2396 4239 mente
2445 4191 2538 4237 tua
2584 4183 2840 4239 volumus
2883 4183 3152 4252 eminere,
3194 4184 3547 4242 sacerdotalis
3592 4187 3814 4245 ordinis

2208 4277 2565 4332 reverentiam
2595 4277 2908 4347 proximum
2933 4276 3114 4332 locum
3151 4286 3354 4347 tenere,
3384 4296 3448 4335 ac
3476 4280 3666 4336 deinde
3699 4283 3808 4353 ju-

2208 4370 2412 4426 stitiam
2447 4378 2500 4425 et
2536 4370 2965 4425 misericordiam
3005 4371 3059 4425 in
3101 4372 3313 4427 cunctis
3342 4381 3395 4428 te
3430 4373 3650 4444 judiciis
3689 4374 3811 4431 dis-

2203 4472 2352 4519 crete
2390 4478 2620 4518 servare.
2653 4463 2793 4519 Illud
2830 4464 3035 4519 interea
3061 4480 3173 4519 non
3202 4466 3665 4536 praetereundum,
3697 4470 3807 4526 sed

2206 4572 2529 4628 magnopere
2593 4556 2889 4626 apostolica
2954 4557 3338 4613 interdictione
3388 4558 3807 4630 prohibendum

2203 4649 2436 4717 videtur,
2480 4649 2628 4720 quod
2673 4648 2741 4704 de
2780 4656 2936 4721 gente
2974 4659 3150 4706 vestra
3181 4651 3344 4707 nobis
3372 4653 3626 4720 innotuit,
3656 4656 3812 4710 scili-

2203 4751 2292 4799 cet
2316 4758 2415 4799 vos
2457 4743 2833 4814 intemperiem
2862 4752 3193 4815 temporum,
3222 4747 3603 4817 corruptiones
3628 4749 3805 4812 aeris,

2203 4852 2551 4908 quascunque
2616 4837 2897 4892 molestias
2940 4853 3264 4907 corporum,
3328 4839 3399 4896 ad
3440 4838 3807 4897 sacerdotum

2202 4929 2388 5001 culpas
2416 4929 2729 4986 transferre.
2767 4929 2930 5001 Quod
2973 4946 3138 5002 quam
3177 4947 3341 5003 grave
3380 4942 3658 5003 peccatum
3694 4936 3805 5004 sit,

2202 5038 2265 5078 ex
2297 5038 2362 5078 eo
2406 5023 2609 5095 liquido
2651 5022 2877 5093 potestis
2904 5022 3182 5079 advertere
3210 5026 3357 5096 quod
3384 5026 3590 5082 Iudaeis
3620 5026 3807 5083 etiam

2198 5115 2576 5181 sacerdotibus
2638 5116 2754 5186 ipse
2815 5116 3061 5172 Salvator
3126 5128 3316 5175 noster
3368 5120 3516 5191 lepra
3567 5129 3810 5191 paratos

2196 5212 2327 5280 [pro
2348 5218 2624 5281 purgatos,
2651 5212 2841 5265 Hann.
2868 5215 3103 5279 curatos]
3131 5213 3210 5267 eis
3232 5212 3495 5269 mittendo
3522 5212 3809 5271 honorem

2198 5301 2539 5371 exhibuerit,
2596 5303 2916 5375 ueterisque
2965 5305 3291 5361 servandum
3350 5322 3467 5363 esse
3527 5322 3654 5379 quae
3718 5309 3806 5365 illi

2196 5394 2459 5453 dixissent
2487 5396 2767 5467 praecepit,
2805 5413 2931 5452 cum
2960 5398 3204 5469 profecto
3242 5400 3425 5468 vestri,
3469 5401 3806 5472 qualescun-

2195 5504 2302 5561 que
2362 5486 2692 5558 habeantur,
2752 5498 2941 5547 tamen
2988 5492 3089 5547 illis
3139 5492 3301 5563 longe
3346 5493 3454 5548 sint
3510 5494 3798 5550 meliores.

2194 5584 2540 5655 Quapropter
2593 5584 2887 5655 apostolica
2936 5586 3256 5641 auctoritate
3321 5587 3668 5658 praecipimus
3728 5596 3803 5644 ut

2194 5676 2335 5733 banc
2387 5676 2698 5748 pestiferam
2743 5679 3197 5735 consuetudinem
3251 5678 3323 5736 de
3383 5696 3555 5750 regno
3605 5687 3804 5737 vestro

2194 5771 2445 5829 funditus
2483 5772 2844 5845 extirpantes,
2875 5772 3198 5847 presbyteris
3234 5780 3290 5829 et
3323 5772 3533 5829 clericis
3574 5773 3798 5830 honore
