4044 6186
301 235 407 289 565

1300 280 1307 283 .
1384 234 1582 289 LIBER
1623 226 1966 289 SEPTIMUS.
2005 260 2076 274 —
2116 232 2323 288 EPIST.
2366 233 2536 289 XXIII.

3506 241 3605 293 566

302 365 360 415 et
380 357 684 414 reverentia
709 357 893 431 dignis
910 367 1132 417 tantam
1149 359 1550 415 contumeliam
1578 365 1773 415 contra
1802 373 1897 412 sa-
1924 362 1979 423 Α
2007 366 2210 428 quanto
2260 356 2329 412 ad
2393 356 2713 415 sublimiora
2778 357 3093 429 proﬁceres,
3155 368 3308 416 tanto
3357 368 3411 415 te
3462 362 3607 432 apud

297 453 475 508 lutem
492 460 733 510 vestram
756 454 981 510 ulterius
1012 470 1129 511 non
1166 453 1514 525 praesumatis
1545 451 1770 521 inferre,
1797 469 1898 508 vo-

300 548 480 603 lentes
509 550 587 603 eis
622 549 869 604 occultas
900 549 1069 604 divini
1111 549 1307 621 judicii
1346 564 1539 605 causas
1586 548 1894 618 imponere.

298 645 572 698 Praeterea
601 642 661 698 in
684 644 941 699 mulieres
965 644 1035 698 ob
1065 643 1318 700 eamdem
1344 660 1565 699 causam
1596 643 1763 697 simili
1791 643 1896 697 im-

295 738 559 792 manitate
600 737 815 793 barbari
856 738 992 793 ritus
1034 738 1320 794 damnatas
1362 738 1661 809 quidquam
1699 737 1897 809 impie-

292 831 424 887 tatis
448 830 681 887 faciendi
704 832 857 888 vobis
881 831 964 887 fas
992 848 1109 888 esse
1136 833 1304 888 nolite
1334 841 1543 904 putare,
1584 832 1679 889 sed
1718 835 1899 904 potius

291 923 493 981 discite
528 924 724 982 divinae
760 926 988 982 ultionis
1028 927 1350 982 sententiam
1385 926 1549 997 digne
1583 927 1896 997 poenitendo

290 1027 541 1075 avertere
569 1035 736 1091 quam
765 1019 819 1075 in
852 1020 970 1076 illas
1012 1021 1257 1076 insontes
1296 1020 1492 1077 frustra
1521 1018 1759 1076 feraliter
1786 1036 1897 1077 saa-

291 1113 488 1169 viendo
519 1114 658 1169 iram
686 1114 897 1169 Domini
919 1115 1095 1170 multo
1114 1115 1288 1186 magis
1313 1130 1629 1186 provocare.
1661 1115 1713 1170 Si
1743 1116 1895 1170 enim

290 1207 345 1261 in
380 1206 467 1262 his
508 1207 725 1278 flagitiis
752 1207 1097 1275 duraveritis,
1127 1209 1316 1279 procul
1363 1208 1529 1263 dubio
1558 1216 1735 1263 vestra
1774 1208 1894 1264 feli-

289 1300 426 1355 citas
464 1300 519 1355 in
566 1301 930 1357 calamitatem
972 1310 1233 1372 vertetur,
1274 1311 1330 1357 et
1370 1302 1568 1372 quibus
1594 1302 1747 1358 victis
1788 1303 1893 1358 hu-

288 1410 502 1465 cusque
555 1395 695 1450 soliti
762 1395 943 1451 fuistis
1006 1395 1297 1462 dominari,
1368 1411 1560 1451 eorum
1626 1397 1892 1452 nimirum

289 1488 478 1558 [forte,
506 1489 761 1555 nimium,
789 1490 1217 1561 HAnn.]jugum
1249 1489 1391 1545 ferre
1419 1489 1658 1560 superati
1689 1506 1787 1546 nec
1808 1506 1891 1546 re-

286 1582 480 1637 sistere
510 1583 751 1638 valentes
780 1583 1069 1655 cogemini.
1101 1583 1157 1638 Si
1186 1599 1314 1639 vero
1344 1584 1523 1649 nobis,
1556 1584 1669 1638 imo
1697 1586 1759 1638 B.
1793 1588 1894 1639 Pe-

287 1684 397 1743 tro,
446 1675 501 1730 in
546 1675 629 1731 his
670 1677 986 1733 obedientes
1033 1677 1269 1743 fueritis,
1304 1677 1443 1732 sicut
1485 1677 1553 1733 de
1604 1677 1888 1733 clementia

2012 452 2181 506 Deum
2212 461 2265 507 et
2306 461 2552 507 sanctam
2606 451 2906 507 Ecclesiam
2956 453 3117 520 (sicut
3160 462 3217 510 et
3256 470 3436 523 nunc,
3486 459 3606 511 Deo

2007 544 2227 616 gratias,
2259 561 2346 600 res
2388 550 2511 609 est,)
2543 562 2608 601 ex
2642 546 2786 601 bono
2831 546 3117 602 meliorem
3155 548 3456 604 exhiberes.
3489 551 3604 603 Ita-

2006 654 2112 708 que
2149 654 2293 693 nunc
2340 647 2597 709 tanquam
2645 639 2999 696 dilectissimo
3049 640 3182 706 ﬁlio,
3232 650 3287 696 et
3334 640 3481 697 ﬁdeli
3540 643 3599 698 S.

2006 730 2151 785 Petri
2204 738 2261 786 et
2298 740 2516 800 nostro,
2555 732 2692 788 sicut
2736 733 2791 787 in
2829 732 3086 789 familiari
3135 734 3409 806 colloquio
3458 733 3601 790 face—

2004 841 2144 895 rem,
2175 827 2465 882 consilium
2503 836 2775 897 nostrum,
2808 838 2864 884 et
2886 828 3021 900 quid
3051 838 3102 885 te
3142 830 3493 907 postmodum
3521 830 3600 887 fa-

2005 934 2130 976 cere
2163 920 2374 989 deceat,
2413 922 2595 992 paucis
2642 922 2848 993 aperio.
2900 922 3133 994 Quando
3176 924 3326 979 enim
3362 925 3601 997 compla-

2004 1014 2117 1069 cuit
2145 1014 2190 1068 ei
2221 1014 2313 1085 qui
2354 1015 2551 1070 exaltat
2594 1014 2853 1083 humiles,
2878 1023 2941 1070 ut
2964 1023 3149 1071 sancta
3190 1026 3372 1073 mater
3411 1026 3600 1074 nostra

2004 1106 2248 1163 Ecclesia
2284 1108 2351 1164 ad
2392 1108 2638 1179 regimen
2670 1109 2981 1180 apostolicae
3008 1109 3153 1165 sedis
3194 1110 3425 1167 invitum
3468 1112 3597 1168 satis

2002 1216 2066 1255 ac
2108 1202 2450 1269 renitentem,
2480 1204 2595 1257 Deo
2626 1211 2782 1269 teste,
2826 1218 2914 1258 me
2944 1216 3178 1274 raperet,
3209 1205 3470 1261 continuo
3494 1221 3592 1261 ne-

2001 1294 2167 1350 fanda
2198 1296 2361 1361 mala,
2390 1312 2510 1367 quae
2534 1313 2565 1351 a
2608 1297 2862 1367 pessimis
2890 1297 3001 1352 suis
3031 1298 3255 1368 patitur,
3287 1296 3448 1353 ofﬁcii
3479 1300 3594 1354 mci

2000 1390 2132 1459 (quo
2162 1389 2293 1443 mihi
2333 1389 2567 1444 clamare
2608 1398 2663 1444 et
2705 1405 2995 1462 nunquam
3023 1406 3235 1446 cessare
3279 1390 3591 1462 injunctum

2000 1482 2097 1551 est)
2130 1484 2449 1537 necessitate
2478 1483 2815 1554 compulsus,
2844 1499 3032 1539 amore
3067 1500 3283 1556 quoque
3304 1500 3367 1541 ac
3391 1485 3591 1540 timore

1999 1576 2309 1642 convictus,
2353 1575 2695 1631 dissimulare
2737 1592 2850 1633 non
2888 1578 3066 1648 potui;
3106 1594 3293 1633 amore
3336 1576 3585 1649 quidem,

2000 1669 2125 1741 quia
2169 1670 2223 1725 S.
2270 1674 2459 1725 Petrus
2505 1687 2535 1723 a
2584 1686 2754 1741 puero
2788 1686 2874 1725 me
2918 1671 2974 1725 in
3016 1671 3187 1726 domo
3230 1687 3327 1727 sua
3358 1670 3591 1727 dulciter

285 1770 469 1825 divina
503 1770 851 1836 conﬁdimus,
882 1779 937 1827 et
962 1779 1308 1842 peccatorum
1335 1779 1641 1826 vestrorum
1671 1773 1885 1828 veniam
1917 1766 1965 1829 Β
1998 1764 2284 1828 nutrierat.
2316 1772 2371 1817 et
2406 1763 2531 1833 (ιυίδ
2573 1764 2815 1819 Charitas
2860 1765 3082 1819 Domini
3121 1765 3220 1820 Ὸεί
3263 1766 3457 1829 nostri,
3499 1779 3591 1821 me

284 1872 339 1919 et
390 1864 749 1934 apostolicam
805 1864 1239 1920 benedictionem
1306 1865 1549 1935 poteritis
1594 1866 1878 1938 consequi.

355 1959 507 2011 Data
536 1959 758 2025 Romae,
790 1957 1001 2013 decimo
1042 1958 1208 2013 tertio
1252 1956 1532 2014 Kalendas
1573 1958 1770 2026 Maias,
1800 1959 1886 2014 in-

280 2050 529 2107 dictione
561 2051 740 2107 tertia.

799 2165 1152 2221 EPISTOLA
1200 2166 1387 2221 XXII.

377 2280 465 2322 AD
488 2280 834 2324 ARNALDUM
861 2284 1374 2325 CENOMANENSEM
1404 2283 1781 2326 BPISCOPUM.

880 2376 1060 2437 (Anno
1112 2374 1297 2438 1080.)

272 2474 597 2561 Episcopalc
624 2474 873 2561 efﬁciam
917 2492 958 2561 ξι
1001 2475 1188 2561 I‘egato'
1222 2477 1515 2561 apostolico.
1537 2477 1883 2561 interdictum

346 2545 557 2597 reddit.
600 2545 869 2600 Abbatem
906 2549 1105 2600 Joelem
1133 2548 1374 2601 absolvit.
1410 2548 1742 2603 Bainalrlum
1791 2552 1880 2602 in-

342 2632 592 2670 vasorem
620 2622 669 2670 et
694 2619 971 2686 periurum
1015 2619 1256 2687 deponit,
1286 2622 1345 2672 in
1370 2620 1522 2688 cujus
1568 2619 1741 2674 locum
1770 2624 1883 2675 Joe-

346 2689 453 2742 lem
477 2689 798 2757 prwdictum
822 2692 1043 2744 restitui
1058 2691 1304 2744 mandat.

348 2790 718 2847 GBEGORIUS
737 2791 1046 2863 episcopus,
1073 2808 1259 2848 servus
1295 2808 1577 2848 servorum
1604 2794 1727 2859 Dei,
1761 2795 1877 2848 An-

277 2899 489 2940 NALDO
532 2886 929 2940 Cenomanensi
960 2886 1240 2958 episcopo,
1269 2886 1501 2942 salutem
1530 2895 1587 2942 et
1613 2888 1875 2958 apostoli-

272 2993 399 3033 cam
426 2978 888 3034 benedictionem.
1212 3032 1213 3035 η

347 3071 671 3143 EpiscOpale
694 3071 963 3139 ofﬁcium,
995 3073 1143 3143 quod
1187 3074 1287 3129 tibi
1324 3075 1533 3147 legatus
1568 3083 1757 3130 noster
1792 3075 1877 3129 in-

1997 1857 2152 1927 quasi
2198 1856 2407 1927 aliquid
2447 1857 2744 1924 aestimans,
2775 1858 2907 1912 tanti
2957 1859 3189 1927 pastoris
3231 1857 3488 1913 vicarium
3519 1857 3588 1914 ad

1995 1949 2289 2021 regendam
2337 1959 2584 2006 sanctam
2637 1960 2874 2006 matrem
2917 1960 3165 2007 nostram
3208 1952 3472 2023 elegerat;
3516 1950 3587 2006 ti-

1994 2059 2149 2098 more
2194 2051 2400 2110 autcm,
2432 2047 2559 2114 quia
2612 2045 2925 2099 terribiliter
2973 2044 3153 2100 divina
3209 2045 3294 2100 lex
3342 2046 3585 2111 intonat,

1992 2136 2181 2192 dicens
2213 2156 2225 2191 :
2260 2139 2580 2195 Maledictus
2626 2136 2792 2192 homo
2837 2141 2937 2208 qui
2973 2138 3146 2209 parcit
3175 2136 3355 2209 gladio
3399 2152 3501 2192 suo
3547 2154 3583 2192 a

1990 2234 2256 2299 sanguine
2273 2234 2405 2297 (Jer.
2446 2235 2688 2298 XLVIII),
2716 2230 2769 2286 id
2790 2239 2892 2299 est,
2917 2231 3007 2302 qui
3030 2230 3343 2287 doctrinam
3369 2230 3585 2286 subtra-

1992 2323 2080 2378 hit
2114 2327 2184 2379 ab
2218 2324 2493 2379 occisione
2519 2324 2751 2379 carnalis
2780 2325 2927 2380 vita}.
2971 2327 3135 2380 Nunc
3165 2324 3351 2396 igitur,
3382 2323 3588 2380 charis-

1990 2415 2126 2473 sime
2162 2425 2217 2472 et
2247 2418 2303 2472 in
2346 2416 2565 2473 Christo
2604 2433 2821 2488 semper
2846 2418 3219 2490 amplectende
3244 2418 3341 2483 ﬁli,
3372 2434 3499 2474 cum
3531 2426 3586 2474 et

1989 2518 2223 2566 matrem
2263 2519 2418 2566 tuam
2454 2511 2685 2566 nimium
2732 2511 2980 2567 tribulari
3035 2511 3364 2583 conspicias,
3407 2521 3460 2567 et
3501 2512 3581 2567 in-

1989 2603 2252 2659 evitabilis
2293 2620 2397 2659 nos
2439 2604 2789 2661 succurrendi
2829 2605 3122 2661 necessitas
3166 2614 3380 2678 urgeat,
3410 2607 3580 2662 talem

1986 2706 2040 2753 te
2061 2697 2202 2766 volo,
2240 2706 2293 2752 et
2319 2698 2557 2753 multum
2588 2714 2689 2769 pro
2728 2697 2934 2753 honore
2960 2706 3055 2754 tuo
3086 2707 3138 2754 et
3167 2699 3339 2755 salute
3369 2699 3427 2754 in
3455 2715 3579 2754 vera

1985 2800 2040 2848 et
2088 2807 2199 2846 non
2234 2790 2358 2845 ﬁcta
2388 2790 2647 2846 cbaritate
2688 2807 2908 2858 moneo,
2941 2799 3003 2846 ut
3044 2808 3267 2847 omnem
3313 2792 3575 2848 obedien-

1984 2886 2121 2940 tiam
2178 2884 2441 2956 prmbeas.
2491 2893 2546 2939 et
2587 2885 2746 2950 sicut,
2792 2894 3122 2955 cooperante
3161 2889 3300 2950 Deo,
3354 2902 3577 2956 gemma

1985 2979 2299 3050 principum
2327 2994 2444 3034 esse
2470 2978 2753 3044 meruisti,
2786 2978 2857 3033 ita
2887 2979 3073 3050 regula
3096 2978 3327 3050 justitiae
3358 2986 3414 3034 et
3437 2978 3578 3035 obe-

1984 3073 2205 3129 dientiae
2246 3070 2425 3128 forma
2467 3072 2678 3127 cunctis
2720 3080 2881 3128 terra:
2913 3071 3245 3143 principibus
3284 3087 3402 3127 esse
3451 3088 3577 3129 me-

272 3164 572 3221 terdixerat
618 3165 825 3235 justitia
893 3167 1148 3233 dictante,
1214 3167 1514 3224 reddimus.
1594 3168 1871 3224 Abbatem
1905 3176 1952 3239 ο
1983 3168 2178 3235 rearis,
2206 3176 2290 3222 tot
2320 3167 2508 3238 procul
2537 3166 2705 3223 dubio
2733 3167 2787 3222 in
2828 3165 3013 3221 futura
3043 3166 3217 3238 gloria
3264 3166 3574 3237 principum

272 3259 490 3314 Joelem
525 3259 880 3315 absolvimus.
910 3261 1241 3316 Bainaldum
1275 3261 1601 3321 invasorem.
1626 3263 1748 3333 quia
1783 3279 1877 3332 per

269 3351 631 3407 ambitionem
676 3354 984 3425 perjuravit,
1034 3353 1384 3425 deponimus,
1433 3365 1497 3410 ut
1531 3372 1633 3411 nec
1678 3356 1731 3410 in
1780 3356 1871 3411 illo

270 3445 423 3517 quod
460 3446 686 3516 cupivit,
715 3462 817 3502 nec
854 3447 911 3502 in
938 3447 1048 3503 alio
1077 3449 1412 3504 monasterio
1442 3448 1667 3504 ulterius
1704 3448 1872 3505 abbas

268 3540 487 3595 existat.
532 3540 883 3610 Quapropter
927 3541 1183 3597 volumus
1230 3551 1291 3597 ut
1321 3542 1436 3613 jam
1481 3542 1692 3597 dictum
1736 3543 1868 3597 Rai-

268 3631 501 3688 naldum
530 3633 721 3689 cedere
750 3633 930 3699 facias,
962 3644 1019 3691 et
1058 3636 1270 3691 Joelem
1302 3636 1358 3690 in
1403 3635 1527 3692 loco
1568 3651 1669 3691 suo
1697 3635 1869 3692 abba-

265 3733 384 3781 tem
413 3728 693 3782 restituas.

342 3823 488 3876 Data
537 3823 758 3891 Romm,’
800 3829 990 3878 octavo
1030 3821 1309 3879 Kalendas
1336 3823 1529 3892 Maias,
1574 3822 1868 3879 indictione

264 3915 452 3971 tertia.

772 4010 1126 4065 EPISTOLA
1152 4010 1369 4065 XXIII.

484 4127 568 4168 AD
598 4127 991 4169 GUILIELMUM
1032 4127 1245 4168 REGBM
1278 4125 1645 4168 ANGLOBUM.

869 4216 1054 4280 (Anno
1082 4218 1259 4277 1080.)

262 4316 439 4369 Suum
466 4317 522 4367 in
550 4330 668 4368 eum
720 4330 952 4369 amorem
978 4320 1203 4369 testatus
1233 4315 1307 4369 ad
1345 4316 1579 4369 debitam
1616 4316 1861 4370 obedien-

413 4388 548 4439 tiam
576 4386 696 4440 sedi
722 4387 1423 4456 apostolicceprrestandam
1446 4388 1712 4442 hortatur.

338 4486 695 4542 Gnnoonms
716 4487 1022 4558 episcOpus,
1045 4503 1235 4543 servus
1256 4503 1541 4542 servorum
1567 4487 1687 4552 Dei,
1716 4489 1862 4544 Θυι-

1983 3261 2240 3332 princeps
2270 3259 2486 3315 futurus
2514 3268 2649 3331 quot
2684 3276 2854 3331 usque
2894 3260 2948 3313 in
2989 3259 3151 3314 ﬁnem
3179 3259 3361 3315 saeculi
3385 3276 3570 3315 exem—

1983 3355 2073 3425 plo
2134 3363 2243 3410 tua:
2307 3352 2638 3408 obedientiaa
2687 3353 2961 3423 principes
3002 3353 3374 3419 salvabuntur,
3429 3362 3483 3409 et
3524 3355 3571 3409 si

1982 3447 2207 3519 quidam
2252 3446 2475 3501 illorum
2503 3445 2694 3501 salvari
2731 3446 3023 3511 noluerint,
3055 3445 3157 3500 tibi
3188 3454 3377 3501 tamen
3416 3447 3575 3501 retri-

1981 3540 2136 3596 butio
2172 3539 2480 3595 nullatenus
2520 3540 2816 3593 minuetur.
2865 3539 2990 3592 Non
3025 3538 3207 3593 solum
3234 3547 3443 3607 autem,
3474 3539 3572 3595 sed

1980 3643 2036 3690 et
2074 3635 2130 3688 in
2179 3633 2282 3688 hoc
2331 3632 2539 3688 mundo
2585 3632 2680 3687 tibi
2721 3640 2773 3686 et
2816 3630 3125 3687 haeredibus
3172 3632 3280 3687 tuis
3322 3632 3568 3700 victoria,

1978 3726 2175 3793 honor,
2208 3726 2470 3797 potentia,
2498 3725 2812 3780 sublimitas
2838 3724 3077 3796 amplius
3102 3725 3320 3780 coalitus
3364 3725 3569 3781 tribue-

1978 3830 2085 3876 tur.
2137 3820 2464 3890 Exemplum
2506 3818 2605 3874 tibi
2642 3818 2879 3889 teipsum
2914 3834 3178 3890 propone.
3225 3818 3377 3875 Sicut
3420 3820 3568 3875 enim

1977 3914 2139 3969 velles
2169 3912 2237 3968 ab
2265 3929 2330 3969 eo
2367 3928 2529 3984 quem
2569 3928 2633 3967 ex
2672 3913 2872 3967 misero
2914 3920 2970 3979 et
3014 3912 3364 3983 pauperrimo
3410 3928 3566 3969 servo

1978 4007 2426 4078 potentissimum
2455 4022 2639 4078 regem
2665 4005 2900 4074 fecisses,
2932 4021 3044 4061 non
3081 4006 3362 4062 immerito
3390 4008 3566 4063 hono-

1975 4101 2106 4169 rari,
2151 4101 2228 4156 sic
2255 4110 2311 4155 et
2346 4109 2430 4167 tu,
2486 4115 2655 4171 quem
2700 4116 2766 4155 ex
2812 4115 2968 4155 servo
3013 4100 3217 4171 peccati
3261 4100 3463 4156 misero
3512 4108 3567 4155 et

1974 4195 2303 4266 paupercula
2333 4194 2424 4260 (ita
2465 4194 2663 4265 quippe
2701 4209 2898 4249 omnes
2932 4193 3225 4259 nascimur)
3256 4193 3563 4265 potentissi-

1974 4303 2128 4343 mum
2158 4303 2343 4359 regem
2387 4290 2537 4342 Deus
2574 4288 2743 4359 gratis
2784 4286 2932 4355 fecit,
2964 4287 3352 4342 honoratorem
3380 4296 3563 4355 tuum,

1974 4389 2340 4453 protectorem
2382 4389 2546 4452 atque
2583 4379 2890 4451 adjutorem
2932 4388 3085 4435 tuum
3130 4380 3563 4450 omnipotentem

1974 4478 2163 4530 Jesum
2208 4474 2479 4529 honorare
2514 4489 2734 4544 semper
2784 4473 3027 4528 studiose
3078 4470 3293 4527 festina.
3340 4475 3453 4528 Nec
3492 4473 3561 4529 ab

264 4594 493 4634 nemo
514 4580 627 4649 regi
658 4581 965 4652 Anglorum
984 4621 999 4648 ,
1033 4580 1266 4635 salutem
1295 4589 1348 4635 et
1379 4580 1736 4650 apostolicam
1766 4581 1859 4635 be.
1890 4562 1943 4625 D
1970 4569 2074 4624 hoc
2102 4568 2367 4639 impediat
2404 4577 2457 4622 te
2488 4568 2851 4638 pessimorum
2880 4566 3194 4637 principum
3221 4565 3402 4621 turba.
3447 4568 3560 4622 Ne-

264 4670 673 4727 nedictionem.

340 4767 552 4820 Notum
637 4780 757 4821 esse
821 4766 918 4822 tibi
982 4766 1167 4833 credo,
1242 4764 1693 4821 excellentissime
1762 4763 1859 4831 ﬁli,

262 4858 592 4930 priusquam
661 4858 732 4913 ad
811 4859 1123 4930 pontiﬁcale
1189 4860 1411 4914 culmen
1476 4856 1852 4923 ascenderem,

262 4958 475 5021 quanto
502 4966 724 5022 semper
746 4959 800 5006 te
836 4952 1065 5007 sincera:
1094 4951 1403 5008 dilectionis
1431 4950 1629 5006 affectu
1660 4950 1861 5017 amavi,

262 5044 489 5115 qualem
518 5043 681 5098 etiam
723 5060 816 5100 me
842 5046 953 5100 tuis
988 5045 1236 5116 negotiis,
1277 5054 1331 5100 et
1373 5060 1539 5115 quam
1583 5043 1862 5098 efficacem

264 5137 528 5204 exhibui;
578 5137 804 5208 insuper
847 5145 909 5192 ut
944 5136 1015 5192 ad
1051 5138 1228 5209 regale
1274 5136 1553 5209 fastigium
1596 5151 1865 5191 cresceres

264 5238 474 5303 quanto
518 5224 701 5285 Studio
755 5229 1012 5286 laboravi.
1059 5232 1173 5299 Qua
1220 5246 1316 5300 pro
1363 5246 1423 5285 re
1462 5246 1492 5284 a
1538 5228 1863 5299 quibusdam

265 5322 533 5379 fratribus
576 5338 836 5395 magnam
879 5338 1015 5394 pene
1043 5322 1324 5378 infamiam
1355 5322 1576 5393 pertuli,
1606 5321 1861 5377 submur-

264 5417 617 5472 murantibus
661 5416 812 5489 quod
854 5415 923 5471 ad
969 5423 1120 5470 tanta
1164 5416 1457 5471 homicidia
1503 5413 1863 5486 perpetranda

265 5518 427 5564 tanto
456 5509 644 5564 favore
669 5525 849 5564 meam
879 5524 1102 5579 operam
1122 5508 1532 5580 impendissem.
1559 5512 1710 5563 Deus
1738 5522 1867 5563 vero

264 5603 328 5658 in
356 5617 483 5658 mea
514 5603 844 5658 conscientia
881 5604 1038 5659 testis
1074 5611 1192 5657 erat
1221 5619 1384 5673 quam
1412 5610 1561 5657 recto
1592 5600 1651 5657 id
1679 5600 1866 5655 animo

265 5696 541 5762 feceram,
566 5711 790 5767 sperans
840 5712 935 5767 per
976 5696 1206 5769 gratiam
1238 5695 1361 5761 Dei,
1405 5704 1460 5750 et
1483 5710 1597 5749 non
1626 5693 1869 5749 inaniter

268 5787 560 5845 conﬁdens
584 5789 655 5846 de
681 5789 967 5846 virtutibus
1007 5789 1167 5846 bonis
1202 5803 1327 5861 qua:
1370 5788 1427 5844 in
1453 5796 1507 5843 te
1533 5794 1711 5855 erant,
1741 5785 1862 5858 quia

1970 4664 2143 4734 quitia
2169 4662 2312 4717 enim
2344 4662 2642 4716 multorum
2673 4669 2774 4727 est,
2806 4659 2979 4714 virtus
3012 4668 3196 4714 autem
3236 4676 3558 4730 paucorum.

1971 4756 2283 4811 Gloriosius
2308 4764 2390 4810 est
2414 4753 2643 4826 probato
2669 4754 2853 4820 militi,
2894 4752 3080 4808 multis
3118 4751 3467 4823 fugientibus,
3500 4755 3559 4810 in

1970 4848 2158 4920 praelio
2185 4858 2351 4903 stare.
2397 4846 2698 4903 Pretiosior
2739 4847 2827 4901 illa
2856 4854 2938 4901 est
2981 4862 3198 4918 gemma
3227 4862 3348 4918 quae
3386 4848 3562 4902 rarius

1973 4941 2265 4997 invenitur.
2298 4943 2420 4995 Imo
2461 4946 2671 5013 quanto
2708 4940 2878 5011 magis
2908 4947 3156 5011 potentes
3181 4938 3351 5011 hujus
3377 4940 3560 4996 saeculi

1971 5034 2222 5107 superbia
2249 5048 2348 5089 sua
2380 5039 2439 5089 et
2475 5030 2658 5105 impiis
2683 5032 2895 5088 actibus
2932 5033 3187 5089 excaecati
3213 5041 3480 5089 corruunt
3506 5032 3563 5086 in

1972 5128 2327 5201 profundum,
2356 5134 2511 5183 tanto
2559 5125 2733 5197 magis
2757 5133 2836 5197 te,
2880 5128 2971 5199 qui
3001 5142 3116 5198 pra:
3157 5127 3265 5181 illis
3317 5127 3561 5181 multum

1972 5227 2089 5278 Deo
2127 5221 2326 5278 charus
2349 5221 2608 5276 inventus
2627 5235 2705 5284 es,
2741 5219 2825 5292 pie
2852 5218 3191 5276 humiliando
3221 5219 3376 5275 decet
3404 5218 3559 5291 erigi,

1973 5324 2029 5371 et
2070 5315 2379 5372 obediendo
2408 5312 2711 5381 sublimari,
2743 5321 2805 5369 ut
2831 5313 2906 5368 sit
2941 5312 3081 5369 sicut
3121 5314 3385 5385 scriptum
3426 5321 3511 5369 est
3542 5329 3558 5366 :

1975 5410 2183 5480 Impius
2208 5409 2375 5479 impie
2399 5416 2523 5479 agat
2551 5408 2750 5474 adhuc,
2775 5412 2825 5462 et
2851 5410 2949 5477 qui
2973 5410 3032 5462 in
3052 5409 3308 5463 sordibus
3338 5413 3415 5463 est
3443 5423 3560 5463 sor-

1976 5504 2155 5557 descat
2205 5503 2402 5569 adhuc,
2456 5511 2512 5557 et
2548 5504 2741 5572 justus
2776 5502 3108 5572 justiﬁcetur
3149 5501 3326 5556 adhuc
3370 5502 3558 5570 (Apoc.

1976 5595 2183 5664 χχιιι).
2216 5595 2374 5650 Plura
2402 5594 2494 5649 tibi
2523 5594 2705 5651 adhuc
2734 5594 3080 5650 exhortando
3111 5593 3429 5654 scriberem,
3461 5592 3557 5646 sed

1976 5688 2105 5760 quia
2154 5687 2293 5743 tales
2332 5688 2531 5744 misisti
2576 5689 2667 5759 qui
2694 5703 2783 5742 me
2826 5688 2959 5744 satis
2999 5686 3071 5742 de
3112 5695 3206 5742 tua
3245 5683 3557 5758 prudentia,

1977 5781 2287 5850 honestate,
2307 5782 2548 5855 justitia,
2592 5782 2757 5837 simul
2780 5796 2911 5836 cum
2948 5778 3064 5836 ﬁlio
3083 5785 3281 5835 nostro
3308 5773 3559 5835 Huberto
