4044 6186
452 259 552 311 567

1135 257 1184 311 S.
1230 253 1551 310 GREGORII
1588 255 1676 309 VII
1718 256 1910 308 PAPE
1947 254 2221 310 OPERUM
2259 254 2432 310 PARS
2468 255 2512 310 l.
2551 283 2621 294 —-
2658 253 3057 309 REGISTRUM.
3294 245 3306 276 ‘

3639 255 3739 308 568

452 381 881 446 lzetiﬁcaverunt,
927 379 1162 451 sapienti
1193 379 1313 433 viro
1341 378 1477 433 satis
1508 393 1626 433 esse
1656 377 1868 434 dictum
1893 378 2039 451 judi-
2073 383 2127 446 Α
2154 393 2345 451 regum
2363 422 2377 445 ,
2405 379 2488 434 vel
2517 378 2743 444 ducum,
2785 383 2884 432 aut
2913 377 3174 433 comitum
3193 417 3208 443 ,
3233 391 3328 433 seu
3353 376 3612 450 quaelibet
3625 391 3746 432 ma-

452 476 586 544 cavi,
628 490 854 547 sperans
905 474 1030 543 quia
1073 471 1428 543 omnipotens
1466 474 1634 536 Deus,
1683 488 1844 543 supra
1875 487 2044 544 quam

453 570 712 634 dicimus,
753 568 810 622 in
838 576 892 621 te
921 575 975 621 et
1005 580 1099 636 per
1126 573 1182 620 te
1221 564 1290 620 ad
1327 564 1593 620 honorem
1613 580 1775 621 suum
1805 565 2046 637 dignabi.

453 671 542 717 tur
563 661 794 732 operari.
829 660 965 727 Qua:
989 673 1118 714 vero
1143 657 1199 712 in
1239 658 1431 713 litteris
1456 658 1639 714 minus
1667 667 1825 726 sunt,
1855 659 2046 731 legatis

451 755 557 810 tuis
580 753 676 808 tibi
707 768 836 808 voce
864 751 1092 807 dicenda
1136 751 1537 808 commisimus.
1568 754 1690 824 Ipse
1716 761 1901 808 autem
1925 769 2048 808 om-

447 848 699 919 nipotens
726 849 870 902 Deus
898 855 952 900 et
979 849 1142 902 Pater
1165 853 1352 900 noster
1371 844 1477 900 hoc
1505 855 1602 901 tuo
1628 845 1816 910 cordi,
1841 846 2047 902 charis-

451 941 594 996 sime
632 939 729 1007 ﬁli,
770 940 840 994 ita
868 939 1130 1011 inspirare
1158 947 1324 1009 atque
1354 939 1594 1011 plantare
1623 939 2052 996 misericorditer

451 1033 723 1105 dignetur,
758 1040 1022 1103 quatenus
1072 1040 1127 1087 et
1158 1031 1213 1086 in
1248 1031 1355 1087 hoc
1393 1032 1596 1088 saeculo
1633 1033 1836 1088 merito
1881 1032 2050 1088 virtu-

451 1135 571 1182 tum
601 1136 822 1182 tuarum
845 1141 1076 1196 regnum
1109 1134 1270 1181 tuum
1312 1133 1368 1180 et
1403 1126 1707 1197 potentiam
1737 1135 1953 1198 augeat,
1998 1134 2053 1182 et

451 1220 508 1274 in
540 1219 726 1275 futuro
757 1235 884 1274 cum
926 1219 1126 1274 sanctis
1164 1219 1385 1290 regibus
1411 1219 1477 1274 ad
1517 1234 1684 1290 regna
1725 1220 2051 1291 supercmle-

449 1315 548 1368 stia
592 1312 1082 1382 inexcogitabiliter
1144 1312 1370 1367 meliora
1434 1311 1665 1368 feliciter
1723 1312 2050 1368 introducat.

449 1411 651 1462 Amen.
683 1405 1073 1462 Cenomanensi
1103 1405 1355 1477 episcopo
1392 1406 1504 1460 tuis
1542 1405 1810 1476 precibus,
1843 1406 2055 1477 justitia

451 1499 710 1568 dictante,
756 1497 999 1554 faventes
1032 1497 1283 1554 officium
1325 1500 1634 1570 episcopale
1690 1499 2049 1556 reddidimus.

454 1592 724 1648 Abbatem
756 1608 975 1663 quoque
1019 1593 1330 1648 monasterii
1361 1593 1544 1647 Sancti
1585 1593 1752 1659 Petri,
1794 1593 1943 1664 quod
1972 1603 2055 1649 est

455 1686 775 1752 Cenomani,
802 1686 1150 1740 absolvimus.

525 1781 663 1833 Data
684 1781 902 1848 Roma,
923 1795 1041 1836 VIII
1059 1779 1338 1835 Kalendas
1359 1780 1514 1848 Maii,
1543 1779 1844 1836 indictione
1873 1781 2052 1836 tertia.
2087 1764 2136 1828 Β

953 1884 1304 1940 EPISTOLA
1339 1886 1552 1940 XXIV.

577 2002 658 2042 ΑΙ)
685 2001 1061 2042 ΨῐῐιῐΕῐιΜυΜ
1085 2001 1383 2043 ABBATEM
1411 2001 1934 2044 HIRSAUGIENSEM.

1061 2086 1246 2147 (Anno
1267 2082 1446 2152 1080.)

457 2187 746 2256 App‘robat
773 2185 916 2254 quod
962 2201 1149 2238 curam
1188 2187 1504 2240 monasterii
1531 2188 1715 2242 Sancti
1757 2186 2055 2241 Saluatoris

527 2259 838 2326 susceperit,
879 2272 1104 2326 eumque
1140 2259 1404 2311 nica-rium
1460 2272 1616 2311 suum
1661 2259 1938 2311 constituit
1982 2258 2056 2310 ad

525 2329 934 2399 procurandum
991 2333 1052 2381 ut
1098 2328 1182 2380 ibi
1240 2329 1403 2381 abbas
1464 2331 1709 2382 canonice
1761 2328 2056 2382 ordinetur.

529 2399 784 2454 Prohibet
823 2400 1159 2467 principibus
1209 2401 1553 2453 saecularibus
1597 2416 1664 2452 ne
1720 2401 1777 2452 in
1823 2415 1878 2452 eo
1944 2399 2055 2452 loco

529 2471 829 2539 quidquam
849 2471 996 2538 juris
1026 2471 1276 2523 habeant.
1324 2472 1673 2538 Privilcgium
1709 2470 1775 2522 ab
1817 2471 2055 2525 Aleman-

529 2542 626 2595 dro
667 2543 722 2595 II
749 2582 767 2606 ,
796 2542 919 2594 olim
946 2541 1247 2608 deceptione
1285 2542 1527 2602 inducto,
1573 2556 1874 2594 concessum
1918 2545 2052 2595 Eve-

531 2613 698 2666 rardo
739 2613 983 2679 abrogat.
1024 2614 1435 2667 Constantiensis
1484 2613 1730 2666 Ecclesiw
1749 2613 1988 2680 prmside
2021 2629 2056 2665 ιι

461 2711 466 2718 ι
530 2686 768 2738 Romana
796 2684 1039 2738 Ecclesia:
1074 2683 1434 2745 discordante,
1465 2684 1700 2737 concedit
1739 2689 1806 2736 ut
1834 2684 1997 2736 abbas
2022 2699 2056 2736 a

531 2771 836 2822 quocunque
897 2755 1142 2820 religioso
1188 2756 1430 2822 episcopo
1481 2771 1602 2823 qua:
1652 2754 1726 2806 ad
1764 2755 2056 2823 episcopale

530 2827 754 2892 ofﬁcium
801 2827 1080 2893 pertinent
1122 2827 1407 2894 suscipiat,
1460 2827 1542 2878 uel
1603 2826 1675 2878 ad
1706 2827 2054 2895 apostolicam

530 2901 704 2950 sedem
735 2900 1000 2948 recurrat.

529 2997 869 3054 Ganeomus
889 2997 1192 3069 episcopus,
1226 3013 1414 3052 servus
1443 3011 1724 3052 servorum
1755 2998 1882 3065 Dei,
1917 3000 2050 3053 Wt-

458 3105 684 3146 LIELMO
708 3089 887 3145 abbati
919 3090 1319 3162 Hirsaugiensis
1363 3090 1700 3158 monasterii,
1732 3091 1969 3146 salutem
1997 3098 2052 3146 et

459 3181 811 3253 apostolicam
841 3183 1304 3238 benedictionem.

533 3272 810 3345 Qudniam
842 3275 1083 3346 pervenit
1109 3275 1178 3330 ad
1208 3290 1310 3330 nos
1338 3274 1489 3346 quod
1519 3274 1706 3346 religio
1744 3283 1839 3330 tua
1861 3291 2055 3331 curam

460 3368 775 3424 monasterii
805 3369 988 3423 Sancti
1033 3368 1324 3424 Salvatoris
1359 3368 1497 3440 juris
1536 3368 1847 3440 apostolica:
1877 3368 2053 3436 sedis,

461 3462 550 3518 cui
581 3463 746 3518 etiam
775 3461 1067 3518 duodecim
1111 3462 1283 3529 aurei,
1331 3477 1571 3535 quorum
1610 3462 1797 3534 viginti
1837 3462 2054 3518 unciam

461 3554 690 3625 faciunt,
734 3571 801 3610 ex
837 3553 1031 3609 eodem
1074 3556 1409 3610 monasterio
1457 3555 1613 3609 annis
1655 3554 1883 3626 singulis
1930 3571 2056 3625 per-

461 3648 598 3701 solvi
657 3648 882 3713 debent,
936 3648 1025 3702 siti
1074 3649 1127 3702 in
1180 3648 1299 3702 villa
1352 3647 1626 3718 Scaphusa
1681 3647 1957 3716 [Satfusa],
2003 3648 2058 3702 in

464 3739 776 3810 episcopatu
827 3740 1242 3805 Constantiensi,
1287 3740 1605 3794 obsecrante
1663 3741 1864 3795 comite
1914 3744 2058 3796 Bur-

464 3831 629 3885 cardo
680 3831 917 3902 virisque
975 3832 1245 3904 religiosis
1287 3831 1651 3899 hortantibus,
1693 3849 1760 3887 eo
1797 3833 2061 3888 duntaxat

465 3931 657 3978 tenore
705 3925 1008 3995 susceperit
1051 3933 1111 3978 ut
1152 3923 1443 3995 praedictus
1489 3941 1696 3991 comes,
1741 3925 1833 3995 qui
1871 3926 1972 3980 sibi
2003 3926 2058 3980 in

463 4015 690 4087 praefato
718 4017 1052 4072 monasterio
1077 4015 1346 4086 quasdam
1377 4018 1527 4089 quasi
1563 4018 1812 4088 proprias
1867 4018 2059 4072 condi-

461 4109 642 4166 tiones
683 4109 1017 4177 vindicabat,
1073 4109 1295 4165 dimissa
1339 4117 1500 4180 atque
1553 4111 1858 4166 renuntiata
1909 4111 2058 4166 omni

463 4201 710 4258 saaculari
740 4211 1030 4274 potestate,
1073 4203 1250 4257 locum
1293 4202 1473 4273 ipsum
1505 4203 1740 4259 liberum
1771 4219 1892 4260 esse
1933 4221 2057 4275 per-

465 4296 731 4364 mitteret,
778 4296 1024 4350 studium
1063 4295 1374 4351 dilectionis
1415 4304 1522 4352 tuae
1551 4297 1864 4368 probantes,
1907 4297 2058 4370 quod

465 4387 674 4444 factum
701 4397 784 4444 est
810 4390 1104 4458 apostolica
1146 4389 1469 4444 auctoritate
1502 4389 1822 4461 ﬁrmamus;
1853 4399 1906 4446 et
1933 4391 2056 4463 quia

465 4497 563 4553 per
591 4490 646 4538 te
675 4481 825 4538 locus
841 4482 929 4538 ille
945 4481 1100 4549 (sicut
1119 4481 1442 4553 audivimus)
1464 4482 1531 4538 ad
1551 4483 1821 4554 religionis
1834 4492 2055 4549 statum,

2153 489 2259 545 gna
2300 480 2396 528 aut
2457 487 2620 543 prava
2651 485 2905 541 persona,
2941 479 3240 542 praesumat
3268 470 3368 526 sibi
3416 471 3472 525 in
3513 486 3577 526 eo
3624 470 3744 526 loco

2154 567 2365 637 aliquas
2400 565 2773 637 {proprietatis
2814 564 3182 631 conditiones,
3241 580 3357 619 non
3414 563 3744 620 haereditarii

2149 660 2310 732 juris,
2350 675 2461 714 non
2491 658 2811 724 advocatim,
2855 673 2966 712 non
3009 658 3359 722 investituraa,
3405 673 3517 712 non
3562 657 3746 728 cujus-

2155 753 2288 808 libet
2327 753 2634 824 potestatis,
2687 767 2811 824 qua;
2858 751 3091 806 libertati
3134 749 3447 806 monasterii
3491 759 3746 818 noceant,

2155 845 2448 913 vindicare,
2479 861 2592 900 non
2635 853 2960 901 ornamenta
2991 844 3260 912 ecclesiae,
3301 844 3414 899 sive
3442 843 3747 915 possessio-

2157 954 2257 994 nes
2293 938 2568 1004 invadere,
2607 937 2874 1007 minuere,
2915 937 2998 993 vel
3033 938 3296 1005 alienare;
3335 936 3434 993 sed
3465 937 3536 992 ita
3565 937 3636 992 sit
3674 936 3747 992 ab

2159 1033 2310 1088 omni
2353 1032 2598 1088 saeculari
2644 1040 2912 1103 potestate
2941 1046 3188 1099 securus,
3220 1039 3275 1087 et
3309 1033 3580 1087 Romanae
3604 1030 3750 1086 sedis

2159 1126 2407 1182 libertate
2449 1125 2689 1197 quietus,
2733 1125 2875 1181 sicut
2915 1131 3131 1180 constat
3162 1125 3514 1181 Cluniacense
3556 1138 3748 1178 mona-

2159 1218 2390 1274 sterium
2414 1226 2470 1274 et
2497 1218 2838 1274 Massiliense
2866 1233 3121 1284 manere;
3159 1216 3331 1276 abbas
3359 1225 3547 1273 autem
3576 1215 3750 1272 advo-

2161 1320 2342 1367 catum
2370 1328 2533 1383 quem
2560 1311 2795 1367 voluerit
2825 1311 3010 1382 eligat.
3043 1311 3206 1379 Quod
3233 1312 3277 1366 si
3306 1311 3352 1366 is
3389 1309 3751 1382 postmodum

2161 1404 2466 1475 nonfuerit
2493 1405 2637 1460 utilis
2670 1406 3020 1473 monasterio,
3053 1420 3119 1460 eo
3147 1413 3384 1472 remoto,
3415 1403 3586 1459 alium
3611 1419 3753 1459 con-

2163 1500 2373 1555 stituat.
2420 1499 2770 1571 Privilegium
2816 1507 3002 1554 autem
3061 1497 3208 1570 quod
3254 1497 3414 1554 bona:
3463 1497 3752 1554 memoriae

2162 1592 2532 1664 praedecessor
2583 1601 2768 1647 noster
2827 1592 3140 1648 Alexander
3193 1599 3382 1647 contra
3436 1599 3752 1646 sanctorum

2163 1689 2390 1742 Patrum
2429 1694 2632 1742 statuta
2679 1685 2864 1758 aliqua
2907 1685 3258 1758 subreptione
3310 1684 3393 1740 vel
3437 1684 3753 1756 deceptione

2163 1779 2420 1835 inductus
2447 1778 2630 1834 eidem
2667 1779 2788 1834 loco
2817 1778 2966 1844 fecit,
2997 1778 3055 1832 in
3099 1793 3209 1850 quo
3240 1776 3517 1833 Everardo
3559 1777 3753 1832 comiti

2163 1872 2384 1944 ejusque
2409 1872 2643 1944 posteris
2669 1871 3032 1936 advocatiam,
3080 1880 3135 1927 et
3178 1870 3510 1943 praeﬁciendi
3535 1869 3752 1926 abbatis

2163 1973 2487 2038 potestatem
2533 1973 2589 2021 et
2614 1966 2781 2021 totius
2807 1965 2884 2020 rei
2912 1964 3432 2021 administrationem
3461 1963 3748 2030 concessit,

2161 2075 2266 2114 nos
2289 2058 2567 2114 canonicaa
2591 2059 2944 2114 correctionis
2969 2061 3235 2114 sententia
3268 2073 3363 2129 per
3392 2056 3752 2128 apostolicam

2162 2151 2504 2208 iunctionem
2534 2159 2751 2208 utentes
2787 2151 3156 2217 inﬁrmamus,
3188 2151 3544 2224 infringimus
3587 2158 3754 2220 atque

2164 2261 2461 2314 cassamus,
2491 2253 2565 2308 et,
2597 2261 2665 2300 ne
2692 2260 2787 2316 per
2815 2245 2920 2300 hoc
2961 2245 3190 2316 alicujus
3228 2244 3519 2300 temeraria
3549 2242 3754 2315 cupidi-

2166 2346 2248 2395 tas
2296 2339 2352 2394 in
2379 2337 2664 2394 audaciam
2693 2354 2805 2394 suae
2847 2337 3165 2409 perditionis
3214 2346 3480 2409 erumpat,
3531 2345 3750 2408 aposto-

2164 2432 2262 2487 lica
2292 2432 2613 2486 auctoritate
2655 2432 2712 2486 in
2742 2431 2959 2486 irritum
2992 2447 3338 2488 revocamus.
3370 2431 3422 2486 Si
3468 2431 3589 2502 quis
3619 2445 3750 2502 ergo

2164 2535 2352 2581 contra
2382 2525 2487 2580 hoc
2513 2525 2730 2581 salubre
2755 2533 3089 2596 praeceptum
3119 2533 3374 2581 nostrum
3405 2525 3754 2596 pertinaciter

2164 2619 2243 2674 ire
2270 2619 2589 2686 tentaverit,
2624 2619 2852 2691 gratiam
2893 2619 3037 2674 beati
3079 2619 3223 2673 Petri
3270 2634 3329 2674 se
3371 2634 3484 2673 non
3537 2617 3755 2674 dubitet

2163 2713 2525 2782 amissurum;
2571 2713 2999 2783 admonitusque
3027 2712 3219 2779 semel,
3266 2711 3347 2766 bis
3373 2719 3428 2766 et
3469 2711 3630 2766 tertio
3659 2726 3754 2782 per

2163 2814 2542 2877 competentes
2585 2805 2852 2873 inducias,
2881 2806 2925 2861 si
2974 2821 3089 2860 non
3133 2805 3424 2876 resipuerit
3448 2813 3503 2859 et
3531 2803 3574 2858 si
3615 2802 3748 2859 deli-

2163 2909 2316 2956 ctum
2347 2915 2508 2954 suum
2537 2899 2830 2955 emendare
2859 2899 3272 2969 contempserit,
3307 2897 3447 2953 sciat
3475 2913 3534 2953 se
3572 2897 3754 2954 divino

2159 2993 2507 3048 anathemate
2553 2993 2892 3059 innodatum,
2939 3000 2994 3048 et
3033 3007 3064 3046 a
3106 2992 3354 3063 corporis
3381 2999 3438 3046 et
3475 2989 3756 3062 sanguinis

2160 3086 2433 3141 Dominici
2467 3086 2860 3141 communione
2885 3085 3147 3141 alienum.
3175 3084 3318 3140 Illud
3344 3085 3509 3140 etiam
3537 3083 3606 3140 ad
3635 3086 3756 3140 Ro-

2089 3185 2135 3248 C
2161 3195 2339 3235 mana:
2366 3179 2633 3236 libertatis
2667 3195 2872 3235 munus
2899 3178 3339 3235 conﬁrmandum
3368 3178 3757 3250 subjungentes

2163 3273 2448 3344 adjicimus
2498 3280 2579 3337 ut,
2613 3272 2659 3327 si
2701 3273 2885 3344 aliquo
2926 3280 3178 3344 tempore
3205 3271 3606 3327 Constantiensi
3647 3273 3754 3325 Ec-

2163 3366 2341 3421 clesiae
2385 3365 2681 3436 praesidens
2720 3366 2787 3421 ab
2824 3366 3128 3436 apostolica
3175 3364 3303 3421 sede
3334 3364 3754 3429 discordaverit,

2162 3459 2314 3530 eique
2343 3458 2654 3514 inobediens
2677 3457 2839 3514 fuerit
2863 3459 3056 3528 (quod,
3084 3458 3444 3513 conﬁrmante
3471 3457 3754 3520 Samuele,

2161 3558 2432 3623 peccatum
2471 3553 2744 3606 ariolandi
2771 3558 2822 3608 et
2850 3553 3183 3607 idololatriae
3228 3553 3393 3606 scelus
3420 3556 3500 3607 est
3541 3553 3593 3618 (Ι
3623 3554 3752 3620 Reg.

2163 3651 2376 3714 xxxv),
2403 3647 2613 3701 dicente
2642 3661 2859 3717 quoque
2886 3646 3045 3700 beato
3079 3645 3368 3700 Ambrosio
3401 3662 3415 3700 :
3453 3666 3479 3692 α
3517 3645 3758 3700 Ηεετεῑὶο

2164 3755 2293 3794 cum
2322 3754 2440 3794 esse
2459 3747 2672 3794 constat
2699 3739 2790 3809 qui
2815 3741 3081 3794 Romanis
3103 3738 3360 3794 Ecclesia:
3387 3753 3498 3793 non
3524 3753 3755 3794 concors

2166 3831 2262 3886 dat
2297 3855 2324 3879 ι
2353 3836 2392 3898 ),
2427 3831 2580 3886 liceat
2608 3831 2790 3886 abbati
2832 3830 2936 3887 sibi
2968 3831 3187 3903 suisque
3219 3847 3250 3885 a
3278 3847 3601 3902 quocunque
3628 3831 3755 3886 reli-

2166 3924 2322 3994 gioso
2356 3926 2614 3995 episcopo
2661 3925 2924 3995 placuerit
2959 3923 3354 3990 ordinationes,
3390 3925 3755 3980 consecratio-

2164 4033 2261 4072 nes
2302 4026 2359 4072 et
2394 4033 2515 4088 qua:
2551 4017 2619 4073 ad
2672 4017 2973 4088 episcopale
3015 4017 3257 4074 ofﬁcium
3287 4019 3562 4089 pertinent
3590 4032 3759 4089 expe-

2165 4117 2280 4165 tere
2315 4119 2476 4182 atque
2513 4112 2807 4182 suscipere,
2835 4111 2914 4166 vel
2960 4110 3031 4166 ad
3068 4111 3424 4182 apostolicam
3453 4110 3641 4167 sedem
3668 4127 3758 4166 re-

2167 4219 2404 4260 currere.
2443 4203 2840 4260 Observatores
2866 4213 3053 4260 autem
3092 4204 3257 4276 hujus
3295 4204 3468 4260 nostri
3501 4204 3756 4275 praecepti

2167 4297 2544 4352 remissionem
2564 4297 2811 4353 omnium
2835 4306 3183 4369 peccatorum
3197 4312 3428 4353 suorum
3443 4305 3498 4352 et
3526 4297 3757 4369 gratiam

2166 4389 2366 4444 bonam
2387 4406 2416 4444 a
2438 4390 2677 4446 Domino
2693 4400 3116 4462 consequantur.
3413 4381 3419 4385 ’

2240 4488 2444 4538 Actum
2471 4483 2759 4539 Lateranis
2775 4493 2965 4539 octavo
2990 4482 3126 4556 [vn]
3145 4483 3271 4540 ldus
3289 4483 3441 4553 Maii,
3459 4482 3758 4539 indictione

467 4575 711 4631 Domino
739 4577 1054 4641 miserante,
1105 4576 1272 4646 cmpit
1311 4588 1629 4648 assurgere;
1662 4592 1783 4643 nos,
1824 4577 2055 4648 inquan-
2078 4556 2135 4624 Ῑ)
2163 4576 2337 4632 tertia.

465 4676 586 4722 tum
607 4669 868 4736 valemus,
890 4677 1207 4739 perpetuam
1227 4669 1354 4724 illuc
1373 4669 1677 4724 sanctitatis
1700 4669 2053 4725 stabilitatem

468 4759 750 4831 providere
791 4762 1069 4831 cupientes
1114 4759 1437 4817 fraternitati
1496 4770 1606 4818 tuae
1653 4779 1816 4835 super
1863 4779 2055 4819 emno-

469 4852 622 4907 bium
649 4851 782 4908 illud
809 4853 1188 4908 sollicitudinis
1212 4863 1413 4910 nostra:
1443 4855 1615 4910 vicem
1637 4857 2052 4924 committimus,

466 4943 674 4999 scilicet
725 4952 786 4999 ut
845 4943 1037 5000 fratres
1099 4944 1173 5000 ibi
1238 4946 1536 5019 disciplinis
1604 4949 1921 5021 regulariter
1968 4951 2053 5004 in-

466 5044 700 5103 struere,
755 5053 936 5092 mores
978 5053 1172 5093 eorum
1231 5040 1515 5112 vitamque
1561 5049 1933 5113 competenter
1968 5042 2053 5095 in-

466 5129 729 5184 struendo
776 5145 836 5185 ea
871 5145 993 5201 quae
1044 5130 1115 5186 ad
1153 5132 1458 5188 animarum
1504 5135 1734 5188 salutem
1781 5134 2054 5205 pertinent

466 5222 753 5294 vigilanter
779 5223 1074 5294 providere,
1116 5239 1179 5280 ac
1222 5226 1454 5281 maxime
1494 5235 1556 5280 ut
1593 5226 1724 5280 inibi
1766 5225 1934 5280 abbas
1963 5241 2052 5280 se-

465 5315 707 5371 cundum
723 5319 903 5372 Deum
925 5317 1210 5373 ordinetur
1222 5334 1502 5388 procures.
1520 5320 1785 5373 Praeterea
1801 5325 1863 5372 ut
1884 5333 2052 5388 saepe-

467 5407 562 5463 fati
607 5410 927 5465 monasterii
975 5409 1167 5466 fratres
1213 5412 1330 5466 sine
1377 5410 1750 5482 inquietudine
1797 5412 2052 5482 proposi-

465 5509 582 5556 tum
618 5517 779 5558 suum
824 5504 1041 5558 valeant
1077 5503 1320 5560 securius
1366 5511 1422 5558 et
1456 5503 1775 5574 propensius
1802 5505 2049 5576 exsequi,

464 5609 529 5650 ac
556 5596 920 5666 omnipotenti
939 5596 1177 5651 Domino
1189 5595 1389 5651 debita:
1403 5594 1708 5652 devotionis
1727 5597 2050 5669 obsequium

463 5686 728 5742 instanter
750 5697 804 5742 et
839 5697 1116 5758 gratanter
1141 5689 1435 5755 exsolvere,
1463 5687 1717 5745 volumus
1741 5699 1796 5745 et
1824 5701 2047 5762 aposto-

461 5777 558 5832 lica
589 5779 915 5834 auctoritate
962 5780 1310 5850 praecipimus
1350 5790 1412 5838 ut
1455 5782 1637 5839 nullus
1679 5783 2044 5851 sacerdotum,

2666 4671 3013 4726 EPISTOLA
3054 4672 3236 4726 XXV.

2401 4789 2484 4828 AD
2513 4786 2904 4830 GUILIELMUH
2927 4789 3131 4830 BEGEM
3147 4786 3510 4830 ANGLOBUH.

2772 4873 2954 4932 (Anno
3005 4873 3182 4933 1080.)

2164 4963 2437 5015 Hortatur
2486 4964 2549 5013 ut
2592 4962 2692 5015 Dei
2727 4961 2975 5014 honorem
3028 4975 3126 5014 suo
3187 4963 3469 5030 praeponat
3525 4961 3756 5027 honori,

2305 5035 2573 5100 Deumque
2606 5033 2729 5084 totis
2756 5032 2961 5086 viribus
2984 5034 3186 5100 integro
3215 5033 3366 5086 corde
3390 5032 3605 5097 diligat.

2225 5135 2585 5192 Gnscomus
2601 5134 2911 5205 episcOpus,
2931 5150 3121 5190 servus
3145 5149 3428 5191 servorum
3451 5133 3576 5198 Dei,
3599 5133 3757 5189 Gm-

2162 5240 2396 5282 LIELMO
2435 5227 2547 5299 regi
2577 5227 2900 5299 Anglorum,
2923 5227 3155 5284 salutem
3181 5236 3237 5283 et
3274 5226 3626 5299 apostolicam
3654 5226 3759 5281 be-

2160 5319 2521 5374 nedictionem
2532 5362 2545 5374 .

2231 5411 2518 5467 Credimus
2547 5411 2890 5482 prudentiam
2921 5421 3157 5469 vestram
3209 5428 3320 5469 non
3359 5414 3526 5470 latere
3565 5413 3758 5468 omni-

2161 5503 2264 5559 bus
2303 5504 2418 5559 aliis
2467 5505 2872 5561 excellentiores
2912 5507 3268 5578 apostolicam
3313 5515 3366 5562 et
3410 5507 3620 5578 regiam
3663 5505 3758 5560 di-

2160 5596 2393 5670 gnitates
2421 5598 2546 5654 huic
2588 5597 2799 5655 mundo
2827 5598 2897 5654 ad
2936 5600 3056 5670 ejus
3099 5600 3358 5673 regimina
3401 5599 3758 5669 omnipoten-

2159 5699 2273 5745 tem
2317 5694 2494 5747 Deum
2537 5692 2892 5748 distribuisse.
2935 5693 3084 5748 Sicut
3127 5693 3277 5749 enim
3305 5692 3375 5748 ad
3405 5690 3596 5748 mundi
3633 5694 3760 5763 pul-

2159 5782 2549 5853 chritudinem,
2578 5785 2750 5842 oculis
2773 5787 2984 5842 carneis
3025 5786 3254 5843 diversis
3284 5784 3623 5858 temporibus
3664 5802 3762 5842 re-
