4044 6164
258 198 356 250 569

1306 210 1503 268 LIBER
1541 213 1880 274 SEPTIMUS.
1921 247 1991 260 —
2028 222 2234 279 EPIST.
2278 224 2496 282 XXVIII.

3443 247 3543 299 570

250 321 708 391 prmsentandam,
751 325 926 382 solem
955 333 1009 383 et
1049 329 1230 387 lunam
1259 335 1518 392 omnibus
1545 338 1665 394 aliis
1697 341 1838 396 emi-
1866 347 1919 409 Α
1950 345 2152 401 Caetera
2176 363 2298 419 quae
2323 348 2637 406 dimisimus
2670 369 2766 424 per
2795 355 3106 414 Hubertum
3138 360 3304 417 ﬁlium
3326 373 3377 419 et
3402 366 3541 422 ﬁdc-
3610 363 3614 372 ’

250 414 504 470 nentiora
524 414 796 487 disposuit
819 420 1129 491 luminaria,
1158 425 1254 488 sic,
1290 443 1359 484 ne
1379 440 1649 502 creatura,
1672 450 1842 506 quam

249 506 330 561 sui
371 506 676 580 benignitas
723 511 793 567 ad
840 512 1138 587 imaginem
1176 535 1338 576 suam
1389 523 1442 578 in
1485 524 1592 581 hoc
1635 529 1848 586 mundo

245 610 542 666 creaverat,
587 603 642 658 in
690 620 920 662 erronea
957 617 1012 663 et
1037 611 1320 671 mortifera
1367 618 1678 676 traheretur
1704 623 1841 694 peri-

243 693 394 762 cula,
445 697 682 766 providit
716 698 776 754 in
818 703 1120 771 apostolica
1161 714 1215 762 et
1257 709 1398 782 regia
1445 693 1716 785 dignitate,
1745 733 1840 788 per

237 783 453 842 diversa
481 798 767 862 regeretur
803 790 1007 850 ofﬁcia.
1052 799 1168 868 Qua
1206 808 1391 858 tamen
1433 783 1759 877 majoritatis
1785 819 1841 865 et

236 879 572 938 minoritatis
599 883 854 941 distantia
879 889 1071 962 religio
1102 892 1180 948 sic
1206 908 1264 948 se
1291 906 1479 953 movet
1506 899 1832 973 Christiana,

235 979 298 1027 ut
338 989 472 1030 cura
510 982 565 1030 et
592 976 998 1049 dispensatione
1037 987 1350 1056 apostolica
1391 989 1674 1063 dignitatis
1714 1006 1839 1067 post

231 1067 422 1122 Deum
450 1068 785 1140 gubernetur
814 1074 981 1147 regia.
1016 1077 1180 1146 Quod
1216 1078 1371 1150 licet,
1399 1083 1475 1140 ﬁli
1495 1085 1834 1160 charissime,

225 1165 328 1214 tua
356 1176 472 1216 non
498 1163 718 1234 ignoret
749 1166 1047 1239 vigilantia,
1078 1179 1288 1242 tamen,
1319 1185 1380 1231 ut
1405 1194 1504 1248 pro
1531 1181 1702 1238 salute
1739 1191 1831 1240 tua

229 1251 691 1313 indissolubiliter
713 1259 884 1315 menti
905 1269 1015 1318 tua:
1035 1264 1108 1319 sit
1131 1265 1435 1338 alligatum,
1459 1271 1649 1329 divina
1670 1283 1834 1332 testa-

225 1351 323 1399 tur
359 1348 640 1419 Scriptura
680 1355 1035 1424 apostolicam
1075 1366 1131 1414 et
1175 1362 1547 1431 pontificalem
1595 1367 1833 1433 dignita-

223 1445 345 1494 tem
379 1455 532 1514 reges
562 1443 901 1503 Christianos
924 1457 1260 1523 ceterosque
1287 1471 1481 1514 omnes
1529 1468 1658 1517 ante
1689 1463 1830 1519 divi-

224 1546 366 1587 num
392 1535 634 1592 tribunal
662 1546 1201 1614 repraesentaturum,
1234 1557 1290 1602 et
1325 1565 1424 1619 pro
1465 1567 1657 1610 eorum
1701 1557 1830 1612 deli-

230 1624 335 1681 ctis
363 1628 636 1685 rationem
669 1634 792 1688 Deo
819 1633 1173 1694 reddituram.
1207 1641 1266 1696 Si
1298 1657 1428 1714 ergo
1451 1644 1601 1715 justo
1625 1648 1824 1720 Judici,

1953 439 2058 494 lem
2085 457 2441 498 communem
2481 446 2831 504 mandamus.

2021 536 2159 589 Data
2188 538 2412 602 Romae,
2445 547 2638 595 octavo
2670 541 2798 598 Idus
2833 544 2988 610 Maii,
3022 547 3317 606 indictione
3354 554 3538 612 tertia.

2429 650 2778 707 EPISTOLA
2815 656 3053 712 XXVII.

2081 771 2162 813 AD
2200 772 2534 816 ROBEBTUM
2574 778 2753 819 REGIS
2789 781 3128 826 ANGLORUM
3168 787 3404 830 FILIUM.

2546 868 2726 929 (Auno
2770 872 2953 936 meo.)

1944 970 2119 1025 Monet
2145 975 2207 1025 ut
2226 975 2406 1052 patris
2431 977 2651 1030 monitis
2681 982 2980 1052 acquiescat
2995 1025 3008 1043 ,
3041 985 3190 1052 eique
3211 989 3268 1040 in
3293 991 3536 1044 omnibus

2338 1046 2587 1100 honorem
2611 1046 2871 1104 ere/libens
2902 1046 3139 1111 obediat.

2016 1153 2370 1210 Gneoonws
2399 1157 2705 1230 episcopus,
2737 1178 2927 1218 servus
2951 1179 3232 1223 servorum
3260 1169 3383 1238 Dei,
3413 1173 3532 1228 Ro-

1943 1260 2137 1303 BEBTO
2167 1247 2280 1304 ﬁlio
2305 1249 2446 1321 regis
2473 1253 2802 1325 Anglorum,
2836 1257 3074 1314 salutem
3098 1269 3151 1316 et
3173 1264 3532 1332 apostolicam

1939 1338 2396 1398 benedictionem.

2009 1434 2152 1490 Certi
2175 1450 2426 1492 rumores
2464 1454 2687 1495 morum
2717 1450 2970 1511 tuorum,
2999 1454 3055 1501 et
3089 1455 3201 1503 tuae
3229 1450 3534 1520 prudentiae

1937 1534 1990 1582 et
2025 1527 2382 1602 liberalitatis,
2417 1533 2508 1603 qui
2546 1549 2716 1606 usque
2746 1536 2812 1591 ad
2850 1553 2951 1592 nos
2993 1553 3374 1610 pervenerunt,
3415 1561 3536 1616 par-

1936 1619 2036 1675 tim
2063 1620 2354 1679 dilectione
2382 1634 2669 1694 parentum
2689 1669 2704 1694 ,
2729 1629 2920 1698 partim
2951 1639 3068 1699 tua,
3095 1650 3196 1689 nos
3224 1635 3531 1693 laetiﬁcave-

235 1726 290 1773 et
337 1721 430 1791 qui
469 1724 691 1780 mentiri
731 1727 925 1796 nescit,
953 1739 1331 1790 creaturarum
1369 1738 1621 1796 omnium
1657 1715 1824 1798 cfea;
1854 1715 1902 1776 Β
1933 1723 2079 1770 runt.
2113 1717 2220 1786 Qui
2247 1732 2376 1772 vero
2404 1728 2624 1775 econtra
2660 1724 3031 1792 quorumdam
3061 1743 3358 1796 pravorum
3397 1746 3529 1786 cou-

239 1813 338 1867 tori
365 1817 651 1873 tremendo
673 1817 884 1890 judicio
913 1829 968 1877 te
987 1838 1112 1880 sum
1135 1839 1652 1900 repraesentaturus,
1679 1836 1826 1908 judi-

241 1914 323 1960 eet
341 1904 574 1980 diligens
605 1911 875 1982 sapientia
901 1923 994 1971 tua
1027 1933 1096 1972 an
1123 1918 1356 1977 debeam
1386 1925 1466 1978 vel
1495 1904 1704 1997 possim
1736 1946 1828 1985 sa-

243 1997 332 2053 luti
351 2007 456 2057 tuae
484 2018 596 2058 non
625 2004 1038 2078 diligentissime
1063 2027 1278 2082 cavere,
1307 2023 1362 2071 et
1391 2025 1453 2073 tu
1482 2019 1619 2076 mihi
1648 2022 1717 2078 ad
1745 2039 1828 2079 sa-

248 2090 404 2148 lutem
429 2102 606 2160 tuam,
637 2107 701 2153 ut
728 2099 1030 2159 viventium
1061 2106 1335 2176 possideas
1364 2118 1592 2179 terram,
1625 2113 1826 2173 debeas

245 2184 316 2238 vel
355 2189 528 2256 possis
575 2189 693 2246 sine
732 2208 888 2250 mora
927 2212 1040 2252 non
1067 2197 1305 2257 obedire.
1354 2205 1645 2263 Provideas
1692 2225 1822 2280 ergo

245 2285 299 2331 ut
341 2295 436 2350 pro
479 2291 534 2337 te
571 2283 900 2343 incessanter
926 2289 1161 2358 insistas,
1203 2293 1248 2349 si
1285 2303 1340 2350 te
1393 2295 1585 2371 diligis,
1643 2304 1821 2360 Deum

245 2368 609 2449 honoremque
621 2379 726 2434 Dei
737 2379 834 2436 tibi
849 2390 1055 2455 tuoque
1069 2401 1385 2458 praeponere
1405 2368 1623 2461 honori,
1643 2390 1758 2451 Déu
1769 2413 1823 2452 m

243 2464 431 2523 munda
461 2478 669 2538 mente,
701 2473 833 2529 totis
863 2474 1091 2544 viribus,
1125 2479 1344 2553 integro
1382 2484 1548 2540 corde
1580 2486 1822 2560 diligere.

240 2557 397 2616 Crede
441 2563 605 2632 mihi,
638 2565 683 2620 si
725 2569 905 2624 Deum
939 2586 1071 2640 pura
1099 2559 1418 2641 mente,\'ut
1457 2579 1647 2642 audis,
1681 2557 1735 2637 et
1764 2592 1825 2638 ut

234 2649 497 2724 Scriptura
531 2659 804 2731 praecipit,
851 2661 1128 2733 dilexeris,
1173 2666 1218 2720 si
1257 2669 1359 2724 Dei
1407 2669 1702 2743 honorem,
1760 2684 1822 2731 ut

237 2743 420 2814 debes,
455 2749 511 2804 in
537 2751 794 2809 omnibus
823 2762 918 2810 tuo
950 2761 1342 2829 praeposueris,
1375 2763 1467 2834 qui
1499 2764 1623 2821 ﬁcte
1650 2769 1823 2824 nescit

225 2836 466 2911 diligere,
499 2844 594 2915 qui
636 2853 828 2914 potens
849 2856 933 2903 est
970 2850 1139 2906 etiam
1170 2861 1224 2907 te
1259 2870 1598 2926 praeponere,
1634 2859 1724 2915 hic
1766 2870 1821 2917 et

219 2930 274 2987 in
298 2933 488 2991 futuro
517 2944 573 2992 te
605 2939 1022 3011 amplexabitur,
1052 2951 1108 2999 et
1127 2961 1356 3018 regnum
1383 2957 1543 3006 tuum
1568 2953 1816 3026 omnipo-

213 3027 348 3082 tenti
387 3044 493 3084 suo
528 3029 752 3087 brachio
787 3033 1057 3092 dilatabit.

1936 1806 2058 1862 silio
2095 1824 2252 1864 aures
2290 1819 2506 1866 nostras
2553 1815 3009 1882 molestaverunt,
3046 1828 3108 1873 ut
3142 1820 3350 1890 priores
3390 1823 3530 1879 hila-

1932 1915 2072 1968 rem,
2100 1902 2180 1957 sic
2222 1903 2422 1959 sinistri
2453 1921 2555 1961 nos
2589 1907 2872 1965 reddidere
2901 1911 3131 1967 tristem.
3175 1917 3335 1970 Nunc
3373 1933 3525 1986 vero,

1932 1993 2058 2064 quia
2087 2011 2180 2066 per
2200 1997 2512 2054 Hubertum
2539 1999 2713 2056 ﬁlium
2739 2010 2986 2059 nostrum
3012 2006 3324 2064 audivimus
3360 2018 3414 2065 te
3443 2027 3509 2082 pa

1931 2087 2098 2142 ternis
2135 2089 2378 2145 consiliis
2407 2093 2770 2162 acquiescere,
2810 2112 3100 2167 pravorum
3129 2116 3259 2156 vero
3295 2103 3525 2160 omnino

1929 2177 2240 2251 dimittere,
2281 2184 2552 2241 laetamur.
2601 2189 2834 2259 Insuper
2874 2205 3166 2248 monemus
3213 2202 3268 2249 et
3307 2205 3527 2266 paterne

1928 2288 2237 2344 precamur,
2281 2285 2343 2333 ut
2389 2279 2559 2335 menti
2601 2289 2710 2337 tua:
2753 2297 2973 2355 semper
3010 2285 3083 2341 sit
3123 2286 3357 2344 inﬁxum
3399 2290 3525 2361 quia

1930 2382 2097 2438 quam
2127 2367 2258 2425 forti
2299 2386 2488 2441 manu,
2531 2389 2698 2444 quam
2735 2375 3005 2449 divulgata
3043 2379 3213 2450 gloria
3259 2381 3523 2454 quidquid

1929 2469 2083 2530 pater
2122 2469 2252 2540 tun/5
2284 2465 2560 2534 possideat
2595 2467 2662 2522 ab
2692 2484 2786 2524 ore
2815 2470 3168 2528 inimicorum
3197 2477 3520 2543 extraxerit,

1923 2552 2100 2608 sciens
2140 2563 2327 2610 tamen
2365 2572 2424 2611 se
2474 2560 2664 2614 nonin
2705 2572 3029 2634 perpetuum
3058 2566 3266 2634 vivere,
3319 2568 3415 2625 sed
3452 2572 3523 2627 ad

1925 2643 2045 2700 hoc‘
2070 2655 2184 2701 tam
2227 2647 2454 2704 viriliter
2499 2651 2748 2707 insistere
2793 2663 2852 2709 ut
2879 2655 3080 2712 haeredi
3112 2659 3270 2715 alicui
3311 2677 3410 2716 suo
3439 2662 3518 2718 di-

1921 2737 2178 2795 mitteret.
2218 2740 2422 2796 Caveas
2445 2757 2598 2814 ergo,
2629 2745 2704 2799 ﬁli
2742 2747 3114 2818 dilectissime,
3142 2751 3519 2821 admonemus,

1917 2846 1983 2885 ne
2017 2831 2221 2888 abhinc
2250 2850 2540 2904 pravorum
2581 2838 2822 2894 consiliis
2856 2841 3170 2911 acquiescas
3199 2845 3398 2915 quibus
3434 2863 3522 2918 pa-

1925 2930 2069 2979 trem
2099 2923 2348 2992 offendas
2384 2936 2438 2982 et
2464 2937 2696 2985 matrem
2734 2933 3091 2990 contristeris.
3130 2936 3251 2992 Sint
3287 2938 3383 2992 tibi
3427 2939 3513 2995 iu-

1923 3016 2314 3074 dissolubiliter
2338 3020 2500 3078 inﬁxa
2532 3037 2800 3096 prmeepta
2843 3035 2898 3081 et
2937 3028 3138 3083 monita
3168 3029 3345 3084 divina
3377 3052 3388 3086 :
3417 3036 3518 3088 IIo-

279 3131 430 3184 Data
460 3133 675 3201 Romae,
700 3142 892 3191 octavo
931 3136 1062 3193 Idus
1091 3139 1256 3209 Maii,
1293 3141 1588 3203 indictione
1631 3150 1808 3206 tertia.
1849 3113 1893 3176 C
1921 3127 2052 3209 ’Ἕνα
2069 3118 2300 3209 Patrem
2323 3120 2374 3169 et
2392 3121 2634 3184 matrem’
2659 3125 2722 3174 ut
2743 3122 2816 3174 Sis
2846 3121 3112 3189 [amamus
3133 3139 3292 3193 super
3311 3130 3511 3181 terram

708 3273 1066 3332 EPISTOLA
1103 3279 1312 3335 XXVI.

388 3416 478 3458 AD
514 3418 892 3464 HATHILDEH
931 3425 1220 3469 BBGINAM
1267 3429 1632 3475 ANGLORUM.

801 3523 981 3596 (Anno
1023 3532 1204 3594 1080.)

195 3635 358 3718 Ejus.
387 3635 559 3703 ﬁdem
594 3641 942 3718 commendat.
983 3645 1236 3708 Munera,
1280 3663 1397 3715 qua:
1439 3649 1615 3718 o/fert,
1655 3654 1807 3707 nulla

270 3707 394 3760 alia
411 3723 470 3782 se
486 3714 728 3777 impetere
749 3715 830 3765 ait
854 3729 1017 3780 quam
1041 3719 1211 3768 vitam
1236 3707 1656 3782 castam,'remm
1677 3740 1803 3777 sua-

270 3794 404 3831 rum
445 3780 502 3832 in
523 3795 785 3849 pauperes
818 3787 1198 3852 erogationem,
1229 3793 1279 3842 et
1299 3780 1542 3858 proximi
1567 3795 1803 3850 dilectio-

268 3865 419 3904 netu.

269 3972 635 4030 Gnnaonws
658 3976 970 4050 episcopus,
992 3995 1184 4037 servus
1212 3997 1499 4040 servorum
1525 3987 1646 4050 Dei,
1679 3992 1809 4045 MA-

194 4079 422 4122 rnth
464 4067 674 4139 reginae
708 4071 1045 4142 Anglorum,
1074 4074 1310 4131 salutem
1350 4085 1407 4132 et
1437 4082 1796 4150 apostolicam

203 4155 668 4217 benedictionem.

275 4253 636 4323 Ingenuitatis
657 4265 851 4314 vestra:
873 4258 1259 4331 lectislitteris,
1282 4280 1448 4336 quam
1476 4265 1622 4322 ﬁdeli
1644 4283 1798 4324 men-

209 4348 263 4396 te
307 4347 430 4401 Deo
487 4345 740 4417 obedias,
795 4360 997 4422 quanta
1043 4353 1332 4413 dilectione
1382 4357 1636 4415 ﬁdelibus
1687 4363 1801 4417 tuis

215 4434 486 4494 adhaereas
520 4440 902 4500 intelleximus.
934 4447 1052 4502 Nos
1079 4462 1299 4519 quoque
1336 4451 1618 4522 quomodo
1644 4470 1800 4509 men-

220 4527 287 4582 tis
305 4539 408 4587 tuaa
439 4535 702 4590 memoria
733 4547 1027 4607 praesentes
1056 4542 1360 4612 contineat,
1389 4559 1456 4598 ex
1485 4545 1800 4616 amplitudi-
1826 4551 1878 4613 D

220 4619 298 4676 nis
323 4630 428 4680 tum
458 4628 912 4697 promissionibus
937 4647 1050 4687 non
1069 4634 1256 4690 minus
1287 4637 1651 4708 percipimus,
1683 4642 1799 4712 qui-

226 4711 321 4770 bus
353 4715 676 4791 designastis
706 4730 768 4778 ut
801 4724 1068 4796 quidquid
1105 4726 1174 4782 de
1211 4729 1403 4784 vestris
1439 4711 1720 4800 vellemus,
1754 4736 1796 4790 si

224 4815 402 4865 notum
425 4813 576 4869 vobis
603 4813 774 4883 ﬁeret,
812 4816 926 4872 sine
955 4834 1110 4874 mora
1142 4821 1562 4893 susciperemus.
1604 4827 1796 4900 Quod,

225 4895 325 4954 ﬁlia
351 4903 697 4975 charissima,
730 4925 837 4980 qua
881 4913 1221 4983 suscepimus
1255 4913 1552 4972 dilectione
1586 4927 1641 4974 et
1673 4936 1796 4991 quae

226 5004 428 5052 munera
453 5015 485 5054 a
515 5007 568 5056 te
601 5008 875 5072 optamus,
903 5003 981 5059 sic
1006 5005 1291 5078 intelligas.
1329 5008 1490 5078 Quod
1518 5011 1668 5066 enim
1704 5028 1796 5067 au-

225 5097 355 5155 rum,
372 5106 492 5160 que
510 5108 766 5165 gemmas,
791 5111 914 5168 qua:
929 5097 1124 5153 mundi
1145 5098 1313 5171 hujus
1339 5102 1576 5171 pretiosa
1599 5103 1737 5159 mihi
1763 5122 1791 5160 a

227 5183 275 5231 te
299 5183 456 5254 magis
482 5194 614 5240 sunt
647 5189 1045 5258 exspectanda,
1070 5206 1235 5261 quam
1260 5193 1369 5248 vita
1399 5203 1545 5249 casta
1566 5237 1581 5260 ,
1607 5212 1792 5253 rerum

226 5275 421 5330 tuarum
461 5277 514 5332 in
554 5295 820 5350 pauperes
848 5282 1182 5351 distributio,
1213 5287 1314 5342 Dei
1356 5294 1413 5342 et
1440 5289 1674 5359 proximi
1705 5287 1793 5345 di-

1928 3204 2126 3274 (Ewod.
2158 3222 2264 3276 xx;
2296 3211 2448 3264 Deut.
2481 3210 2560 3280 ν).
2593 3213 2662 3265 Et
2686 3211 2816 3268 illud
2859 3232 2871 3267 :
2910 3216 3015 3282 Qui
3045 3218 3386 3271 maledia'erit
3404 3235 3511 3288 pa-

1923 3300 2018 3361 tri,
2048 3301 2130 3352 vel
2155 3303 2345 3368 matri,
2378 3308 2546 3357 morte
2569 3307 2845 3360 moriatur
2887 3308 3082 3379 (Emod.
3115 3311 3264 3380 χχι).
3295 3311 3348 3364 Si
3383 3327 3512 3367 vero

1921 3405 1988 3446 ex
2024 3389 2232 3447 honore
2261 3395 2432 3464 patris
2464 3405 2518 3450 et
2547 3399 2740 3480 matris
2770 3399 2982 3471 longior
3019 3401 3119 3456 tibi
3151 3403 3411 3459 tribuitur
3438 3406 3516 3460 vi-

1918 3491 1996 3549 ta,
2041 3494 2263 3540 econtra
2292 3487 2336 3541 si
2363 3487 2722 3558 dehonestas,
2757 3494 2882 3563 quid
2910 3492 3203 3561 tribuatur,
3251 3496 3404 3552 liceat
3432 3498 3509 3552 vi-

1918 3574 2068 3632 deas.
2114 3579 2170 3634 Si
2212 3588 2394 3635 autem
2434 3597 2500 3636 ex
2544 3583 2846 3639 maledictis
2888 3595 3124 3642 mortem
3167 3587 3280 3642 ﬁlio
3318 3588 3506 3662 divina

1917 3670 2190 3741 Scriptura
2221 3672 2457 3740 intonat,
2489 3675 2662 3731 multo
2699 3679 2898 3732 certius
2922 3695 2989 3734 ex
3040 3679 3339 3737 malefactis
3389 3699 3506 3738 cer-

1913 3762 2112 3819 tiorem
2141 3774 2383 3821 mortem
2411 3767 2662 3824 insinuat.
2688 3771 2830 3843 Quid
2861 3788 2989 3844 ergo
3023 3783 3222 3840 restat,
3252 3774 3296 3830 si
3324 3791 3506 3831 mem-

1915 3855 2077 3911 brum
2123 3857 2326 3914 Christi
2370 3860 2449 3914 vis
2485 3862 2662 3918 vivere
2691 3872 2745 3918 et
2772 3865 2826 3918 in
2871 3865 3079 3920 mundo
3119 3867 3224 3922 isto
3265 3866 3498 3924 honeste

1908 3952 2252 4006 conversari?
2279 3956 2574 4009 Pravorum
2597 3957 2827 4012 consilia
2851 3974 2913 4013 ex
2938 3957 3118 4014 ofﬁcio
3141 3968 3330 4016 nostro
3366 3978 3508 4032 pra:-

1910 4042 2137 4114 cipimus
2158 4045 2371 4116 penitus
2389 4047 2647 4118 dimittas,
2675 4051 2844 4106 Patris
2865 4052 3133 4108 voluntati
3164 4053 3216 4108 in
3238 4055 3500 4109 omnibus

1909 4137 2248 4207 acquiescas.

1979 4234 2123 4286 Data
2149 4233 2365 4301 Romae,
2402 4249 2516 4290 vm
2549 4235 2676 4290 Idus
2699 4234 2844 4303 Maii,
2872 4236 3166 4293 indictione
3190 4253 3285 4295 ιιι.

2386 4345 2740 4400 EPISTOLA
2773 4348 3042 4402 XXVIII.

2184 4468 2260 4508 AD
2300 4469 2646 4510 BPISCOPUM
2692 4470 3214 4513 BENEVBNTANUM.

2492 4554 2675 4626 (Anno
2719 4558 2897 4628 1080.)

1913 4661 2040 4719 Vult
2068 4665 2129 4715 ut
2151 4663 2439 4740 quemdam
2476 4666 2766 4740 convictum
2804 4667 3108 4721 haereticum
3151 4672 3410 4740 ρει-φωναί
3448 4677 3499 4726 et

1976 4736 2276 4798 examinet;
2301 4735 2352 4785 si
2375 4736 2764 4803 resipiscentem
2799 4740 3092 4800 invenerit,
3129 4742 3187 4792 in
3223 4735 3371 4794 nullo
3397 4744 3496 4796 Ioe-

1973 4819 2092 4857 sum
2122 4805 2406 4878 dimittat;
2425 4808 2510 4858 sin
2545 4809 2738 4862 minus,
2766 4823 2867 4877 per
2898 4812 3272 4878 pce-nitentium
3310 4813 3384 4866 ad
3404 4830 3494 4867 sa-

1973 4891 2097 4928 nam
2140 4875 2435 4928 doctrinam
2466 4878 2714 4932 reducere
2749 4875 2928 4946 curet,-
2968 4882 3020 4933 si
3055 4883 3402 4946 obstinatum,
3429 4901 3496 4939 ea:

1972 4947 2429 5019 archiepiscopatu
2485 4949 2722 5017 expellat
2763 4957 2926 5019 utque
2979 4952 3093 5018 ejus
3129 4969 3345 5007 causam
3387 4972 3496 5009 una

1973 5032 2090 5096 cum
2125 5017 2318 5096 abbate
2353 5021 2547 5072 montis
2593 5022 2801 5076 Cassin-i
2818 5017 3208 5091 etquibusdam
3238 5029 3494 5096 episcozris

1970 5089 2210 5157 deﬁniat.

1970 5197 2330 5254 Gnsuonms
2357 5198 2671 5271 episcopus,
2704 5216 2893 5257 servus
2920 5217 3207 5260 servorum
3238 5205 3358 5271 Dei,
3385 5203 3496 5262 fra-

1900 5288 1966 5344 tri
1985 5298 2040 5344 et
2063 5291 2386 5362 coepiscopo
2407 5295 2790 5350 Beneventano
2810 5297 2882 5351 R.
2927 5335 2942 5350 .
2987 5337 3002 5352 .
3049 5339 3062 5353 .
3109 5343 3121 5355 .
3168 5339 3182 5352 .
3227 5299 3492 5355 .salutem

230 5359 397 5422 lectio?
423 5371 557 5426 Haec
586 5379 643 5428 et
671 5372 756 5428 his
783 5373 984 5430 similia
1011 5391 1044 5431 a
1068 5385 1122 5432 te
1152 5393 1380 5434 munera
1409 5389 1698 5452 optamus,
1731 5393 1793 5439 ut

228 5452 408 5531 integra
438 5471 490 5518 et
518 5464 785 5536 simplicia
824 5467 1015 5540 diligas
1041 5469 1386 5528 nobilitatem
1416 5482 1570 5530 tuam
1605 5491 1790 5545 preca-

227 5559 352 5618 mur,
399 5551 596 5612 dilecta
645 5557 924 5627 obtineas,
981 5561 1164 5618 habita
1221 5581 1505 5636 nunquam
1557 5566 1790 5624 derelin-

1896 5390 1952 5437 et
1974 5383 2330 5453 apostolicam
2359 5384 2812 5443 benedictionem.

1969 5477 2316 5532 Fraternitati
2355 5486 2467 5533 tua:
2506 5489 2701 5535 notum
2737 5479 2972 5538 facimus
3010 5485 3368 5554 praesentium
3414 5487 3488 5541 la-

1895 5575 2077 5624 torem
2107 5570 2378 5625 Joannem
2417 5571 2831 5644 presbyterum,
2865 5575 3044 5630 virum
3074 5576 3297 5646 quidem
3327 5578 3492 5644 (sicut

1895 5677 1962 5717 ex
1993 5658 2330 5732 professione
2356 5679 2455 5720 sua
2505 5665 2885 5737 cognovimus)
2915 5667 3305 5733 orthodoxum,
3329 5667 3490 5724 nobis

1895 5769 1963 5809 ex
1988 5761 2141 5824 parte
2164 5755 2533 5827 Synnadensis
2557 5757 2952 5831 archiepiscopi
2975 5759 3220 5818 Armenii
3239 5771 3493 5832 conque—

227 5653 354 5710 quas.
389 5647 489 5704 His
520 5650 688 5706 armis
722 5659 777 5707 et
801 5652 1070 5712 similibus
1108 5657 1290 5715 virum
1332 5668 1492 5716 tuum
1521 5675 1785 5730 armare,

227 5747 330 5792 cum
369 5741 510 5797 Deus
546 5743 645 5798 tibi
671 5747 1131 5816 Opportunitatem
1160 5751 1399 5823 dederit,
1430 5769 1499 5809 ne
1527 5751 1783 5811 desistas.
