4044 6186
513 297 606 349 571

1184 292 1253 347 8(
1282 291 1605 359 GREGORII
1644 292 1731 347 VII
1770 292 1965 347 ΡΑΡᾹΞ
2002 290 2114 346 OPi

2202 289 2276 344 JM
2314 286 2486 344 PARS
2526 287 2568 341 l.
2608 312 2683 326 -ν
2719 284 3120 341 REGISTRUM.

3700 285 3807 337 572

510 425 657 475 stum
695 433 812 474 esse
838 433 1003 489 super
1035 416 1273 489 quodam
1303 415 1538 483 nefario,
1569 432 1736 488 quem
1771 431 1871 471 nos
1909 431 1976 471 ex
2015 430 2109 469 ore
2137 418 2191 480 Α
2219 412 2558 483 acquiescere
2603 419 2658 466 et
2680 410 2903 466 sinceris
2932 408 3296 464 intellectibus
3336 405 3463 462 ﬁdei
3496 406 3810 463 consentire

510 528 610 568 suo
653 512 961 567 convictum
998 509 1314 565 hareticum
1354 509 1819 578 adjudicavimus,
1859 507 2011 581 quod
2057 508 2102 563 is

511 604 582 660 ob
624 603 762 658 hanc
803 602 1136 673 impietatem
1165 600 1235 657 de
1274 602 1533 658 Armenia
1578 602 1837 674 expulsus
1880 616 2100 673 gravem

510 705 699 752 contra
745 695 1065 750 Armeniam
1101 694 1350 767 ejusdem
1397 696 1620 751 haresis
1660 697 1844 768 gignat
1886 696 2100 751 Latina

511 790 820 861 apostolica
852 788 1239 860 catholicaque
1265 790 1525 845 Ecclesia
1549 790 1944 861 suspicionem,
1987 788 2100 844 imo

508 874 635 937 v'ero
645 866 931 953 judicium.
957 882 1120 939 Unde
1147 898 1249 938 nos
1267 882 1410 937 illius
1436 883 1681 939 ecclesia
1706 883 2099 938 Armeniorum

506 974 707 1032 scilicet
728 974 895 1030 ﬁdem
923 975 1083 1041 (sicut
1108 991 1175 1030 ex
1212 974 1377 1046 hujus
1395 976 1577 1030 verbis
1600 975 1917 1044 didicimus)
1942 991 2101 1031 com-

508 1068 821 1139 probantes,
853 1068 1126 1123 dilectioni
1168 1076 1277 1123 tua
1303 1068 1581 1124 monendo
1622 1068 1997 1141 pracipimus,
2042 1075 2103 1124 ut

508 1160 797 1231 prafatum
826 1160 1171 1227 hareticum,
1202 1161 1299 1232 qui
1328 1177 1526 1217 manus
1565 1171 1807 1230 nostras,
1830 1162 2098 1233 judicium

507 1270 624 1311 sua
662 1254 899 1326 perﬁdia
938 1253 1270 1320 formidans,
1308 1253 1562 1326 suffugit,
1595 1255 1879 1327 diligenter
1908 1256 2099 1327 exqui-

508 1363 621 1417 ras,
658 1356 712 1403 et
740 1347 969 1403 solerter
1010 1348 1304 1404 examines.
1338 1348 1394 1404 Si
1431 1348 1595 1420 igitur
1622 1349 1773 1404 illum
1813 1350 2099 1421 resipuisse

506 1447 562 1497 et
595 1440 665 1496 ad
703 1440 1027 1496 catholicam
1073 1440 1239 1497 ﬁdem
1284 1441 1511 1498 rediisse
1558 1443 1934 1514 intelligentia
1986 1453 2097 1501 tua

508 1534 843 1606 constiterit,
866 1550 995 1590 sane
1026 1534 1281 1590 edoctum
1310 1543 1364 1589 et
1393 1535 1779 1591 conﬁrmatum
1811 1552 1875 1593 ac
1900 1538 1957 1592 in
1986 1539 2099 1593 nul-

509 1628 564 1682 lo
590 1628 783 1683 Iasum
818 1627 1067 1683 dimittas
1094 1628 1452 1684 incolumem.
1492 1629 1545 1684 Si
1582 1645 1707 1685 vero
1737 1630 1987 1686 nondum
2027 1630 2098 1687 ad

506 1722 700 1777 matris
726 1722 983 1777 Ecclesia
1003 1722 1279 1793 gremium
1299 1730 1355 1777 et
1374 1731 1577 1778 rectam
1609 1723 1778 1780 ﬁdem
1809 1722 1876 1779 de
1908 1724 1989 1779 sui
2018 1741 2100 1780 er-

2208 506 2463 573 noluerit,
2503 521 2571 560 ne
2597 504 2774 560 rabies
2822 503 2969 559 illius
3019 502 3238 574 ignaros
3276 501 3462 567 latere,
3501 508 3558 555 et
3600 500 3679 556 sic
3719 500 3807 554 in-

2207 609 2398 656 cautos
2427 599 2600 655 valeat
2630 598 2855 665 Iadere,
2883 597 3147 669 jubemus
3187 603 3248 651 ut
3275 610 3402 652 eum
3441 592 3605 650 facias
3635 592 3796 664 perﬁ-

2204 694 2307 750 dia
2350 702 2481 749 nota
2531 694 2585 748 in
2631 699 2819 763 aperto
2866 691 3095 764 signari,
3141 704 3203 745 ac
3232 688 3432 745 deinde
3471 703 3538 743 ex
3566 696 3685 743 toto
3714 703 3809 743 ar-

2205 786 2620 857 chiepiscopatu
2660 793 2759 840 tuo
2802 784 2985 855 ipsum
3028 783 3339 854 expulsum,
3386 781 3645 838 haresim
3688 781 3809 853 ejus

2208 880 2422 937 cunctis
2458 877 2769 951 detegendo
2796 876 3023 950 ubique,
3052 884 3321 949 quantum
3349 884 3535 947 potes,
3575 884 3640 931 ut
3665 890 3802 947 apo-

2205 982 2409 1031 statam
2446 982 2500 1029 et
2525 973 2852 1029 Christiana
2878 971 3101 1028 unitatis
3130 970 3414 1026 inimicum
3438 986 3552 1026 non
3578 968 3805 1025 desinas

2206 1068 2480 1140 persequi.
2508 1069 2591 1124 Ut
2613 1074 2800 1122 autem
2838 1081 2965 1122 eum
2993 1064 3257 1133 invenire,
3286 1072 3672 1135 repertumque
3716 1062 3806 1117 ci-

2204 1161 2312 1217 tius
2340 1160 2515 1231 possis
2548 1175 2861 1232 agnoscere,
2890 1173 3091 1214 nomen
3120 1157 3290 1228 ipsius
3317 1155 3631 1212 Macharum
3668 1159 3810 1223 [Ma-

2206 1257 2465 1322 charion],
2497 1262 2553 1310 et
2568 1254 2670 1309 loci
2697 1253 2751 1308 in
2776 1269 2885 1325 quo
2916 1259 3164 1307 moratur
3184 1250 3548 1323 Frigentium,
3579 1249 3809 1320 subjun-

2206 1349 2400 1420 gimus.
2433 1349 2553 1403 Hoc
2581 1346 2747 1403 etiam
2785 1346 2884 1402 tibi
2929 1344 3280 1417 pracipimus
3311 1352 3374 1398 ut
3412 1343 3635 1415 junctus
3674 1341 3803 1397 reli-

2204 1442 2361 1515 gioso
2401 1441 2586 1497 abbati
2633 1440 2839 1496 montis
2879 1438 3090 1496 Cassini
3118 1439 3438 1509 cunctisque
3464 1437 3588 1507 ,tuis
3616 1435 3806 1507 coepi-

2207 1536 2383 1606 scopis
2417 1533 2641 1605 [prafati
2696 1533 2939 1589 haretici
2984 1548 3209 1588 causam
3247 1531 3545 1597 discutias,
3594 1530 3811 1586 discus-

2206 1644 2436 1700 samque
2484 1628 2731 1683 deﬁnias.
2781 1630 3013 1697 Insuper
3057 1626 3300 1694 ferrum,
3353 1624 3503 1697 quod
3548 1639 3649 1680 nos
3702 1623 3807 1679 sibi

2206 1732 2424 1794 portare
2452 1721 2901 1789 coutradiximus,
2934 1720 3165 1776 ulterius
3194 1718 3335 1775 ferre
3363 1718 3699 1785 interdicito,
3726 1733 3802 1773 ne

504 1815 644 1871 roris
675 1816 932 1886 gravitate
973 1830 1271 1871 conversus
1300 1815 1485 1884 fuerit,
1526 1816 1597 1872 ad
1644 1833 1789 1873 sana
1832 1817 2099 1876 doctrina
2126 1814 2173 1876 B
2209 1817 2311 1872 hac
2356 1814 2628 1889 hypocrisi
2686 1815 2928 1871 incautas
2982 1822 3195 1869 mentes
3252 1813 3487 1884 amplius
3542 1810 3803 1883 decipiat.

501 1907 787 1963 consilium
829 1924 924 1979 per
971 1908 1311 1980 poenitentia
1347 1911 1629 1966 tramitem
1676 1927 1802 1966 eum
1842 1910 2102 1968 reducere

504 2002 910 2057 commonendo
940 2018 1220 2073 procures.
1246 2004 1407 2073 Quod
1436 2004 1481 2059 si
1511 2004 1653 2060 veris
1679 2005 1986 2061 rationibus
2013 2021 2100 2060 sa-

503 2094 816 2149 luberrimis
844 2095 1068 2151 monitis
1115 2097 1222 2151 tuis
1268 2097 1541 2153 diabolico
1585 2098 1782 2169 spiritu
1820 2098 2103 2155 induratus

2211 1909 2509 1967 Pecuniam
2537 1925 2689 1977 vero,
2735 1924 2904 1980 quam
2944 1915 3099 1963 tanta
3125 1906 3318 1963 fraude
3349 1905 3659 1977 acquisivit,
3702 1920 3806 1959 no-

2209 2013 2324 2060 stro
2371 2011 2649 2075 pracepto
2690 2003 2792 2059 sibi
2840 2001 3059 2059 auferas
3115 1999 3561 2074 pauperibusque
3618 1997 3778 2054 distri
3838 2031 3859 2041 -

2209 2098 2363 2154 buas.

503 2213 3777 2243 ..______________________________________________

1334 2304 1689 2403 LIBER
1760 2313 2301 2406 OCTAVUS
2371 2311 2979 2405 REGISTRI.

512 2453 683 2515 Anno
746 2457 1073 2516 Dominicaz
1142 2458 1587 2519 Incarnalionis
1653 2460 1974 2520 millesimo
2038 2463 2436 2535 octuagesimo

2456 2509 2473 2539 ,
2542 2456 2938 2538 pontiﬁcatus
3018 2474 3154 2517 vero
3228 2455 3463 2516 domini
3529 2452 3810 2531 Gregorii

1619 2557 1779 2599 anno
1817 2544 2088 2621 septimo,
2122 2541 2449 2601 indictione
2479 2545 2677 2599 tertia.

975 2664 1323 2719 EPIS’I‘OLA
1372 2664 1630 2719 PRIMA.

707 2776 788 2817 AD
827 2776 1275 2820 SYNNADENSEM
1323 2780 1891 2821 ABCEIEPISCOPUM.

501 2856 653 2911 Dolet
682 2857 827 2924 quod
859 2858 1100 2911 audierit
1129 2860 1489 2913 Armenorum
1518 2860 1785 2914 ecclesiam
1816 2876 1849 2912 a
1886 2862 2099 2913 rectitu-

575 2927 699 2981 dine
743 2929 1015 2981 catholica:
1053 2930 1183 2997 ﬁdei
1218 2932 1276 2983 in
1305 2930 1624 2998 quibusdam
1653 2931 1909 2984 deviasse.
1947 2933 2099 2997 Quod

572 3013 644 3070 an
668 3000 758 3051 ita
785 2999 857 3052 sit
886 3000 953 3051 ab
985 3016 1041 3053 eo
1068 3003 1203 3055 scire
1230 3004 1401 3070 cupit,
1429 3006 1479 3055 et
1516 3002 1651 3069 quid
1693 3004 1805 3070 ipse
1839 3002 1904 3055 de
1938 3003 2021 3055 his
2048 3008 2099 3057 et

573 3068 639 3142 de
662 3072 907 3123 omnibus
931 3071 1004 3123 ad
1036 3072 1196 3139 ﬁdem
1225 3068 1618 3142 pertinentibus
1650 3068 1846 3125 sentiat
1874 3073 1983 3125 sibi
2000 3089 2100 3142 per
2130 3079 2174 3140 C

573 3141 784 3193 litteras
826 3145 874 3194 et
902 3145 1120 3196 nuntios
1152 3145 1269 3196 vult
1304 3146 1634 3211 signiﬁcari,
1676 3148 1725 3196 et
1755 3160 1827 3196 an
1865 3141 2100 3212 quatuor

572 3213 795 3264 concilia.
832 3215 1103 3279 generalia
1151 3216 1392 3283 recipiat.
1426 3217 1606 3268 Monet
1644 3219 1708 3267 ut
1736 3215 1917 3268 credat
1957 3217 2100 3283 quod

572 3283 833 3355 catholica
870 3285 1040 3337 credit
1084 3286 1354 3351 Ecclesia;
1388 3302 1493 3339 non
1531 3285 1784 3339 desistere
1829 3302 1864 3338 a
1890 3290 2096 3355 sacriﬁ-

573 3354 745 3407 cando
791 3356 847 3407 in
888 3356 1127 3409 Ecclesia
1168 3372 1265 3409 sua
1295 3373 1511 3424 azyma.
1546 3357 1846 3413 Gracorum
1892 3359 2096 3411 calum-

572 3426 693 3478 nias
728 3426 1014 3494 signiﬁcat,
1062 3428 1255 3495 quibus
1281 3430 1445 3481 etiam
1486 3431 1728 3495 graviore
1755 3428 1965 3496 injuria
2001 3433 2097 3484 Ro-

572 3511 789 3549 manam
814 3498 1099 3550 Ecclesiam
1129 3501 1185 3551 in
1213 3500 1303 3553 hoc
1322 3504 1716 3568 persequuntur
1732 3497 1873 3552 nihil
1894 3502 2096 3565 facien-

574 3572 679 3620 tem
705 3584 723 3617 :
756 3582 981 3635 quorum
1010 3573 1190 3623 tamen
1216 3571 1541 3636 fermentum
1567 3587 1661 3623 nec
1702 3571 1953 3639 reprobat
2002 3587 2096 3626 nec

572 3639 869 3712 vituperat.
917 3641 1182 3693 Hortatur
1228 3646 1285 3694 ut
1314 3644 1545 3695 extremi
1561 3642 1766 3709 judicii
1802 3642 1944 3695 diem
1978 3657 2097 3712 pra:

574 3710 736 3763 oculis
774 3709 984 3771 habeat,
1028 3715 1297 3779 Deumque
1334 3717 1587 3779 precatur
1633 3717 1693 3766 ut
1730 3729 1849 3767 eum
1883 3715 1943 3766 in
1979 3709 2095 3767 con-

574 3781 722 3835 cordi
739 3781 981 3848 ﬁdelium
1009 3785 1217 3835 unitate
1238 3784 1522 3835 custodiat.

571 3875 935 3930 GnEGoalus
954 3872 1258 3944 episcopus,
1275 3888 1461 3928 servus
1478 3889 1760 3929 servorum
1778 3875 1903 3943 Dei,
1927 3875 1995 3931 G.
2079 3918 2092 3931 .

501 3967 700 4024 dilecto
742 3966 795 4020 in
838 3966 1055 4021 Christo
1088 3965 1236 4021 fratri
1282 3966 1617 4037 Synnadensi
1659 3966 2090 4039 archiepiscopo,

501 4062 735 4116 salutem
767 4066 821 4113 et
848 4057 1203 4129 apostolicam
1244 4058 1697 4114 benedictionem.

572 4155 819 4208 Summa
845 4150 993 4207 sedis
1019 4152 1255 4222 specula,
1283 4151 1391 4220 cui,
1423 4154 1546 4208 Deo
1575 4160 1821 4222 auctore,
1855 4152 1977 4209 licet
2002 4154 2092 4209 in-

501 4245 672 4315 digni,
706 4243 1078 4315 prasidemus,
1124 4259 1186 4299 ac
1231 4244 1555 4300 universalis
1596 4232 2091 4303 Ecclesia‘sollici-

501 4337 657 4405 tudo,
690 4352 856 4407 quam
898 4336 1066 4408 ipsius
1093 4336 1415 4408 disponente
1446 4337 1785 4410 providentia
1832 4341 2089 4412 gerimus,

2209 2672 2357 2719 ctum
2384 2663 2622 2720 chrisma
2639 2704 2652 2729 ,
2674 2661 2769 2718 sed
2797 2677 2865 2718 ex
2890 2660 3092 2733 butyro
3115 2658 3391 2728 conﬁciat,
3412 2669 3469 2716 et
3493 2658 3640 2732 quod
3656 2659 3811 2715 Dio-

2208 2773 2431 2814 scorum
2475 2755 2907 2811 Alexandrinum
2949 2754 3405 2822 haresiarcham,
3435 2753 3506 2809 ob
3550 2752 3807 2825 perﬁdiae

2208 2867 2322 2907 sua
2354 2850 2616 2906 duritiam
2650 2849 2707 2904 in
2737 2848 2970 2904 concilio
3019 2846 3449 2903 Chalcedonensi
3485 2846 3807 2918 depositum

2205 2951 2368 3016 atque
2409 2944 2755 3007 damnatum,
2799 2949 3086 2997 veneretur
3124 2949 3179 2995 et
3204 2939 3494 3011 approbet.
3527 2943 3662 2996 Hac
3696 2956 3814 2994 au-

2209 3046 2323 3093 tem
2354 3038 2479 3092 licet
2515 3035 2872 3107 prasentium
2914 3034 3149 3107 portitor
3171 3041 3297 3089 tuus
3328 3034 3538 3105 legatus
3576 3033 3650 3088 ita
3680 3048 3815 3090 esse

2210 3146 2399 3186 coram
2440 3130 2597 3185 nobis
2642 3129 2946 3200 negaverit,
3000 3136 3187 3183 tamen
3217 3143 3281 3183 ex
3327 3127 3663 3183 fraternitate
3701 3122 3839 3184 tua”

2204 3226 2341 3280 scire
2377 3224 2586 3279 ﬁrmius
2614 3221 2915 3293 cupientes,
2956 3222 3210 3278 volumus
3256 3229 3318 3276 ut
3340 3236 3435 3292 per
3462 3220 3612 3276 hunc
3636 3236 3812 3276 eum—

2202 3317 2333 3372 dem
2368 3318 2641 3372 Joannem
2683 3316 3084 3387 presbyterum,
3116 3323 3169 3370 et
3197 3313 3263 3369 de
3303 3314 3421 3369 istis
3455 3314 3620 3369 rebus
3663 3312 3813 3384 quid

2203 3411 2424 3479 sentias,
2456 3419 2510 3465 et
2537 3410 2605 3466 de
2639 3409 2855 3465 cateris
2882 3407 3058 3464 sicubi
3097 3407 3338 3475 hasitas,
3374 3407 3443 3463 ad
3470 3423 3571 3463 nos
3596 3422 3811 3478 procu-

2202 3520 2291 3559 res
2315 3519 2443 3559 cum
2466 3502 2644 3576 sigillo
2660 3511 2756 3558 tuo
2780 3501 3100 3569 rescribere,
3120 3516 3185 3556 ac
3209 3500 3467 3571 deinceps
3486 3499 3813 3557 dilectionis

2198 3596 2315 3653 tua
2345 3596 2555 3652 litteras
2591 3596 2660 3652 ad
2697 3595 3056 3668 apostolicam
3087 3594 3275 3650 sedem
3302 3593 3632 3665 frequenter
3658 3593 3815 3649 diri-

2200 3706 2345 3761 gere.
2377 3690 2646 3746 Volumus
2687 3689 2851 3744 etiam
2893 3688 3214 3744 charitatem
3247 3696 3402 3743 tuam
3448 3687 3644 3742 litteris
3684 3686 3817 3744 suis

2200 3783 2503 3855 signiﬁcare
2522 3793 2711 3838 utrum
2725 3791 2960 3838 vestram
2979 3781 3205 3853 recipiat
3227 3781 3374 3853 quod
3408 3780 3647 3836 Ecclesia
3666 3780 3808 3836 uni-

2200 3877 2421 3933 versalis
2446 3876 2818 3948 amplectitur,
2847 3875 3012 3931 ﬁdem
3042 3875 3250 3931 scilicet
3274 3883 3510 3947 quatuor
3534 3873 3807 3930 concilio-

2199 3986 2347 4037 rum,
2379 3984 2500 4041 qua
2528 3986 2558 4025 a
2599 3969 2803 4025 sanctis
2830 3968 3083 4024 Patribus
3111 3968 3487 4040 comprobata,
3522 3984 3553 4022 a
3578 3970 3810 4024 Roma-

2200 4063 2284 4119 nis
2310 4062 2659 4135 pontiﬁcibus
2688 4062 2973 4130 Silvestro,
3005 4064 3192 4118 Leone
3218 4061 3449 4133 aliisque
3483 4062 3801 4132 apostolica

2199 4166 2331 4213 sunt
2377 4156 2701 4213 auctoritate
2758 4155 2999 4212 ﬁrmata.
3051 4158 3198 4210 Inter
3247 4170 3384 4227 quos
3431 4154 3808 4211 nihilominus

2200 4250 2545 4306 beatissimus
2586 4249 2880 4321 Gregorius
2925 4263 3063 4320 papa
3107 4248 3302 4305 doctor
3329 4248 3577 4320 egregius
3617 4249 3807 4321 majo—

2199 4343 2351 4399 ribus
2382 4343 2635 4399 Ecclesia
2664 4345 2823 4410 [forte
2856 4342 3111 4397 ecclesiis.
3149 4343 3354 4398 Hann.
3384 4345 3463 4397 sic
3502 4346 3553 4397 et
3584 4344 3647 4395 in
3675 4344 3805 4398 cod.

501 4431 782 4501 compellit
811 4446 912 4485 nos
954 4430 1094 4485 sicut
1121 4430 1187 4486 de
1216 4432 1435 4487 illorum
1463 4432 1555 4503 qui
1580 4447 1639 4487 se
1674 4448 1703 4486 a
1734 4433 1941 4489 Christi
1972 4451 2091 4493 cor-
2118 4450 2167 4511 ι)
2201 4440 2420 4503 Mutin.)
2453 4435 2847 4503 Alexandrina,
2879 4434 3262 4503 Antiochense,
3302 4435 3560 4507 aliisque,
3592 4434 3653 4489 in
3681 4437 3814 4507 epi-

502 4540 632 4597 pore
677 4532 933 4595 separant
982 4523 1292 4595 perditione
1342 4524 1701 4581 vehementer
1748 4526 1962 4595 dolere,
2017 4528 2092 4583 ita

499 4633 719 4689 quoque
761 4617 828 4672 de
880 4632 1073 4672 eorum
1118 4618 1211 4689 qui
1254 4604 1401 4673 recta
1429 4618 1673 4674 sentiunt
1722 4628 1778 4675 et
1826 4621 2089 4677 unitatem

500 4711 626 4766 ﬁdei
656 4726 869 4766 servare
896 4720 1200 4766 noscuntur
1234 4711 1457 4767 salutari
1488 4718 1789 4781 consensu,
1820 4712 2092 4771 ineffabili

502 4803 691 4859 latitia
719 4803 1109 4874 congratulari.
1139 4803 1378 4859 Proinde
1399 4806 1665 4876 quoniam
1694 4816 1952 4877 vestram,
1985 4809 2089 4865 sci-

502 4894 629 4949 licet
644 4896 1038 4960 Armenorum,
1059 4894 1360 4950 Ecclesiam
1372 4911 1402 4950 a
1416 4896 1738 4952 rectitudine
1752 4897 1903 4965 ﬁdei,
1921 4914 2093 4970 quam

500 4986 570 5043 ad
600 4986 863 5057 apostolis
892 4994 946 5041 et
973 4987 1173 5042 sanctis
1202 4988 1454 5045 Patribus
1482 4988 1738 5046 traditam
1774 4993 2093 5049 universalis

499 5080 743 5135 Ecclesia
780 5088 959 5147 tenet,
990 5079 1044 5134 in
1072 5080 1338 5152 quasdam
1366 5099 1562 5153 pravas
1602 5085 1937 5141 exorbitasse
1966 5101 2091 5140 sen-

500 5173 697 5227 tentias
724 5171 887 5228 nobis
922 5172 1155 5228 relatum
1187 5183 1285 5243 est,
1325 5173 1570 5245 profecto
1619 5177 1850 5232 nimium
1879 5178 2092 5247 paterni

500 5264 730 5321 affectus
770 5267 1149 5338 compassione
1186 5267 1481 5324 doluimus.
1514 5269 1892 5341 Quorumdam
1927 5270 2094 5341 siqui-

501 5359 631 5415 dem
654 5359 918 5416 relatione
948 5359 1241 5416 didicimus
1262 5360 1321 5416 in
1344 5360 1677 5419 celebrandis
1705 5362 2093 5419 sacriﬁciorum

501 5452 788 5509 salutiferis
814 5455 1161 5511 sacramentis
1186 5469 1385 5526 aquam
1410 5455 1535 5511 vino
1563 5455 1778 5526 penitus
1806 5456 1953 5527 apud
1994 5475 2093 5515 vos

498 5560 615 5601 non
642 5547 948 5616 admisceri,
977 5564 1105 5603 cum
1130 5564 1294 5604 nemo
1315 5548 1673 5614 Christianus,
1705 5549 1797 5620 qui
1824 5566 1978 5608 sacra
1998 5568 2094 5609 no-

503 5641 579 5695 vit
606 5642 917 5712 Evangelia,
957 5640 1173 5697 dubitet
1209 5657 1238 5696 e
1269 5642 1434 5697 latere
1470 5643 1697 5698 Domini
1739 5660 1937 5715 aquam
1966 5663 2091 5702 cum

504 5734 769 5803 sanguine
805 5749 1114 5789 emanasse.
1154 5735 1481 5792 Audivimus
1511 5736 1677 5793 etiam
1710 5738 1861 5810 quod
1902 5748 2091 5796 contra

508 5840 719 5881 morem
746 5836 948 5882 sancta
968 5828 1226 5885 Ecclesia
1256 5836 1449 5885 vestra
1477 5846 1591 5887 non
1611 5846 1677 5888 ex
1702 5832 1948 5889 balsamo
1968 5849 2091 5890 san-

2199 4529 2339 4584 stola
2365 4544 2467 4584 sua
2515 4529 2666 4600 (libro
2712 4544 2765 4598 1,
2808 4529 2969 4600 epist.
3002 4532 3093 4594 24)
3142 4543 3259 4583 sese
3288 4542 3411 4583 eam
3466 4534 3656 4582 tenere
3711 4528 3814 4584 his

2200 4622 2376 4678 verbis
2397 4629 2629 4677 testatus
2661 4630 2745 4678 est
2771 4642 2783 4677 :
2813 4623 2951 4691 Quia
2971 4622 3126 4678 corde
3150 4622 3392 4676 creditur
3412 4621 3485 4675 ad
3492 4621 3815 4690 justitiam,

2198 4733 2285 4773 ore
2308 4721 2488 4771 autem
2529 4718 2784 4783 confessio
2823 4720 2884 4787 ﬁt
2928 4716 3001 4770 ad
3036 4718 3267 4770 salutem
3300 4718 3475 4783 (Rom.
3520 4719 3609 4782 χ),
3655 4715 3820 4772 sicut

2198 4810 2373 4866 sancti
2417 4810 2697 4883 Evangelii
2721 4814 2964 4880 ;quatuor
2993 4809 3180 4871 libros,
3217 4809 3296 4864 sic
3323 4816 3561 4881 quatuor
3599 4810 3823 4865 conci-

2199 4903 2270 4959 lia
2301 4903 2574 4974 suscipere
2611 4912 2666 4958 et
2703 4901 2946 4957 venerari
2982 4917 3072 4959 me
3101 4900 3298 4966 fateor,
3331 4902 3615 4957 Nicanum
3647 4901 3822 4957 scili-

2198 5004 2301 5065 cet,
2334 4998 2393 5052 in
2418 5012 2527 5069 quo
2561 5011 2874 5067 perversum
2906 4996 3019 5052 Arii
3052 4995 3253 5067 dogma
3280 4994 3616 5062 destruitur;
3646 4995 3819 5051 Con-

2196 5090 2750 5161 stantinopolitanum
2796 5103 3038 5162 quoque,
3069 5088 3124 5143 in
3153 5104 3260 5161 quo
3291 5087 3549 5144 Eunomii
3589 5094 3647 5143 et
3682 5089 3824 5144 Ma-

2194 5182 2406 5239 cedonii
2446 5197 2600 5238 error
2650 5181 3023 5249 convincitur;
3073 5182 3415 5253 Ephesinum
3466 5180 3632 5236 etiam
3675 5183 3819 5252 pri-

2198 5291 2375 5342 mum,
2419 5275 2476 5330 in
2517 5291 2628 5348 quo
2657 5275 2890 5331 Nestorii
2934 5274 3189 5346 impietas
3212 5274 3825 5347 judicatur;.Chalce-

2197 5368 2438 5424 donense
2463 5384 2613 5436 vero,
2640 5368 2709 5437 in
2739 5383 2848 5438 quo
2887 5368 3146 5440 Eutychis
3186 5368 3540 5440 Dioscorique
3560 5367 3825 5439 pravitas

2197 5460 2542 5533 reprobatur,
2570 5469 2684 5517 tota
2728 5462 3015 5518 devotione
3044 5462 3407 5533 complector,
3438 5461 3821 5534 integerrima

2198 5555 2593 5627 approbatione
2628 5555 2909 5621 custodio;
2955 5555 3080 5626 quia
3126 5555 3183 5610 in
3230 5554 3313 5610 his
3360 5555 3509 5610 velut
3558 5556 3614 5609 in
3653 5570 3823 5625 qua-

2197 5647 2356 5705 drato
2398 5648 2575 5721 lapide
2603 5658 2804 5705 sancta
2833 5647 2955 5704 ﬁdei
2981 5656 3253 5703 structura
3277 5648 3584 5720 consurgit,
3616 5654 3672 5702 et
3696 5662 3823 5703 cu-

2191 5742 2421 5814 juslibet
2452 5744 2575 5799 vita
2614 5751 2778 5815 atque
2815 5742 3047 5799 actionis
3080 5757 3276 5798 norma
3323 5741 3594 5797 constitit.
3627 5742 3825 5810 Quis-

2197 5836 2319 5909 quis
2347 5852 2538 5893 eorum
2577 5836 2907 5894 soliditatem
2935 5851 3048 5892 non
3074 5842 3251 5905 tenet,
3280 5834 3492 5892 etiamsi
3528 5833 3661 5906 lapis
3700 5848 3823 5892 es-
