4044 6186
250 265 352 317 573

1403 265 1599 323 LIBER
1638 266 1962 329 OCTAVUS.
2000 302 2071 314 -—
2109 272 2316 329 EPIST.
2358 276 2396 329 i.

3451 281 3552 335 574

246 403 305 443 se
346 387 609 453 cernitur,
649 394 835 443 tamen
864 393 1015 443 extra
1039 384 1327 445 adiﬁcium
1358 389 1528 463 jacet.
1562 394 1835 463 Quintum
1871 404 1924 466 Α
1953 399 2169 454 lectioni
2220 415 2344 455 vero
2374 408 2487 463 tua
2531 399 2725 454 iterum
2754 400 3074 458 inculcando
3114 403 3446 460 mandamus
3494 412 3555 459 ut

246 498 466 553 quoque
495 481 793 537 concilium
843 481 1048 552 pariter
1086 498 1337 553 veneror,
1386 485 1440 541 in
1472 503 1581 559 quo
1622 489 1853 560 epistola

247 590 371 648 qua
402 575 513 632 iba
550 574 757 633 dicitur
786 574 990 631 erroris
1016 577 1175 647 plena
1204 579 1558 649 reprobatur,
1591 582 1851 640 Theodo-

244 685 340 725 rus
370 684 665 739 personam
691 666 1013 725 Mediatoris
1034 669 1139 726 Dei
1158 679 1213 726 et
1237 670 1529 729 hominum
1552 675 1607 730 in
1635 675 1856 733 duabus

242 762 564 818 substantiis
613 777 869 833 separans
915 762 985 818 ad
1033 762 1333 835 impietatis
1381 768 1663 837 perﬁdiam
1712 771 1853 825 ceci-

242 855 389 911 disse
435 856 810 926 convincitur,
842 855 1044 928 scripta
1092 872 1312 930 quoque
1364 860 1718 931 Theodoriti,
1760 879 1856 936 per

248 964 373 1022 qua
401 948 550 1004 beati
593 949 778 1021 Cyrilli
823 949 961 1005 ﬁdes
990 950 1429 1022 reprehenditur,
1459 970 1596 1011 ausu
1625 956 1854 1012 demen-

245 1044 340 1099 tia
387 1043 603 1114 prolata
656 1041 996 1099 refutantur.
1040 1045 1279 1102 Cunctas
1308 1063 1435 1103 vero
1465 1064 1600 1120 quas
1630 1049 1856 1120 prafata

245 1137 558 1193 veneranda
608 1136 835 1192 concilia
875 1153 1138 1208 personas
1178 1150 1445 1212 reSpuunt
1471 1157 1688 1214 respuo,
1722 1159 1856 1215 quas

246 1239 579 1286 venerantur
623 1231 958 1301 amplector;
1006 1232 1167 1302 quia,
1208 1232 1342 1289 dum
1388 1235 1679 1291 universali
1726 1245 1857 1292 sunt

248 1340 521 1380 consensu
552 1325 871 1391 constituta,
918 1340 977 1381 se
1016 1333 1075 1380 et
1101 1342 1219 1381 non
1278 1328 1365 1383 illa
1416 1327 1671 1395 destruit,
1703 1330 1853 1401 quis-

248 1418 373 1489 quis
400 1417 687 1489 prasumit
715 1425 810 1473 aut
837 1419 1046 1474 solvere
1093 1435 1234 1490 quos
1262 1421 1461 1492 ligant,
1508 1430 1605 1477 aut
1632 1423 1858 1496 religare

250 1527 389 1583 quos
415 1513 657 1567 solvunt.
691 1511 953 1583 Quisquis
982 1528 1110 1585 ergo
1150 1513 1297 1570 aliud
1334 1516 1503 1586 sapit,
1559 1516 1855 1573 anathema

248 1606 337 1661 sit.
385 1605 491 1661 His
527 1605 707 1676 itaque
734 1605 1056 1660 sanctissimi
1102 1606 1200 1661 viri
1257 1609 1623 1680 pracipuique
1666 1610 1855 1665 docto-

248 1700 321 1753 ris
367 1699 552 1755 verbis
596 1698 885 1769 diligenter
934 1698 1252 1766 declaratis,
1304 1701 1653 1772 prudentiam
1699 1711 1855 1758 tuam

248 1793 533 1847 charitatis
588 1790 789 1848 affectu
854 1793 1319 1874 c‘ommouendam
1386 1796 1726 1874 censuimus,
1789 1805 1854 1851 ut
1888 1780 1935 1840 Β

250 1886 557 1942 clausulam
597 1901 767 1958 quam
816 1866 988 1941 in‘illa
1019 1886 1175 1943 laude
1204 1887 1534 1960 subjungitis
1576 1866 1854 1945 {Sanctus

246 1982 429 2048 Deus,
488 1987 710 2035 sanctus
766 1977 987 2053 fortis,
1027 1988 1249 2037 sanctus
1301 1980 1653 2049 immortalis;
1691 1983 1854 2039 istam

251 2073 497 2129 videlicet
540 2093 555 2128 :
605 2074 710 2143 Qui
761 2072 1059 2129 cruciﬁxus
1102 2090 1189 2143 es,
1240 2077 1443 2143 Vorte,
1494 2092 1571 2132 es.
1622 2080 1856 2145 Hann]

251 2184 349 2239 pro
380 2167 576 2232 nobis,
622 2166 887 2239 quoniam
916 2168 1064 2223 nulla
1112 2169 1505 2234 Orientalium,
1539 2178 1735 2240 prater
1761 2186 1856 2226 ve-

252 2269 448 2326 stram,
482 2259 582 2315 sed
605 2276 705 2316 nec
744 2268 936 2316 sancta
972 2263 1225 2317 Romana
1254 2261 1424 2318 habet
1460 2262 1727 2331 Ecclesia,
1760 2280 1857 2319 vos

252 2354 424 2409 totius
467 2354 712 2410 scandali
741 2354 1085 2410 occasionem
1116 2356 1371 2426 pravique
1413 2356 1721 2413 intellectus
1762 2373 1855 2413 su-

253 2448 558 2519 spicionem
624 2448 887 2515 vitantes,
942 2448 1304 2518 superaddere
1359 2449 1425 2505 de
1480 2459 1676 2506 catero
1732 2453 1857 2507 mit-

253 2542 404 2596 tatis.
457 2541 516 2596 Si
547 2541 699 2597 enim
752 2556 850 2596 vas
896 2541 1204 2608 electionis,
1268 2542 1613 2599 beatissimus
1657 2545 1860 2600 Paulus

256 2634 322 2689 de
392 2635 676 2691 sumendis
738 2635 878 2691 cibis
947 2635 1147 2691 melius
1206 2636 1307 2692 sibi
1377 2653 1494 2693 esse
1544 2654 1655 2693 non
1708 2654 1859 2694 man-

254 2728 461 2784 ducare
498 2744 679 2799 neque
706 2728 893 2784 bibere
922 2745 1161 2800 nequam
1213 2738 1275 2786 ut
1320 2730 1491 2787 frater
1526 2730 1859 2801 scandaliza-

258 2832 415 2879 retur
433 2823 669 2879 asseruit
687 2826 749 2890 (Ι
763 2825 878 2879 Cor.
903 2828 1051 2889 vm)
1068 2865 1083 2889 ,
1105 2823 1450 2880 considerare
1469 2824 1677 2881 debetis
1691 2840 1857 2896 quam

256 2931 420 2988 grave
448 2924 502 2971 et
527 2916 897 2987 periculosum
919 2916 1019 2983 sit,
1048 2916 1136 2972 ubi
1165 2917 1369 2973 saniori
1397 2917 1668 2974 intellectu
1700 2919 1856 2974 vitari

258 3018 469 3081 potest,
515 3009 778 3065 fratribus
805 3009 875 3066 de
903 3009 1011 3065 ﬁde
1053 3010 1370 3069 scandalum
1398 3027 1675 3082 generare.
1709 3012 1855 3080 Qua-

258 3112 484 3174 propter
512 3101 820 3158 fraternitas
834 3112 927 3160 tua
952 3104 1209 3160 Ecclesiae
1236 3104 1394 3175 cujus
1422 3105 1523 3160 sibi
1544 3120 1673 3161 cura
1700 3121 1855 3160 com-

257 3198 426 3251 missa
456 3205 543 3252 est
582 3196 883 3252 tenendum
910 3204 1083 3267 putet,
1108 3206 1163 3253 et
1196 3197 1380 3252 credat
1424 3197 1681 3255 sufﬁcere
1706 3197 1859 3269 quod

259 3290 530 3345 catholica
554 3290 610 3343 in
637 3291 828 3345 orbem
849 3299 1121 3346 terrarum
1145 3289 1345 3346 diffusa
1365 3292 1629 3359 Ecclesia,
1660 3292 1861 3363 Spiritu

260 3392 451 3439 sancto
494 3384 799 3439 illustrante
831 3383 1022 3439 edocta
1044 3426 1059 3451 ,
1090 3385 1292 3440 sentire
1321 3385 1669 3457 cognoscitur
1698 3395 1754 3441 et
1778 3394 1861 3441 te-

257 3493 389 3532 nere
411 3476 736 3532 declaratur.
771 3478 854 3532 De
877 3477 1103 3548 reliquo,
1137 3478 1265 3549 quia
1287 3479 1648 3550 cognovimus
1680 3480 1864 3535 Eccle-

257 3572 399 3626 siam
433 3578 669 3625 vestram
694 3586 886 3642 azyma
914 3571 1250 3638 sacriﬁcare,
1282 3580 1335 3627 et
1364 3572 1435 3628 ob
1466 3572 1567 3627 hoc
1595 3589 1624 3627 a
1655 3573 1863 3629 Gracis

260 3665 527 3720 duntaxat
565 3664 828 3734 imperitis
857 3664 1008 3735 quasi
1033 3664 1103 3719 de
1148 3664 1338 3721 haresi
1384 3665 1737 3737 reprehendi,
1770 3682 1862 3721 vo-

257 3758 452 3813 lumus
479 3772 577 3812 vos
606 3756 675 3812 de
700 3757 989 3812 temeraria
1032 3759 1350 3829 garrulitate
1377 3760 1596 3815 illorum
1623 3761 1861 3814 multum

250 3850 471 3920 mirari,
496 3849 593 3905 sed
614 3866 717 3906 nec
735 3850 803 3905 ab
824 3850 1075 3906 instituto
1092 3849 1354 3907 desistere
1370 3894 1384 3919 ,
1406 3852 1645 3908 scientes
1668 3868 1859 3907 eorum

255 3944 657 4017 procacitatem
680 3960 793 3999 non
824 3943 993 4000 modo
1023 3942 1176 3999 vobis
1199 3943 1340 3999 hanc
1366 3945 1508 4000 velut
1530 3946 1862 4001 calumniam

254 4038 534 4108 objicere,
564 4054 751 4093 verum
779 4039 948 4094 etiam
975 4037 1043 4093 de
1070 4037 1229 4093 simili
1253 4053 1445 4105 causa,
1474 4040 1707 4110 graviori
1732 4055 1860 4095 vero

256 4131 489 4202 injuria,
518 4130 801 4203 hucusque
827 4141 1015 4188 contra
1045 4139 1293 4186 sanctam
1323 4134 1636 4186 Romanam
1672 4133 1863 4188 Eccle-

251 4226 404 4280 siam
431 4224 714 4296 insurgere
727 4267 744 4293 ,
765 4240 889 4297 qua
908 4241 1005 4296 per
1023 4225 1246 4280 beatum
1264 4226 1489 4279 Petrum
1504 4266 1519 4291 ,
1547 4225 1697 4295 quasi
1719 4242 1864 4297 quo—

253 4318 392 4373 dam
419 4318 725 4390 privilegio,
747 4319 815 4374 ab
843 4318 972 4389 ipsis
989 4317 1117 4373 ﬁdei
1138 4318 1456 4389 primordiis
1482 4334 1514 4373 a
1534 4319 1738 4373 sanctis
1766 4321 1863 4375 Pa-

252 4410 447 4465 tribus
474 4411 721 4467 omnium
749 4420 927 4466 mater
960 4411 1327 4467 Ecclesiarum
1356 4411 1680 4479 adstruitur,
1713 4420 1769 4467 et
1793 4412 1863 4468 ita

1958 492 2029 548 de
2057 494 2458 566 suprascriptis,
2490 500 2545 547 et
2577 492 2645 548 de
2676 494 2798 557 aliis
2819 510 2943 565 qua
2980 496 3050 551 ad
3080 496 3245 552 ﬁdem
3284 498 3554 569 pertinere

1958 594 2278 647 cernuntur.
2324 586 2560 657 qualiter
2588 596 2771 642 teneas
2801 603 2895 659 per
2923 598 3295 647 memoratum
3324 590 3555 662 presby—

1957 688 2161 746 terum,
2191 688 2289 735 aut
2314 695 2408 751 per
2430 680 2596 735 alium
2626 680 2884 737 idoneum
2913 683 3172 739 nuntium
3199 691 3323 739 tuas
3346 684 3416 740 ad
3450 700 3554 740 nos
3618 726 3621 729 ς

1958 774 2166 830 litteras
2210 773 2430 829 mittere
2452 774 2688 829 studeas.
2717 777 2947 847 Insuper
2970 776 3156 843 etiam,
3203 777 3334 832 licet
3376 777 3555 833 soler—

1958 867 2099 923 tiam
2131 875 2284 923 tuam
2304 866 2446 922 bene
2472 866 2692 922 doctam
2722 868 3036 937 credamus,
3059 885 3125 925 ex
3147 870 3329 926 debito
3370 879 3555 926 tamen

1961 978 2081 1017 eam
2105 960 2380 1016 charitatis
2402 958 2604 1015 affectu
2645 962 2826 1031 paucis
2853 977 3169 1029 monemus,
3199 964 3349 1035 quasi
3380 963 3555 1019 distri-

1961 1056 2033 1109 cti
2077 1053 2345 1109 examinis
2370 1052 2513 1107 diem
2545 1068 2760 1124 semper
2796 1070 2910 1124 pra
2942 1055 3110 1111 oculis
3138 1056 3366 1125 habens,
3404 1073 3556 1112 com-

1961 1148 2143 1204 missa
2171 1147 2272 1203 sibi
2302 1146 2686 1202 sollicitudinis
2708 1148 2979 1203 sarcinam
3005 1149 3232 1221 cogitet;
3261 1159 3343 1219 et,
3383 1166 3551 1221 quan-

1961 1251 2080 1299 tum
2108 1243 2264 1297 illum
2295 1242 2415 1297 sine
2443 1239 2698 1296 dilatione
2728 1241 2974 1297 celeriter
3019 1242 3400 1313 approximare
3430 1260 3558 1299 con-

1962 1334 2188 1400 siderat,
2219 1342 2369 1388 tanto
2399 1333 2466 1389 de
2495 1331 2770 1389 reddenda
2813 1334 3063 1405 pecunia
3093 1333 3299 1389 ratione
3329 1350 3559 1406 propen-

1962 1430 2081 1484 sius
2128 1427 2345 1499 vigilare
2390 1442 2504 1481 non
2531 1427 2771 1498 negligat
2810 1443 2917 1498 quo
2957 1443 3177 1483 severus
3220 1430 3556 1497 Faenerator,

1962 1521 2217 1593 idemque
2244 1519 2453 1590 rigidus
2472 1520 2691 1575 Arbiter
2718 1536 2832 1575 non
2860 1520 2927 1575 de
2948 1521 3091 1575 male
3116 1519 3323 1577 infosso
3352 1522 3559 1578 talento

1966 1615 2095 1687 quid
2132 1615 2356 1685 deputet
2384 1613 2557 1684 poenis
2579 1613 2839 1681 inveniat,
2866 1614 2961 1669 sed
2984 1613 3051 1669 de
3092 1614 3455 1685 multiplicato
3480 1616 3559 1670 lu-
3662 1636 3667 1637 ν

1965 1724 2059 1763 cro
2088 1706 2340 1762 arridens
2362 1706 2546 1761 vos’ad
2576 1705 2813 1761 fructum
2843 1706 3017 1763 beata
3036 1707 3409 1762 retributionis
3438 1723 3559 1779 per-

1965 1799 2285 1873 cipiendum
2301 1801 2515 1855 invitet.
2544 1790 2911 1871 Omnipotens
2932 1804 3102 1869 Deus,
3128 1800 3285 1872 cujus
3304 1809 3388 1856 est
3409 1802 3561 1873 quid-

1964 1894 2097 1966 quid
2152 1902 2298 1949 recte
2351 1894 2618 1965 sapimus,
2672 1893 2940 1948 sentimus
2991 1901 3046 1948 et
3090 1893 3386 1961 credimus,
3440 1895 3557 1967 ipse

1963 1995 2211 2043 mentem
2257 1995 2367 2042 tua
2412 1985 2765 2041 fraternitatis
2806 1986 3028 2041 uberius
3056 1986 3420 2051 illuminand‘o
3464 2002 3561 2058 per

1964 2081 2082 2136 sani
2116 2081 2428 2136 intellectus
2455 2078 2733 2133 tramitem
2774 2077 2991 2150 dirigat,
3033 2088 3092 2134 et
3134 2080 3271 2134 tein
3301 2079 3559 2135 concordi

1964 2174 2208 2231 ﬁdelium
2236 2174 2443 2229 unitate
2490 2187 2819 2228 conservans
2847 2173 2922 2227 ita
2967 2171 3234 2243 gubernet
3272 2181 3433 2244 atque
3462 2189 3558 2228 cu-

1965 2268 2171 2324 stodiat
2200 2276 2261 2323 ut
2288 2276 2344 2322 et
2367 2266 2641 2338 subjectos
2668 2266 2763 2320 tibi
2793 2266 3024 2337 populos
3052 2264 3345 2321 efﬁcaciter
3378 2265 3450 2321 de
3474 2265 3560 2321 di-

1969 2363 2086 2417 vina
2114 2362 2344 2417 scientia
2366 2360 2535 2432 possit
2555 2360 2846 2426 instruere,
2878 2368 2930 2414 et
2955 2376 3080 2415 cum
3113 2359 3246 2431 ipsis
3270 2360 3559 2430 sempiter-

1968 2474 2095 2513 nam
2128 2458 2358 2528 gloriam
2408 2454 2638 2528 ingredi,
2694 2471 2793 2527 pro
2842 2454 2921 2510 eis
2969 2469 3094 2510 vero
3125 2455 3297 2510 valeas
3338 2452 3561 2525 pramia

1967 2566 2185 2607 summa
2230 2551 2529 2621 percipere.

2040 2647 2181 2699 Data
2206 2651 2396 2698 octavo
2414 2642 2544 2698 Idus
2568 2641 2743 2696 Junii.

2258 2740 2415 2802 (400)
2444 2739 2825 2791 Juramentum
2854 2737 3076 2793 Roberti
3101 2737 3273 2793 ducis.

2043 2835 2156 2903 Ego
2181 2830 2478 2897 Robertus,
2510 2829 2611 2883 Dei
2641 2831 2813 2901 gratia
2843 2836 2896 2885 et
2926 2831 3092 2886 sancti
3121 2832 3291 2894 Petri,
3324 2831 3567 2902 Apulia,

1970 2934 2026 2980 et
2048 2924 2311 2981 Calabria
2341 2930 2395 2978 et
2441 2922 2638 2977 Sicilia
2663 2921 2799 2989 dux,
2826 2923 2897 2978 ab
2933 2924 3033 2979 hac
3064 2924 3196 2979 hora
3227 2934 3282 2979 et
3304 2924 3563 2995 deinceps

1962 3034 2056 3073 ero
2084 3016 2255 3072 ﬁdelis
2282 3024 2484 3071 sancta
2515 3018 2785 3071 Romana
2826 3016 3107 3084 Ecclesia,
3150 3024 3206 3072 et
3249 3016 3564 3088 apostolica

1886 3141 1929 3203 Ο
1968 3111 2087 3167 sedi
2116 3119 2170 3165 et
2198 3108 2562 3177 tibi,domino
2592 3124 2720 3165 meo
2751 3110 3013 3183 Gregorio
3054 3109 3339 3165 universali
3385 3123 3559 3180 papa.

1972 3210 2034 3261 In
2063 3203 2293 3261 consilio
2318 3204 2403 3259 vel
2435 3203 2596 3271 facto,
2640 3202 2783 3258 unde
2805 3204 2968 3258 vitam
2993 3212 3087 3259 aut
3112 3203 3421 3259 membrum
3451 3218 3563 3273 per-

1971 3299 2091 3366 das,
2119 3298 2202 3353 vel
2227 3304 2418 3367 captus
2439 3296 2515 3350 sis
2534 3296 2676 3350 mala
2701 3296 2950 3366 captione
2969 3313 3083 3352 non
3103 3312 3219 3353 ero.
3238 3295 3561 3360 Consilium,

1970 3391 2118 3461 quod
2145 3390 2281 3445 mihi
2306 3387 2598 3444 credideris
2626 3397 2681 3444 et
2709 3389 3100 3446 contradixeris
3126 3406 3197 3445 ne
3223 3389 3357 3444 illud
3385 3389 3561 3443 mani-

1969 3482 2190 3548 festem,
2236 3498 2351 3537 non
2397 3481 2758 3537 manifestabo
2807 3482 2877 3538 ad
2928 3492 3086 3538 tuum
3132 3482 3421 3548 damnum,
3476 3497 3564 3536 me

1970 3578 2198 3632 sciente.
2247 3578 2460 3631 Sancta
2499 3578 2771 3631 Romana
2816 3577 3075 3633 Ecclesia
3110 3576 3314 3648 tibique
3346 3575 3565 3647 adjutor

1970 3686 2065 3726 ero
2094 3670 2162 3726 ad
2184 3668 2502 3737 tenendum,
2530 3669 2948 3740 acquirendum,
2972 3678 3026 3749 et
3043 3668 3454 3725 defendendum
3482 3685 3565 3724 re-

1970 3764 2114 3836 galia
2157 3763 2332 3818 sancti
2390 3763 2559 3832 Petri,
2606 3762 2833 3835 ejusque
2872 3764 3245 3834 possessiones
3289 3778 3389 3834 pro
3437 3777 3566 3817 meo

1971 3872 2131 3929 posse
2164 3865 2357 3912 contra
2387 3872 2581 3912 omnes
2615 3855 2886 3923 homines,
2930 3865 3161 3929 excepta
3181 3864 3333 3928 parte
3355 3855 3567 3911 Firma-

1970 3965 2058 4006 na
2084 3948 2361 4019 marchia,
2389 3958 2446 4005 et
2471 3950 2697 4005 Salerno
2719 3959 2882 4021 atque
2906 3949 3182 4022 Amalphi,
3211 3950 3359 4006 unde
3387 3948 3567 4005 adhuc

1969 4042 2109 4098 facta
2138 4060 2250 4099 non
2289 4051 2372 4098 est
2399 4041 2661 4109 deﬁnitio,
2694 4051 2750 4098 et
2793 4042 3066 4114 adjuvabo
3102 4051 3155 4098 te
3196 4051 3260 4098 ut
3286 4058 3473 4097 secure
3510 4049 3569 4096 et

1972 4136 2267 4192 honoriﬁce
2296 4144 2481 4191 teneas
2511 4144 2771 4207 papatum
2801 4139 3136 4191 Romanum.
3166 4137 3391 4191 Terram
3433 4137 3567 4191 San-

1971 4231 2040 4284 cti
2087 4229 2253 4297 Petri,
2281 4245 2449 4300 quam
2478 4245 2622 4283 nunc
2649 4237 2823 4295 tenes,
2854 4230 2941 4284 vel
2970 4229 3256 4285 habiturus
3304 4243 3385 4295 es,
3414 4236 3564 4299 post-

1971 4337 2138 4393 quam
2171 4322 2381 4377 scivero
2409 4330 2520 4377 tua
2554 4337 2670 4376 esse
2701 4322 3002 4391 potestatis,
3044 4338 3148 4376 nec
3178 4320 3439 4376 invadere
3462 4336 3568 4376 nec

1973 4415 2250 4486 acquirere
2280 4430 2546 4487 quaram,
2577 4430 2677 4470 nec
2705 4413 2867 4469 etiam
2907 4414 3208 4485 depradari
3232 4429 3563 4485 prasumam

254 4519 438 4575 usque
467 4504 522 4559 in
553 4503 717 4560 ﬁnem
741 4520 957 4575 semper
980 4503 1272 4559 habebitur
1299 4522 1313 4559 :
1344 4505 1401 4559 in
1431 4520 1537 4576 qua
1558 4505 1743 4561 nullus
1766 4522 1864 4561 un-
1897 4524 1941 4585 [)
1971 4510 2172 4579 absque
2193 4518 2284 4564 tua
2312 4518 2642 4579 tuorumque
2664 4522 3065 4573 successorum,
3087 4507 3176 4578 qui
3196 4505 3266 4561 ad
3294 4505 3565 4562 honorem

253 4614 436 4671 quam
464 4597 747 4653 hareticus
779 4597 1057 4668 praefuisse
1084 4596 1447 4669 dignoscitur,
1488 4614 1591 4654 nec
1618 4615 1865 4670 unquam

254 4691 705 4763 praﬁciendum,
736 4690 1045 4762 prasertim
1063 4691 1310 4746 Domino
1332 4691 1682 4762 promittente
1699 4735 1714 4759 ,
1736 4709 1866 4749 con-

253 4785 509 4842 ﬁdimus.
549 4786 639 4839 Ait
656 4785 807 4840 enim
824 4784 1099 4840 Dominus
1114 4786 1144 4838 J
1148 4800 1274 4840 esus
1302 4803 1315 4838 :
1343 4788 1454 4853 Ego
1464 4802 1566 4855 pro
1587 4790 1637 4840 te
1651 4789 1836 4854 rogavi
1846 4830 1864 4850 ,

255 4883 444 4944 Patre,
473 4882 661 4932 utnon
681 4878 891 4946 deﬁciat
916 4878 1045 4947 ﬁdes
1066 4884 1161 4933 tua
1181 4878 1521 4950 (Luc.xxn).
1548 4880 1618 4933 Et
1643 4878 1717 4933 illi
1741 4878 1867 4949 qui-

254 4972 395 5028 dem
414 4986 577 5026 suum
602 4969 988 5026 fermentatum
1005 4971 1473 5038 commendantes,
1492 4972 1874 5043 reprehensio.

250 5065 357 5120 nis
379 5064 434 5119 in
452 5080 555 5120 nos
584 5064 853 5120 levissima
878 5064 1042 5120 verba
1070 5065 1472 5120 contumaciter
1497 5064 1731 5136 joculari
1752 5083 1865 5123 non

253 5158 539 5215 desinunt.
572 5160 688 5214 Nos
716 5173 846 5214 vero
874 5173 1127 5230 azymum
1156 5166 1409 5223 nostrum
1452 5158 1867 5231 inexpugnabili

254 5252 569 5309 secundum
608 5252 919 5308 Dominum
969 5251 1178 5307 ratione
1211 5250 1589 5318 defendentes,
1622 5253 1863 5323 ipsorum

258 5344 654 5402 fermentatum
698 5362 804 5401 nec
832 5345 1205 5416 vituperamus
1232 5360 1334 5400 nec
1360 5346 1743 5417 reprobamus,
1777 5363 1863 5403 se-

259 5447 496 5509 quentes
544 5440 882 5511 Apostolum
928 5438 1208 5494 dicentem
1248 5439 1469 5494 mundis
1515 5456 1635 5495 esse
1687 5444 1866 5495 omnia

260 5532 469 5585 munda
492 5533 635 5603 (Tit.
672 5537 747 5599 ι).
790 5532 896 5587 Sed
925 5531 992 5587 ad
1026 5531 1393 5603 detegendam
1424 5540 1481 5587 et
1507 5542 1864 5590 contemnen-

258 5624 394 5681 dam
410 5626 737 5683 Gracorum
756 5625 1125 5682 temeritatem
1151 5614 1298 5681 nunc
1320 5626 1423 5681 ista
1445 5624 1743 5684 sufﬁciant.
1772 5628 1863 5684 Di-

1973 4603 2144 4658 sancti
2190 4601 2331 4658 Petri
2366 4600 2600 4657 ordinati
2634 4600 2863 4666 fuerint,
2910 4609 3055 4656 certa
3103 4599 3337 4662 licentia,
3367 4607 3565 4670 prater

1974 4696 2122 4750 illam
2170 4711 2340 4767 quam
2383 4702 2444 4749 tu
2488 4694 2622 4748 mihi
2666 4692 2957 4763 concedes,
3000 4693 3082 4749 vel
3129 4692 3206 4748 tui
3252 4694 3565 4749 concessuri

1974 4798 2100 4844 sunt
2130 4803 2489 4844 successores.
2534 4788 2862 4842 Pensionem
2900 4786 2968 4843 de
2996 4796 3140 4842 terra
3181 4788 3363 4843 Sancti
3394 4788 3564 4855 Petri,

1974 4897 2135 4952 quam
2164 4897 2264 4953 ego
2287 4890 2449 4936 teneo
2473 4890 2567 4936 aut
2595 4880 2812 4948 tenebo,
2841 4880 2980 4937 sicut
2998 4888 3262 4937 statutum
3289 4889 3391 4947 est,
3417 4889 3564 4937 recta

1974 4974 2081 5031 ﬁde
2126 4974 2357 5030 studebo
2386 4982 2447 5030 ut
2472 4974 2625 5030 illam
2648 4973 2953 5030 annualiter
2977 4981 3159 5030 sancta
3188 4977 3445 5031 Romana
3470 4974 3566 5031 ha-

1972 5068 2097 5124 beat
2120 5068 2374 5124 Ecclesia.
2413 5070 2620 5125 Omnes
2643 5084 2860 5140 quoque
2880 5069 3168 5138 Ecclesias,
3197 5084 3321 5141 qua
3343 5070 3403 5124 in
3444 5084 3566 5124 mea

1972 5162 2272 5233 persistunt
2310 5161 2689 5218 dominatione
2720 5177 2847 5217 cum
2884 5162 3104 5218 illarum
3135 5161 3567 5233 possessionibus

1973 5254 2247 5311 dimittam
2269 5255 2326 5311 in
2347 5264 2441 5311 tua
2468 5264 2754 5327 potestate,
2775 5264 2831 5311 et
2860 5254 3117 5311 defensor
3139 5271 3233 5311 ero
3258 5256 3469 5310 illarum
3496 5253 3565 5309 ad

1970 5349 2291 5405 ﬁdelitatem
2311 5358 2518 5405 sancta
2546 5352 2817 5406 Romana
2833 5350 3106 5406 Ecclesia.
3132 5352 3201 5405 Et
3224 5349 3269 5404 si
3293 5356 3352 5403 tu
3380 5348 3461 5403 vel
3488 5346 3565 5402 tui

1970 5458 2313 5499 successores
2334 5453 2465 5500 ante
2496 5459 2590 5499 me
2617 5460 2681 5498 ex
2707 5444 2808 5499 hac
2826 5444 2939 5499 vita
2967 5442 3347 5514 migraveritis,
3370 5456 3568 5496 secun-

1971 5535 2104 5591 dum
2132 5536 2280 5607 quod
2310 5538 2548 5592 monitus
2571 5536 2726 5592 fuero
2750 5553 2781 5593 a
2822 5536 3135 5592 melioribus
3174 5534 3563 5599 cardinalibus,

1970 5628 2185 5685 clericis
2219 5631 2487 5686 Romanis
2526 5640 2581 5685 et
2627 5631 2795 5698 laicis,
2840 5629 3108 5703 adjuvabo
3138 5638 3202 5685 ut
3235 5642 3372 5699 papa
3404 5626 3567 5697 eliga-

333 5813 488 5883 (400)
516 5816 637 5870 Hoc
657 5814 1041 5886 juramentum
1061 5814 1132 5872 ad
1150 5819 1406 5871 an.1077
1435 5815 1713 5887 pertinere
1737 5816 2022 5875 contendit
2044 5818 2262 5889 Pagius,
2291 5818 2361 5875 ad
2390 5834 2483 5874 an.
2509 5817 2612 5874 Ch.
2642 5823 2799 5884 1080,
2830 5832 2887 5869 n.
2917 5820 2969 5869 5.
