4044 6186
489 260 588 311 575
607 319 609 322 ⁴

1162 255 1217 311 S.
1260 254 1579 310 GREGORII
1619 255 1706 308 νη
1747 255 1941 308 PAP/E
1978 251 2254 308 OPERUM
2290 251 2463 307 PARS
2501 252 2542 305 Ι.
2579 279 2652 293 --
2686 249 3086 306 REGISTRUM.

2297 125 2334 146 θ

3669 254 3768 306 576

485 390 575 436 tur
597 388 652 436 et
679 379 957 436 ordinetur
986 379 1054 434 ad
1084 379 1346 433 honorem
1373 379 1540 434 sancti
1587 379 1752 433 Petri.
1784 355 1919 434 Hac
1944 393 2070 432 om-
2101 380 2152 442 Α
2179 349 2332 447 potes
2374 390 2723 448 cognoscere.
2770 374 2878 443 Qui
2901 373 3167 431 nimirum
3194 358 3490 443 Robertus,
3533 349 3771 431 Simonis

485 475 576 530 nia
622 475 982 545 suprascripta
1033 471 1334 527 observabo
1361 480 1561 527 sancta
1591 475 1858 527 Romana
1889 471 2072 526 Eccle-

485 569 600 636 sia,
652 576 706 623 et
754 567 851 622 tibi
894 581 1020 621 cum
1067 573 1213 620 recta
1267 564 1398 633 ﬁde,
1451 574 1508 621 et
1559 565 1701 619 hanc
1753 564 2072 620 ﬁdelitatem

483 660 783 718 observabo
833 659 940 714 tuis
998 658 1400 714 successoribus
1450 657 1522 714 ad
1584 658 1852 714 honorem
1901 657 2071 712 sancti

483 754 625 812 Petri
672 752 960 821 ordinatis,
1003 753 1096 824 qui
1143 752 1301 815 mihi,
1345 753 1388 807 si
1439 768 1561 808 mea
1605 752 1761 823 culpa
1811 767 1924 805 non
1984 767 2068 806 re-

482 846 765 914 manserit,
815 839 1158 902 ﬁrmaverint
1185 845 1560 902 investituram
1607 862 1638 901 a
1685 853 1740 901 te
1768 845 1904 900 mihi
1944 861 2072 901 con-

481 955 686 996 cessam
697 983 709 996 .

552 1040 754 1092 Actum
788 1034 1039 1107 Ciprani,
1062 1035 1224 1090 tertio
1250 1032 1533 1090 Kalendas
1561 1033 1710 1090 Julii.

550 1155 887 1208 Investitura
916 1153 1122 1207 domini
1144 1153 1392 1220 Gregorii
1412 1168 1593 1222 papa,
1617 1168 1726 1220 qua
1751 1152 2034 1206 Robertum

1009 1224 1195 1278 ducem
1233 1226 1529 1278 investivit.

546 1343 662 1412 Ego
692 1340 987 1412 Gregorius
1015 1355 1151 1412 papa
1189 1339 1418 1395 investio
1443 1348 1519 1408 te,
1560 1339 1802 1394 Roberte
1828 1338 1964 1407 dux,
2003 1338 2071 1393 de

475 1443 619 1488 terra
650 1449 814 1504 quam
838 1434 936 1488 tibi
984 1442 1367 1488 concesserunt
1397 1441 1764 1487 antecessores
1802 1432 1908 1487 mei
1942 1447 2070 1488 san-

478 1535 581 1582 cta
609 1526 892 1582 memoria
916 1526 1172 1582 Nicolaus
1205 1535 1258 1581 et
1292 1525 1613 1581 Alexander.
1647 1528 1732 1580 De
1769 1525 1853 1580 illa
1884 1534 2070 1580 autem

476 1629 620 1675 terra
671 1635 835 1690 quam
891 1619 1091 1691 iniuste
1145 1627 1321 1686 tenes,
1376 1619 1518 1674 sicut
1550 1627 1633 1674 est
1685 1619 1963 1686 Salernus,
2019 1628 2074 1675 et

2184 469 2325 542 Magi
2352 469 2595 525 imitator
2635 467 2832 536 factus,
2863 476 3061 540 quanta
3103 469 3280 539 potuit
3309 468 3656 541 malignitatis
3683 484 3776 522 as-

2181 563 2320 619 tutia
2364 562 2624 620 adversus
2661 563 2802 617 beati
2831 562 2974 617 Petri
3014 561 3400 617 auctoritatem
3445 577 3558 617 non
3588 562 3778 617 timuit

2180 659 2476 730 insurgere,
2531 665 2586 713 et
2634 665 2859 713 centum
2885 655 3050 712 millia
3092 655 3406 723 hominum,
3451 656 3540 728 qui
3571 655 3779 712 laboris

2179 753 2351 810 nostri
2382 752 2658 824 diligentia
2687 751 2757 807 ad
2796 751 2941 806 viam
2978 751 3215 806 veritatis
3251 750 3424 807 redire
3471 760 3773 823 coeperant,

2179 861 2273 917 per
2302 845 2703 917 suggestionem
2730 859 2883 899 suam
2920 843 2977 900 in
3019 843 3308 915 pristinum
3337 859 3585 900 errorem
3613 842 3779 899 redu-

2180 954 2322 994 cere.
2355 938 2528 1009 Cujus
2563 937 2836 1009 iniquitati
2864 952 2975 992 non
3003 937 3187 992 solum
3211 944 3263 992 te
3292 937 3628 993 consensisse
3658 951 3780 993 non

2179 1031 2474 1099 credimus,
2521 1047 2712 1087 verum
2740 1031 2906 1087 etiam
2932 1046 3031 1103 pro
3062 1029 3396 1086 immanitate
3424 1030 3642 1086 sceleris
3667 1046 3780 1086 no-

2179 1125 2391 1182 biscum
2415 1125 2638 1193 tristari,
2666 1133 2719 1180 et
2755 1124 2824 1181 ad
2854 1125 3215 1181 exercendam
3245 1124 3484 1180 debitam
3511 1125 3780 1180 ultionem

2180 1221 2432 1276 animum
2460 1219 2658 1274 habere
2706 1219 3083 1290 intelligimus,
3130 1218 3436 1290 prasertim
3477 1234 3605 1274 cum
3647 1218 3779 1273 ﬁdei

2177 1323 2380 1370 nostra
2417 1313 2705 1386 antiquum
2746 1311 2988 1383 prabeas
3013 1313 3446 1384 experimentum
3471 1311 3540 1368 de
3565 1311 3781 1368 honore

2181 1417 2385 1463 sancta
2417 1411 2687 1462 Romana
2715 1406 2972 1463 Ecclesia
2992 1405 3136 1461 idem
3163 1405 3454 1461 nobiscum
3475 1405 3689 1472 sentire,
3712 1414 3777 1461 et

2179 1501 2246 1556 ad
2301 1500 2709 1556 exsecutionem
2748 1498 3000 1572 justitia,
3039 1514 3182 1569 qua,
3235 1497 3557 1570 frigescente
3589 1498 3774 1554 chari-

2181 1605 2312 1663 tate,
2353 1595 2469 1667 jam
2499 1611 2638 1665 pene
2667 1593 2828 1649 terris
2857 1593 3107 1661 excessit,
3140 1593 3448 1648 libertatem
3485 1592 3779 1648 rectitudi-

478 1685 768 1784 Amalphia
812 1721 866 1767 et
921 1685 1043 1783 pars
1072 1685 1330 1768 marchia
1361 1713 1636 1768 Firmana
1658 1753 1673 1777 ,
1702 1728 1847 1767 nunc
1891 1685 1958 1766 te
1976 1728 2072 1783 pa-
2103 1710 2151 1771 Β
2181 1690 2272 1784 nisi
2300 1703 2624 1784 Γθδθτῗξδδθ
2660 1687 2747 1742 Ab
2796 1687 2896 1742 hac
2916 1687 3109 1784 Ptique
3139 1687 3302 1784 animi
3327 1695 3586 1784 σθηθίῗρῖδ
3610 1685 3779 1784 θεῷ’

474 1806 673 1862 tienter
720 1805 985 1873 sustineo,
1041 1806 1095 1860 in
1141 1804 1470 1861 conﬁdentia
1522 1805 1624 1860 Dei
1679 1805 2073 1875 omnipotentis

481 1907 538 1954 et
582 1907 691 1954 tua
739 1899 1019 1962 bonitatis,
1071 1905 1131 1953 ut
1185 1907 1244 1953 tu
1294 1907 1479 1969 postea
1533 1896 1730 1952 exinde
1776 1895 1846 1951 ad
1896 1897 2072 1952 hono-

475 2007 595 2046 rem
643 1993 744 2046 Dei
787 2000 840 2047 et
869 1991 1040 2046 sancti
1088 1992 1237 2046 Petri
1283 1992 1357 2046 ita
1385 2001 1440 2046 te
1491 1990 1714 2062 habeas,
1757 1990 1902 2045 sicut
1928 1998 1982 2044 et
2021 1998 2076 2046 te

475 2100 633 2157 agere
660 2093 826 2139 etme
848 2084 1123 2158 suscipere
1146 2083 1302 2140 decet
1330 2085 1449 2140 sine
1469 2084 1710 2156 periculo
1739 2084 1938 2138 animae
1963 2091 2072 2139 tua

477 2185 531 2232 et
559 2192 718 2232 mea.

547 2275 752 2326 Actum
773 2280 835 2326 ut
854 2286 1036 2343 supra.

479 2386 798 2442 Constitutio
823 2387 1086 2441 reddendi
1112 2402 1315 2454 census,
1335 2390 1398 2442 in
1424 2389 1513 2442 die
1540 2392 1938 2444 resurrectionis
1969 2391 2070 2443 Do-

548 2461 684 2511 mini
710 2459 984 2512 duodecim
1009 2460 1251 2513 videlicet
1283 2460 1632 2513 denariorum
1663 2464 1934 2529 Papiensis
1961 2475 2073 2514 mo-

546 2535 703 2597 netae,
746 2529 811 2583 de
838 2534 948 2583 tota
981 2530 1207 2599 Apulia,
1253 2532 1500 2586 Calabria
1538 2537 1588 2585 et
1617 2533 1818 2587 Sicilia.

550 2647 663 2716 Ego
700 2644 998 2710 Robertus,
1032 2645 1132 2699 Dei
1161 2645 1329 2718 gratia
1353 2654 1407 2702 et
1435 2647 1605 2701 sancti
1635 2647 1803 2715 Petri,
1836 2647 2070 2718 Apulia,

477 2745 532 2792 et
549 2737 812 2793 Calabria
835 2747 891 2792 et
911 2738 1100 2793 Sicilia
1128 2738 1266 2804 dux,
1299 2737 1366 2794 ad
1393 2738 1875 2796 conﬁrmationem
1903 2739 2070 2795 tradi-

474 2830 638 2885 tionis
667 2838 723 2886 et
749 2830 816 2885 ad
855 2831 1279 2901 recognitionem
1308 2831 1603 2899 ﬁdelitatis,
1635 2832 1704 2888 de
1747 2834 1898 2888 omni
1928 2842 2071 2888 terra

473 2938 634 2994 quam
663 2938 764 2993 ego
789 2931 950 2978 teneo
978 2924 1194 2995 proprie
1222 2925 1324 2980 sub
1368 2925 1614 2980 dominio
1643 2942 1792 2994 meo,
1821 2935 1875 2982 et
1902 2942 2070 2998 quam

473 3015 652 3070 adhuc
679 3015 816 3071 nulli
842 3017 1396 3073 Ultramontanorum
1417 3019 1494 3073 ita
1516 3019 1758 3074 concessi
1781 3027 1841 3074 ut
1864 3027 2065 3087 teneat,

2178 1783 2372 1838 tudine
2395 1781 2578 1836 nullus
2600 1797 2810 1849 rumor,
2836 1780 2983 1836 nulla
3011 1780 3285 1852 suggestio
3315 1780 3515 1851 poterit
3550 1795 3648 1835 nos
3681 1778 3775 1834 di-

2179 1878 2395 1944 vellere;
2422 1876 2516 1933 sed
2559 1891 2740 1948 neque
2770 1875 2868 1942 illi,
2909 1875 3000 1946 qui
3035 1874 3104 1930 de
3135 1873 3323 1930 multis
3357 1873 3646 1930 adversum
3674 1889 3776 1929 vos

2178 1971 2414 2042 negotiis
2445 1977 2809 2036 murmurant,
2851 1977 2981 2022 ante
3009 1975 3226 2040 tempus
3254 1967 3508 2023 fraterna
3535 1967 3775 2023 collocu-

2180 2064 2346 2120 tionis
2385 2063 2455 2119 ad
2469 2062 2861 2134 suSpicandum
2891 2060 3035 2117 aliud
3071 2069 3335 2133 poterunt
3361 2060 3522 2116 nobis
3544 2060 3777 2116 scanda-

2181 2159 2294 2214 lum
2319 2170 2596 2229 generare.
2627 2158 2789 2224 Nam,
2815 2164 2876 2210 ut
2912 2155 2979 2211 de
3002 2155 3119 2210 aliis
3153 2164 3447 2221 taceamus,
3480 2170 3613 2226 pene
3653 2171 3778 2210 om-

2179 2267 2277 2307 nes
2305 2251 2398 2323 qui
2419 2251 2704 2306 nobiscum
2730 2259 2862 2305 sunt
2882 2249 3099 2316 fratres,
3119 2249 3224 2304 nisi
3252 2248 3408 2304 freno
3435 2248 3654 2304 rationis
3671 2264 3775 2304 no-

2180 2354 2308 2400 stra
2338 2345 2726 2411 retinerentur,
2755 2358 3005 2398 amorem
3035 2342 3102 2398 ab
3130 2343 3209 2398 eis
3249 2343 3370 2398 loco
3397 2351 3580 2398 vestro
3623 2341 3781 2398 exhi-

2178 2437 2354 2494 bitum
2380 2437 2434 2492 in
2462 2453 2683 2509 gravem
2715 2436 3050 2492 inimicitiam
3071 2437 3495 2492 convertissem.
3526 2438 3776 2507 Quapro-

2182 2541 2321 2603 pter,
2373 2531 2608 2587 salutem
2656 2539 2892 2586 vestram
2947 2530 3090 2586 sicut
3139 2537 3410 2598 nostram,
3466 2529 3773 2602 diligentes,

2180 2640 2480 2681 monemus
2527 2633 2590 2679 ut
2631 2623 2881 2679 subditos
2923 2632 3134 2678 vestros
3171 2623 3522 2693 corrigentes,
3576 2622 3774 2694 hujus-

2182 2718 2333 2773 modi
2355 2717 2809 2774 murmurationis
2828 2717 3172 2773 occasionem
3193 2716 3515 2788 religionem
3538 2724 3773 2771 vestram

2180 2811 2528 2882 diligentibus
2557 2811 2719 2867 nobis
2742 2826 2854 2866 non
2885 2810 3194 2881 prabeatis.
3238 2809 3550 2881 Specialiter
3579 2818 3766 2865 autem

2178 2905 2537 2961 admonemus
2560 2914 2622 2960 ut
2657 2903 2967 2959 Robertum
2992 2904 3168 2968 illum,
3199 2902 3287 2974 qui
3305 2903 3627 2975 supradicta
3669 2902 3774 2957 ini-

2177 2998 2395 3069 quitatis
2447 3007 2637 3053 auctor
2682 2996 2913 3065 exstitit,
2961 2997 3053 3068 qui
3112 2996 3379 3052 diabolica
3425 2996 3776 3068 suggestione

474 3108 732 3180 promitto
785 3125 874 3165 me
896 3110 1199 3166 annualiter
1229 3127 1328 3182 pro
1363 3127 1697 3183 unoquoque
1726 3111 1856 3183 jugo
1894 3083 2066 3168 hom],
2094 3083 2138 3145 C
2172 3091 2515 3162 Hispaniensi
2568 3090 2827 3146 Ecclesia
2857 3099 3073 3145 tantum
3104 3090 3404 3162 periculum
3436 3089 3659 3158 invexit,
3700 3087 3772 3144 ab

477 3201 819 3273 pensionem,
878 3202 1170 3258 duodecim
1226 3203 1433 3258 scilicet
1487 3203 1741 3259 denarios
1795 3204 2074 3274 Papiensis

475 3305 734 3356 moneta,
778 3295 1182 3366 persoluturum
1213 3295 1373 3352 beato
1422 3301 1606 3360 Petro,
1638 3305 1693 3352 et
1717 3297 1817 3352 tibi
1845 3297 2070 3353 domino

474 3403 599 3444 meo
632 3389 902 3462 Gregorio
930 3404 1103 3461 papa,
1134 3400 1189 3445 et
1217 3391 1478 3446 omnibus
1501 3391 2069 3465 successoribus'tuis,

474 3491 572 3538 aut
601 3499 983 3539 successorum
1012 3492 1235 3540 tuorum
1258 3487 1487 3539 nuntiis.
1519 3485 1697 3556 Hujus
1731 3493 1911 3540 autem
1941 3501 2073 3557 pen-

473 3575 721 3632 sionaria
786 3575 1106 3631 redditionis
1155 3578 1256 3632 erit
1325 3593 1538 3649 semper
1593 3579 1859 3633 terminus
1912 3580 2069 3634 ﬁnito

473 3683 692 3739 quoque
719 3685 862 3723 anno
888 3679 1094 3724 sancta
1124 3671 1535 3726 resurrectionis
1561 3670 1678 3726 dies
1722 3672 2066 3728 Dominicus.

475 3759 585 3814 Sub
614 3759 715 3813 hac
760 3776 886 3815 vero
924 3761 1232 3816 conditione
1263 3762 1428 3832 hujus
1456 3763 1827 3833 persolvenda
1853 3765 2066 3835 pensio-

472 3854 560 3908 nis
596 3853 778 3924 obligo
813 3869 900 3907 me
929 3861 985 3908 et
1003 3869 1155 3909 meos
1180 3855 1292 3909 sive
1317 3855 1559 3911 haredes
1597 3856 1706 3910 sive
1727 3872 2068 3912 successores

473 3946 571 4001 tibi
617 3945 844 4001 domino
887 3961 1009 4001 meo
1053 3947 1316 4018 Gregorio
1357 3964 1509 4019 papa
1559 3955 1613 4003 et
1659 3949 2068 4006 successoribus

474 4039 602 4094 tuis.

1050 4152 1397 4206 EPISTOLA
1426 4154 1468 4206 ll
1479 4193 1492 4206 .

619 4280 703 4322 AD
739 4279 1045 4322 HUGONEM
1081 4282 1365 4323 ΔΒΒΔΤΕΜ
1403 4283 1906 4325 CLUNIACENSEM.

1049 4386 1230 4451 (Anno
1288 4384 1466 4456 1080.)

474 4502 799 4568 Perstringit
826 4501 996 4555 scelus
1023 4501 1238 4555 Roberti
1274 4501 1518 4554 monachi
1544 4503 1864 4568 Simoniaci,
1910 4517 2066 4570 quem

535 4573 692 4640 jubet
711 4573 778 4625 ab
809 4573 1000 4626 abbate
1024 4588 1120 4627 suo
1143 4575 1360 4639 corrigi,
1389 4578 1438 4625 et
1476 4573 1543 4625 ab
1571 4575 1798 4626 introitu
1842 4571 2066 4627 ecclesiae

547 4649 596 4695 et
635 4645 781 4696 omni
822 4645 1173 4697 ecclesiastico
1225 4645 1523 4697 ministerio
1569 4646 1831 4712 separari.
1877 4647 2066 4711 Regem

545 4729 751 4782 quoque
775 4715 920 4767 illius
935 4715 1134 4780 fraude
1162 4714 1438 4785 deceptum
1461 4717 1664 4768 moneri
1683 4716 1818 4775 vult,
1841 4717 1954 4767 nisi
1978 4732 2063 4769 re-

544 4786 790 4852 sipuerit,
818 4785 1377 4839 eacommunicandum
1401 4789 1538 4852 fore,
1584 4791 1634 4839 et
1679 4801 1854 4838 omnes
1888 4787 2066 4855 ﬁdeles

546 4857 604 4907 in
648 4857 899 4923 partibus
955 4859 1230 4924 Hispania
1278 4859 1396 4922 fore
1457 4857 1834 4910 sollicitandos.
1892 4860 2067 4912 Monet

545 4927 705 4978 etiam
747 4926 988 4979 abbatem
1017 4942 1202 4979 curare
1233 4931 1292 4979 ut
1332 4929 1421 4980 sui
1464 4929 1725 4992 monachi,
1769 4930 1823 4979 in
1870 4931 2064 4996 Hispa-

545 4998 650 5048 nia
692 4997 946 5064 partibus
973 4997 1224 5064 dispersi,
1265 4997 1338 5049 ad
1374 5001 1655 5065 proprium
1682 5002 2063 5052 monasterium

546 5067 794 5133 redeant;
823 5073 873 5120 et
912 5069 1115 5120 nullam
1145 5067 1343 5120 ibidem
1369 5068 1758 5121 ordinationem
1795 5070 1932 5120 vires
1971 5070 2062 5121 ha-

547 5139 782 5190 bituram
805 5140 1091 5206 signiﬁcat,
1115 5139 1228 5190 nisi
1254 5153 1372 5206 qua
1401 5138 1566 5206 legati
1590 5138 1866 5207 apostolici
1883 5144 2062 5194 aucto-

537 5210 699 5263 ritate
716 5211 889 5275 fuerit
917 5209 1277 5263 corroborata.

543 5323 901 5380 Gnaeoams
928 5323 1451 5394 episcopus,'servus
1478 5338 1760 5385 servorum
1782 5325 1904 5394 Dei,
1930 5327 2061 5383 HU-

472 5431 622 5472 GONI
649 5416 942 5472 venerabili
969 5416 1307 5473 Cluniacensi
1345 5415 1550 5485 abbati,
1599 5416 1828 5474 salutem
1853 5428 1906 5474 et
1934 5436 2062 5492 apo-

471 5509 718 5565 stolicam
745 5509 1208 5565 benedictionem.

543 5601 758 5670 Quanta
789 5601 1048 5672 impietas
1075 5617 1107 5656 a
1135 5603 1466 5659 monasterio
1496 5613 1674 5661 vestro
1700 5621 1798 5677 per
1826 5607 2060 5663 Roberti

473 5695 726 5752 monachi
770 5697 930 5753 vestri
969 5686 1458 5771 prasumptionem
1501 5701 1723 5766 exierit,
1762 5717 1827 5756 ex
1863 5701 2060 5758 litteris

470 5789 737 5848 Ricbardi
760 5791 919 5865 legati
947 5793 1142 5862 nostri,
1173 5793 1385 5852 abbatis
1405 5794 1656 5851 videlicet
1684 5796 2056 5863 Massiliensis,

2181 3184 2409 3240 introitu
2438 3184 2703 3251 ecclesia,
2733 3189 2788 3238 et
2813 3184 2881 3239 ab
2921 3183 3077 3238 omni
3106 3183 3410 3238 ministerio
3450 3198 3639 3238 rerum
3674 3197 3771 3238 ve-

2177 3284 2439 3343 strarum,
2464 3277 2747 3348 separetis,
2787 3275 2959 3332 donec
2989 3276 3056 3332 ad
3103 3287 3199 3331 vos
3225 3275 3430 3342 redeat,
3464 3285 3518 3330 et
3548 3276 3770 3331 temeri-

2177 3369 2304 3425 tatis
2323 3385 2437 3426 sua
2469 3369 2694 3440 dignam
2727 3370 2988 3424 ultionem
3015 3369 3288 3440 suscipiat.
3316 3372 3524 3441 Regem
3551 3384 3770 3440 quoque

2178 3462 2318 3518 illius
2342 3462 2532 3518 fraude
2566 3464 2852 3532 deceptum
2880 3461 3164 3534 diligenter
3193 3462 3382 3516 litteris
3429 3461 3534 3517 tuis
3562 3461 3768 3516 intelli-

2177 3571 2302 3628 gere
2348 3555 2517 3611 facias
2562 3556 2708 3612 beati
2748 3556 2894 3612 Petri
2925 3556 3062 3610 iram
3115 3563 3169 3610 et
3204 3555 3649 3627 indignationem,
3678 3563 3770 3609 at-

2175 3665 2303 3722 que,
2347 3649 2394 3704 si
2434 3666 2548 3705 non
2573 3649 2878 3721 resipuerit,
2918 3648 3291 3720 gravissimam
3321 3648 3609 3704 adversum
3632 3663 3690 3703 se
3713 3657 3771 3703 et

2177 3758 2408 3814 regnum
2455 3758 2616 3797 suum
2646 3743 2912 3798 ultionem
2966 3757 3307 3814 provocasse,
3348 3741 3496 3812 quod
3523 3741 3766 3812 legatum

2172 3839 2444 3891 Romanae
2489 3835 2749 3890 Ecclesia
2779 3830 3098 3892 indecenter
3129 3835 3408 3901 tractavit,
3439 3843 3493 3890 et
3535 3833 3762 3890 falsitati

2175 3929 2358 4000 potius
2385 3944 2550 3999 quam
2598 3928 2806 3983 veritati
2844 3927 3085 3984 credidit.
3118 3931 3203 3983 De
3233 3927 3427 3999 quibus
3455 3927 3616 3998 digne
3647 3930 3766 3982 Deo

2175 4029 2232 4077 et
2258 4023 2417 4077 beato
2448 4024 2609 4077 Petro
2637 4021 3029 4088 satisfacturus,
3073 4021 3214 4076 sicut
3247 4022 3482 4093 legatum
3514 4029 3767 4076 nostrum

2174 4114 2572 4183 dehonestavit,
2620 4114 2692 4171 ita
2736 4130 2794 4170 se
2837 4115 2934 4170 sibi
2977 4130 3076 4184 per
3113 4113 3356 4170 debitam
3401 4112 3767 4169 humilitatem

2173 4217 2226 4263 et
2254 4207 2585 4278 condignam
2607 4208 2970 4263 reverentiam
2993 4205 3486 4262 commendabilem
3515 4203 3682 4261 faciat
3704 4221 3768 4261 ac

2173 4301 2450 4357 devotum.
2483 4300 2796 4373 Signiﬁcare
2843 4301 3008 4356 etiam
3033 4308 3087 4355 te
3113 4300 3218 4356 sibi
3257 4299 3487 4372 dignum
3513 4298 3769 4354 ducimus

2172 4409 2275 4449 nos
2324 4410 2471 4463 eum,
2529 4393 2573 4448 si
2619 4395 2836 4464 culpam
2895 4409 3055 4449 suam
3107 4409 3220 4448 non
3271 4392 3596 4457 correxerit,
3647 4407 3767 4447 esse

2174 4487 2765 4555 excommunicaturos,
2817 4496 2871 4543 et
2921 4495 3193 4559 quotquot
3239 4494 3366 4541 sunt
3413 4487 3467 4541 in
3522 4485 3766 4556 partibus

2176 4580 2454 4652 Hispania
2500 4579 2692 4636 ﬁdeles
2729 4580 2901 4636 sancti
2929 4579 3073 4635 Petri
3105 4579 3173 4634 ad
3200 4577 3579 4634 confusionem
3607 4593 3762 4634 suam

2174 4674 2583 4730 sollicitaturos.
2617 4674 2718 4745 Qui
2737 4673 2779 4728 si
2803 4675 2985 4728 minus
3013 4673 3368 4744 praceptioni
3392 4681 3596 4727 nostra
3625 4672 3764 4726 obe-

2173 4768 2368 4834 dirent,
2408 4784 2518 4824 non
2559 4783 2778 4839 gravem
2807 4767 3250 4823 existimaremus
3280 4765 3520 4821 laborem
3559 4780 3664 4820 nos
3691 4764 3760 4820 ad

2173 4861 2495 4932 Hispaniam
2534 4861 2822 4932 proﬁcisci,
2856 4861 2901 4916 ei
2925 4859 3213 4916 adversum
3237 4875 3365 4916 eum
3393 4858 3762 4931 quemadmo-

2171 4953 2304 5009 dum
2343 4955 2670 5011 Christiana
2699 4954 2976 5026 religionis
3005 4953 3292 5008 inimicum
3317 4951 3454 5008 dura
3493 4959 3549 5006 et
3571 4966 3763 5022 aspera

2170 5047 2371 5102 moliri.
2403 5046 2504 5102 Tui
2533 5046 2702 5102 etiam
2747 5045 2914 5101 studii
2951 5045 3023 5101 sit
3052 5055 3115 5102 ut
3158 5045 3409 5102 monachi
3450 5044 3505 5113 in
3553 5043 3764 5099 eisdem

2171 5141 2418 5212 partibus
2455 5140 2649 5212 injuste
2687 5139 2911 5210 dispersi
2957 5138 3028 5194 ad
3068 5139 3348 5211 proprium
3391 5137 3612 5193 redeant
3640 5153 3765 5192 mo-

2170 5234 2465 5290 nasterium
2496 5241 2550 5287 et
2577 5229 2727 5287 nulla
2766 5231 2966 5287 ibidem
3013 5231 3283 5288 ordinatio
3329 5231 3470 5287 vires
3518 5231 3770 5286 obtineat

2168 5327 2272 5382 nisi
2297 5341 2418 5398 qua
2451 5325 2608 5396 legati
2634 5325 2808 5380 nostri
2837 5323 3002 5380 fuerit
3028 5325 3352 5381 auctoritate
3383 5323 3629 5395 probata.
3663 5325 3768 5378 Vo-

2170 5420 2350 5474 lumus
2377 5418 2545 5474 etiam
2565 5425 2626 5473 ut
2642 5418 2872 5473 alteram
2899 5417 3184 5489 epistolam
3212 5426 3459 5472 nostram
3487 5416 3603 5487 regi
3624 5431 3768 5488 pra-

2170 5511 2320 5568 dicto
2345 5510 2542 5567 deferri
2567 5511 2876 5582 pracipias.

2240 5609 2386 5660 Data
2431 5605 2655 5676 Ciprani
2690 5603 3038 5674 [Carpetani.
3087 5603 3202 5658 cod.
3247 5605 3387 5660 Μαι.
3428 5603 3762 5674 Coperani],

2169 5699 2364 5773 quinto
2389 5697 2667 5756 Kalendas
2690 5697 2842 5764 Julii,
2866 5695 3158 5753 indictione
3187 5697 3367 5752 tertia.
