4044 6164
245 262 343 318 577

804 386 1159 443 EPISTOLA
1204 388 1310 442 IlI.

434 511 520 552 AD
556 510 1014 554 ADELPHONSUM
1050 514 1369 556 CASTBLLE
1404 513 1636 556 BBGBII.

833 599 1015 670 (Anno
1060 604 1236 668 1080.)

237 713 415 767 Monet
438 716 520 772 ut,
571 714 790 766 remotis
818 712 979 766 malis
1019 715 1375 776 consiliariis,
1421 714 1593 782 legati
1618 717 1831 783 aposto-

310 783 401 836 lici
414 783 750 837 salutaribus
802 785 1022 838 monitis
1068 786 1423 855 acquiescens,
1480 786 1547 839 de
1585 785 1834 839 emenda-

308 856 449 908 tione
475 870 575 908 sua
619 869 674 908 se
723 858 773 908 et
818 857 919 909 Dei
952 856 1243 910 Ecclesium
1276 856 1533 925 lwtiﬁcet,
1576 857 1831 909 illicitum

304 926 629 978 connubium
657 941 776 979 cum
810 929 1000 980 umoris
1040 943 1153 980 suae
1197 930 1587 996 consanguinea
1636 929 1833 981 initum

303 1002 545 1067 resPuat,
576 1001 628 1050 et
671 1012 737 1050 ne
755 1010 809 1050 se
850 998 917 1050 ab
940 999 1151 1052 incesta:
1178 1000 1420 1052 mulieris
1454 1014 1632 1051 amore
1652 999 1833 1066 abripi

302 1070 468 1121 sinat.
499 1068 793 1123 Robertum
824 1069 1161 1131 monachum,
1204 1070 1529 1123 seductorem
1576 1084 1639 1122 ac
1680 1071 1835 1134 regni

295 1139 748 1210 perturbatorem,
770 1139 977 1193 debitas
994 1142 1309 1194 temeritatis
1328 1157 1391 1195 ac
1418 1141 1629 1196 sceleris
1642 1155 1830 1210 pwnas

302 1209 568 1264 daturum
605 1212 902 1280 signiﬁcat.

302 1323 666 1379 Ganeonms
686 1322 992 1395 episcopus,
1017 1339 1208 1380 servus
1235 1340 1521 1382 servorum
1548 1324 1670 1391 Dei,
1700 1322 1828 1380 dile-

225 1418 480 1475 ctissime
490 1419 547 1474 in
559 1418 784 1475 Christo
801 1419 915 1475 ﬁlio
928 1420 1041 1491 regi
1057 1423 1498 1486 Annnpnouso,
1513 1420 1751 1477 salutem
1773 1426 1829 1474 et

227 1516 589 1587 apostolicam
609 1516 1069 1574 benedictionem.

302 1609 427 1665 Dici
474 1625 588 1666 non
634 1619 839 1682 potest,
886 1610 964 1666 ﬁli
994 1610 1342 1677 charissime,
1389 1618 1656 1682 quantum
1697 1625 1820 1676 nos,

239 1701 505 1761 referente
553 1704 670 1761 ﬁlio
726 1713 918 1761 nostro
964 1706 1277 1778 apostolicae
1324 1706 1468 1762 sedis
1514 1706 1693 1778 legato
1736 1704 1829 1759 Bi-

1373 232 1572 327 LIBER
1608 260 1937 319 OCTAVUS.
1982 292 2045 300 -
2086 262 2293 317 EPIST.
2334 262 2397 315 v.

1862 387 1917 451 Α
1944 385 2280 441 monachum
2315 384 2665 441 seductorem
2702 384 2784 440 tui
2813 392 2868 440 et
2890 385 3333 456 perturbatorem
3355 388 3531 459 regni,

3430 268 3532 320 578

1941 481 2010 536 ab
2038 481 2269 536 introitu
2312 480 2559 537 ecclesiae
2606 489 2937 551 separatum,
2967 480 3106 536 intra
3152 481 3386 537 claustra
3416 497 3537 537 mo-

1939 574 2165 630 nasterii
2190 573 2562 630 Cluniacensis
2582 574 2639 628 in
2691 573 3067 645 paenitentiam
3113 575 3321 631 retrudi
3346 575 3535 631 decer-

1938 668 2149 724 nimus.
2197 667 2304 724 Sed
2332 668 2497 723 abbas
2520 668 2893 724 Cluuiacensis
2914 683 3016 723 nos
3054 668 3323 724 imitando
3351 668 3406 724 id
3454 668 3533 724 fa-

1937 760 2072 830 ci'et;
2123 759 2319 817 eadem
2358 761 2507 817 enim
2551 760 2656 829 via,
2707 760 2904 817 eodem
2951 776 3135 829 sensu,
3187 761 3381 818 eodem
3427 762 3532 833 spi-

1936 854 2044 910 ritu
2095 853 2460 910 ambulamus.
2507 857 2658 909 Deus
2702 862 2885 909 autem
2914 853 3266 925 omnipotens
3324 870 3427 911 nos
3463 854 3532 910 de

1936 954 2030 1003 tua
2079 947 2416 1004 correctione
2462 947 2573 1003 cito
2604 948 2908 1005 exhilarare
2937 948 3216 1020 dignetur,
3270 949 3348 1004 ﬁli
3405 948 3531 1005 cha-

1936 1042 2173 1097 tissime.

2484 1137 2838 1193 EPISTOLA
2896 1138 2990 1194 IV.

2443 1246 2535 1286 AD
2578 1245 3038 1287 BICHABDUM.

2532 1328 2714 1388 (Anno
2761 1326 2946 1392 1080.)

1939 1416 2255 1474 Consolatur
2285 1432 2403 1489 eum
2430 1416 2501 1470 de
2524 1416 2760 1471 hostium
2789 1419 3267 1486 persecutionibus.
3293 1420 3384 1475 Ad
3424 1436 3537 1489 pa-

2008 1490 2255 1542 tientiam
2292 1488 2564 1555 hortatur,
2590 1490 2913 1557 promittens
2964 1504 3018 1542 se
3059 1490 3274 1543 interim
3316 1488 3534 1545 curatu-

2008 1575 2129 1684 pun;
2156 1563 2218 1613 ut
2237 1559 2497 1613 Robertus
2506 1560 2998 1628 pseudomonachus
3017 1561 3108 1613 sui
3127 1561 3338 1615 sceleris
3352 1576 3537 1631 poenas

2028 1646 2099 1684 ua
2131 1671 2144 1684 .

2009 1724 2365 1781 GBBGOBIUS
2408 1724 2727 1797 episcopus,
2760 1739 2950 1781 servus
2968 1739 3255 1781 servorum
3283 1725 3407 1794 Dei,
3432 1728 3539 1784 Ri-

239 1795 456 1865 ehardo,
500 1796 662 1854 nobis
683 1800 899 1871 cognita
940 1799 1199 1870 praeclara
1231 1808 1326 1856 tua
1355 1798 1662 1855 obedientia
1698 1798 1824 1854 laeti-

1952 1832 2099 1874 :nsn
2111 1833 2189 1874 no
2214 1818 2538 1874 charissimo
2559 1819 2687 1888 ﬁlio,
2713 1818 2948 1874 salutem
2974 1826 3028 1874 et
3056 1819 3418 1890 apostolicam
3438 1821 3533 1877 be-

240 1889 502 1947 ﬁcaverat.
527 1893 613 1947 Tu
639 1891 788 1948 enim
814 1907 1006 1949 coram
1038 1895 1162 1949 Deo
1193 1908 1416 1964 semper
1445 1892 1502 1947 in
1529 1890 1827 1948 visceribus

241 1986 429 2041 nostris
448 2000 589 2054 eras,
602 1993 665 2042 tu
686 1984 830 2058 apud
854 1986 1107 2043 homines
1121 1987 1424 2043 maximum
1446 1985 1610 2042 nobis
1637 2001 1824 2042 exem-

245 2078 385 2149 plum
428 2080 661 2152 egregia
703 2079 921 2136 virtutis
950 2096 1091 2145 eras,
1125 2079 1195 2136 de
1223 2088 1277 2136 te
1305 2079 1452 2161 apud
1498 2079 1634 2135 alios
1670 2094 1826 2150 reges

242 2172 615 2243 gloriabamur,
663 2182 721 2229 te
772 2188 897 2230 vere
934 2172 1300 2229 Christianum
1351 2188 1571 2246 regem,
1618 2180 1673 2228 et
1699 2171 1823 2227 ideo

247 2280 360 2321 vere
382 2282 572 2339 regem
601 2282 703 2323 nos
726 2265 930 2323 habere
954 2266 1013 2322 in
1035 2274 1188 2338 parte
1217 2266 1441 2322 Domini
1469 2267 1601 2322 Jesu
1633 2272 1824 2322 contra

246 2360 479 2415 membra
504 2358 707 2416 diaboli
735 2360 1125 2433 gaudebamus.
1168 2359 1333 2417 Unde
1354 2368 1411 2415 et
1429 2359 1572 2415 bona
1610 2368 1699 2414 tua
1720 2358 1827 2414 ira-

240 2453 428 2523 grantia
466 2453 664 2508 multas
686 2456 809 2525 jam
835 2454 1085 2525 regiones
1105 2461 1446 2525 asperserat,
1478 2461 1532 2509 et
1556 2453 1704 2508 velut
1741 2452 1823 2508 sol

240 2545 454 2616 quidam
485 2545 543 2602 in
580 2545 826 2603 occiduis
864 2554 1028 2602 natus
1058 2547 1333 2603 orientem
1376 2562 1563 2603 versus
1586 2546 1825 2602 caelestis

238 2635 446 2695 luminis
482 2639 665 2696 radios
702 2638 1015 2696 emittebat.
1052 2646 1127 2695 At
1159 2656 1307 2695 nunc
1346 2648 1630 2711 comperto
1678 2638 1826 2711 quod

237 2731 479 2789 diabolus
512 2740 626 2789 tuae
673 2732 832 2789 saluti
866 2742 924 2789 et
952 2732 1202 2790 omnium
1244 2732 1338 2806 qui
1370 2748 1467 2805 per
1500 2740 1553 2788 te
1583 2732 1825 2791 salvandi

235 2834 402 2895 erant,
438 2842 595 2882 more
638 2842 740 2883 suo
796 2826 1062 2894 invidens,
1125 2841 1224 2898 per
1277 2825 1591 2881 membrum
1639 2841 1822 2891 suum,

228 2918 522 2990 quemdam
545 2920 854 2975 Robertum
883 2918 1452 2992 pseudomonachum,
1481 2927 1537 2974 et
1566 2933 1663 2991 per
1680 2917 1825 2974 anti-

225 3026 394 3085 quam
440 3012 764 3085 adjutricem
805 3029 984 3080 suam,
1016 3012 1289 3085 perditam
1315 3011 1611 3081 feminam,
1643 3011 1824 3068 viriles

219 3107 442 3163 animos
463 3114 592 3163 tuos
618 3123 651 3163 a
669 3115 820 3163 recto
850 3106 1042 3163 itinere
1069 3105 1409 3173 deturbavit;
1453 3113 1727 3177 quantum
1754 3105 1824 3161 de

216 3207 272 3255 te
324 3199 512 3272 primo
550 3201 828 3257 fueramus
853 3200 1052 3273 gavisi,
1090 3208 1315 3256 tantum
1350 3215 1497 3255 nunc
1534 3198 1818 3255 confundi-
1851 3179 1895 3243 Ο

216 3308 371 3362 mur,
447 3293 842 3362 erubescimus,
900 3294 1312 3350 contristamur.
1372 3294 1719 3364 Quapropter
1761 3300 1823 3348 ut

210 3401 524 3459 cognoscas
539 3395 808 3459 quantum
845 3386 986 3443 circa
1014 3396 1069 3442 te
1095 3386 1181 3458 pie
1216 3385 1435 3443 solliciti
1465 3401 1680 3454 sumus,
1724 3400 1822 3457 per

210 3479 533 3537 bonitatem
544 3489 600 3536 et
612 3479 842 3552 gloriam
860 3479 1059 3537 Christi
1078 3487 1134 3536 te
1150 3489 1371 3551 paterna
1386 3494 1519 3535 voce
1534 3493 1822 3534 monemus

210 3583 266 3629 et
294 3580 704 3636 contestamur,
734 3588 961 3629 remove
989 3588 1020 3628 a
1048 3581 1104 3628 te
1136 3571 1460 3644 quantocius
1485 3570 1825 3628 consiliarios

210 3665 509 3735 falsitatis;
536 3671 891 3737 corrumpunt
926 3666 1126 3738 quippe
1153 3682 1327 3721 mores
1368 3666 1523 3721 bonos
1558 3666 1824 3734 colloquia

210 3774 385 3832 prava
412 3762 466 3826 (Ι
489 3759 606 3816 Cor.
631 3762 752 3828 xv).
785 3758 1087 3831 Acquiesce
1109 3766 1293 3815 autem
1326 3774 1422 3829 per
1445 3757 1630 3814 omnia
1647 3757 1824 3830 legato

211 3862 415 3910 nostro
428 3850 580 3908 fratri
594 3851 896 3921 Richardo;
908 3867 1072 3923 quem
1090 3851 1195 3907 nisi
1210 3851 1537 3924 prudentem
1547 3859 1603 3908 et
1615 3850 1828 3923 religio-

213 3962 349 4004 sum
377 3945 782 4018 cognovissem,
815 3953 1034 4002 nostras
1067 3944 1117 4001 ei
1152 3945 1298 4000 vices
1326 3945 1639 4001 nullatenus
1671 3959 1825 4000 com-

212 4040 522 4096 misissem.
560 4041 685 4096 Non
728 4047 783 4095 te
805 4055 836 4095 a
864 4038 1200 4096 salutaribus
1227 4037 1455 4093 monitis
1485 4046 1651 4108 atque
1682 4037 1829 4093 insti-

220 4135 357 4188 tutis
392 4132 604 4189 nostris
633 4131 855 4189 incestae
883 4131 1134 4188 mulieris
1190 4146 1350 4188 amor
1395 4130 1651 4203 abripiat,
1701 4130 1827 4203 quia

226 4224 480 4281 mulieres
530 4231 837 4297 apostatare
863 4228 1074 4295 faciunt
1122 4227 1389 4295 sapientes
1419 4226 1610 4292 (Eccli.
1655 4227 1828 4291 XIX).

231 4317 416 4389 Ipsum
439 4318 642 4391 quippe
669 4335 854 4392 regem
879 4317 1345 4391 sapientissimum
1368 4318 1718 4374 Salomonem
1741 4317 1824 4373 in-

234 4421 410 4467 cestus
435 4412 727 4469 mulierum
751 4412 983 4484 turpiter
1010 4428 1168 4468 amor
1186 4411 1399 4484 dejecit,
1427 4420 1485 4468 et
1502 4411 1821 4468 ﬂorentissi-

238 4517 387 4560 mum
405 4521 636 4579 regnum
657 4506 818 4562 Israel
841 4506 943 4562 Dei
958 4504 1169 4578 judicio
1200 4521 1337 4576 pene
1359 4514 1544 4562 totum
1559 4504 1631 4562 de
1650 4520 1817 4562 manu

243 4598 572 4666 posteritatis
594 4598 713 4671 ejus
738 4598 991 4671 abripuit.
1025 4598 1263 4656 Proinde
1282 4615 1379 4670 per
1393 4600 1694 4655 Dominum
1716 4614 1817 4656 no-

242 4694 410 4748 strum
445 4694 638 4748 Jesum
663 4692 961 4763 Christum,
999 4700 1057 4748 et
1102 4708 1197 4765 per
1224 4692 1526 4765 potentiam
1549 4692 1817 4750 adventus

246 4780 376 4853 ejus,
404 4801 506 4842 nec
533 4801 645 4841 non
673 4794 727 4841 et
759 4802 824 4842 ex
852 4787 1172 4843 auctoritate
1202 4786 1638 4843 beatissimorum
1685 4802 1817 4858 apo-

249 4876 504 4935 stolorum
520 4880 667 4935 Petri
691 4888 747 4936 et
769 4880 925 4936 Pauli
947 4881 1142 4936 iterum
1170 4896 1460 4936 monemus
1488 4888 1654 4953 atque
1683 4895 1820 4951 prta-

247 4969 485 5042 cipimus,
514 4988 584 5029 ne
604 4981 658 5029 te
685 4972 864 5045 ipsum
887 4973 1175 5046 despicias,
1202 4989 1272 5030 ne
1297 4974 1357 5029 in
1375 4973 1548 5047 gloria
1582 4983 1674 5030 tua
1705 4990 1824 5030 ma-

249 5064 415 5122 culam
454 5081 649 5139 ponas,
678 5082 748 5123 ne
793 5068 1163 5139 posteritatem
1199 5067 1384 5124 carnis
1429 5075 1539 5123 tum
1573 5066 1821 5123 inutilem

249 5163 300 5211 et
327 5160 613 5231 reprobam
640 5158 826 5217 facias.
857 5160 1017 5216 Vires
1054 5176 1310 5228 resume;
1337 5160 1589 5217 illicitum
1614 5175 1823 5218 connu-

254 5246 414 5322 bium,
458 5252 607 5327 quod
647 5269 775 5310 cum
819 5253 1006 5310 uxoris
1040 5262 1153 5311 tuae
1198 5254 1600 5327 consanguinea
1648 5253 1819 5322 inisti,

254 5345 451 5412 penitus
482 5362 697 5418 respue.
743 5349 826 5403 De
862 5355 956 5402 tua
993 5346 1374 5404 emendatione
1417 5363 1522 5405 nos
1549 5356 1604 5404 et
1645 5355 1822 5404 totam

254 5435 537 5495 Ecclesiam
563 5441 667 5495 Dei
695 5440 807 5496 cito
849 5438 1088 5507 laetiﬁca,
1121 5457 1210 5511 ne,
1241 5442 1287 5499 si
1307 5441 1625 5499 inobediens
1653 5439 1824 5514 (quod

254 5541 445 5588 avertat
461 5536 613 5590 Deus
631 5538 667 5600 l)
697 5549 810 5590 esse
834 5534 1110 5604 malueris,
1129 5535 1265 5592 iram
1295 5536 1399 5593 Dei
1426 5535 1823 5607 omnipotentis

254 5620 503 5693 incurras,
527 5634 584 5682 et
605 5644 704 5684 nos
732 5627 900 5699 (quod
946 5628 1096 5686 valde
1122 5629 1277 5688 inviti
1304 5631 1659 5702 dolentesque
1685 5627 1821 5686 dici-

255 5723 384 5784 mus)
410 5718 549 5775 beati
595 5720 738 5776 Petri
764 5720 1009 5792 gladium
1038 5739 1200 5797 super
1237 5735 1291 5783 te
1331 5726 1619 5798 evaginare
1664 5738 1823 5794 coga-

261 5822 396 5867 mur.
443 5810 769 5871 Praedictum
809 5829 938 5871 sane
1005 5818 1458 5881 nefandissimum
1515 5815 1825 5874 Robertum

1933 1911 2331 1969 nedictionem.

2004 2005 2147 2074 Quia
2176 2006 2359 2062 missis
2402 2005 2602 2062 litteris
2654 2006 2976 2080 signiﬁcasti
3033 2007 3189 2065 nobis
3241 2008 3532 2081 antiquum

1932 2097 2147 2155 hostem
2195 2115 2331 2172 opus
2380 2108 2564 2169 tuum,
2611 2100 2680 2156 ad
2723 2100 3017 2157 utilitatem
3062 2100 3428 2158 Christianam
3466 2119 3533 2159 ex

1932 2201 2083 2263 parte
2111 2192 2401 2261 directum,
2446 2209 2546 2265 per
2574 2194 2824 2249 membra
2851 2210 2951 2251 sua
2972 2236 2987 2263 ,
3035 2210 3150 2250 non
3177 2203 3379 2266 praeter
3405 2195 3530 2251 soli-

1931 2292 2076 2354 tum,
2120 2286 2434 2361 impedisse,
2494 2288 2599 2344 hac
2648 2303 2745 2361 per
2779 2287 2886 2345 hoc
2931 2288 3329 2345 fraternitatem
3381 2296 3533 2345 tuam

1931 2382 2216 2437 tristitiam
2272 2383 2504 2439 nimiam
2535 2383 2850 2452 incurrisse,
2899 2398 3002 2439 nos
3028 2399 3244 2455 quoque
3287 2384 3388 2440 tibi
3428 2400 3534 2440 me-

1931 2476 2035 2532 rito
2084 2477 2500 2548 compatientes,
2531 2477 2729 2533 eodem
2757 2484 2940 2533 tecum
2969 2476 3243 2533 efﬁcimur
3270 2492 3528 2533 maerore.

1931 2570 2038 2625 Sed
2076 2586 2205 2625 cum
2244 2570 2531 2627 memoriae
2559 2570 2840 2626 reducitur
2885 2579 3087 2643 quanta
3116 2578 3169 2626 et
3196 2571 3375 2642 qualia
3403 2587 3532 2643 apo-

1931 2663 2075 2732 stoli,
2106 2680 2446 2721 successores
2469 2666 2637 2721 etiam
2666 2681 2885 2733 eorum,
2919 2666 2974 2721 in
3013 2666 3379 2723 mdiﬁcatione
3408 2664 3534 2721 fun-
3566 2670 3571 2677 ’

1931 2760 2171 2817 damenti
2217 2761 2474 2817 Ecclesiae
2512 2762 2714 2832 partim
2747 2778 2778 2816 a
2808 2760 3053 2833 paganis,
3097 2761 3293 2832 partim
3324 2777 3355 2816 a
3382 2759 3534 2819 falsis

1930 2852 2261 2910 Christianis
2280 2854 2394 2909 sint
2430 2854 2597 2925 passi,
2624 2854 2693 2909 de
2729 2853 3104 2909 misericordia
3150 2854 3369 2908 Domini
3400 2870 3531 2909 con-

1933 2947 2016 3002 ﬁsi
2061 2947 2397 3003 resumimus
2420 2948 2584 3016 vires,
2615 2948 2858 3003 victoria:
2896 2946 3242 3018 triumphum
3289 2947 3533 3018 plenissi~

1932 3056 2024 3096 ma
2063 3039 2265 3096 ﬁducia
2294 3040 2362 3096 de
2400 3041 2597 3096 eodem
2627 3039 2784 3097 hoste
2813 3039 3001 3112 procul
3047 3038 3241 3107 dubio,
3273 3047 3336 3094 ut
3358 3040 3529 3096 nostri

1932 3134 2168 3205 priores,
2197 3141 2595 3207 exspectantes.
2622 3134 2896 3190 Patientia
2925 3143 3091 3206 atque
3134 3136 3530 3205 perseverantia

1926 3226 2430 3298 impraesentiarum
2449 3227 2700 3299 religioni
2720 3235 2830 3283 tua:
2857 3226 3085 3283 omnino
3116 3234 3251 3283 sunt
3290 3243 3533 3284 necessa-

1924 3321 2042 3387 riae,
2078 3320 2272 3376 scienti
2315 3320 2526 3377 dictum
2553 3320 2623 3376 ab
2667 3321 2931 3392 Apostolo
2977 3335 3088 3375 non
3129 3320 3383 3376 coronari
3420 3322 3530 3378 nisi

1925 3414 2016 3486 qui
2045 3413 2288 3485 legitime
2316 3411 2604 3469 certaverit
2641 3414 2712 3485 (Π
2736 3417 2870 3469 Tim.
2903 3417 2996 3481 11),
3044 3413 3227 3470 debita
3250 3414 3532 3485 praemissa

1926 3506 2300 3563 exhortatione
2311 3522 2466 3577 ;,nos
2493 3514 2682 3562 tamen
2706 3505 2890 3562 studio
2928 3514 3026 3561 tuo
3074 3506 3130 3560 in
3182 3506 3335 3562 nullo
3362 3505 3535 3564 deeri-
3628 3524 3635 3531 ‘

1928 3616 2085 3666 mus,
2118 3599 2461 3656 Cluniacensi
2484 3598 2667 3655 abbati
2693 3598 2962 3655 mittendo
2995 3600 3233 3670 querelae
3257 3608 3367 3656 tua:
3396 3601 3530 3657 litte-

1929 3708 2139 3749 rasuna
2157 3709 2283 3749 cum
2304 3693 2526 3762 nostris,
2545 3701 2817 3766 quatenus
2854 3691 3164 3748 Robertum
3204 3694 3535 3766 pseudomo—

1927 3787 2171 3843 nachum
2225 3786 2550 3859 quamcitius
2593 3786 2663 3842 ad
2714 3785 3110 3842 monasterium
3153 3787 3330 3843 redire
3372 3804 3532 3845 com-

1930 3880 2115 3952 pellat,
2157 3880 2415 3937 eumdem
2469 3880 2537 3935 ab
2576 3880 2824 3952 ingressu
2878 3879 3124 3936 ecclesiae
3164 3888 3432 3950 coerceat,
3480 3890 3535 3938 et

1930 3980 2047 4029 tam
2101 3974 2283 4046 gravis
2326 3972 2667 4045 paenitentia
2726 3972 2979 4045 squalore
3038 3973 3251 4030 diutino
3306 3973 3531 4044 efﬁciat,

1932 4066 2082 4138 quod
2123 4068 2179 4122 in
2210 4082 2377 4140 pravo
2407 4075 2596 4123 contra
2626 4074 2701 4136 te,
2749 4065 2864 4122 imo
2912 4074 3105 4123 contra
3134 4070 3339 4135 Deum,
3369 4084 3521 4125 com-

1933 4159 2103 4217 misso
2147 4175 2332 4233 opere,
2361 4160 2783 4216 mulctationem
2812 4160 3010 4215 sentiat
3040 4160 3390 4232 poenitentiae.

2505 4258 2860 4330 EPISTOLA
2895 4260 2966 4313 v.

2137 4369 2219 4411 AD
2257 4369 2582 4413 EPISCOPOS
2611 4369 2857 4411 APULUF.
2914 4370 2990 4411 ET
3029 4370 3360 4414 CALABBL'E.

2444 4440 2451 4446 '
2526 4452 2706 4515 (Anno
2748 4452 2934 4516 1080.)

1844 4553 1895 4617 D
1932 4544 2185 4611 Qucritur
2211 4543 2276 4597 de
2316 4542 2681 4617 quorumdam
2712 4544 3074 4613 episcoporum
3120 4547 3533 4614 prtesumptione

1999 4620 2187 4668 contra
2228 4617 2527 4670 Romanam
2560 4614 2878 4681 Ecclesium;
2909 4630 3038 4683 quos
3078 4618 3287 4678 tamen,
3318 4621 3381 4669 ut
3398 4618 3531 4672 alios

1997 4687 2221 4747 similes,
2274 4690 2389 4739 tum
2416 4685 2740 4741 Alexandri
2767 4701 2923 4755 papa:
2971 4702 3091 4739 cum
3138 4703 3231 4741 suo
3275 4692 3528 4757 tempore,

1999 4758 2246 4823 confusos
2297 4759 2617 4811 remansisse
2639 4763 2861 4824 narrat,
2900 4759 2994 4812 sed
3042 4764 3225 4827 postea
3269 4758 3531 4815 obdurato

1999 4827 2176 4890 corde,
2223 4829 2319 4896 qui
2347 4828 2425 4907 ad
2459 4844 2670 4907 sensum
2700 4829 2879 4883 redire
2899 4904 2906 4907 _
2924 4829 3215 4907 debuerant
3239 4830 3531 4907 denuoad-

1996 4914 2186 4953 versus
2214 4898 2459 4953 eumdem
2482 4901 2831 4969 conspirasse.
2859 4904 2910 4955 et
2936 4898 3297 4956 Ravennatem
3326 4904 3531 4971 episco-

1992 4986 2129 5040 pum
2154 4971 2565 5025 lueresiarcham
2592 4973 2945 5025 constituisse.
2973 4973 3150 5038 Quare
3198 4988 3421 5042 sperans
3450 4990 3532 5027 eo-

2003 5058 2125 5095 rum
2150 5042 2461 5114 superbiam
2476 5058 2718 5113 prceceps
2744 5046 3049 5105 ruituram,
3081 5048 3134 5099 et
3151 5048 3383 5114 quietem
3406 5059 3529 5099 san-

1999 5118 2097 5168 cta:
2142 5113 2387 5169 Ecclesia:
2430 5115 2667 5180 confusis
2722 5114 2963 5168 hostibus
2995 5115 3336 5170 dilatandam
3382 5116 3528 5183 fore,

1996 5184 2251 5239 hortatur
2269 5200 2352 5240 eos
2375 5189 2437 5239 ut
2467 5185 2745 5240 laboranti
2764 5187 3009 5241 Ecclesia:
3037 5186 3373 5242 orationibus
3406 5201 3525 5241 suc-

1999 5262 2241 5312 currant.

2001 5349 2347 5406 Gnsuomus
2375 5350 2699 5423 episcopus,
2737 5365 2927 5407 servus
2966 5365 3253 5407 servorum
3300 5350 3419 5420 Dei,
3449 5350 3529 5408 di-

1930 5440 2083 5499 lectis
2119 5443 2179 5498 in
2214 5442 2433 5500 Christo
2482 5443 2742 5501 fratribus
2770 5453 2827 5501 et
2855 5444 3214 5516 coepiscopis,
3258 5460 3353 5515 per
3383 5442 3531 5516 prin-

1931 5535 2161 5607 cipatus,
2190 5545 2248 5592 et
2274 5536 2531 5608 Apuliam
2558 5545 2614 5593 et
2665 5536 2973 5593 Calabriam
3021 5536 3354 5606 constitutis,
3390 5536 3532 5592 salu-

1930 5637 2045 5685 tem
2086 5637 2143 5684 et
2196 5630 2553 5701 apostolicam
2611 5629 3071 5686 benedictionem.

2004 5721 2433 5778 Fraternitatem
2455 5730 2692 5779 vestram
2711 5720 2987 5780 credimus
3013 5736 3124 5777 non
3172 5719 3342 5775 latere
3380 5709 3534 5793 quod

1936 5815 2121 5889 plures
2155 5815 2370 5871 Satanas
2399 5812 2666 5884 discipuli,
2698 5810 2788 5880 qui
2838 5810 2974 5870 falso
3016 5812 3244 5868 nomine
3294 5825 3396 5881 per
3444 5803 3512 5863 di-
