4044 6186
493 315 596 368 κ-ιθ

1171 309 1226 363 S.
1269 307 1589 363 GREGORII
1627 307 1716 362 VII
1753 302 1945 393 DARE
1984 307 2258 364 OPERUM
2292 306 2466 362 PARS
2504 307 2544 361 l.
2584 335 2655 346 —
2693 302 3094 360 REGISTRUM.

3671 305 3770 360 580

491 453 678 495 versas
732 436 982 509 regiones
1021 440 1318 490 censentur
1368 431 1630 505 episc0pi,
1683 431 1955 489 diabolica
1999 432 2077 488 in-
2108 437 2161 499 Α
2188 433 2494 488 orationem
2525 429 2986 501 beatiPetri,qua
3009 429 3550 500 SimonemMagum,
3583 443 3772 485 eorum

494 531 759 587 ﬂammati
810 528 1084 600 superbia,
1124 535 1368 582 sanctam
1419 529 1731 582 Romanam
1776 525 2083 582 Ecclesiam

494 625 676 681 conati
711 633 840 679 sunt
867 619 1229 688 confundere;
1261 619 1358 676 sed
1401 636 1497 691 per
1525 620 1790 675 auxilium
1836 619 2084 691 omnipo-

494 718 661 774 tentis
671 716 799 782 Dei,
822 724 877 770 et
905 713 1293 770 auctoritatem
1311 713 1454 768 beati
1480 713 1647 782 Petri,
1679 713 1864 784 iniqua
1885 727 2082 768 eorum

497 809 871 881 prasumptio,
895 809 1036 865 sicut
1051 807 1130 863 eis
1157 806 1539 862 verecundiam
1570 814 1626 862 et
1671 805 2079 874 confusionem,

494 903 568 960 ita
601 902 914 975 apostolica
937 901 1051 958 sedi
1080 901 1310 973 gloriam
1331 899 1564 956 contulit
1588 907 1646 955 et
1671 900 2078 956 exaltationem.

491 997 772 1070 Siquidem
809 1013 840 1052 a
868 995 1104 1050 minimo
1133 1009 1308 1065 usque
1351 993 1422 1048 ad
1450 992 1781 1061 maximum,
1835 993 2083 1049 videlicet

494 1091 606 1146 Η...
649 1092 867 1158 [scilicet
896 1089 1198 1144 Henricum
1245 1089 1448 1158 regem]
1497 1086 1591 1157 qui
1641 1095 1832 1142 vertex
1895 1101 2084 1157 regem

492 1187 676 1253 Vorte,
703 1198 917 1254 regum.
949 1181 1198 1250 Hann],
1229 1180 1321 1251 qui
1375 1187 1554 1235 vertex
1597 1187 1650 1234 et
1693 1189 1884 1236 auctor
1914 1180 2084 1251 pesti-

491 1277 588 1332 feri
626 1275 835 1332 consilii
862 1273 1032 1329 fuisse
1060 1273 1344 1344 probatur,
1376 1287 1473 1342 per
1506 1271 1750 1342 plurima
1788 1288 2085 1344 corporum

492 1379 548 1426 et
575 1369 884 1424 animarum
924 1367 1161 1438 pericula
1194 1365 1459 1437 persensit
1487 1373 1717 1434 quantas
1766 1365 1910 1421 beati
1933 1365 2085 1421 Petri

496 1463 793 1519 auctoritas
817 1460 886 1517 ad
917 1458 1287 1516 ulciscendam
1327 1474 1518 1514 eorum
1567 1458 1909 1529 iniquitatem
1949 1459 2088 1514 vires

495 1555 756 1612 obtineat.
813 1553 973 1610 Scitis
1022 1553 1170 1608 enim
1205 1551 1328 1623 quia
1373 1561 1618 1622 tempore
1651 1551 1865 1607 domini
1913 1551 2086 1607 nostri

497 1664 649 1721 papa
697 1654 835 1705 A....
875 1645 1214 1719 [Alexandri]
1237 1645 1386 1717 quod
1429 1645 1576 1700 idem
1607 1647 1748 1700 H....
1777 1645 2083 1718 [Henricus]

494 1741 706 1814 injuria
735 1741 994 1797 Ecclesia
1022 1739 1179 1796 Beati
1211 1739 1354 1794 Petri
1387 1755 1482 1810 per
1509 1737 1776 1795 Cadulum
1808 1740 1926 1810 [qui
1951 1741 2090 1794 alibi

493 1835 780 1892 Cadalous.
831 1827 1029 1890 Hann
1077 1831 1347 1904 cedulam]
1382 1831 1579 1888 inferre
1605 1833 2008 1904 excogitaverit,
2032 1842 2088 1890 et

495 1929 552 1984 in
605 1936 865 2000 quantam
912 1942 1188 1999 quamque
1235 1925 1630 1997 turpissimam,
1683 1926 1888 1982 mundo
1930 1935 2088 1995 teste,

495 2019 830 2078 confusionis
867 2019 1084 2076 foveam
1113 2035 1242 2075 cum
1285 2017 1485 2074 eodem
1513 2018 1718 2074 Cadulo
1744 2019 1941 2076 cadere
1964 2036 2089 2076 me-

496 2115 626 2183 ruit,
656 2123 709 2169 et
735 2122 939 2186 quanto
969 2114 1176 2169 honore
1202 2112 1523 2184 quantisque
1547 2112 1841 2184 triumphis
1866 2113 1918 2168 in
1939 2129 2092 2169 exer-

499 2208 756 2264 citatione
796 2207 940 2264 illius
962 2207 1276 2263 certaminis
1301 2210 1371 2261 It.
1424 2207 1484 2260 P.
1507 2206 1832 2274 [reverenda
1856 2208 2093 2278 paterni-

497 2310 604 2371 tas,
629 2303 726 2358 hoc
741 2307 824 2357 est
841 2301 1140 2372 respublica
1153 2342 1166 2356 .
1204 2302 1434 2367 Hann]
1449 2307 1631 2355 nostra
1650 2299 1960 2371 profecerit.
1980 2301 2093 2357 Sci-

503 2397 572 2452 tis
614 2396 778 2451 etiam
829 2411 994 2467 quam
1049 2394 1384 2450 detestandis
1423 2393 1925 2465 conspirationibus
1967 2403 2093 2450 ante

499 2506 674 2546 annos
693 2499 824 2557 tres,
857 2489 1131 2560 pracipue
1150 2487 1642 2558 Longobardorum
1659 2488 1896 2560 episcopi
1925 2505 1984 2544 se
2003 2487 2095 2544 ad-

499 2599 722 2640 versum
751 2599 875 2649 nos,
906 2583 1105 2638 eodem
1132 2583 1271 2637 H....
1316 2580 1678 2652 principante,
1719 2590 2091 2648 armaverunt,

502 2676 726 2749 etquod
755 2693 850 2748 per
891 2673 1264 2732 defensionem
1306 2674 1447 2730 beati
1487 2675 1632 2730 Petri
1681 2675 1829 2730 illasi
1860 2683 1914 2730 et
1941 2677 2089 2732 inco-

503 2771 676 2826 lumes
701 2785 809 2825 non
825 2769 942 2824 sine
961 2785 1156 2839 magna
1173 2777 1384 2835 nostra,
1406 2777 1831 2840 nostrorumque
1853 2768 2096 2824 ﬁdelium

503 2862 726 2918 honoris
765 2860 1096 2917 exaltatione
1124 2860 1505 2916 remansimus.
1534 2861 1646 2915 Illis
1692 2876 1818 2916 vero
1858 2863 2095 2932 priorem

502 2956 894 3013 arbitrantibus
908 2971 1020 3011 non
1038 2955 1292 3011 sufﬁcere
1308 2956 1410 3010 sibi
1431 2954 1836 3021 confusionem,
1867 2972 1896 3008 a
1917 2957 2096 3026 planta

507 3050 656 3123 pedis
699 3065 874 3122 usque
911 3048 980 3105 ad
1006 3050 1266 3104 verticem
1310 3047 1626 3120 apostolica
1674 3049 1902 3104 ultionis
1929 3065 2093 3119 quan-

506 3152 626 3199 tum
684 3142 890 3199 ferierit
920 3142 1040 3212 [al.,
1076 3140 1314 3197 ferverit.
1364 3145 1585 3210 Hann]
1635 3140 1866 3212 gladius,
1915 3141 2095 3197 adhuc
2130 3162 2175 3226 ρ

506 3239 659 3308 plaga
685 3236 999 3292 incurabilis
1025 3243 1246 3307 prastat
1267 3233 1547 3290 indicium.
1581 3233 1688 3290 Sed
1721 3234 1774 3288 in
1798 3235 1883 3290 his
1910 3235 2096 3290 omni-

501 3329 604 3386 bus
642 3329 963 3398 obduratas,
994 3328 1352 3384 meretricum
1381 3344 1554 3395 more,
1589 3327 1794 3383 frontes
1822 3337 2092 3400 gerentes,

431 3485 440 3492 _
505 3433 560 3480 et
596 3423 930 3496 impudentia
957 3438 1053 3478 sua
1101 3421 1243 3477 iram
1298 3421 1399 3478 sibi
1443 3420 1578 3494 justi
1601 3420 1788 3494 judicii
1824 3422 2095 3478 thesauri-

510 3526 720 3586 zantes,
749 3517 838 3588 qui
869 3525 1116 3588 respectu
1147 3515 1487 3572 contumelia
1514 3531 1628 3572 sua
1663 3515 1729 3571 ad
1767 3532 2097 3572 sensumre-

506 3609 622 3666 dire
650 3610 970 3675 debuerant,
997 3615 1212 3681 patrem
1247 3625 1410 3665 suum
1455 3610 1646 3676 secuti,
1675 3609 1764 3680 qui
1792 3609 1932 3665 dixit
1963 3629 1976 3664 :
2003 3613 2102 3665 Po-

507 3720 632 3758 nam
661 3703 834 3757 sedem
863 3719 1031 3757 meam
1062 3704 1129 3756 ab
1159 3705 1424 3771 aquilone,
1466 3708 1515 3756 et
1549 3718 1636 3756 ero
1661 3705 1859 3758 similis
1888 3705 2098 3759 Altissi-

507 3812 590 3850 mo
620 3798 777 3861 (Isai.
812 3801 990 3862 xw),
1022 3795 1307 3866 pristinam
1347 3794 1806 3865 conspirationem
1847 3796 2104 3854 adversus

507 3888 811 3946 Dominum
836 3897 892 3943 et
918 3895 1166 3943 sanctam
1189 3888 1547 3944 universalem
1579 3889 1880 3944 Ecclesiam
1918 3890 2100 3945 conati

507 3991 632 4038 sunt
660 3981 942 4049 innovare,
987 3989 1042 4036 et
1089 3980 1371 4035 hominem
1408 3982 1753 4052 sacrilegum,
1799 3990 1852 4037 et
1902 3991 2104 4040 sancta

508 4078 774 4131 Romana
803 4073 1060 4130 Ecclesia
1090 4074 1391 4144 perjurum,
1418 4089 1520 4128 nec
1540 4089 1651 4128 non
1676 4089 1773 4145 per
1788 4074 2101 4132 universum

511 4172 634 4224 R...
661 4170 776 4237 [hoc
807 4173 883 4224 est
931 4169 1268 4222 Romanum.
1296 4165 1520 4239 Hann]
1564 4167 1756 4223 orbem
1780 4167 2102 4226 nefandissi-

509 4263 613 4319 mis
639 4262 934 4318 sceleribus
962 4261 1284 4317 denotatum
1325 4264 1468 4318 W...
1503 4263 1616 4329 [hoc
1663 4267 1739 4318 est
1766 4262 2097 4319 Wiveicum.

509 4359 712 4424 Hann,
744 4356 1054 4423 Gibertum]
1078 4354 1306 4410 dicimus
1346 4364 1548 4411 sancta
1577 4356 1906 4412 Ravennatis
1933 4359 2102 4413 eccle-

509 4451 606 4508 sia
669 4450 1102 4517 devastatorem,
1161 4448 1558 4504 Antichristum
1601 4449 1701 4504 sibi
1737 4458 1790 4505 et
1831 4450 2103 4507 haresiar-

2191 527 2375 598 utique
2403 525 2751 598 magistrum,
2782 523 2851 580 ad
2891 524 3084 579 altiora
3112 521 3430 578 tendentem
3460 521 3776 578 mirabiliter

2189 621 2409 693 dejecit,
2438 636 2726 692 speramus
2747 620 2968 674 ruinam
2989 634 3183 674 eorum
3212 633 3325 672 non
3353 615 3446 672 diu
3473 625 3778 672 remoratu-

2189 730 2330 782 ram,
2363 723 2417 770 et
2444 715 2682 786 quietem
2719 721 2925 768 sancta
2958 711 3236 777 Ecclesia,
3267 710 3422 766 victis
3456 719 3510 765 et
3543 710 3780 766 confusis

2187 808 2437 865 hostibus
2495 809 2646 876 suis,
2695 822 2855 862 more
2910 806 3070 862 solito
3117 805 3509 877 gloriosissime
3553 803 3779 859 dilatan-

2190 901 2337 958 dam.
2385 905 2500 958 Vos
2542 902 2748 973 itaque,
2780 897 3117 957 dilectissimi
3140 897 3360 967 fratres,
3417 897 3784 952 innocentiam

2190 995 2498 1052 communis
2525 994 2716 1050 matris
2751 1003 2944 1050 vestra
2971 1001 3170 1049 sancta
3215 994 3486 1047 Romana
3532 991 3786 1048 Ecclesia

2191 1089 2618 1162 perpendentes,
2648 1097 2702 1145 et
2733 1096 3000 1160 quantum
3023 1085 3273 1143 diabolus
3309 1085 3559 1141 membra
3593 1101 3688 1141 sua
3717 1084 3787 1141 ad

2193 1182 2534 1238 inferendam
2573 1181 2820 1255 prafata
2855 1182 3133 1252 Romana;
3163 1179 3420 1236 Ecclesia
3461 1177 3790 1251 inquietudi-

2195 1293 2316 1332 nem
2347 1285 2621 1341 exerceat,
2675 1275 3102 1342 considerantes,
3133 1274 3276 1330 sicut
3311 1273 3502 1340 decet,
3528 1281 3584 1328 et
3617 1271 3788 1328 officii

2195 1369 2358 1426 vestri
2406 1370 2650 1426 debitum
2691 1369 2872 1441 exigit,
2904 1367 3249 1424 orationibus
3304 1367 3536 1439 aliisque
3582 1367 3785 1433 modis,

2193 1463 2389 1536 quibus
2430 1463 2699 1519 laboranti
2728 1463 2888 1518 matri
2932 1461 3361 1518 succurrendum
3410 1470 3520 1528 est,
3565 1477 3789 1533 operam

2178 1557 2546 1628 'studiumque
2586 1555 2905 1638 impendite,
2938 1565 3207 1627 quatenus
3233 1565 3488 1627 appareat
3531 1571 3624 1611 vos
3661 1555 3788 1627 legi-

2193 1652 2361 1708 timos
2384 1651 2501 1723 ejus
2544 1651 2684 1706 ﬁlios
2711 1665 2850 1719 esse,
2886 1650 3166 1722 ipsiusque
3205 1649 3616 1716 contumeliam,
3661 1665 3792 1719 par-

2198 1735 2622 1801 tita'nobiscum
2670 1743 2868 1800 laboris
2905 1743 3208 1814 diligentia,
3257 1757 3320 1798 ex
3350 1741 3514 1798 corde
3562 1743 3785 1797 sentire.

2122 1805 2169 1867 Β
2200 1839 2362 1909 Quod
2389 1839 2434 1894 si
2467 1837 2673 1894 fueritis
2699 1837 2834 1893 socii
2853 1838 3272 1908 compassionis,
3297 1836 3470 1904 eritis,
3495 1835 3792 1892 auxiliante

2197 1937 2340 1998 Deo,
2369 1933 2570 1990 latitia
2598 1931 2882 2004 participes
2904 1939 2960 1988 et
2995 1931 3406 1987 consolationis.
3440 1932 3646 1987 Caetera
3669 1945 3791 2000 qua

2197 2044 2311 2085 non
2348 2027 2696 2091 inseruimus,
2741 2025 2932 2096 legatis
2961 2026 3182 2093 nostris,
3225 2025 3425 2097 quibus
3452 2025 3592 2081 sicut
3621 2023 3790 2080 nobis

2199 2121 2417 2178 credere
2446 2120 2692 2192 potestis,
2718 2117 3002 2176 referenda
3028 2119 3433 2176 commisimus.

2270 2213 2410 2266 Data
2443 2209 2649 2278 Cicani,
2681 2207 3011 2267 duodecimo
3041 2207 3323 2264 Kalendas
3353 2208 3608 2281 Augusti.

2746 2303 3096 2358 EPISTOLA
3161 2304 3256 2358 Vl.

2805 2412 2890 2452 AD
2929 2411 3191 2452 EOSDEM.

2806 2490 2989 2550 (Anno
3029 2491 3208 2550 1080.)

2207 2581 2273 2634 Ut
2299 2581 2552 2634 Michaeli
2580 2579 3518 2650 imperatoriConstantinopolitano,
3528 2578 3600 2650 ab
3622 2581 3796 2648 impe-

2273 2654 2484 2706 ratoria
2511 2648 2774 2718 dignitate
2820 2651 3015 2719 injuste
3043 2651 3221 2719 eiecto,
3249 2656 3299 2704 et
3333 2648 3636 2718 apostolica
3655 2651 3798 2702 sedis

2274 2739 2336 2775 ac
2360 2723 2577 2777 Roberti
2615 2723 3052 2776 (lucisauailinm
3082 2722 3422 2790 imploranti,
3454 2723 3791 2775 subveniunt.

2278 2796 2524 2862 Prii-cipit
2539 2796 2804 2848 militibus
2831 2796 2925 2862 qui
2954 2794 3104 2859 apud
3132 2809 3249 2846 eum
3277 2793 3512 2845 militare
3531 2794 3794 2846 coluerint

2275 2871 2334 2918 ut
2365 2867 2413 2919 ei
2458 2867 2688 2932 ﬁdeliter
2735 2867 3061 2929 insewiant;
3095 2864 3418 2932 mandatque
3441 2864 3706 2934 episcoliis
3741 2867 3800 2916 ut

2276 2951 2358 2990 eos
2390 2937 2586 2989 milites
2611 2941 2876 3001 moneant,
2901 2941 2960 2989 ut
2985 2941 3183 2988 rectam
3209 2935 3366 3003 ﬁdem
3389 2952 3521 3002 erga
3547 2952 3668 2989 eum
3698 2950 3798 2988 ser-

2275 3012 2417 3072 vent,
2439 3010 2679 3060 timorem
2702 3012 2995 3061 clamorem
3025 3009 3126 3061 Dei
3136 3021 3257 3075 prce
3286 3006 3450 3060 oculis
3477 3007 3736 3071 habeant,
3755 3009 3801 3058 et

2273 3081 2343 3203 ὑὶ
2358 3079 2506 3203 beluis
2527 3079 2769 3202 qperibus
2784 3081 3140 3148 perseverent,
3169 3079 3345 3147 sicque
3367 3077 3482 3132 illos
3514 3094 3547 3131 a
3568 3079 3798 3147 peccatis

2273 3167 2307 3203 a
2345 3165 2401 3203 so
2427 3165 2530 3202 van
2563 3191 2574 3202 .

2273 3151 2574 3203 absolvant.

2271 3245 2635 3300 Gne’oonws
2647 3241 2950 3314 episcopus,
2964 3257 3150 3299 servus
3172 3257 3456 3298 servorum
3479 3241 3601 3309 Dei,
3614 3239 3801 3297 fratri-

2202 3338 2302 3394 bus
2330 3346 2388 3392 et
2412 3335 2746 3408 coepiscopis
2769 3336 2824 3390 in
2856 3335 3052 3407 Apulia
3075 3344 3132 3391 et
3159 3335 3409 3391 Calabria
3436 3350 3793 3392 commoran-

2204 3431 2370 3499 tibus,
2401 3430 2633 3486 salutem
2663 3439 2718 3485 et
2745 3429 3102 3500 apostolicam
3131 3428 3578 3486 benedictionem.

2273 3527 2484 3581 Notum
2511 3540 2629 3581 esse
2653 3522 2962 3596 prudentia
2993 3532 3184 3580 vestra
3202 3539 3314 3579 non
3327 3522 3652 3580 dubitamus
3680 3525 3790 3596 glo-

2205 3619 2568 3675 riosissimum
2642 3617 3031 3688 imperatorem
3096 3617 3790 3688 Constantinopolitanum,

2205 3712 2530 3769 Michaelem
2557 3711 2805 3767 videlicet
2831 3715 3003 3780 (401),
3046 3711 3114 3766 ab
3145 3711 3440 3782 imperialis
3467 3710 3799 3766 excellentia

2207 3806 2450 3861 culmine
2477 3804 2696 3875 indigne
2735 3806 2916 3876 potius
2940 3813 2993 3860 et
3019 3805 3308 3872 malitiose,
3337 3819 3504 3876 quam
3522 3803 3678 3876 juste
3709 3812 3800 3859 aut

2208 3898 2626 3967 rationabiliter,
2659 3913 2778 3954 esse
2806 3897 3106 3970 deiectum,
3129 3898 3218 3970 qui
3251 3899 3513 3954 auxilium
3542 3896 3693 3953 beati
3711 3900 3803 3954 Pe-

2209 3993 2300 4059 tri,
2331 4008 2544 4048 necnon
2600 3991 2694 4046 filii
2737 3992 2906 4047 nostri
2943 3992 3319 4062 gloriosissimi
3371 3991 3523 4048 ducis
3570 3989 3800 4048 Roberti

2209 4085 2546 4156 flagitaturus
2564 4085 2778 4143 Italiam
2805 4085 2976 4156 petiit.
3008 4089 3350 4157 Quapropter
3369 4100 3488 4152 nos,
3510 4085 3641 4140 licet
3663 4085 3800 4140 indi—

2211 4178 2322 4250 gni,
2351 4179 2496 4235 sedis
2517 4178 2683 4250 ipsius
2698 4195 2888 4236 curam
2910 4187 3180 4250 gerentes,
3204 4178 3604 4250 compassionis
3633 4178 3804 4234 visce-

2212 4272 2362 4328 ribus
2391 4273 2551 4339 moti,
2597 4272 2850 4343 precibus
2877 4272 3043 4340 illius,
3074 4288 3175 4327 nec
3211 4288 3322 4326 non
3351 4271 3600 4343 ejusdem
3632 4271 3800 4337 ducis,

2207 4364 2562 4420 annitendum
2603 4380 2722 4420 esse
2745 4365 3079 4434 censuimus,
3118 4374 3171 4421 et
3199 4381 3230 4421 a
3255 4363 3505 4420 fidelibus
3531 4363 3680 4420 beati
3709 4367 3803 4421 Pe-

2207 4458 2278 4513 tri
2321 4456 2760 4514 subveniendum
2798 4457 2898 4514 sibi
2931 4458 3048 4514 fore
3085 4458 3416 4530 putavimus.
3470 4457 3649 4530 Igitur
3683 4457 3804 4530 quia

508 4545 668 4601 cham
699 4543 1048 4600 constituere.
1079 4545 1145 4597 In
1186 4557 1296 4614 quo
1318 4542 1578 4598 nimirum
1602 4543 1812 4599 Satana
1831 4552 2104 4601 conventu
2130 4522 2180 4585 D
2211 4551 2357 4607 inter
2385 4559 2580 4607 catera
2620 4551 2948 4607 multimoda
2974 4522 3259 4622 suffragia,
3286 4550 3430 4607 istud
3470 4522 3584 4607 an
3628 4522 3806 4606 minus

510 4637 583 4693 illi
611 4638 905 4694 interfuere
949 4652 1183 4709 quorum
1213 4644 1297 4690 est
1321 4637 1430 4691 vita
1469 4635 1830 4704 detestabilis,
1873 4647 1928 4692 et
1953 4637 2102 4693 ordi-

511 4731 657 4787 natio
678 4730 934 4786 haeretica
968 4729 1335 4785 immensitate
1382 4730 1695 4786 multimodi
1738 4731 1996 4787 criminis.
2025 4731 2106 4787 Si-

457 4849 465 4862 ~
513 4823 740 4898 quidem
768 4823 837 4879 ad
863 4823 1001 4878 hanc
1039 4822 1304 4878 insaniam
1337 4823 1429 4878 illa
1459 4822 1682 4880 demum
1710 4840 1804 4881 eos
1853 4824 2109 4897 despera-

511 4919 588 4975 tio
619 4919 787 4974 traxit
813 4916 959 4989 quod
999 4933 1179 4990 neque
1224 4917 1507 4988 precibus,
1545 4934 1721 4990 neque
1760 4919 2105 4975 servitiorum

514 5020 608 5068 aut
626 5027 921 5068 munerum
949 5010 1416 5082 promissionibus,
1449 5010 1711 5066 scelerum
1747 5027 1972 5067 suorum
2016 5029 2104 5068 ve-

512 5108 661 5164 niam
689 5106 830 5179 apud
864 5120 967 5162 nos
990 5105 1244 5161 maluerit
1263 5106 1576 5176 impetrare,
1608 5105 1713 5160 nisi
1743 5103 1882 5160 forte
1907 5107 2107 5162 vellent

505 5202 713 5274 judicio
751 5201 1114 5258 ecclesiastico
1138 5209 1452 5271 nostraque
1481 5215 1724 5256 censura
1749 5215 1807 5254 se
1830 5200 2106 5256 mediante

513 5295 907 5363 misericordia,
948 5294 1087 5350 sicut
1113 5293 1269 5348 decet
1291 5292 1540 5348 ofﬁcium
1577 5301 1851 5359 nostrum,
1891 5292 2112 5350 submit-

514 5400 648 5446 tere.
690 5390 808 5444 Hos
837 5388 1020 5458 itaque
1054 5386 1219 5442 nullis
1275 5386 1572 5441 rationibus
1601 5385 1788 5456 fultos,
1835 5387 1950 5444 imo
1987 5404 2106 5444 om-

513 5481 669 5538 nium
714 5479 1010 5536 criminum
1077 5479 1409 5536 conscientia
1478 5479 1890 5550 perditissimos,
1945 5489 2107 5539 tanto

511 5575 684 5647 magis
711 5572 1097 5644 vilipendimus
1123 5581 1328 5644 quanto
1360 5572 1462 5644 ipsi
1501 5589 1560 5628 se
1603 5573 1795 5630 altiora
1835 5591 2108 5632 conscen-

512 5669 655 5728 disse
704 5666 1004 5726 coniidunt.
1033 5669 1138 5724 Per
1182 5666 1619 5724 misericordiam
1665 5669 1860 5742 quippe
1912 5671 2010 5726 Dei
2056 5679 2110 5727 et

2212 4644 2560 4717 profuturum
2581 4646 2866 4702 memorati
2889 4645 3161 4717 principes
3181 4644 3544 4714 exsistimant,
3575 4645 3802 4712 scilicet,

2213 4749 2275 4795 ut
2314 4739 2517 4795 milites
2562 4739 2928 4807 auxiliatores,
2955 4747 3104 4794 recta
3140 4738 3269 4807 fide,
3315 4754 3428 4795 non
3463 4736 3807 4794 dissimilibus

2213 4831 2412 4888 animis
2437 4832 2518 4887 ire
2540 4839 2855 4888 constanter
2888 4832 2941 4886 in
2967 4831 3299 4903 adjutorium
3331 4840 3386 4888 et
3427 4829 3806 4887 defensionem

2213 4925 2423 4996 prafati
2459 4925 2810 4996 imperatoris
2848 4925 3100 4993 debeant,
3141 4925 3441 4997 apostolica
3483 4924 3807 4980 auctoritate

2215 5018 2566 5091 pracipimus
2594 5027 2859 5090 quatenus
2879 5019 2954 5073 illi
2983 5019 3073 5090 qui
3126 5019 3377 5074 militiam
3409 5019 3578 5092 ipsius
3605 5019 3806 5072 intrare

2213 5113 2528 5179 statuerint,
2561 5112 2616 5167 in
2641 5112 2973 5168 contrariam
2996 5121 3214 5182 partem
3238 5112 3531 5184 proditoria
3554 5112 3809 5182 tergiver-

2214 5206 2428 5262 satione
2451 5205 2687 5261 transire
2710 5221 2822 5261 non
2851 5206 3103 5274 audeant,
3131 5222 3319 5262 verum
3349 5205 3519 5277 (quod
3549 5204 3806 5262 Christia-

2214 5313 2302 5355 na
2338 5298 2623 5368 religionis
2664 5299 2840 5354 honor
2863 5307 2917 5355 et
2957 5299 3206 5356 debitum
3245 5300 3498 5371 postulat)
3540 5299 3587 5354 ei
3629 5295 3809 5368 prasi-

2215 5391 2364 5448 dium
2395 5391 2624 5447 fideliter
2651 5391 2994 5463 impendant.
3036 5393 3327 5448 Dilectioni
3370 5407 3587 5464 quoque
3617 5397 3808 5446 vestra

2213 5483 2570 5540 nihilominus
2595 5485 2956 5557 pracipiendo
2983 5487 3307 5542 mandamus
3330 5495 3390 5540 ut
3434 5502 3528 5541 eos
3563 5484 3651 5558 qui
3683 5497 3804 5538 cum

2215 5578 2408 5634 eodem
2455 5579 2591 5636 duce
2643 5589 2697 5635 et
2735 5580 2992 5651 pradicto
3044 5580 3358 5652 imperatori
3410 5573 3806 5635 transfretaturi

2214 5681 2364 5742 sunt,
2403 5672 2836 5747 diligentissime,
2869 5683 2932 5730 ut
2950 5682 3194 5731 vestrum
3223 5672 3472 5730 ofﬁcium
3493 5671 3672 5744 exigit,
3690 5683 3808 5726 mo-

582 5872 727 5933 (401)
750 5870 958 5924 Ducam
981 5864 1232 5937 intelligit
1251 5864 1742 5962 quiParapinacius
1761 5864 2040 5923 dicebatur
2067 5875 2120 5922 et
2137 5882 2433 5938 purpuram
2461 5877 2715 5939 posuerat
2742 5869 2827 5926 die
2855 5874 2885 5925 7
2901 5870 3085 5942 aprilis
3099 5871 3224 5926 anui
3256 5877 3416 5927 1078.
