4044 6164
256 218 340 270 ssi
610 178 615 185 ’
1364 214 1562 269 LIBER
1601 212 1927 269 OCTAVUS.
1971 242 2033 251 —
2077 212 2287 268 EPlST.
2327 212 2419 266 1x.

252 337 419 393 neatis
431 337 755 409 condignam
772 338 1149 409 paenitentiam
1162 353 1344 410 agere,
1360 346 1416 394 et
1426 348 1631 393 rectam
1644 337 1831 407 ﬁdem,
1860 338 1919 402 Α

252 431 388 487 sicut
408 430 567 486 decet
591 431 948 499 Christianos,
972 432 1115 488 circa
1140 432 1259 487 illos
1291 447 1529 499 servare,
1563 432 1618 486 in
1659 433 1836 487 omni-

249 525 344 581 bus
370 525 582 581 actibus
608 526 723 581 suis
745 526 1008 581 timorem
1029 526 1135 581 Dei
1168 534 1223 582 et
1248 542 1497 582 amorem
1519 541 1633 598 prae
1664 526 1836 581 oculis
1882 530 1893 539 '

248 618 466 687 habere,
506 627 561 675 et
604 619 669 674 ini
702 617 863 675 bonis
915 620 1174 691 operibus
1219 635 1597 693 perseverare;
1651 620 1835 691 sicque

246 712 363 768 illos
392 712 510 769 l'ulti
537 722 724 768 nostra
749 714 1100 783 auctoritate,
1131 715 1242 770 imo
1262 713 1410 771 beati
1430 713 1576 771 Petri
1598 720 1838 786 potesta-

244 814 315 875 te,
343 822 375 862 a
398 805 632 879 peccatis
658 807 942 863 absolvite.

308 903 453 957 Data
481 909 673 958 octavo
699 901 975 958 Kalendas
998 903 1253 974 Augusti.

771 1012 1132 1068 EPISTOLA
1176 1014 1295 1069 VII.

649 1128 732 1169 ΔΙ)
768 1128 1109 1172 UNIVEBSOS
1149 1129 1208 1170 Fl
1218 1129 1429 1171 DELES.

832 1220 1018 1283 (Anno
1066 1220 1243 1284 1080.)

230 1318 535 1373 Multorum
544 1318 860 1391 principum
874 1321 1151 1374 auarilium
1168 1322 1493 1389 promissum
1512 1321 1620 1375 sibi
1640 1326 1836 1391 praesto

298 1405 411 1444 esse
438 1392 774 1459 signiﬁcans,
807 1407 861 1445 se
889 1395 1198 1447 Ravennam
1218 1398 1439 1446 armata
1462 1409 1627 1447 manu
1654 1399 1838 1448 ventu-

302 1477 431 1514 rum
461 1464 562 1523 ait,
608 1467 670 1515 ut
708 1478 824 1516 eam
854 1464 1130 1517 ecclesiam
1157 1464 1224 1517 de
1253 1464 1511 1518 manibus
1540 1468 1836 1535 impiorum

300 1535 529 1605 eripiat.
557 1535 733 1600 Quare
768 1534 1019 1588 hortatur
1039 1540 1101 1588 ut
1122 1551 1303 1589 eorum
1329 1534 1621 1605 impiorum
1652 1552 1836 1605 super-

310 1604 460 1657 biam
485 1610 535 1657 et
561 1612 786 1658 conatus
816 1622 923 1659 una
951 1622 1120 1660 secum
1142 1604 1509 1671 contemnant;
1540 1608 1681 1661 unde
1703 1604 1835 1661 san-

304 1679 407 1728 ctce
455 1677 705 1731 Ecclesia:
742 1691 925 1744 pacem
949 1678 1137 1731 dicina
1160 1678 1437 1732 clementia
1462 1679 1840 1733 stabiliendum

307 1748 433 1812 fore
455 1754 691 1817 sperent.

304 1849 668 1905 Gal-:Gomus
697 1850 1009 1921 episcopus,
1043 1866 1230 1906 servus
1253 1866 1543 1907 servorum
1570 1852 1691 1919 Dei,
1722 1850 1833 1906 fra-

240 1941 423 1997 tribus
448 1950 499 1998 et
526 1942 859 2015 coepiscopis
886 1943 1255 2000 Christianam
1282 1944 1600 2017 religionem
1637 1944 1831 2001 defen-

238 2036 520 2101 dentibus,
588 2037 908 2108 caeterisque
957 2037 1219 2093 clericalis
1262 2054 1326 2093 ac
1370 2038 1570 2093 laicalis
1627 2037 1834 2094 ordinis

237 2128 422 2185 Sancti
468 2130 614 2191 Petri
644 2129 910 2196 ﬁdelibus,
948 2130 1183 2187 salutem
1208 2140 1262 2187 et
1288 2130 1644 2203 apostolicam
1672 2130 1832 2188 bene-

238 2222 555 2280 dictionem.

307 2320 520 2374 Notum
545 2318 621 2374 sit
649 2317 925 2390 dilectioni
952 2328 1151 2375 vestrae
1166 2335 1290 2386 nos,
1317 2325 1435 2375 tam
1451 2336 1549 2392 per
1572 2319 1835 2391 nosipsos

240 2426 401 2482 quam
430 2420 487 2467 et
527 2428 621 2483 per
648 2413 855 2483 legatos
890 2422 1131 2479 nostros,
1181 2430 1306 2469 cum
1335 2413 1472 2470 duce
1496 2415 1651 2482 {R....
1701 2413 1834 2485 [Ro—

241 2504 437 2578 berto],
480 2514 536 2561 et
588 2506 827 2562 Iordane
859 2507 1178 2578 caeterisque
1222 2507 1621 2578 potentioribus
1668 2510 1836 2563 Nort-

234 2614 570 2654 marmorum
599 2598 933 2670 principibus
965 2598 1131 2655 fuisse
1177 2600 1413 2667 locutos,
1444 2601 1535 2671 qui
1589 2599 1835 2671 profecto

235 2692 578 2748 unanimiter
619 2693 950 2763 promittunt
978 2710 1037 2749 se
1075 2694 1239 2764 (sicut
1266 2694 1433 2765 jurati
1466 2696 1612 2761 sunt)
1641 2694 1709 2749 ad
1738 2693 1835 2749 de-

231 2783 545 2841 fensionem
562 2794 764 2842 sanctae
788 2789 1057 2843 Romana
1078 2787 1333 2843 Ecclesiae
1356 2787 1639 2858 nostrique
1659 2786 1836 2842 hono-

226 2880 307 2935 ris
361 2888 561 2935 contra
613 2894 809 2935 omnes
860 2879 1119 2936 mortales
1147 2880 1414 2936 auxilium
1461 2880 1831 2951 impensuros.

227 2972 485 3045 ldipsum
515 2988 733 3045 quoque
764 2973 950 3039 nobis,
978 2981 1034 3029 et
1052 2973 1143 3044 qui
1165 2974 1306 3030 circa
1347 2974 1563 3031 Urbem
1588 2974 1745 3047 longe
1766 2974 1837 3029 la-

225 3076 397 3139 teque
429 3074 587 3137 sunt,
616 3074 670 3122 et
701 3066 759 3121 in
787 3069 982 3123 Tuscia
1011 3068 1332 3139 caeterisque
1359 3069 1672 3141 regionibus
1694 3068 1836 3140 prin-

227 3162 379 3233 cipes
410 3160 653 3215 ﬁrmiter
676 3160 1017 3232 pollicentur.
1051 3160 1213 3217 Unde
1242 3170 1369 3233 post
1399 3161 1676 3218 Kalendas
1703 3163 1842 3232 Sep-

229 3255 489 3321 tembris,
515 3261 811 3326 postquam
857 3264 1077 3327 tempus
1125 3255 1409 3329 frigescere
1453 3257 1696 3328 cmperit,
1747 3273 1837 3312 cu-

230 3350 455 3420 pientes
497 3356 745 3404 sanctam
775 3353 1152 3406 Ravennatem
1194 3351 1265 3420 (S.
1296 3353 1394 3419 Β.)
1448 3351 1741 3407 ecclesiam
1768 3351 1838 3408 de

231 3443 496 3499 manibus
526 3442 711 3514 impiis
757 3442 987 3514 eripere,
1046 3451 1102 3499 et
1152 3443 1295 3498 Patri
1334 3460 1434 3500 suo
1484 3444 1647 3501 beato
1676 3447 1837 3501 Petro

233 3534 546 3601 restituere,
572 3543 755 3606 partes
778 3534 895 3591 illas
914 3544 1121 3592 armata
1144 3551 1316 3592 manu
1328 3536 1494 3605 (sicut
1512 3535 1581 3592 de
1600 3538 1840 3593 Domino

239 3632 550 3698 speramus)
581 3635 853 3698 petemus,
883 3645 947 3683 ac
974 3644 1070 3701 per
1100 3629 1269 3700 ipsius
1291 3630 1558 3685 auxilium
1594 3646 1696 3685 nos
1715 3647 1837 3686 eam

237 3721 576 3777 liberaturos
614 3720 759 3777 haud
801 3721 968 3778 dubie
1014 3723 1310 3780 credimus.
1353 3725 1697 3797 Quapropter
1738 3740 1840 3780 nos

241 3815 526 3870 audaciam
550 3807 867 3886 impiarum,
899 3831 1201 3889 eorumque
1228 3818 1319 3889 qui
1344 3834 1468 3885 nos,
1496 3819 1609 3874 imo
1634 3820 1688 3873 in
1717 3817 1840 3873 bea-

240 3916 365 3963 tum
385 3910 637 3975 Petrum,
655 3924 712 3963 se
739 3918 1052 3978 erexerunt,
1083 3909 1519 3967 machinationes
1544 3928 1641 3983 pro
1667 3911 1840 3967 nihilo

240 4000 530 4069 ducentes,
572 4002 826 4059 volumus
865 4012 1032 4076 atque
1068 4002 1356 4059 hortamur
1392 4020 1488 4060 vos
1524 4004 1840 4075 superbiam

236 4103 585 4166 conatusque
617 4129 621 4132 -
651 4095 869 4151 illorum
917 4112 1076 4169 atque
1129 4097 1423 4153 nobiscum
1472 4106 1841 4166 contemnere,

240 4197 399 4244 tanto
424 4188 494 4245 de
524 4189 681 4245 ruina
707 4205 899 4246 eorum
935 4191 1193 4247 certiores
1215 4198 1417 4263 quanto
1442 4207 1536 4247 eos
1562 4191 1630 4247 ad
1654 4190 1843 4247 altiora

239 4281 347 4336 niti
396 4282 689 4339 ascendere
727 4283 967 4339 cernitis.
1017 4285 1243 4340 Talibus
1286 4300 1526 4356 namque
1566 4284 1843 4356 Propheta

241 4369 557 4442 imprecans
579 4372 654 4427 ait
686 4391 698 4426 :
726 4375 995 4444 Superbia
1026 4390 1203 4429 eorum
1227 4378 1324 4444 qui
1341 4380 1391 4430 te
1418 4376 1643 4430 oderunt
1662 4392 1844 4431 ascen-

238 4464 329 4519 dit
349 4481 557 4535 semper
586 4465 745 4532 (Psal.
776 4471 1030 4534 Lxxm);
1054 4476 1238 4540 aperte
1280 4467 1563 4525 declarans
1587 4470 1714 4542 quia
1741 4486 1845 4526 au-
1874 4472 1925 4535 D

240 4558 354 4615 dax
383 4559 634 4632 impietas
657 4578 720 4617 eo
746 4562 921 4634 magis
948 4562 1095 4618 casui
1122 4563 1351 4620 vicinior
1377 4572 1551 4619 exstat
1587 4582 1696 4635 quo
1724 4581 1839 4620 am-

242 4654 392 4727 plius
430 4671 489 4710 se
525 4656 834 4712 ascendisse
865 4657 1160 4713 existimat.
1200 4661 1311 4713 Vos
1345 4674 1474 4730 ergo
1521 4659 1615 4731 qui
1663 4662 1843 4715 Deum

241 4749 478 4818 timetis,
511 4758 569 4804 et
593 4749 735 4806 beati
768 4751 907 4805 Petri
938 4750 1257 4806 ﬁdelitatem
1289 4752 1509 4819 tenetis,
1540 4751 1608 4808 de
1634 4752 1846 4809 miseri-

238 4842 436 4899 cordia
465 4842 691 4898 Domini
708 4844 1021 4900 nullatenus
1040 4844 1350 4900 hazsitantes
1365 4860 1590 4917 prorsus
1609 4858 1843 4918 sperate,

240 4946 300 4993 et
332 4935 698 4992 nefandorum
724 4936 1190 5009 perturbationem
1220 4939 1411 4994 merita
1434 4938 1590 4995 ruina
1620 4940 1726 4995 cito
1750 4956 1845 4995 se-

237 5029 516 5098 dandam,
550 5038 604 5085 et
641 5040 843 5087 sanctae
890 5031 1151 5087 Ecclesiae
1181 5048 1370 5103 pacem
1404 5040 1460 5087 et
1499 5032 1845 5088 securitatem

234 5124 413 5190 (sicut
436 5122 507 5179 de
545 5123 725 5179 divina
751 5125 1044 5182 clementia
1084 5124 1423 5183 conﬁdentes
1455 5125 1844 5198 promittimus)

233 5218 500 5291 proxime
534 5218 941 5275 stabiliendam.

783 5325 1141 5380 EPISTOLA
1181 5325 1303 5381 Vill
1316 5368 1328 5380 .

353 5441 445 5488 AD
478 5442 825 5487 ALPHANUM
865 5442 1211 5486 EPISCOPUM
1241 5443 1739 5486 SALEBNITANUM.

849 5535 1034 5599 (Anno
1076 5538 1262 5599 1080.)

230 5636 585 5697 Gratulatur
625 5635 692 5690 de
731 5636 876 5691 beati
918 5637 1165 5691 Matthcei
1206 5638 1442 5708 apostoli
1487 5637 1721 5708 corporis
1741 5637 1845 5708 fin-

312 5708 588 5781 centiens.
634 5709 891 5762 Hortatur
917 5707 1332 5781 episcopum,ut
1366 5710 1628 5778 reliquias
1666 5707 1849 5760 debita

315 5780 657 5835 veneratione
677 5785 1054 5848 prosequatur,
1083 5780 1144 5837 ac
1170 5782 1379 5839 moneat
1414 5781 1604 5836 ducem
1630 5781 1766 5834 R....
1799 5782 1848 5832 et

1866 1766 1913 1829 B

3440 221 3542 274 582

2018 340 2133 407 ejus
2158 336 2447 405 conjugem,
2475 339 2537 391 ut
2573 340 2688 390 tam
2714 338 2918 405 insigni
2940 343 3169 407 patrono
3192 344 3545 400 reverentiam

2018 414 2067 462 et
2096 410 2339 462 honorem
2359 409 2602 481 decenter
2616 409 2930 473 exhibeant,
2950 415 3000 465 et
3025 410 3138 480 ejus
3164 427 3315 481 opem
3329 428 3544 481 prome-

2012 482 2121 533 reri
2139 485 2328 533 conten
2340 480 2501 535 dant.

2013 582 2364 638 Ganeoams
2392 581 2699 655 episcopus,
2722 586 2912 640 servus
2935 600 3224 642 servorum
3248 586 3370 654 Dei,
3388 586 3545 644 fratri

1943 683 1996 729 et
2011 676 2331 747 coepiscopo
2343 675 2682 732 Salernitano
2701 682 3002 736 ALPHANO
3015 681 3249 737 salutem
3270 690 3325 737 et
3335 690 3547 754 aposto«

1941 767 2103 823 licam
2128 768 2593 825 benedictionem.

2012 863 2228 919 Divina:
2268 863 2483 935 pietatis
2517 864 2787 935 respectui
2814 867 3023 936 gratias
3063 866 3310 940 ingentes
3346 866 3545 927 referi-

1940 972 2087 1025 mus,
2134 957 2289 1029 cujus
2327 957 2566 1030 dignatio
2633 958 2958 1014 thesaurum
3012 976 3280 1033 magnum
3334 964 3545 1037 totique

1941 1050 2151 1106 mundo
2177 1050 2529 1122 profuturum
2568 1052 2771 1107 nostris
2799 1054 3139 1124 temporibus
3168 1055 3546 1112 misericordi-

1946 1151 2032 1200 ter
2071 1146 2352 1200 revelavit.
2379 1147 2506 1201 Non
2563 1146 2841 1201 immerito
2874 1154 2983 1202 tua:
3011 1163 3227 1218 quoque
3267 1148 3545 1205 dilectioni

1942 1239 2301 1309 gratulamur,
2332 1255 2457 1311 qua:
2484 1247 2653 1295 tantae
2681 1239 2883 1296 laetitiae
2904 1241 3123 1296 caelitus
3146 1257 3336 1297 revera
3363 1252 3542 1298 osten-

1941 1348 2017 1387 see
2050 1333 2335 1404 participes
2362 1349 2461 1388 nos
2496 1332 2717 1388 efﬁcere
2740 1333 2964 1389 sollicite
2996 1336 3330 1405 procuravit.
3360 1336 3544 1392 Credi—

1949 1441 2073 1481 mus
2122 1426 2390 1498 siquidem
2436 1434 2491 1481 et
2528 1426 2912 1483 incunctanter
2940 1429 3262 1496 asserimus,
3301 1429 3369 1485 de
3406 1431 3546 1485 tanti

1948 1520 2196 1591 corporis
2226 1520 2558 1588 inventione,
2592 1536 2703 1575 non
2728 1522 2908 1583 solum
2944 1521 3120 1592 ipsum
3144 1523 3367 1578 beatum
3398 1528 3545 1580 Mat-

1947 1612 2153 1669 thzcum
2175 1613 2508 1685 apostolum,
2533 1630 2724 1669 verum
2737 1616 2908 1670 etiam
2934 1624 3167 1671 caeteros
3197 1618 3545 1689 coapostolos

1946 1723 2073 1762 cum
2101 1708 2302 1761 sanctis
2340 1708 2617 1774 omnibus,
2647 1708 2889 1779 ipsisque
2918 1710 3230 1764 coelestibus
3267 1711 3546 1781 spiritibus

1949 1809 2003 1857 et
2028 1800 2265 1872 gloriosa
2284 1800 2385 1855 Dei
2412 1800 2676 1871 genitrice
2695 1801 2889 1869 Maria,
2910 1802 3238 1858 mortalibus
3250 1804 3547 1875 congaudeo

1943 1911 2026 1965 re,
2075 1903 2238 1973 atque
2277 1894 2526 1965 ipsorum
2575 1896 2826 1951 omnium
2852 1895 3035 1951 studia
3062 1896 3207 1952 circa
3238 1897 3544 1955 humanum

1943 2005 2116 2061 genus
2146 1988 2253 2044 hoc
2300 1997 2549 2060 tempore
2580 2005 2748 2062 quam
2799 1990 2921 2044 aliis
2967 1990 3144 2045 multo
3188 1993 3545 2063 propensiora

1944 2084 2291 2154 multumque
2337 2098 2455 2138 esse
2499 2082 2857 2138 uberantiora
2904 2083 2971 2155 [Γ.
3005 2084 3441 2156 exuberantiora,
3473 2090 3548 2143 sic

1943 2184 1992 2233 et
2011 2180 2071 2232 in
2099 2170 2215 2232 cod.
2247 2180 2443 2233 Mat-in.
2475 2176 2516 2250 ].
2549 2178 2603 2232 Si
2634 2176 2787 2232 enim
2820 2179 3033 2234 caeteris
3059 2179 3399 2251 temporibus
3424 2197 3546 2236 san-

1942 2280 2159 2328 ctorum
2185 2288 2286 2327 nos
2326 2271 2625 2343 patrocinia
2655 2272 2743 2343 pia
2778 2288 2887 2327 non
2915 2272 3197 2341 deserunt,
3241 2275 3546 2332 certissime

1942 2374 2077 2422 tunc
2119 2366 2472 2437 potissimum
2502 2366 2768 2437 speranda
2794 2375 2922 2421 sunt
2949 2383 3144 2423 eorum
3174 2369 3395 2437 auxilia,
3417 2386 3545 2426 cum

1944 2460 2289 2516 sanctissima
2316 2476 2509 2515 eorum
2538 2476 2774 2529 corpora
2803 2461 2966 2516 nobis
2995 2462 3153 2532 quasi
3190 2462 3428 2518 rediviva
3460 2462 3546 2518 di-

1942 2558 2072 2611 vino
2096 2564 2235 2611 nutu
2262 2554 2722 2624 manifestantur;
2743 2564 2798 2611 et
2824 2558 2968 2612 sicut
2996 2573 3093 2626 per
3112 2558 3365 2627 corporei
3388 2574 3547 2629 aspe-

1944 2647 2063 2708 ctus
2082 2653 2348 2707 intuitum
2366 2660 2634 2723 tanquam
2654 2652 2789 2707 ﬁdes
2813 2652 3083 2721 cernitur,
3114 2669 3238 2723 spes
3260 2654 3373 2724 jam
3394 2661 3545 2711 tene-

1942 2754 2055 2817 tur,
2085 2747 2159 2801 ita
2192 2762 2387 2802 eorum
2426 2745 2694 2800 beneﬁcia
2721 2754 2853 2801 tunc
2882 2762 3009 2817 erga
3034 2746 3261 2802 devotos
3295 2750 3544 2805 renovari

1942 2841 2273 2912 uberiusque
2298 2838 2606 2895 redundare
2635 2839 2972 2895 credendum
3014 2848 3110 2895 est.
3147 2841 3306 2898 Unde
3332 2850 3385 2897 et
3420 2842 3543 2913 jam

1944 2944 2130 2991 sancta
2155 2934 2481 2990 universalis
2506 2933 2769 3002 Ecclesia,
2800 2932 3013 2988 dudum
3060 2935 3276 3005 magnis
3312 2935 3546 2990 turbini-

1946 3028 2049 3084 bus
2072 3029 2345 3100 variisque
2359 3035 2751 3099 tempestatum
2773 3028 3025 3098 procellis
3053 3028 3315 3098 impulsa,
3336 3030 3542 3084 clamo-

1874 3135 1918 3197 ρ
1948 3139 2073 3177 rum
2107 3139 2273 3178 suum
2305 3123 2598 3177 aDomino
2622 3119 2944 3176 exauditum
2968 3136 3077 3175 non
3101 3121 3336 3188 dubitet,
3357 3121 3450 3177 sed
3471 3121 3545 3178 ad

1948 3216 2120 3287 quieti
2152 3216 2352 3271 littoris
2379 3216 2733 3271 securitatem
2761 3214 2970 3270 alacres
2989 3214 3174 3270 oculos
3198 3231 3227 3269 e
3258 3214 3432 3269 vicino
3452 3215 3541 3270 in-
3592 3244 3595 3247 -

1947 3308 2203 3377 tendens,
2252 3309 2397 3364 beati
2444 3307 2693 3364 Matthaei
2736 3307 2971 3377 apostoli
3017 3307 3338 3378 praesidium
3383 3307 3546 3379 juxta

1947 3401 2354 3473 contempletur
2373 3400 2635 3472 quoniam
2658 3400 2775 3472 jam
2805 3416 2952 3455 nunc
2972 3400 3137 3456 dubie
3166 3400 3277 3473 agit
3303 3401 3361 3456 in
3382 3410 3545 3472 portu

1946 3494 2034 3550 cui
2067 3510 2226 3569 suam
2256 3494 2607 3565 praesentiam
2636 3493 2880 3549 ostendit
2898 3493 3237 3564 gubernator
3264 3495 3542 3565 antiquus.

1952 3590 2304 3660 Quapropter
2332 3587 2401 3643 de
2430 3588 2571 3642 tanti
2600 3586 2843 3642 thesauri
2862 3586 3198 3643 revelatione
3226 3596 3319 3643 tua
3351 3587 3546 3644 frater-

1947 3682 2092 3737 nitas
2150 3681 2385 3736 exsultet
2451 3680 2508 3734 in
2569 3680 2839 3745 Domino,
2887 3680 3233 3736 beatissimas
3284 3681 3547 3752 reliquias

1948 3774 2154 3831 debitae
2179 3774 2549 3830 venerationis
2564 3774 2843 3844 obsequiis
2856 3772 3034 3846 dignis
3053 3774 3408 3844 amplectens,
3436 3775 3550 3845 glo-

1949 3869 2163 3924 riosum
2190 3866 2389 3924 ducem
2437 3870 2581 3934 R..,.
2613 3867 2894 3937 ipsiusque
2918 3867 3321 3923 nobilissimam
3351 3869 3549 3940 conju-

1949 3978 2075 4034 gem
2103 3961 2356 4017 hortetur
2381 3969 2437 4018 et
2466 3970 2711 4028 moneat,
2745 3968 3013 4031 quatenus
3036 3968 3155 4016 tam
3194 3962 3391 4033 insigni
3438 3978 3537 4033 pa-

1947 4062 2134 4121 trono,
2160 4056 2255 4127 qui
2287 4071 2344 4110 se
2362 4055 2440 4110 eis
2467 4054 2854 4110 demonstrare
2884 4052 3141 4124 dignatus
3176 4060 3279 4121 est,
3303 4069 3549 4109 reveren-

1948 4150 2085 4205 tiam
2114 4158 2169 4205 et
2198 4149 2466 4204 honorem
2494 4148 2750 4204 decenter
2772 4147 3117 4217 exhibentes,
3140 4148 3283 4219 ipius
3312 4148 3547 4220 gratiam

1949 4253 2005 4300 et
2028 4243 2296 4299 auxilium
2333 4242 2434 4299 sibi
2464 4243 2686 4314 suisque
2734 4242 3042 4313 promereri
3066 4242 3279 4298 nisibus
3306 4258 3546 4300 summa:

1951 4337 2259 4394 devotionis
2280 4334 2640 4392 contendant.

2026 4434 2167 4487 Data
2195 4433 2414 4499 Romat,
2450 4426 2668 4485 decimo
2708 4438 2907 4501 quarto
2953 4428 3228 4486 Kalendas
3266 4430 3544 4489 Octobris.

2499 4540 2851 4595 EPISTOLA
2891 4542 2992 4595 lX.

2472 4656 2565 4696 AD
2606 4656 3025 4699 GERMANOS.

2545 4748 2732 4810 (Anno
2776 4750 2935 4801 1080.
2959 4748 2979 4813 )

1953 4845 2318 4904 Calamitatem
2346 4847 2592 4903 Ecclesia:
2639 4864 2861 4904 causam
2898 4851 3124 4919 peccatis
3163 4852 3424 4917 ascribit;
3454 4854 3552 4909 sed

2018 4921 2299 4994 patientia
2326 4925 2375 4973 et
2394 4935 2485 4994 spe
2502 4936 2636 4989 opus
2664 4936 2772 4975 esse
2792 4922 3044 4976 ostendit.
3073 4924 3345 4977 Hortatur
3365 4927 3549 4994 itaque

2016 4993 2258 5060 primum
2284 4992 2599 5054 sacerdotes,
2640 4999 2702 5047 ut
2726 4994 3077 5047 subditorum
3106 4996 3336 5049 actiones
3377 4992 3545 5050 corri‘

2023 5068 2192 5130 gant;
2245 5063 2438 5117 deinde
2470 5069 2682 5118 cceteros
2716 5080 2912 5128 omnes,
2947 5070 3007 5119 ut
3047 5065 3313 5133 fiduciam
3353 5069 3411 5120 in
3438 5072 3545 5123 Do-

2023 5136 2166 5187 mino
2190 5136 2548 5200 constituant;
2587 5142 2770 5203 sperat
2802 5141 2979 5191 tamen
3002 5138 3284 5191 nonnullos
3322 5139 3398 5192 ad
3426 5155 3545 5207 gre-

2024 5208 2193 5259 mium
2217 5208 2406 5260 matris
2434 5208 2681 5262 Ecclesia:
2716 5223 3022 5264 conversum
3051 5210 3146 5263 iri.

2026 5307 2373 5363 Ganeoarus
2402 5305 2715 5379 episcopus,
2752 5324 2942 5364 servus
2966 5324 3249 5365 servorum
3272 5309 3398 5374 Dei,
3429 5324 3547 5366 om-

1954 5399 2116 5455 nibus
2153 5400 2597 5473 archiepiscopis,
2639 5403 2928 5473 episcopis,
2979 5404 3286 5474 diversique
3336 5403 3550 5460 ordinis

1956 5510 2019 5550 ac
2047 5496 2333 5564 potestatis
2379 5496 2589 5552 clericis
2631 5505 2686 5551 et
2729 5496 2881 5552 laicis
2934 5498 2989 5553 in
3022 5498 3326 5555 Teutonico
3378 5514 3547 5569 regno

1955 5588 2321 5655 morantibus,
2378 5589 2483 5645 illis
2550 5589 2817 5645 duntaxat
2875 5591 2969 5660 qui
3020 5599 3220 5648 sanctae
3278 5594 3548 5646 Romanae

1954 5682 2213 5738 Ecclesia:
2246 5682 2478 5741 ﬁdeliter
2508 5682 2790 5749 obediunt,
2822 5683 3062 5743 salutem
3097 5696 3152 5744 et
3196 5684 3550 5753 apostolicam

1956 5774 2420 5834 benedictionem.
