  <div class='ocr_page' id='page_1' title='image "/cluster/home/n/w/nwhite01/storage/ocr_20150623/148/hvd.32044054760061/297.png"; bbox 0 0 4044 6164; ppageno 0'>
   <div class='ocr_carea' id='block_1_1' title="bbox 601 265 702 318">
    <p class='ocr_par' dir='ltr' id='par_1_1' title="bbox 601 265 702 318">
     <span class='ocr_line' id='line_1_1' title="bbox 601 265 702 318; baseline 0.02 -2"><span class='ocrx_word' id='word_1_1' title='bbox 601 265 702 318; x_wconf 86' lang='grc'>583</span> 
     </span>
    </p>
   </div>
   <div class='ocr_carea' id='block_1_2' title="bbox 1277 260 3797 324">
    <p class='ocr_par' dir='ltr' id='par_1_2' title="bbox 1277 260 3797 324">
     <span class='ocr_line' id='line_1_2' title="bbox 1277 260 3797 324; baseline 0.001 -4"><span class='ocrx_word' id='word_1_2' title='bbox 1277 267 1333 320; x_wconf 93' lang='lat' dir='ltr'>S.</span> <span class='ocrx_word' id='word_1_3' title='bbox 1375 263 1695 320; x_wconf 82' lang='lat' dir='ltr'>GREGORII</span> <span class='ocrx_word' id='word_1_4' title='bbox 1732 264 1820 318; x_wconf 77' lang='lat' dir='ltr'>Vll</span> <span class='ocrx_word' id='word_1_5' title='bbox 1862 263 2058 318; x_wconf 70' lang='grc' dir='ltr'>ΡΑΡᾸΞ</span> <span class='ocrx_word' id='word_1_6' title='bbox 2096 262 2376 318; x_wconf 82' lang='lat' dir='ltr'>OPERUM</span> <span class='ocrx_word' id='word_1_7' title='bbox 2415 261 2586 316; x_wconf 82' lang='lat' dir='ltr'>PARS</span> <span class='ocrx_word' id='word_1_8' title='bbox 2626 262 2665 314; x_wconf 93' lang='lat' dir='ltr'>l.</span> <span class='ocrx_word' id='word_1_9' title='bbox 2703 289 2774 299; x_wconf 91' lang='lat'>—</span> <span class='ocrx_word' id='word_1_10' title='bbox 2808 260 3218 317; x_wconf 80' lang='lat' dir='ltr'>REGISTRUM.</span> <span class='ocrx_word' id='word_1_11' title='bbox 3718 271 3797 324; x_wconf 72' lang='grc'>584</span> 
     </span>
    </p>
   </div>
   <div class='ocr_carea' id='block_1_3' title="bbox 675 384 3798 459">
    <p class='ocr_par' dir='ltr' id='par_1_3' title="bbox 675 384 3798 459">
     <span class='ocr_line' id='line_1_3' title="bbox 675 384 3798 459; baseline 0.001 -17"><span class='ocrx_word' id='word_1_12' title='bbox 675 389 952 456; x_wconf 87' lang='lat' dir='ltr'>Quoniam</span> <span class='ocrx_word' id='word_1_13' title='bbox 1001 390 1142 444; x_wconf 85' lang='lat' dir='ltr'>nihil</span> <span class='ocrx_word' id='word_1_14' title='bbox 1183 392 1238 442; x_wconf 82' lang='lat' dir='ltr'>in</span> <span class='ocrx_word' id='word_1_15' title='bbox 1285 394 1429 443; x_wconf 83' lang='lat' dir='ltr'>terra</span> <span class='ocrx_word' id='word_1_16' title='bbox 1477 391 1587 443; x_wconf 88' lang='lat' dir='ltr'>sine</span> <span class='ocrx_word' id='word_1_17' title='bbox 1635 404 1794 444; x_wconf 88' lang='lat' dir='ltr'>causa</span> <span class='ocrx_word' id='word_1_18' title='bbox 1828 392 1889 458; x_wconf 79' lang='lat' dir='ltr'>ﬁt</span> <span class='ocrx_word' id='word_1_19' title='bbox 1930 389 2058 453; x_wconf 86' lang='lat' dir='ltr'>(Job.</span> <span class='ocrx_word' id='word_1_20' title='bbox 2115 392 2186 453; x_wconf 82' lang='grc' dir='ltr'>ν),</span> <span class='ocrx_word' id='word_1_21' title='bbox 2219 391 2273 452; x_wconf 86' lang='grc' dir='ltr'><strong>Α</strong></span> <span class='ocrx_word' id='word_1_22' title='bbox 2301 385 2571 442; x_wconf 89' lang='lat' dir='ltr'>honorem</span> <span class='ocrx_word' id='word_1_23' title='bbox 2598 393 2654 439; x_wconf 88' lang='lat' dir='ltr'>et</span> <span class='ocrx_word' id='word_1_24' title='bbox 2686 386 3051 440; x_wconf 77' lang='lat' dir='ltr'>reverentiam</span> <span class='ocrx_word' id='word_1_25' title='bbox 3075 384 3263 456; x_wconf 81' lang='lat' dir='ltr'>legato</span> <span class='ocrx_word' id='word_1_26' title='bbox 3287 394 3464 442; x_wconf 90' lang='lat' dir='ltr'>nostro</span> <span class='ocrx_word' id='word_1_27' title='bbox 3488 389 3798 459; x_wconf 86' lang='lat' dir='ltr'>Populoniensi</span> 
     </span>
    </p>
   </div>
   <div class='ocr_carea' id='block_1_4' title="bbox 602 481 2190 554">
    <p class='ocr_par' dir='ltr' id='par_1_4' title="bbox 602 481 2190 554">
     <span class='ocr_line' id='line_1_4' title="bbox 602 481 2190 554; baseline 0 -19"><span class='ocrx_word' id='word_1_28' title='bbox 602 482 746 536; x_wconf 86' lang='lat' dir='ltr'>sicut</span> <span class='ocrx_word' id='word_1_29' title='bbox 770 483 1028 552; x_wconf 85' lang='lat' dir='ltr'>sapientis</span> <span class='ocrx_word' id='word_1_30' title='bbox 1058 481 1215 537; x_wconf 91' lang='lat' dir='ltr'>verba</span> <span class='ocrx_word' id='word_1_31' title='bbox 1253 490 1546 549; x_wconf 84' lang='lat' dir='ltr'>testantur,</span> <span class='ocrx_word' id='word_1_32' title='bbox 1579 481 1725 554; x_wconf 92' lang='lat' dir='ltr'>quod</span> <span class='ocrx_word' id='word_1_33' title='bbox 1751 481 1964 537; x_wconf 92' lang='lat' dir='ltr'>dudum</span> <span class='ocrx_word' id='word_1_34' title='bbox 2002 487 2190 536; x_wconf 89' lang='lat' dir='ltr'>sancta</span> 
     </span>
    </p>
   </div>
   <div class='ocr_carea' id='block_1_5' title="bbox 604 575 2191 646">
    <p class='ocr_par' dir='ltr' id='par_1_5' title="bbox 604 575 2191 646">
     <span class='ocr_line' id='line_1_5' title="bbox 604 575 2191 646; baseline -0.001 -17"><span class='ocrx_word' id='word_1_35' title='bbox 604 575 846 630; x_wconf 82' lang='lat' dir='ltr'>Ecclesia</span> <span class='ocrx_word' id='word_1_36' title='bbox 890 576 1162 631; x_wconf 85' lang='lat' dir='ltr'>ﬂuctuum</span> <span class='ocrx_word' id='word_1_37' title='bbox 1209 576 1683 646; x_wconf 86' lang='lat' dir='ltr'>procellarumque</span> <span class='ocrx_word' id='word_1_38' title='bbox 1730 576 1877 631; x_wconf 91' lang='lat' dir='ltr'>mole</span> <span class='ocrx_word' id='word_1_39' title='bbox 1942 575 2191 631; x_wconf 84' lang='lat' dir='ltr'>concuti-</span> 
     </span>
    </p>
   </div>
   <div class='ocr_carea' id='block_1_6' title="bbox 605 667 2193 740">
    <p class='ocr_par' dir='ltr' id='par_1_6' title="bbox 605 667 2193 740">
     <span class='ocr_line' id='line_1_6' title="bbox 605 667 2193 740; baseline 0.001 -20"><span class='ocrx_word' id='word_1_40' title='bbox 605 675 717 733; x_wconf 90' lang='lat' dir='ltr'>tur,</span> <span class='ocrx_word' id='word_1_41' title='bbox 780 669 1033 739; x_wconf 88' lang='lat' dir='ltr'>quodque</span> <span class='ocrx_word' id='word_1_42' title='bbox 1108 669 1414 740; x_wconf 86' lang='lat' dir='ltr'>tyrannica</span> <span class='ocrx_word' id='word_1_43' title='bbox 1490 669 1862 740; x_wconf 88' lang='lat' dir='ltr'>percussionis</span> <span class='ocrx_word' id='word_1_44' title='bbox 1927 667 2193 722; x_wconf 84' lang='lat' dir='ltr'>hactenus</span> 
     </span>
    </p>
   </div>
   <div class='ocr_carea' id='block_1_7' title="bbox 604 760 2194 834">
    <p class='ocr_par' dir='ltr' id='par_1_7' title="bbox 604 760 2194 834">
     <span class='ocr_line' id='line_1_7' title="bbox 604 760 2194 834; baseline 0.001 -21"><span class='ocrx_word' id='word_1_45' title='bbox 604 760 816 816; x_wconf 86' lang='lat' dir='ltr'>rabiem</span> <span class='ocrx_word' id='word_1_46' title='bbox 858 763 1086 832; x_wconf 89' lang='lat' dir='ltr'>patitur,</span> <span class='ocrx_word' id='word_1_47' title='bbox 1136 779 1250 818; x_wconf 89' lang='lat' dir='ltr'>non</span> <span class='ocrx_word' id='word_1_48' title='bbox 1292 763 1400 818; x_wconf 86' lang='lat' dir='ltr'>nisi</span> <span class='ocrx_word' id='word_1_49' title='bbox 1449 763 1684 834; x_wconf 85' lang='lat' dir='ltr'>peccatis</span> <span class='ocrx_word' id='word_1_50' title='bbox 1721 762 1925 816; x_wconf 89' lang='lat' dir='ltr'>nostris</span> <span class='ocrx_word' id='word_1_51' title='bbox 1974 762 2194 827; x_wconf 75' lang='lat' dir='ltr'>exigen-</span> 
     </span>
    </p>
   </div>
   <div class='ocr_carea' id='block_1_8' title="bbox 603 852 2192 926">
    <p class='ocr_par' dir='ltr' id='par_1_8' title="bbox 603 852 2192 926">
     <span class='ocr_line' id='line_1_8' title="bbox 603 852 2192 926; baseline 0.002 -20"><span class='ocrx_word' id='word_1_52' title='bbox 603 853 752 908; x_wconf 83' lang='lat' dir='ltr'>tibus</span> <span class='ocrx_word' id='word_1_53' title='bbox 794 855 1009 910; x_wconf 87' lang='lat' dir='ltr'>evenire</span> <span class='ocrx_word' id='word_1_54' title='bbox 1041 855 1381 910; x_wconf 90' lang='lat' dir='ltr'>credendum</span> <span class='ocrx_word' id='word_1_55' title='bbox 1424 863 1523 910; x_wconf 91' lang='lat' dir='ltr'>est.</span> <span class='ocrx_word' id='word_1_56' title='bbox 1559 857 1702 910; x_wconf 87' lang='lat' dir='ltr'>Nam</span> <span class='ocrx_word' id='word_1_57' title='bbox 1734 854 1938 924; x_wconf 89' lang='lat' dir='ltr'>judicia</span> <span class='ocrx_word' id='word_1_58' title='bbox 1964 852 2192 926; x_wconf 88' lang='lat' dir='ltr'>quidem</span> 
     </span>
    </p>
   </div>
   <div class='ocr_carea' id='block_1_9' title="bbox 601 945 2191 1019">
    <p class='ocr_par' dir='ltr' id='par_1_9' title="bbox 601 945 2191 1019">
     <span class='ocr_line' id='line_1_9' title="bbox 601 945 2191 1019; baseline 0.001 -19"><span class='ocrx_word' id='word_1_59' title='bbox 601 945 702 1000; x_wconf 88' lang='lat' dir='ltr'>Dei</span> <span class='ocrx_word' id='word_1_60' title='bbox 732 947 1017 1003; x_wconf 85' lang='lat' dir='ltr'>verissime</span> <span class='ocrx_word' id='word_1_61' title='bbox 1048 948 1234 1003; x_wconf 86' lang='lat' dir='ltr'>omnia</span> <span class='ocrx_word' id='word_1_62' title='bbox 1257 949 1407 1019; x_wconf 90' lang='lat' dir='ltr'>justa</span> <span class='ocrx_word' id='word_1_63' title='bbox 1443 956 1602 1017; x_wconf 89' lang='lat' dir='ltr'>sunt;</span> <span class='ocrx_word' id='word_1_64' title='bbox 1635 947 1731 1002; x_wconf 90' lang='lat' dir='ltr'>sed</span> <span class='ocrx_word' id='word_1_65' title='bbox 1761 947 1902 1003; x_wconf 90' lang='lat' dir='ltr'>inter</span> <span class='ocrx_word' id='word_1_66' title='bbox 1930 947 2045 1003; x_wconf 82' lang='lat' dir='ltr'>hac</span> <span class='ocrx_word' id='word_1_67' title='bbox 2073 962 2191 1002; x_wconf 80' lang='lat' dir='ltr'>om-</span> 
     </span>
    </p>
   </div>
   <div class='ocr_carea' id='block_1_10' title="bbox 603 1040 2192 1112">
    <p class='ocr_par' dir='ltr' id='par_1_10' title="bbox 603 1040 2192 1112">
     <span class='ocr_line' id='line_1_10' title="bbox 603 1040 2192 1112; baseline 0.001 -18"><span class='ocrx_word' id='word_1_68' title='bbox 603 1041 715 1108; x_wconf 87' lang='lat' dir='ltr'>nia,</span> <span class='ocrx_word' id='word_1_69' title='bbox 742 1040 1051 1108; x_wconf 90' lang='lat' dir='ltr'>clarissimi,</span> <span class='ocrx_word' id='word_1_70' title='bbox 1077 1040 1449 1111; x_wconf 88' lang='lat' dir='ltr'>dispositionis</span> <span class='ocrx_word' id='word_1_71' title='bbox 1479 1040 1679 1097; x_wconf 90' lang='lat' dir='ltr'>divina</span> <span class='ocrx_word' id='word_1_72' title='bbox 1712 1041 1990 1112; x_wconf 88' lang='lat' dir='ltr'>patientia</span> <span class='ocrx_word' id='word_1_73' title='bbox 2018 1042 2192 1098; x_wconf 88' lang='lat' dir='ltr'>virtus</span> 
     </span>
    </p>
   </div>
   <div class='ocr_carea' id='block_1_11' title="bbox 601 1133 2191 1204">
    <p class='ocr_par' dir='ltr' id='par_1_11' title="bbox 601 1133 2191 1204">
     <span class='ocr_line' id='line_1_11' title="bbox 601 1133 2191 1204; baseline 0.002 -17"><span class='ocrx_word' id='word_1_74' title='bbox 601 1133 852 1188; x_wconf 83' lang='lat' dir='ltr'>habenda</span> <span class='ocrx_word' id='word_1_75' title='bbox 873 1142 957 1189; x_wconf 90' lang='lat' dir='ltr'>est</span> <span class='ocrx_word' id='word_1_76' title='bbox 992 1142 1046 1189; x_wconf 91' lang='lat' dir='ltr'>et</span> <span class='ocrx_word' id='word_1_77' title='bbox 1073 1134 1188 1204; x_wconf 85' lang='lat' dir='ltr'>Spei</span> <span class='ocrx_word' id='word_1_78' title='bbox 1225 1134 1499 1189; x_wconf 90' lang='lat' dir='ltr'>certitudo</span> <span class='ocrx_word' id='word_1_79' title='bbox 1528 1135 1595 1190; x_wconf 88' lang='lat' dir='ltr'>ad</span> <span class='ocrx_word' id='word_1_80' title='bbox 1620 1135 1857 1191; x_wconf 78' lang='lat' dir='ltr'>cmlestis</span> <span class='ocrx_word' id='word_1_81' title='bbox 1877 1135 2191 1190; x_wconf 89' lang='lat' dir='ltr'>misericor-</span> 
     </span>
    </p>
   </div>
   <div class='ocr_carea' id='block_1_12' title="bbox 602 1225 2193 1300">
    <p class='ocr_par' dir='ltr' id='par_1_12' title="bbox 602 1225 2193 1300">
     <span class='ocr_line' id='line_1_12' title="bbox 602 1225 2193 1300; baseline 0.003 -20"><span class='ocrx_word' id='word_1_82' title='bbox 602 1225 711 1282; x_wconf 89' lang='lat' dir='ltr'>dia</span> <span class='ocrx_word' id='word_1_83' title='bbox 729 1236 1035 1297; x_wconf 87' lang='lat' dir='ltr'>respectum</span> <span class='ocrx_word' id='word_1_84' title='bbox 1056 1225 1290 1282; x_wconf 84' lang='lat' dir='ltr'>ﬁrmiter</span> <span class='ocrx_word' id='word_1_85' title='bbox 1318 1237 1400 1283; x_wconf 90' lang='lat' dir='ltr'>est</span> <span class='ocrx_word' id='word_1_86' title='bbox 1423 1228 1793 1299; x_wconf 78' lang='lat' dir='ltr'>extendenda;</span> <span class='ocrx_word' id='word_1_87' title='bbox 1816 1229 1974 1300; x_wconf 87' lang='lat' dir='ltr'>cujus</span> <span class='ocrx_word' id='word_1_88' title='bbox 1997 1244 2193 1284; x_wconf 90' lang='lat' dir='ltr'>manus</span> 
     </span>
    </p>
   </div>
   <div class='ocr_carea' id='block_1_13' title="bbox 599 1319 2190 1388">
    <p class='ocr_par' dir='ltr' id='par_1_13' title="bbox 599 1319 2190 1388">
     <span class='ocr_line' id='line_1_13' title="bbox 599 1319 2190 1388; baseline 0.002 -15"><span class='ocrx_word' id='word_1_89' title='bbox 599 1335 703 1374; x_wconf 92' lang='lat' dir='ltr'>nec</span> <span class='ocrx_word' id='word_1_90' title='bbox 726 1319 798 1374; x_wconf 91' lang='lat' dir='ltr'>ad</span> <span class='ocrx_word' id='word_1_91' title='bbox 827 1319 1171 1374; x_wconf 79' lang='lat' dir='ltr'>exaltandam</span> <span class='ocrx_word' id='word_1_92' title='bbox 1199 1320 1447 1376; x_wconf 90' lang='lat' dir='ltr'>ﬁdelium</span> <span class='ocrx_word' id='word_1_93' title='bbox 1478 1320 1844 1378; x_wconf 85' lang='lat' dir='ltr'>humilitatem</span> <span class='ocrx_word' id='word_1_94' title='bbox 1880 1323 2190 1388; x_wconf 87' lang='lat' dir='ltr'>imbecillis,</span> 
     </span>
    </p>
   </div>
   <div class='ocr_carea' id='block_1_14' title="bbox 599 1411 2190 1487">
    <p class='ocr_par' dir='ltr' id='par_1_14' title="bbox 599 1411 2190 1487">
     <span class='ocr_line' id='line_1_14' title="bbox 599 1411 2190 1487; baseline 0.003 -22"><span class='ocrx_word' id='word_1_95' title='bbox 599 1427 699 1466; x_wconf 91' lang='lat' dir='ltr'>nec</span> <span class='ocrx_word' id='word_1_96' title='bbox 725 1411 793 1467; x_wconf 91' lang='lat' dir='ltr'>ad</span> <span class='ocrx_word' id='word_1_97' title='bbox 822 1412 1184 1483; x_wconf 82' lang='lat' dir='ltr'>deiiciendam</span> <span class='ocrx_word' id='word_1_98' title='bbox 1223 1413 1432 1471; x_wconf 88' lang='lat' dir='ltr'>hostilis</span> <span class='ocrx_word' id='word_1_99' title='bbox 1461 1416 1710 1472; x_wconf 88' lang='lat' dir='ltr'>elationis</span> <span class='ocrx_word' id='word_1_100' title='bbox 1751 1417 2061 1487; x_wconf 87' lang='lat' dir='ltr'>superbiam</span> <span class='ocrx_word' id='word_1_101' title='bbox 2101 1416 2190 1471; x_wconf 92' lang='lat' dir='ltr'>in-</span> 
     </span>
    </p>
   </div>
   <div class='ocr_carea' id='block_1_15' title="bbox 603 1505 2190 1581">
    <p class='ocr_par' dir='ltr' id='par_1_15' title="bbox 603 1505 2190 1581">
     <span class='ocr_line' id='line_1_15' title="bbox 603 1505 2190 1581; baseline 0.003 -22"><span class='ocrx_word' id='word_1_102' title='bbox 603 1505 816 1560; x_wconf 88' lang='lat' dir='ltr'>venitur</span> <span class='ocrx_word' id='word_1_103' title='bbox 849 1507 1097 1563; x_wconf 90' lang='lat' dir='ltr'>invalida.</span> <span class='ocrx_word' id='word_1_104' title='bbox 1142 1508 1300 1580; x_wconf 86' lang='lat' dir='ltr'>Quod</span> <span class='ocrx_word' id='word_1_105' title='bbox 1339 1509 1384 1564; x_wconf 91' lang='lat' dir='ltr'>si</span> <span class='ocrx_word' id='word_1_106' title='bbox 1429 1510 1715 1580; x_wconf 88' lang='lat' dir='ltr'>culparum</span> <span class='ocrx_word' id='word_1_107' title='bbox 1757 1511 1968 1566; x_wconf 87' lang='lat' dir='ltr'>morbis</span> <span class='ocrx_word' id='word_1_108' title='bbox 2018 1510 2190 1581; x_wconf 74' lang='lat' dir='ltr'>pani-</span> 
     </span>
    </p>
   </div>
   <div class='ocr_carea' id='block_1_16' title="bbox 601 1598 2194 1672">
    <p class='ocr_par' dir='ltr' id='par_1_16' title="bbox 601 1598 2194 1672">
     <span class='ocr_line' id='line_1_16' title="bbox 601 1598 2194 1672; baseline 0.004 -20"><span class='ocrx_word' id='word_1_109' title='bbox 601 1598 782 1655; x_wconf 85' lang='lat' dir='ltr'>tentia</span> <span class='ocrx_word' id='word_1_110' title='bbox 837 1599 1181 1656; x_wconf 87' lang='lat' dir='ltr'>medicamen</span> <span class='ocrx_word' id='word_1_111' title='bbox 1230 1602 1662 1672; x_wconf 88' lang='lat' dir='ltr'>adhibuerimus,</span> <span class='ocrx_word' id='word_1_112' title='bbox 1731 1612 1787 1659; x_wconf 90' lang='lat' dir='ltr'>et</span> <span class='ocrx_word' id='word_1_113' title='bbox 1835 1620 2087 1661; x_wconf 84' lang='lat' dir='ltr'>excessus</span> <span class='ocrx_word' id='word_1_114' title='bbox 2131 1620 2194 1659; x_wconf 92' lang='lat' dir='ltr'>ac</span> 
     </span>
    </p>
   </div>
   <div class='ocr_carea' id='block_1_17' title="bbox 600 1693 2194 1770">
    <p class='ocr_par' dir='ltr' id='par_1_17' title="bbox 600 1693 2194 1770">
     <span class='ocr_line' id='line_1_17' title="bbox 600 1693 2194 1770; baseline 0.004 -24"><span class='ocrx_word' id='word_1_115' title='bbox 600 1693 960 1765; x_wconf 89' lang='lat' dir='ltr'>negligentias</span> <span class='ocrx_word' id='word_1_116' title='bbox 988 1705 1209 1751; x_wconf 90' lang='lat' dir='ltr'>nostras</span> <span class='ocrx_word' id='word_1_117' title='bbox 1238 1696 1341 1767; x_wconf 91' lang='lat' dir='ltr'>ipsi</span> <span class='ocrx_word' id='word_1_118' title='bbox 1372 1697 1617 1753; x_wconf 88' lang='lat' dir='ltr'>districte</span> <span class='ocrx_word' id='word_1_119' title='bbox 1661 1697 1991 1770; x_wconf 90' lang='lat' dir='ltr'>corrigendo</span> <span class='ocrx_word' id='word_1_120' title='bbox 2016 1697 2087 1753; x_wconf 89' lang='lat' dir='ltr'>ad</span> <span class='ocrx_word' id='word_1_121' title='bbox 2115 1697 2194 1768; x_wconf 87' lang='lat' dir='ltr'>iu-</span> 
     </span>
    </p>
   </div>
   <div class='ocr_carea' id='block_1_18' title="bbox 2299 478 3792 552">
    <p class='ocr_par' dir='ltr' id='par_1_18' title="bbox 2299 478 3792 552">
     <span class='ocr_line' id='line_1_18' title="bbox 2299 478 3792 552; baseline 0.003 -18"><span class='ocrx_word' id='word_1_122' title='bbox 2299 478 2554 549; x_wconf 89' lang='lat' dir='ltr'>episcopo</span> <span class='ocrx_word' id='word_1_123' title='bbox 2583 479 2690 534; x_wconf 78' lang='grc' dir='ltr'>νυ.</span> <span class='ocrx_word' id='word_1_124' title='bbox 2768 520 2783 534; x_wconf 93' lang='grc'><strong>.</strong></span> <span class='ocrx_word' id='word_1_125' title='bbox 2862 518 2875 532; x_wconf 94' lang='grc'><strong>.</strong></span> <span class='ocrx_word' id='word_1_126' title='bbox 2956 521 2970 534; x_wconf 94' lang='grc'><strong>.</strong></span> <span class='ocrx_word' id='word_1_127' title='bbox 3051 517 3067 533; x_wconf 91' lang='grc'><strong>.</strong></span> <span class='ocrx_word' id='word_1_128' title='bbox 3140 478 3379 534; x_wconf 84' lang='lat' dir='ltr'>exhibuit</span> <span class='ocrx_word' id='word_1_129' title='bbox 3411 496 3506 536; x_wconf 87' lang='lat' dir='ltr'>:ac</span> <span class='ocrx_word' id='word_1_130' title='bbox 3531 481 3718 552; x_wconf 89' lang='lat' dir='ltr'>proinde</span> <span class='ocrx_word' id='word_1_131' title='bbox 3736 484 3792 539; x_wconf 88' lang='lat' dir='ltr'>ita</span> 
     </span>
    </p>
   </div>
   <div class='ocr_carea' id='block_1_19' title="bbox 2255 571 3792 645">
    <p class='ocr_par' dir='ltr' id='par_1_19' title="bbox 2255 571 3792 645">
     <span class='ocr_line' id='line_1_19' title="bbox 2255 571 3792 645; baseline 0.003 -19"><span class='ocrx_word' id='word_1_132' title='bbox 2255 581 2265 590; x_wconf 85' lang='lat'><strong>&#39;</strong></span> <span class='ocrx_word' id='word_1_133' title='bbox 2298 571 2645 626; x_wconf 88' lang='lat' dir='ltr'>devotionem</span> <span class='ocrx_word' id='word_1_134' title='bbox 2686 580 2842 626; x_wconf 90' lang='lat' dir='ltr'>tuam</span> <span class='ocrx_word' id='word_1_135' title='bbox 2879 572 2932 626; x_wconf 88' lang='lat' dir='ltr'>in</span> <span class='ocrx_word' id='word_1_136' title='bbox 2981 571 3074 626; x_wconf 92' lang='lat' dir='ltr'>illo</span> <span class='ocrx_word' id='word_1_137' title='bbox 3115 573 3447 642; x_wconf 88' lang='lat' dir='ltr'>suscipimus,</span> <span class='ocrx_word' id='word_1_138' title='bbox 3489 574 3626 644; x_wconf 90' lang='lat' dir='ltr'>quasi</span> <span class='ocrx_word' id='word_1_139' title='bbox 3655 575 3792 645; x_wconf 85' lang='lat' dir='ltr'>nobis,</span> 
     </span>
    </p>
   </div>
   <div class='ocr_carea' id='block_1_20' title="bbox 2293 661 3799 736">
    <p class='ocr_par' dir='ltr' id='par_1_20' title="bbox 2293 661 3799 736">
     <span class='ocr_line' id='line_1_20' title="bbox 2293 661 3799 736; baseline 0.003 -17"><span class='ocrx_word' id='word_1_140' title='bbox 2293 661 2412 720; x_wconf 85' lang='lat' dir='ltr'>imo</span> <span class='ocrx_word' id='word_1_141' title='bbox 2442 664 2604 721; x_wconf 91' lang='lat' dir='ltr'>beato</span> <span class='ocrx_word' id='word_1_142' title='bbox 2637 668 2795 721; x_wconf 87' lang='lat' dir='ltr'>Petro</span> <span class='ocrx_word' id='word_1_143' title='bbox 2840 665 3182 736; x_wconf 88' lang='lat' dir='ltr'>prastiteris,</span> <span class='ocrx_word' id='word_1_144' title='bbox 3211 666 3418 722; x_wconf 84' lang='lat' dir='ltr'>dicente</span> <span class='ocrx_word' id='word_1_145' title='bbox 3451 667 3659 722; x_wconf 91' lang='lat' dir='ltr'>Domino</span> <span class='ocrx_word' id='word_1_146' title='bbox 3686 687 3696 722; x_wconf 77' lang='grc' dir='ltr'>ε</span> <span class='ocrx_word' id='word_1_147' title='bbox 3721 671 3799 736; x_wconf 81' lang='lat' dir='ltr'>Qui</span> 
     </span>
    </p>
   </div>
   <div class='ocr_carea' id='block_1_21' title="bbox 2299 759 3797 833">
    <p class='ocr_par' dir='ltr' id='par_1_21' title="bbox 2299 759 3797 833">
     <span class='ocr_line' id='line_1_21' title="bbox 2299 759 3797 833; baseline 0.003 -21"><span class='ocrx_word' id='word_1_148' title='bbox 2299 774 2387 813; x_wconf 81' lang='lat' dir='ltr'>vos</span> <span class='ocrx_word' id='word_1_149' title='bbox 2411 761 2620 829; x_wconf 85' lang='lat' dir='ltr'>recipit,</span> <span class='ocrx_word' id='word_1_150' title='bbox 2661 775 2744 814; x_wconf 89' lang='lat' dir='ltr'>me</span> <span class='ocrx_word' id='word_1_151' title='bbox 2768 761 2959 829; x_wconf 75' lang='lat' dir='ltr'>recipit</span> <span class='ocrx_word' id='word_1_152' title='bbox 2990 761 3213 826; x_wconf 82' lang='lat' dir='ltr'>(Matth.</span> <span class='ocrx_word' id='word_1_153' title='bbox 3250 763 3330 825; x_wconf 68' lang='grc' dir='ltr'>Χ).</span> <span class='ocrx_word' id='word_1_154' title='bbox 3365 759 3680 815; x_wconf 88' lang='lat' dir='ltr'>Dilectionem</span> <span class='ocrx_word' id='word_1_155' title='bbox 3701 777 3797 833; x_wconf 86' lang='lat' dir='ltr'>ergo</span> 
     </span>
    </p>
   </div>
   <div class='ocr_carea' id='block_1_22' title="bbox 2300 852 3798 926">
    <p class='ocr_par' dir='ltr' id='par_1_22' title="bbox 2300 852 3798 926">
     <span class='ocr_line' id='line_1_22' title="bbox 2300 852 3798 926; baseline 0.003 -20"><span class='ocrx_word' id='word_1_156' title='bbox 2300 860 2452 906; x_wconf 90' lang='lat' dir='ltr'>tuam</span> <span class='ocrx_word' id='word_1_157' title='bbox 2476 868 2792 921; x_wconf 90' lang='lat' dir='ltr'>monemus,</span> <span class='ocrx_word' id='word_1_158' title='bbox 2824 862 2885 908; x_wconf 93' lang='lat' dir='ltr'>ut</span> <span class='ocrx_word' id='word_1_159' title='bbox 2911 868 2976 908; x_wconf 90' lang='lat' dir='ltr'>ea</span> <span class='ocrx_word' id='word_1_160' title='bbox 3006 869 3129 925; x_wconf 88' lang='lat' dir='ltr'>qua</span> <span class='ocrx_word' id='word_1_161' title='bbox 3156 870 3188 909; x_wconf 92' lang='lat' dir='ltr'>a</span> <span class='ocrx_word' id='word_1_162' title='bbox 3219 852 3438 924; x_wconf 76' lang='lat' dir='ltr'>praefato</span> <span class='ocrx_word' id='word_1_163' title='bbox 3475 853 3630 926; x_wconf 85' lang='lat' dir='ltr'>legato</span> <span class='ocrx_word' id='word_1_164' title='bbox 3655 864 3798 910; x_wconf 86' lang='lat' dir='ltr'>nostro</span> 
     </span>
    </p>
   </div>
   <div class='ocr_carea' id='block_1_23' title="bbox 2299 944 3802 1017">
    <p class='ocr_par' dir='ltr' id='par_1_23' title="bbox 2299 944 3802 1017">
     <span class='ocr_line' id='line_1_23' title="bbox 2299 944 3802 1017; baseline 0.002 -18"><span class='ocrx_word' id='word_1_165' title='bbox 2299 953 2463 1017; x_wconf 90' lang='lat' dir='ltr'>atque</span> <span class='ocrx_word' id='word_1_166' title='bbox 2494 950 2684 1001; x_wconf 86' lang='lat' dir='ltr'>Azone</span> <span class='ocrx_word' id='word_1_167' title='bbox 2717 944 2980 1016; x_wconf 87' lang='lat' dir='ltr'>prudenti</span> <span class='ocrx_word' id='word_1_168' title='bbox 3012 947 3132 1002; x_wconf 86' lang='lat' dir='ltr'>viro</span> <span class='ocrx_word' id='word_1_169' title='bbox 3160 946 3423 1011; x_wconf 81' lang='lat' dir='ltr'>audivisti,</span> <span class='ocrx_word' id='word_1_170' title='bbox 3455 947 3555 1002; x_wconf 87' lang='lat' dir='ltr'>alta</span> <span class='ocrx_word' id='word_1_171' title='bbox 3593 947 3802 1002; x_wconf 82' lang='lat' dir='ltr'>memoria</span> 
     </span>
    </p>
   </div>
   <div class='ocr_carea' id='block_1_24' title="bbox 2298 1039 3802 1110">
    <p class='ocr_par' dir='ltr' id='par_1_24' title="bbox 2298 1039 3802 1110">
     <span class='ocr_line' id='line_1_24' title="bbox 2298 1039 3802 1110; baseline 0.002 -17"><span class='ocrx_word' id='word_1_172' title='bbox 2298 1054 2514 1110; x_wconf 85' lang='lat' dir='ltr'>semper</span> <span class='ocrx_word' id='word_1_173' title='bbox 2535 1040 2784 1107; x_wconf 89' lang='lat' dir='ltr'>retineas,</span> <span class='ocrx_word' id='word_1_174' title='bbox 2817 1040 2860 1094; x_wconf 91' lang='lat' dir='ltr'>si</span> <span class='ocrx_word' id='word_1_175' title='bbox 2888 1039 2969 1095; x_wconf 91' lang='lat' dir='ltr'>tui</span> <span class='ocrx_word' id='word_1_176' title='bbox 2993 1041 3316 1096; x_wconf 88' lang='lat' dir='ltr'>memoriam</span> <span class='ocrx_word' id='word_1_177' title='bbox 3343 1040 3396 1095; x_wconf 93' lang='lat' dir='ltr'>in</span> <span class='ocrx_word' id='word_1_178' title='bbox 3420 1039 3564 1096; x_wconf 92' lang='lat' dir='ltr'>nobis</span> <span class='ocrx_word' id='word_1_179' title='bbox 3588 1049 3694 1096; x_wconf 88' lang='lat' dir='ltr'>ante</span> <span class='ocrx_word' id='word_1_180' title='bbox 3715 1044 3802 1096; x_wconf 88' lang='lat' dir='ltr'>Do-</span> 
     </span>
    </p>
   </div>
   <div class='ocr_carea' id='block_1_25' title="bbox 2299 1131 3803 1206">
    <p class='ocr_par' dir='ltr' id='par_1_25' title="bbox 2299 1131 3803 1206">
     <span class='ocr_line' id='line_1_25' title="bbox 2299 1131 3803 1206; baseline 0 -19"><span class='ocrx_word' id='word_1_181' title='bbox 2299 1132 2513 1187; x_wconf 90' lang='lat' dir='ltr'>minum</span> <span class='ocrx_word' id='word_1_182' title='bbox 2533 1133 2740 1206; x_wconf 90' lang='lat' dir='ltr'>jugiter</span> <span class='ocrx_word' id='word_1_183' title='bbox 2772 1149 2890 1189; x_wconf 91' lang='lat' dir='ltr'>esse</span> <span class='ocrx_word' id='word_1_184' title='bbox 2920 1132 3218 1190; x_wconf 89' lang='lat' dir='ltr'>desideras.</span> <span class='ocrx_word' id='word_1_185' title='bbox 3253 1137 3361 1190; x_wconf 90' lang='lat' dir='ltr'>Nos</span> <span class='ocrx_word' id='word_1_186' title='bbox 3393 1133 3535 1188; x_wconf 91' lang='lat' dir='ltr'>enim</span> <span class='ocrx_word' id='word_1_187' title='bbox 3564 1131 3803 1188; x_wconf 85' lang='lat' dir='ltr'>memorati</span> 
     </span>
    </p>
   </div>
   <div class='ocr_carea' id='block_1_26' title="bbox 2300 1227 3806 1300">
    <p class='ocr_par' dir='ltr' id='par_1_26' title="bbox 2300 1227 3806 1300">
     <span class='ocr_line' id='line_1_26' title="bbox 2300 1227 3806 1300; baseline 0 -20"><span class='ocrx_word' id='word_1_188' title='bbox 2300 1227 2539 1298; x_wconf 88' lang='lat' dir='ltr'>episcopi</span> <span class='ocrx_word' id='word_1_189' title='bbox 2564 1227 2786 1282; x_wconf 89' lang='lat' dir='ltr'>hortatu</span> <span class='ocrx_word' id='word_1_190' title='bbox 2823 1236 2879 1283; x_wconf 93' lang='lat' dir='ltr'>et</span> <span class='ocrx_word' id='word_1_191' title='bbox 2907 1228 3181 1299; x_wconf 90' lang='lat' dir='ltr'>precibus,</span> <span class='ocrx_word' id='word_1_192' title='bbox 3213 1229 3305 1300; x_wconf 89' lang='lat' dir='ltr'>qui</span> <span class='ocrx_word' id='word_1_193' title='bbox 3337 1243 3393 1283; x_wconf 88' lang='lat' dir='ltr'>se</span> <span class='ocrx_word' id='word_1_194' title='bbox 3431 1234 3532 1282; x_wconf 89' lang='lat' dir='ltr'>ate</span> <span class='ocrx_word' id='word_1_195' title='bbox 3558 1235 3806 1282; x_wconf 87' lang='lat' dir='ltr'>reverenter</span> 
     </span>
    </p>
   </div>
   <div class='ocr_carea' id='block_1_27' title="bbox 2299 1317 3806 1392">
    <p class='ocr_par' dir='ltr' id='par_1_27' title="bbox 2299 1317 3806 1392">
     <span class='ocr_line' id='line_1_27' title="bbox 2299 1317 3806 1392; baseline -0.001 -19"><span class='ocrx_word' id='word_1_196' title='bbox 2299 1329 2614 1392; x_wconf 89' lang='lat' dir='ltr'>susceptum</span> <span class='ocrx_word' id='word_1_197' title='bbox 2660 1319 3069 1392; x_wconf 88' lang='lat' dir='ltr'>honoriﬁceque</span> <span class='ocrx_word' id='word_1_198' title='bbox 3118 1329 3406 1377; x_wconf 90' lang='lat' dir='ltr'>tractatum</span> <span class='ocrx_word' id='word_1_199' title='bbox 3431 1328 3652 1389; x_wconf 85' lang='lat' dir='ltr'>testatur,</span> <span class='ocrx_word' id='word_1_200' title='bbox 3699 1317 3806 1390; x_wconf 87' lang='lat' dir='ltr'>apud</span> 
     </span>
    </p>
   </div>
   <div class='ocr_carea' id='block_1_28' title="bbox 2299 1411 3808 1488">
    <p class='ocr_par' dir='ltr' id='par_1_28' title="bbox 2299 1411 3808 1488">
     <span class='ocr_line' id='line_1_28' title="bbox 2299 1411 3808 1488; baseline -0.001 -22"><span class='ocrx_word' id='word_1_201' title='bbox 2299 1412 2472 1481; x_wconf 91' lang='lat' dir='ltr'>illum,</span> <span class='ocrx_word' id='word_1_202' title='bbox 2543 1414 2700 1486; x_wconf 89' lang='lat' dir='ltr'>cujus</span> <span class='ocrx_word' id='word_1_203' title='bbox 2750 1415 2864 1471; x_wconf 92' lang='lat' dir='ltr'>vice</span> <span class='ocrx_word' id='word_1_204' title='bbox 2928 1415 3056 1470; x_wconf 89' lang='lat' dir='ltr'>licet</span> <span class='ocrx_word' id='word_1_205' title='bbox 3105 1415 3313 1488; x_wconf 78' lang='lat' dir='ltr'>indigni</span> <span class='ocrx_word' id='word_1_206' title='bbox 3361 1413 3634 1486; x_wconf 82' lang='lat' dir='ltr'>fungimur,</span> <span class='ocrx_word' id='word_1_207' title='bbox 3681 1420 3724 1466; x_wconf 87' lang='lat' dir='ltr'>te</span> <span class='ocrx_word' id='word_1_208' title='bbox 3768 1411 3808 1464; x_wconf 88' lang='lat' dir='ltr'>in</span> 
     </span>
    </p>
   </div>
   <div class='ocr_carea' id='block_1_29' title="bbox 2300 1505 3808 1580">
    <p class='ocr_par' dir='ltr' id='par_1_29' title="bbox 2300 1505 3808 1580">
     <span class='ocr_line' id='line_1_29' title="bbox 2300 1505 3808 1580; baseline -0.003 -19"><span class='ocrx_word' id='word_1_209' title='bbox 2300 1515 2484 1562; x_wconf 85' lang='lat' dir='ltr'>mente</span> <span class='ocrx_word' id='word_1_210' title='bbox 2504 1508 2808 1578; x_wconf 88' lang='lat' dir='ltr'>specialiter</span> <span class='ocrx_word' id='word_1_211' title='bbox 2829 1508 3089 1580; x_wconf 90' lang='lat' dir='ltr'>deinceps</span> <span class='ocrx_word' id='word_1_212' title='bbox 3110 1508 3310 1565; x_wconf 87' lang='lat' dir='ltr'>habere</span> <span class='ocrx_word' id='word_1_213' title='bbox 3328 1505 3808 1579; x_wconf 87' lang='lat' dir='ltr'>optamus.Nolumus</span> 
     </span>
    </p>
   </div>
   <div class='ocr_carea' id='block_1_30' title="bbox 2301 1597 3808 1671">
    <p class='ocr_par' dir='ltr' id='par_1_30' title="bbox 2301 1597 3808 1671">
     <span class='ocr_line' id='line_1_30' title="bbox 2301 1597 3808 1671; baseline -0.001 -19"><span class='ocrx_word' id='word_1_214' title='bbox 2301 1607 2488 1654; x_wconf 92' lang='lat' dir='ltr'>autem</span> <span class='ocrx_word' id='word_1_215' title='bbox 2529 1599 2882 1670; x_wconf 86' lang='lat' dir='ltr'>prudentiam</span> <span class='ocrx_word' id='word_1_216' title='bbox 2911 1609 3067 1657; x_wconf 90' lang='lat' dir='ltr'>tuam</span> <span class='ocrx_word' id='word_1_217' title='bbox 3097 1602 3325 1658; x_wconf 90' lang='lat' dir='ltr'>moleste</span> <span class='ocrx_word' id='word_1_218' title='bbox 3362 1600 3586 1671; x_wconf 83' lang='lat' dir='ltr'>accipere</span> <span class='ocrx_word' id='word_1_219' title='bbox 3609 1597 3730 1670; x_wconf 91' lang='lat' dir='ltr'>quod</span> <span class='ocrx_word' id='word_1_220' title='bbox 3749 1612 3808 1651; x_wconf 88' lang='lat' dir='ltr'>ar-</span> 
     </span>
    </p>
   </div>
   <div class='ocr_carea' id='block_1_31' title="bbox 2302 1691 3811 1766">
    <p class='ocr_par' dir='ltr' id='par_1_31' title="bbox 2302 1691 3811 1766">
     <span class='ocr_line' id='line_1_31' title="bbox 2302 1691 3811 1766; baseline -0.001 -19"><span class='ocrx_word' id='word_1_221' title='bbox 2302 1691 2707 1766; x_wconf 87' lang='lat' dir='ltr'>chiepiscopum</span> <span class='ocrx_word' id='word_1_222' title='bbox 2725 1703 2969 1750; x_wconf 91' lang='lat' dir='ltr'>vestrum</span> <span class='ocrx_word' id='word_1_223' title='bbox 2980 1697 3009 1749; x_wconf 88' lang='lat' dir='ltr'><strong>J</strong></span> <span class='ocrx_word' id='word_1_224' title='bbox 3015 1695 3250 1751; x_wconf 88' lang='lat' dir='ltr'>acobum</span> <span class='ocrx_word' id='word_1_225' title='bbox 3278 1692 3637 1750; x_wconf 90' lang='lat' dir='ltr'>consuetudini</span> <span class='ocrx_word' id='word_1_226' title='bbox 3655 1697 3811 1746; x_wconf 70' lang='lat' dir='ltr'>saneta</span> 
     </span>
    </p>
   </div>
   <div class='ocr_carea' id='block_1_32' title="bbox 510 1760 3807 1863">
    <p class='ocr_par' dir='ltr' id='par_1_32' title="bbox 510 1760 3807 1863">
     <span class='ocr_line' id='line_1_32' title="bbox 510 1760 3807 1863; baseline -0.001 -22"><span class='ocrx_word' id='word_1_227' title='bbox 510 1791 529 1809; x_wconf 79' lang='lat'><strong><em>‘</em></strong></span> <span class='ocrx_word' id='word_1_228' title='bbox 600 1786 768 1842; x_wconf 90' lang='lat' dir='ltr'>stitia</span> <span class='ocrx_word' id='word_1_229' title='bbox 793 1785 2188 1863; x_wconf 85' lang='lat' dir='ltr'>formammoresnostrosinstituerimus,profecto,</span> <span class='ocrx_word' id='word_1_230' title='bbox 2228 1760 2277 1823; x_wconf 81' lang='grc' dir='ltr'><strong>Β</strong></span> <span class='ocrx_word' id='word_1_231' title='bbox 2305 1789 2571 1843; x_wconf 85' lang='lat' dir='ltr'>Romana</span> <span class='ocrx_word' id='word_1_232' title='bbox 2617 1789 2894 1856; x_wconf 88' lang='lat' dir='ltr'>Ecclesia,</span> <span class='ocrx_word' id='word_1_233' title='bbox 2938 1789 3133 1845; x_wconf 88' lang='lat' dir='ltr'>matris</span> <span class='ocrx_word' id='word_1_234' title='bbox 3193 1789 3438 1845; x_wconf 91' lang='lat' dir='ltr'>omnium</span> <span class='ocrx_word' id='word_1_235' title='bbox 3485 1784 3807 1848; x_wconf 86' lang='lat' dir='ltr'>Ecclesiarum,</span> 
     </span>
    </p>
   </div>
   <div class='ocr_carea' id='block_1_33' title="bbox 597 1882 2190 1954">
    <p class='ocr_par' dir='ltr' id='par_1_33' title="bbox 597 1882 2190 1954">
     <span class='ocr_line' id='line_1_33' title="bbox 597 1882 2190 1954; baseline 0.004 -19"><span class='ocrx_word' id='word_1_236' title='bbox 597 1894 833 1951; x_wconf 86' lang='lat' dir='ltr'>superna</span> <span class='ocrx_word' id='word_1_237' title='bbox 880 1882 1101 1954; x_wconf 74' lang='lat' dir='ltr'>virtute}</span> <span class='ocrx_word' id='word_1_238' title='bbox 1128 1884 1442 1952; x_wconf 88' lang='lat' dir='ltr'>auxiliante,</span> <span class='ocrx_word' id='word_1_239' title='bbox 1497 1893 1552 1940; x_wconf 90' lang='lat' dir='ltr'>et</span> <span class='ocrx_word' id='word_1_240' title='bbox 1606 1885 1965 1941; x_wconf 90' lang='lat' dir='ltr'>inimicorum</span> <span class='ocrx_word' id='word_1_241' title='bbox 2011 1885 2190 1942; x_wconf 89' lang='lat' dir='ltr'>rabies</span> 
     </span>
    </p>
   </div>
   <div class='ocr_carea' id='block_1_34' title="bbox 601 1973 2190 2052">
    <p class='ocr_par' dir='ltr' id='par_1_34' title="bbox 601 1973 2190 2052">
     <span class='ocr_line' id='line_1_34' title="bbox 601 1973 2190 2052; baseline 0.006 -25"><span class='ocrx_word' id='word_1_242' title='bbox 601 1973 710 2030; x_wconf 87' lang='lat' dir='ltr'>cito</span> <span class='ocrx_word' id='word_1_243' title='bbox 738 1976 934 2046; x_wconf 89' lang='lat' dir='ltr'>peribit</span> <span class='ocrx_word' id='word_1_244' title='bbox 955 1984 1012 2031; x_wconf 91' lang='lat' dir='ltr'>et</span> <span class='ocrx_word' id='word_1_245' title='bbox 1047 1977 1142 2032; x_wconf 90' lang='lat' dir='ltr'>diu</span> <span class='ocrx_word' id='word_1_246' title='bbox 1166 1977 1534 2034; x_wconf 84' lang='lat' dir='ltr'>desideratam</span> <span class='ocrx_word' id='word_1_247' title='bbox 1576 1995 1766 2050; x_wconf 91' lang='lat' dir='ltr'>pacem</span> <span class='ocrx_word' id='word_1_248' title='bbox 1796 1989 1961 2052; x_wconf 89' lang='lat' dir='ltr'>atque</span> <span class='ocrx_word' id='word_1_249' title='bbox 1987 1982 2190 2037; x_wconf 89' lang='lat' dir='ltr'>securi-</span> 
     </span>
    </p>
   </div>
   <div class='ocr_carea' id='block_1_35' title="bbox 599 2069 2192 2146">
    <p class='ocr_par' dir='ltr' id='par_1_35' title="bbox 599 2069 2192 2146">
     <span class='ocr_line' id='line_1_35' title="bbox 599 2069 2192 2146; baseline 0.006 -26"><span class='ocrx_word' id='word_1_250' title='bbox 599 2073 775 2123; x_wconf 89' lang='lat' dir='ltr'>tutem</span> <span class='ocrx_word' id='word_1_251' title='bbox 805 2069 1048 2124; x_wconf 87' lang='lat' dir='ltr'>Ecclesia</span> <span class='ocrx_word' id='word_1_252' title='bbox 1077 2079 1261 2125; x_wconf 88' lang='lat' dir='ltr'>sancta</span> <span class='ocrx_word' id='word_1_253' title='bbox 1300 2073 1546 2142; x_wconf 89' lang='lat' dir='ltr'>recipiet.</span> <span class='ocrx_word' id='word_1_254' title='bbox 1583 2075 1761 2143; x_wconf 90' lang='lat' dir='ltr'>Quare</span> <span class='ocrx_word' id='word_1_255' title='bbox 1795 2073 1960 2146; x_wconf 59' lang='lat' dir='ltr'>vobis,</span> <span class='ocrx_word' id='word_1_256' title='bbox 1985 2075 2192 2145; x_wconf 88' lang='lat' dir='ltr'>specia-</span> 
     </span>
    </p>
   </div>
   <div class='ocr_carea' id='block_1_36' title="bbox 599 2159 2186 2238">
    <p class='ocr_par' dir='ltr' id='par_1_36' title="bbox 599 2159 2186 2238">
     <span class='ocr_line' id='line_1_36' title="bbox 599 2159 2186 2238; baseline 0.006 -25"><span class='ocrx_word' id='word_1_257' title='bbox 599 2161 742 2225; x_wconf 90' lang='lat' dir='ltr'>liter,</span> <span class='ocrx_word' id='word_1_258' title='bbox 773 2159 865 2230; x_wconf 90' lang='lat' dir='ltr'>qui</span> <span class='ocrx_word' id='word_1_259' title='bbox 905 2160 959 2214; x_wconf 91' lang='lat' dir='ltr'>in</span> <span class='ocrx_word' id='word_1_260' title='bbox 991 2162 1344 2218; x_wconf 86' lang='lat' dir='ltr'>sacerdotalis</span> <span class='ocrx_word' id='word_1_261' title='bbox 1371 2164 1645 2236; x_wconf 89' lang='lat' dir='ltr'>regiminis</span> <span class='ocrx_word' id='word_1_262' title='bbox 1678 2165 1831 2236; x_wconf 90' lang='lat' dir='ltr'>apice</span> <span class='ocrx_word' id='word_1_263' title='bbox 1859 2167 2186 2238; x_wconf 90' lang='lat' dir='ltr'>prasidetis,</span> 
     </span>
    </p>
   </div>
   <div class='ocr_carea' id='block_1_37' title="bbox 599 2253 2188 2328">
    <p class='ocr_par' dir='ltr' id='par_1_37' title="bbox 599 2253 2188 2328">
     <span class='ocr_line' id='line_1_37' title="bbox 599 2253 2188 2328; baseline 0.006 -21"><span class='ocrx_word' id='word_1_264' title='bbox 599 2269 745 2308; x_wconf 91' lang='lat' dir='ltr'>nunc</span> <span class='ocrx_word' id='word_1_265' title='bbox 780 2253 1080 2325; x_wconf 89' lang='lat' dir='ltr'>loquimur,</span> <span class='ocrx_word' id='word_1_266' title='bbox 1112 2256 1181 2311; x_wconf 92' lang='lat' dir='ltr'>ad</span> <span class='ocrx_word' id='word_1_267' title='bbox 1208 2273 1447 2328; x_wconf 86' lang='lat' dir='ltr'>quorum</span> <span class='ocrx_word' id='word_1_268' title='bbox 1486 2257 1909 2314; x_wconf 88' lang='lat' dir='ltr'>sollicitudinem</span> <span class='ocrx_word' id='word_1_269' title='bbox 1937 2259 2188 2316; x_wconf 86' lang='lat' dir='ltr'>subdito-</span> 
     </span>
    </p>
   </div>
   <div class='ocr_carea' id='block_1_38' title="bbox 598 2347 2186 2424">
    <p class='ocr_par' dir='ltr' id='par_1_38' title="bbox 598 2347 2186 2424">
     <span class='ocr_line' id='line_1_38' title="bbox 598 2347 2186 2424; baseline 0.005 -24"><span class='ocrx_word' id='word_1_270' title='bbox 598 2362 726 2402; x_wconf 88' lang='lat' dir='ltr'>rum</span> <span class='ocrx_word' id='word_1_271' title='bbox 752 2347 854 2402; x_wconf 85' lang='lat' dir='ltr'>vita</span> <span class='ocrx_word' id='word_1_272' title='bbox 886 2349 1159 2418; x_wconf 89' lang='lat' dir='ltr'>pertinere</span> <span class='ocrx_word' id='word_1_273' title='bbox 1183 2348 1545 2422; x_wconf 83' lang='lat' dir='ltr'>dignoscitur,</span> <span class='ocrx_word' id='word_1_274' title='bbox 1571 2361 1625 2408; x_wconf 88' lang='lat' dir='ltr'>et</span> <span class='ocrx_word' id='word_1_275' title='bbox 1649 2368 1786 2424; x_wconf 91' lang='lat' dir='ltr'>quos</span> <span class='ocrx_word' id='word_1_276' title='bbox 1811 2353 1880 2409; x_wconf 92' lang='lat' dir='ltr'>de</span> <span class='ocrx_word' id='word_1_277' title='bbox 1907 2353 2186 2410; x_wconf 88' lang='lat' dir='ltr'>commissi</span> 
     </span>
    </p>
   </div>
   <div class='ocr_carea' id='block_1_39' title="bbox 597 2441 2188 2513">
    <p class='ocr_par' dir='ltr' id='par_1_39' title="bbox 597 2441 2188 2513">
     <span class='ocr_line' id='line_1_39' title="bbox 597 2441 2188 2513; baseline 0.006 -18"><span class='ocrx_word' id='word_1_278' title='bbox 597 2441 778 2513; x_wconf 81' lang='lat' dir='ltr'>gregis</span> <span class='ocrx_word' id='word_1_279' title='bbox 815 2458 948 2498; x_wconf 89' lang='lat' dir='ltr'>cura</span> <span class='ocrx_word' id='word_1_280' title='bbox 982 2444 1038 2498; x_wconf 92' lang='lat' dir='ltr'>in</span> <span class='ocrx_word' id='word_1_281' title='bbox 1080 2453 1312 2500; x_wconf 90' lang='lat' dir='ltr'>venturo</span> <span class='ocrx_word' id='word_1_282' title='bbox 1356 2445 1606 2502; x_wconf 86' lang='lat' dir='ltr'>examine</span> <span class='ocrx_word' id='word_1_283' title='bbox 1643 2448 1910 2503; x_wconf 90' lang='lat' dir='ltr'>rationem</span> <span class='ocrx_word' id='word_1_284' title='bbox 1952 2447 2188 2506; x_wconf 88' lang='lat' dir='ltr'>reddere</span> 
     </span>
    </p>
   </div>
   <div class='ocr_carea' id='block_1_40' title="bbox 597 2535 2184 2613">
    <p class='ocr_par' dir='ltr' id='par_1_40' title="bbox 597 2535 2184 2613">
     <span class='ocr_line' id='line_1_40' title="bbox 597 2535 2184 2613; baseline 0.006 -25"><span class='ocrx_word' id='word_1_285' title='bbox 597 2535 872 2602; x_wconf 89' lang='lat' dir='ltr'>convenit,</span> <span class='ocrx_word' id='word_1_286' title='bbox 902 2545 965 2590; x_wconf 90' lang='lat' dir='ltr'>ut</span> <span class='ocrx_word' id='word_1_287' title='bbox 1006 2537 1375 2609; x_wconf 89' lang='lat' dir='ltr'>subjectorum</span> <span class='ocrx_word' id='word_1_288' title='bbox 1404 2548 1556 2595; x_wconf 89' lang='lat' dir='ltr'>actus</span> <span class='ocrx_word' id='word_1_289' title='bbox 1594 2548 1650 2596; x_wconf 90' lang='lat' dir='ltr'>et</span> <span class='ocrx_word' id='word_1_290' title='bbox 1686 2543 2184 2613; x_wconf 84' lang='lat' dir='ltr'>conversationem,</span> 
     </span>
    </p>
   </div>
   <div class='ocr_carea' id='block_1_41' title="bbox 598 2626 2186 2706">
    <p class='ocr_par' dir='ltr' id='par_1_41' title="bbox 598 2626 2186 2706">
     <span class='ocr_line' id='line_1_41' title="bbox 598 2626 2186 2706; baseline 0.007 -26"><span class='ocrx_word' id='word_1_291' title='bbox 598 2626 746 2682; x_wconf 88' lang='lat' dir='ltr'>nulla</span> <span class='ocrx_word' id='word_1_292' title='bbox 784 2628 959 2697; x_wconf 89' lang='lat' dir='ltr'>gratia</span> <span class='ocrx_word' id='word_1_293' title='bbox 991 2628 1074 2684; x_wconf 89' lang='lat' dir='ltr'>vel</span> <span class='ocrx_word' id='word_1_294' title='bbox 1114 2629 1315 2688; x_wconf 89' lang='lat' dir='ltr'>timore</span> <span class='ocrx_word' id='word_1_295' title='bbox 1341 2631 1730 2702; x_wconf 85' lang='lat' dir='ltr'>prapediente,</span> <span class='ocrx_word' id='word_1_296' title='bbox 1776 2634 2062 2706; x_wconf 83' lang='lat' dir='ltr'>diligenter</span> <span class='ocrx_word' id='word_1_297' title='bbox 2094 2635 2186 2691; x_wconf 91' lang='lat' dir='ltr'>in-</span> 
     </span>
    </p>
   </div>
   <div class='ocr_carea' id='block_1_42' title="bbox 596 2719 2184 2801">
    <p class='ocr_par' dir='ltr' id='par_1_42' title="bbox 596 2719 2184 2801">
     <span class='ocr_line' id='line_1_42' title="bbox 596 2719 2184 2801; baseline 0.009 -29"><span class='ocrx_word' id='word_1_298' title='bbox 596 2719 854 2790; x_wconf 77' lang='lat' dir='ltr'>spicietis,</span> <span class='ocrx_word' id='word_1_299' title='bbox 879 2729 933 2776; x_wconf 90' lang='lat' dir='ltr'>et</span> <span class='ocrx_word' id='word_1_300' title='bbox 951 2721 1198 2778; x_wconf 86' lang='lat' dir='ltr'>discreta</span> <span class='ocrx_word' id='word_1_301' title='bbox 1212 2725 1568 2781; x_wconf 90' lang='lat' dir='ltr'>correctionis</span> <span class='ocrx_word' id='word_1_302' title='bbox 1584 2727 1696 2783; x_wconf 91' lang='lat' dir='ltr'>acie</span> <span class='ocrx_word' id='word_1_303' title='bbox 1716 2743 1840 2800; x_wconf 88' lang='lat' dir='ltr'>qua</span> <span class='ocrx_word' id='word_1_304' title='bbox 1854 2730 2184 2801; x_wconf 90' lang='lat' dir='ltr'>amputanda</span> 
     </span>
    </p>
   </div>
   <div class='ocr_carea' id='block_1_43' title="bbox 595 2815 2184 2887">
    <p class='ocr_par' dir='ltr' id='par_1_43' title="bbox 595 2815 2184 2887">
     <span class='ocr_line' id='line_1_43' title="bbox 595 2815 2184 2887; baseline 0.008 -24"><span class='ocrx_word' id='word_1_305' title='bbox 595 2819 724 2864; x_wconf 88' lang='lat' dir='ltr'>sunt</span> <span class='ocrx_word' id='word_1_306' title='bbox 751 2827 1018 2880; x_wconf 89' lang='lat' dir='ltr'>resecare,</span> <span class='ocrx_word' id='word_1_307' title='bbox 1045 2815 1343 2871; x_wconf 90' lang='lat' dir='ltr'>secundum</span> <span class='ocrx_word' id='word_1_308' title='bbox 1369 2816 1518 2887; x_wconf 91' lang='lat' dir='ltr'>quod</span> <span class='ocrx_word' id='word_1_309' title='bbox 1538 2833 1568 2872; x_wconf 93' lang='lat' dir='ltr'>a</span> <span class='ocrx_word' id='word_1_310' title='bbox 1593 2827 1769 2874; x_wconf 90' lang='lat' dir='ltr'>matre</span> <span class='ocrx_word' id='word_1_311' title='bbox 1797 2828 1974 2875; x_wconf 87' lang='lat' dir='ltr'>vestra</span> <span class='ocrx_word' id='word_1_312' title='bbox 2000 2830 2184 2876; x_wconf 88' lang='lat' dir='ltr'>sancta</span> 
     </span>
    </p>
   </div>
   <div class='ocr_carea' id='block_1_44' title="bbox 592 2906 2185 2985">
    <p class='ocr_par' dir='ltr' id='par_1_44' title="bbox 592 2906 2185 2985">
     <span class='ocr_line' id='line_1_44' title="bbox 592 2906 2185 2985; baseline 0.008 -27"><span class='ocrx_word' id='word_1_313' title='bbox 592 2906 844 2960; x_wconf 81' lang='lat' dir='ltr'>Romana</span> <span class='ocrx_word' id='word_1_314' title='bbox 888 2907 1130 2962; x_wconf 89' lang='lat' dir='ltr'>Ecclesia</span> <span class='ocrx_word' id='word_1_315' title='bbox 1169 2910 1472 2979; x_wconf 90' lang='lat' dir='ltr'>accepistis,</span> <span class='ocrx_word' id='word_1_316' title='bbox 1530 2928 1641 2967; x_wconf 90' lang='lat' dir='ltr'>non</span> <span class='ocrx_word' id='word_1_317' title='bbox 1685 2913 1998 2985; x_wconf 90' lang='lat' dir='ltr'>negligatis;</span> <span class='ocrx_word' id='word_1_318' title='bbox 2052 2915 2185 2971; x_wconf 89' lang='lat' dir='ltr'>illud</span> 
     </span>
    </p>
   </div>
   <div class='ocr_carea' id='block_1_45' title="bbox 592 2997 2182 3074">
    <p class='ocr_par' dir='ltr' id='par_1_45' title="bbox 592 2997 2182 3074">
     <span class='ocr_line' id='line_1_45' title="bbox 592 2997 2182 3074; baseline 0.007 -23"><span class='ocrx_word' id='word_1_319' title='bbox 592 2997 979 3068; x_wconf 88' lang='lat' dir='ltr'>propheticum</span> <span class='ocrx_word' id='word_1_320' title='bbox 999 3000 1057 3054; x_wconf 92' lang='lat' dir='ltr'>in</span> <span class='ocrx_word' id='word_1_321' title='bbox 1099 3003 1368 3057; x_wconf 89' lang='lat' dir='ltr'>memoria</span> <span class='ocrx_word' id='word_1_322' title='bbox 1399 3019 1614 3074; x_wconf 90' lang='lat' dir='ltr'>semper</span> <span class='ocrx_word' id='word_1_323' title='bbox 1643 3005 1903 3062; x_wconf 89' lang='lat' dir='ltr'>habentes</span> <span class='ocrx_word' id='word_1_324' title='bbox 1935 3025 1947 3061; x_wconf 93' lang='lat'><strong>:</strong></span> <span class='ocrx_word' id='word_1_325' title='bbox 1998 3009 2182 3064; x_wconf 87' lang='lat' dir='ltr'>Sacri-</span> 
     </span>
    </p>
   </div>
   <div class='ocr_carea' id='block_1_46' title="bbox 592 3092 2181 3168">
    <p class='ocr_par' dir='ltr' id='par_1_46' title="bbox 592 3092 2181 3168">
     <span class='ocr_line' id='line_1_46' title="bbox 592 3092 2181 3168; baseline 0.006 -23"><span class='ocrx_word' id='word_1_326' title='bbox 592 3092 745 3160; x_wconf 79' lang='lat' dir='ltr'>ﬁcate</span> <span class='ocrx_word' id='word_1_327' title='bbox 825 3096 1145 3163; x_wconf 77' lang='lat' dir='ltr'>sacrificium</span> <span class='ocrx_word' id='word_1_328' title='bbox 1189 3095 1449 3164; x_wconf 72' lang='lat' dir='ltr'>justitt&#39;re,</span> <span class='ocrx_word' id='word_1_329' title='bbox 1506 3102 1557 3152; x_wconf 92' lang='lat' dir='ltr'>et</span> <span class='ocrx_word' id='word_1_330' title='bbox 1605 3104 1815 3168; x_wconf 84' lang='lat' dir='ltr'>sperate</span> <span class='ocrx_word' id='word_1_331' title='bbox 1859 3101 1918 3153; x_wconf 89' lang='lat' dir='ltr'>in</span> <span class='ocrx_word' id='word_1_332' title='bbox 1961 3103 2181 3155; x_wconf 85' lang='lat' dir='ltr'>Domino</span> 
     </span>
    </p>
   </div>
   <div class='ocr_carea' id='block_1_47' title="bbox 593 3186 2178 3251">
    <p class='ocr_par' dir='ltr' id='par_1_47' title="bbox 593 3186 2178 3251">
     <span class='ocr_line' id='line_1_47' title="bbox 593 3186 2178 3251; baseline 0.007 -12"><span class='ocrx_word' id='word_1_333' title='bbox 593 3186 760 3250; x_wconf 89' lang='lat' dir='ltr'>(Psal.</span> <span class='ocrx_word' id='word_1_334' title='bbox 791 3190 900 3251; x_wconf 82' lang='lat' dir='ltr'>iv).</span> <span class='ocrx_word' id='word_1_335' title='bbox 933 3189 1016 3242; x_wconf 92' lang='lat' dir='ltr'>De</span> <span class='ocrx_word' id='word_1_336' title='bbox 1057 3195 1257 3244; x_wconf 87' lang='lat' dir='ltr'>catero</span> <span class='ocrx_word' id='word_1_337' title='bbox 1285 3188 1636 3245; x_wconf 90' lang='lat' dir='ltr'>dilectionem</span> <span class='ocrx_word' id='word_1_338' title='bbox 1658 3192 1907 3248; x_wconf 89' lang='lat' dir='ltr'>omnium</span> <span class='ocrx_word' id='word_1_339' title='bbox 1935 3201 2178 3250; x_wconf 89' lang='lat' dir='ltr'>vestrum</span> 
     </span>
    </p>
   </div>
   <div class='ocr_carea' id='block_1_48' title="bbox 591 3281 2178 3352">
    <p class='ocr_par' dir='ltr' id='par_1_48' title="bbox 591 3281 2178 3352">
     <span class='ocr_line' id='line_1_48' title="bbox 591 3281 2178 3352; baseline 0.007 -20"><span class='ocrx_word' id='word_1_340' title='bbox 591 3294 887 3334; x_wconf 91' lang='lat' dir='ltr'>monemus</span> <span class='ocrx_word' id='word_1_341' title='bbox 932 3289 1096 3352; x_wconf 90' lang='lat' dir='ltr'>atque</span> <span class='ocrx_word' id='word_1_342' title='bbox 1141 3281 1452 3350; x_wconf 85' lang='lat' dir='ltr'>hortamur,</span> <span class='ocrx_word' id='word_1_343' title='bbox 1508 3284 1768 3341; x_wconf 90' lang='lat' dir='ltr'>ﬁduciam</span> <span class='ocrx_word' id='word_1_344' title='bbox 1817 3294 2061 3342; x_wconf 82' lang='lat' dir='ltr'>vestram</span> <span class='ocrx_word' id='word_1_345' title='bbox 2119 3288 2178 3342; x_wconf 92' lang='lat' dir='ltr'>in</span> 
     </span>
    </p>
   </div>
   <div class='ocr_carea' id='block_1_49' title="bbox 584 3373 2178 3452">
    <p class='ocr_par' dir='ltr' id='par_1_49' title="bbox 584 3373 2178 3452">
     <span class='ocr_line' id='line_1_49' title="bbox 584 3373 2178 3452; baseline 0.006 -26"><span class='ocrx_word' id='word_1_346' title='bbox 584 3373 827 3428; x_wconf 90' lang='lat' dir='ltr'>Domino</span> <span class='ocrx_word' id='word_1_347' title='bbox 857 3381 911 3428; x_wconf 88' lang='lat' dir='ltr'>et</span> <span class='ocrx_word' id='word_1_348' title='bbox 938 3374 996 3428; x_wconf 91' lang='lat' dir='ltr'>in</span> <span class='ocrx_word' id='word_1_349' title='bbox 1025 3376 1266 3445; x_wconf 88' lang='lat' dir='ltr'>potentia</span> <span class='ocrx_word' id='word_1_350' title='bbox 1291 3376 1509 3434; x_wconf 89' lang='lat' dir='ltr'>virtutis</span> <span class='ocrx_word' id='word_1_351' title='bbox 1545 3379 1662 3450; x_wconf 85' lang='lat' dir='ltr'>ejus</span> <span class='ocrx_word' id='word_1_352' title='bbox 1691 3380 2010 3436; x_wconf 87' lang='lat' dir='ltr'>constituite</span> <span class='ocrx_word' id='word_1_353' title='bbox 2041 3397 2178 3452; x_wconf 88' lang='lat' dir='ltr'>quo-</span> 
     </span>
    </p>
   </div>
   <div class='ocr_carea' id='block_1_50' title="bbox 585 3466 2177 3543">
    <p class='ocr_par' dir='ltr' id='par_1_50' title="bbox 585 3466 2177 3543">
     <span class='ocr_line' id='line_1_50' title="bbox 585 3466 2177 3543; baseline 0.006 -24"><span class='ocrx_word' id='word_1_354' title='bbox 585 3466 736 3521; x_wconf 88' lang='lat' dir='ltr'>niam</span> <span class='ocrx_word' id='word_1_355' title='bbox 798 3467 896 3522; x_wconf 87' lang='lat' dir='ltr'>ﬁni</span> <span class='ocrx_word' id='word_1_356' title='bbox 957 3470 1413 3543; x_wconf 89' lang='lat' dir='ltr'>appropinquavit</span> <span class='ocrx_word' id='word_1_357' title='bbox 1463 3472 1902 3530; x_wconf 88' lang='lat' dir='ltr'>adversariorum</span> <span class='ocrx_word' id='word_1_358' title='bbox 1950 3474 2177 3542; x_wconf 89' lang='lat' dir='ltr'>malitia,</span> 
     </span>
    </p>
   </div>
   <div class='ocr_carea' id='block_1_51' title="bbox 584 3558 2176 3632">
    <p class='ocr_par' dir='ltr' id='par_1_51' title="bbox 584 3558 2176 3632">
     <span class='ocr_line' id='line_1_51' title="bbox 584 3558 2176 3632; baseline 0.007 -19"><span class='ocrx_word' id='word_1_359' title='bbox 584 3558 661 3614; x_wconf 88' lang='lat' dir='ltr'>ita</span> <span class='ocrx_word' id='word_1_360' title='bbox 685 3567 746 3614; x_wconf 93' lang='lat' dir='ltr'>ut</span> <span class='ocrx_word' id='word_1_361' title='bbox 766 3561 858 3631; x_wconf 92' lang='lat' dir='ltr'>qui</span> <span class='ocrx_word' id='word_1_362' title='bbox 886 3561 1238 3632; x_wconf 89' lang='lat' dir='ltr'>desperantes</span> <span class='ocrx_word' id='word_1_363' title='bbox 1269 3563 1325 3619; x_wconf 92' lang='lat' dir='ltr'>in</span> <span class='ocrx_word' id='word_1_364' title='bbox 1357 3566 1661 3622; x_wconf 89' lang='lat' dir='ltr'>Dominum</span> <span class='ocrx_word' id='word_1_365' title='bbox 1699 3576 1754 3622; x_wconf 90' lang='lat' dir='ltr'>et</span> <span class='ocrx_word' id='word_1_366' title='bbox 1779 3577 2022 3624; x_wconf 91' lang='lat' dir='ltr'>sanctam</span> <span class='ocrx_word' id='word_1_367' title='bbox 2060 3571 2176 3624; x_wconf 81' lang='lat' dir='ltr'>Bo-</span> 
     </span>
    </p>
   </div>
   <div class='ocr_carea' id='block_1_52' title="bbox 588 3655 2174 3730">
    <p class='ocr_par' dir='ltr' id='par_1_52' title="bbox 588 3655 2174 3730">
     <span class='ocr_line' id='line_1_52' title="bbox 588 3655 2174 3730; baseline 0.006 -24"><span class='ocrx_word' id='word_1_368' title='bbox 588 3667 830 3720; x_wconf 90' lang='lat' dir='ltr'>manam,</span> <span class='ocrx_word' id='word_1_369' title='bbox 863 3655 1108 3710; x_wconf 92' lang='lat' dir='ltr'>omnium</span> <span class='ocrx_word' id='word_1_370' title='bbox 1147 3665 1401 3725; x_wconf 88' lang='lat' dir='ltr'>matrem,</span> <span class='ocrx_word' id='word_1_371' title='bbox 1425 3659 1733 3715; x_wconf 87' lang='lat' dir='ltr'>Ecclesiam</span> <span class='ocrx_word' id='word_1_372' title='bbox 1755 3676 1814 3716; x_wconf 91' lang='lat' dir='ltr'>se</span> <span class='ocrx_word' id='word_1_373' title='bbox 1841 3663 2174 3730; x_wconf 86' lang='lat' dir='ltr'>extulerunt,</span> 
     </span>
    </p>
   </div>
   <div class='ocr_carea' id='block_1_53' title="bbox 587 3745 2177 3816">
    <p class='ocr_par' dir='ltr' id='par_1_53' title="bbox 587 3745 2177 3816">
     <span class='ocr_line' id='line_1_53' title="bbox 587 3745 2177 3816; baseline 0.007 -16"><span class='ocrx_word' id='word_1_374' title='bbox 587 3745 913 3800; x_wconf 86' lang='lat' dir='ltr'>temeritatis</span> <span class='ocrx_word' id='word_1_375' title='bbox 960 3762 1170 3816; x_wconf 89' lang='lat' dir='ltr'>poenas,</span> <span class='ocrx_word' id='word_1_376' title='bbox 1213 3749 1361 3806; x_wconf 91' lang='lat' dir='ltr'>haud</span> <span class='ocrx_word' id='word_1_377' title='bbox 1412 3754 1652 3807; x_wconf 90' lang='lat' dir='ltr'>multum</span> <span class='ocrx_word' id='word_1_378' title='bbox 1701 3755 1953 3811; x_wconf 89' lang='lat' dir='ltr'>tardante</span> <span class='ocrx_word' id='word_1_379' title='bbox 1985 3756 2177 3811; x_wconf 88' lang='lat' dir='ltr'>merita</span> 
     </span>
    </p>
   </div>
   <div class='ocr_carea' id='block_1_54' title="bbox 592 3836 2179 3919">
    <p class='ocr_par' dir='ltr' id='par_1_54' title="bbox 592 3836 2179 3919">
     <span class='ocr_line' id='line_1_54' title="bbox 592 3836 2179 3919; baseline 0.008 -27"><span class='ocrx_word' id='word_1_380' title='bbox 592 3836 770 3906; x_wconf 89' lang='lat' dir='ltr'>ruina,</span> <span class='ocrx_word' id='word_1_381' title='bbox 801 3840 1130 3909; x_wconf 89' lang='lat' dir='ltr'>persolvant.</span> <span class='ocrx_word' id='word_1_382' title='bbox 1172 3843 1433 3898; x_wconf 86' lang='lat' dir='ltr'>Nonnulli</span> <span class='ocrx_word' id='word_1_383' title='bbox 1463 3852 1667 3914; x_wconf 89' lang='lat' dir='ltr'>tamen,</span> <span class='ocrx_word' id='word_1_384' title='bbox 1695 3847 1845 3919; x_wconf 90' lang='lat' dir='ltr'>quod</span> <span class='ocrx_word' id='word_1_385' title='bbox 1865 3848 1934 3904; x_wconf 90' lang='lat' dir='ltr'>de</span> <span class='ocrx_word' id='word_1_386' title='bbox 1968 3849 2179 3904; x_wconf 88' lang='lat' dir='ltr'>cunctis</span> 
     </span>
    </p>
   </div>
   <div class='ocr_carea' id='block_1_55' title="bbox 589 3933 2180 4003">
    <p class='ocr_par' dir='ltr' id='par_1_55' title="bbox 589 3933 2180 4003">
     <span class='ocr_line' id='line_1_55' title="bbox 589 3933 2180 4003; baseline 0.008 -19"><span class='ocrx_word' id='word_1_387' title='bbox 589 3938 928 4001; x_wconf 90' lang='lat' dir='ltr'>optaremus,</span> <span class='ocrx_word' id='word_1_388' title='bbox 954 3949 1050 4003; x_wconf 88' lang='lat' dir='ltr'>per</span> <span class='ocrx_word' id='word_1_389' title='bbox 1094 3933 1520 3992; x_wconf 88' lang='lat' dir='ltr'>misericordiam</span> <span class='ocrx_word' id='word_1_390' title='bbox 1550 3939 1651 3993; x_wconf 90' lang='lat' dir='ltr'>Dei</span> <span class='ocrx_word' id='word_1_391' title='bbox 1681 3939 1746 3995; x_wconf 89' lang='lat' dir='ltr'>de</span> <span class='ocrx_word' id='word_1_392' title='bbox 1775 3956 1959 3996; x_wconf 90' lang='lat' dir='ltr'>errore</span> <span class='ocrx_word' id='word_1_393' title='bbox 1994 3957 2094 3997; x_wconf 87' lang='lat' dir='ltr'>suo</span> <span class='ocrx_word' id='word_1_394' title='bbox 2125 3949 2180 3997; x_wconf 89' lang='lat' dir='ltr'>et</span> 
     </span>
    </p>
   </div>
   <div class='ocr_carea' id='block_1_56' title="bbox 588 4018 2176 4103">
    <p class='ocr_par' dir='ltr' id='par_1_56' title="bbox 588 4018 2176 4103">
     <span class='ocr_line' id='line_1_56' title="bbox 588 4018 2176 4103; baseline 0.009 -30"><span class='ocrx_word' id='word_1_395' title='bbox 588 4018 889 4089; x_wconf 86' lang='lat' dir='ltr'>iniquitatis</span> <span class='ocrx_word' id='word_1_396' title='bbox 919 4020 1000 4075; x_wconf 88' lang='lat' dir='ltr'>via</span> <span class='ocrx_word' id='word_1_397' title='bbox 1029 4022 1364 4092; x_wconf 80' lang='lat' dir='ltr'>panitentes</span> <span class='ocrx_word' id='word_1_398' title='bbox 1403 4024 1474 4081; x_wconf 90' lang='lat' dir='ltr'>ad</span> <span class='ocrx_word' id='word_1_399' title='bbox 1508 4026 1781 4098; x_wconf 86' lang='lat' dir='ltr'>gremium</span> <span class='ocrx_word' id='word_1_400' title='bbox 1820 4029 2176 4103; x_wconf 88' lang='lat' dir='ltr'>matris_con-</span> 
     </span>
    </p>
   </div>
   <div class='ocr_carea' id='block_1_57' title="bbox 589 4108 1174 4166">
    <p class='ocr_par' dir='ltr' id='par_1_57' title="bbox 589 4108 1174 4166">
     <span class='ocr_line' id='line_1_57' title="bbox 589 4108 1174 4166; baseline 0.007 -4"><span class='ocrx_word' id='word_1_401' title='bbox 589 4115 876 4164; x_wconf 88' lang='lat' dir='ltr'>vertuntur</span> <span class='ocrx_word' id='word_1_402' title='bbox 899 4108 1174 4166; x_wconf 85' lang='lat' dir='ltr'>Ecclesia.</span> 
     </span>
    </p>
   </div>
   <div class='ocr_carea' id='block_1_58' title="bbox 658 4198 1312 4256">
    <p class='ocr_par' dir='ltr' id='par_1_58' title="bbox 658 4198 1312 4256">
     <span class='ocr_line' id='line_1_58' title="bbox 658 4198 1312 4256; baseline 0.009 -6"><span class='ocrx_word' id='word_1_403' title='bbox 658 4199 797 4252; x_wconf 91' lang='lat' dir='ltr'>Data</span> <span class='ocrx_word' id='word_1_404' title='bbox 823 4211 864 4252; x_wconf 70' lang='grc' dir='ltr'><strong>Χ</strong></span> <span class='ocrx_word' id='word_1_405' title='bbox 886 4198 1012 4252; x_wconf 84' lang='lat' dir='ltr'>Kal.</span> <span class='ocrx_word' id='word_1_406' title='bbox 1037 4198 1312 4256; x_wconf 88' lang='lat' dir='ltr'>Octobris.</span> 
     </span>
    </p>
   </div>
   <div class='ocr_carea' id='block_1_59' title="bbox 1128 4295 1606 4353">
    <p class='ocr_par' dir='ltr' id='par_1_59' title="bbox 1128 4295 1606 4353">
     <span class='ocr_line' id='line_1_59' title="bbox 1128 4295 1606 4353; baseline 0.013 -6"><span class='ocrx_word' id='word_1_407' title='bbox 1128 4295 1477 4352; x_wconf 81' lang='lat' dir='ltr'>EPlSTOLA</span> <span class='ocrx_word' id='word_1_408' title='bbox 1528 4299 1606 4353; x_wconf 81' lang='grc' dir='ltr'><strong>Χ.</strong></span> 
     </span>
    </p>
   </div>
   <div class='ocr_carea' id='block_1_60' title="bbox 755 4402 2009 4453">
    <p class='ocr_par' dir='ltr' id='par_1_60' title="bbox 755 4402 2009 4453">
     <span class='ocr_line' id='line_1_60' title="bbox 755 4402 2009 4453; baseline 0.006 -10"><span class='ocrx_word' id='word_1_409' title='bbox 755 4402 836 4443; x_wconf 83' lang='grc' dir='ltr'>ΔΙ)</span> <span class='ocrx_word' id='word_1_410' title='bbox 876 4402 1198 4444; x_wconf 75' lang='lat' dir='ltr'>OBZOCCUM</span> <span class='ocrx_word' id='word_1_411' title='bbox 1235 4404 1502 4446; x_wconf 74' lang='lat' dir='ltr'>JUDICEM</span> <span class='ocrx_word' id='word_1_412' title='bbox 1541 4408 2009 4453; x_wconf 73' lang='lat' dir='ltr'>CALABITANUM.</span> 
     </span>
    </p>
   </div>
   <div class='ocr_carea' id='block_1_61' title="bbox 586 4483 2176 4561">
    <p class='ocr_par' dir='ltr' id='par_1_61' title="bbox 586 4483 2176 4561">
     <span class='ocr_line' id='line_1_61' title="bbox 586 4483 2176 4561; baseline 0.007 -26"><span class='ocrx_word' id='word_1_413' title='bbox 586 4484 921 4561; x_wconf 72' lang='lat' dir='ltr'>Devotionent</span> <span class='ocrx_word' id='word_1_414' title='bbox 947 4483 1060 4561; x_wconf 85' lang='lat' dir='ltr'>ejus</span> <span class='ocrx_word' id='word_1_415' title='bbox 1085 4499 1211 4552; x_wconf 87' lang='lat' dir='ltr'>erga</span> <span class='ocrx_word' id='word_1_416' title='bbox 1227 4484 1447 4561; x_wconf 78' lang='lat' dir='ltr'>beatum</span> <span class='ocrx_word' id='word_1_417' title='bbox 1475 4489 1692 4541; x_wconf 81' lang='lat' dir='ltr'>Petrum</span> <span class='ocrx_word' id='word_1_418' title='bbox 1725 4491 1783 4543; x_wconf 85' lang='lat' dir='ltr'>in</span> <span class='ocrx_word' id='word_1_419' title='bbox 1811 4492 2005 4545; x_wconf 82' lang='lat' dir='ltr'>honore</span> <span class='ocrx_word' id='word_1_420' title='bbox 2030 4508 2176 4561; x_wconf 81' lang='lat' dir='ltr'>prce—</span> 
     </span>
    </p>
   </div>
   <div class='ocr_carea' id='block_1_62' title="bbox 653 4554 2175 4632">
    <p class='ocr_par' dir='ltr' id='par_1_62' title="bbox 653 4554 2175 4632">
     <span class='ocr_line' id='line_1_62' title="bbox 653 4554 2175 4632; baseline 0.007 -25"><span class='ocrx_word' id='word_1_421' title='bbox 653 4555 788 4632; x_wconf 83' lang='lat' dir='ltr'>stilo</span> <span class='ocrx_word' id='word_1_422' title='bbox 812 4555 990 4632; x_wconf 72' lang='lat' dir='ltr'>legato</span> <span class='ocrx_word' id='word_1_423' title='bbox 1028 4554 1314 4632; x_wconf 77' lang='lat' dir='ltr'>apostolico</span> <span class='ocrx_word' id='word_1_424' title='bbox 1346 4573 1652 4624; x_wconf 84' lang='lat' dir='ltr'>agnoscens,</span> <span class='ocrx_word' id='word_1_425' title='bbox 1683 4570 1860 4617; x_wconf 88' lang='lat' dir='ltr'>monet</span> <span class='ocrx_word' id='word_1_426' title='bbox 1886 4569 1946 4618; x_wconf 88' lang='lat' dir='ltr'>ut</span> <span class='ocrx_word' id='word_1_427' title='bbox 1971 4554 2090 4632; x_wconf 68' lang='lat' dir='ltr'>qua:</span> <span class='ocrx_word' id='word_1_428' title='bbox 2109 4563 2175 4617; x_wconf 90' lang='lat' dir='ltr'>ab</span> 
     </span>
    </p>
   </div>
   <div class='ocr_carea' id='block_1_63' title="bbox 653 4624 2176 4695">
    <p class='ocr_par' dir='ltr' id='par_1_63' title="bbox 653 4624 2176 4695">
     <span class='ocr_line' id='line_1_63' title="bbox 653 4624 2176 4695; baseline 0.009 -19"><span class='ocrx_word' id='word_1_429' title='bbox 653 4627 768 4693; x_wconf 85' lang='lat' dir='ltr'>ipso</span> <span class='ocrx_word' id='word_1_430' title='bbox 800 4624 976 4693; x_wconf 84' lang='lat' dir='ltr'>legato</span> <span class='ocrx_word' id='word_1_431' title='bbox 1020 4627 1243 4680; x_wconf 81' lang='lat' dir='ltr'>audivit</span> <span class='ocrx_word' id='word_1_432' title='bbox 1269 4632 1526 4682; x_wconf 85' lang='lat' dir='ltr'>memoria</span> <span class='ocrx_word' id='word_1_433' title='bbox 1556 4635 1750 4695; x_wconf 84' lang='lat' dir='ltr'>teneat,</span> <span class='ocrx_word' id='word_1_434' title='bbox 1792 4649 1920 4687; x_wconf 83' lang='lat' dir='ltr'>neve</span> <span class='ocrx_word' id='word_1_435' title='bbox 1965 4624 2176 4689; x_wconf 78' lang='lat' dir='ltr'>moleste</span> 
     </span>
    </p>
   </div>
   <div class='ocr_carea' id='block_1_64' title="bbox 652 4697 2175 4774">
    <p class='ocr_par' dir='ltr' id='par_1_64' title="bbox 652 4697 2175 4774">
     <span class='ocr_line' id='line_1_64' title="bbox 652 4697 2175 4774; baseline 0.009 -27"><span class='ocrx_word' id='word_1_436' title='bbox 652 4698 805 4774; x_wconf 73' lang='lat' dir='ltr'>ferat</span> <span class='ocrx_word' id='word_1_437' title='bbox 869 4697 1035 4774; x_wconf 10' lang='lat' dir='ltr'>quod‘r</span> <span class='ocrx_word' id='word_1_438' title='bbox 1079 4698 1365 4774; x_wconf 75' lang='lat' dir='ltr'>quemdam</span> <span class='ocrx_word' id='word_1_439' title='bbox 1426 4703 1884 4774; x_wconf 75' lang='lat' dir='ltr'>archiepiscopum</span> <span class='ocrx_word' id='word_1_440' title='bbox 1957 4705 2175 4760; x_wconf 80' lang='lat' dir='ltr'>barbam</span> 
     </span>
    </p>
   </div>
   <div class='ocr_carea' id='block_1_65' title="bbox 653 4767 2173 4846">
    <p class='ocr_par' dir='ltr' id='par_1_65' title="bbox 653 4767 2173 4846">
     <span class='ocr_line' id='line_1_65' title="bbox 653 4767 2173 4846; baseline 0.009 -28"><span class='ocrx_word' id='word_1_441' title='bbox 653 4767 846 4845; x_wconf 79' lang='lat' dir='ltr'>radere</span> <span class='ocrx_word' id='word_1_442' title='bbox 874 4769 1038 4846; x_wconf 65' lang='lat' dir='ltr'>coegit</span> <span class='ocrx_word' id='word_1_443' title='bbox 1053 4787 1068 4832; x_wconf 91' lang='lat'><strong>;</strong></span> <span class='ocrx_word' id='word_1_444' title='bbox 1099 4769 1191 4821; x_wconf 89' lang='lat' dir='ltr'>sed</span> <span class='ocrx_word' id='word_1_445' title='bbox 1218 4771 1390 4837; x_wconf 85' lang='lat' dir='ltr'>ipsum</span> <span class='ocrx_word' id='word_1_446' title='bbox 1412 4776 1472 4824; x_wconf 89' lang='lat' dir='ltr'>ut</span> <span class='ocrx_word' id='word_1_447' title='bbox 1487 4767 2081 4846; x_wconf 50' lang='lat' dir='ltr'>pastoremsusczpiens.</span> <span class='ocrx_word' id='word_1_448' title='bbox 2107 4779 2173 4832; x_wconf 88' lang='lat' dir='ltr'>de</span> 
     </span>
    </p>
   </div>
   <div class='ocr_carea' id='block_1_66' title="bbox 653 4836 2173 4910">
    <p class='ocr_par' dir='ltr' id='par_1_66' title="bbox 653 4836 2173 4910">
     <span class='ocr_line' id='line_1_66' title="bbox 653 4836 2173 4910; baseline 0.01 -22"><span class='ocrx_word' id='word_1_449' title='bbox 653 4837 768 4910; x_wconf 82' lang='lat' dir='ltr'>ejus</span> <span class='ocrx_word' id='word_1_450' title='bbox 801 4836 1020 4891; x_wconf 84' lang='lat' dir='ltr'>consilio</span> <span class='ocrx_word' id='word_1_451' title='bbox 1048 4836 1252 4892; x_wconf 71' lang='lat' dir='ltr'>omnem.</span> <span class='ocrx_word' id='word_1_452' title='bbox 1275 4836 1554 4910; x_wconf 69' lang='lat' dir='ltr'>potestatis</span> <span class='ocrx_word' id='word_1_453' title='bbox 1582 4861 1692 4898; x_wconf 71' lang='lat' dir='ltr'>sure</span> <span class='ocrx_word' id='word_1_454' title='bbox 1715 4836 1930 4901; x_wconf 40' lang='lat' dir='ltr'>clerum.</span> <span class='ocrx_word' id='word_1_455' title='bbox 1954 4849 2173 4903; x_wconf 85' lang='lat' dir='ltr'>barbam</span> 
     </span>
    </p>
   </div>
   <div class='ocr_carea' id='block_1_67' title="bbox 654 4909 2173 4978">
    <p class='ocr_par' dir='ltr' id='par_1_67' title="bbox 654 4909 2173 4978">
     <span class='ocr_line' id='line_1_67' title="bbox 654 4909 2173 4978; baseline 0.01 -18"><span class='ocrx_word' id='word_1_456' title='bbox 654 4909 848 4962; x_wconf 83' lang='lat' dir='ltr'>radere</span> <span class='ocrx_word' id='word_1_457' title='bbox 876 4911 1175 4978; x_wconf 81' lang='lat' dir='ltr'>compellat.</span> <span class='ocrx_word' id='word_1_458' title='bbox 1216 4909 1284 4966; x_wconf 88' lang='lat' dir='ltr'>Se</span> <span class='ocrx_word' id='word_1_459' title='bbox 1324 4914 1497 4967; x_wconf 84' lang='lat' dir='ltr'>noluit</span> <span class='ocrx_word' id='word_1_460' title='bbox 1529 4917 1609 4968; x_wconf 89' lang='lat' dir='ltr'>ait</span> <span class='ocrx_word' id='word_1_461' title='bbox 1644 4932 1917 4972; x_wconf 87' lang='lat' dir='ltr'>assensum</span> <span class='ocrx_word' id='word_1_462' title='bbox 1942 4921 2011 4973; x_wconf 86' lang='lat' dir='ltr'>iis</span> <span class='ocrx_word' id='word_1_463' title='bbox 2040 4921 2173 4975; x_wconf 88' lang='lat' dir='ltr'>dare</span> 
     </span>
    </p>
   </div>
   <div class='ocr_carea' id='block_1_68' title="bbox 547 4980 2175 5052">
    <p class='ocr_par' dir='ltr' id='par_1_68' title="bbox 547 4980 2175 5052">
     <span class='ocr_line' id='line_1_68' title="bbox 547 4980 2175 5052; baseline 0.01 -22"><span class='ocrx_word' id='word_1_464' title='bbox 547 5007 554 5009; x_wconf 53' lang='grc'>&gt;</span> <span class='ocrx_word' id='word_1_465' title='bbox 653 4980 761 5052; x_wconf 84' lang='lat' dir='ltr'>qui</span> <span class='ocrx_word' id='word_1_466' title='bbox 790 4984 991 5033; x_wconf 86' lang='lat' dir='ltr'>terram</span> <span class='ocrx_word' id='word_1_467' title='bbox 1015 4983 1186 5049; x_wconf 87' lang='lat' dir='ltr'>ipsius</span> <span class='ocrx_word' id='word_1_468' title='bbox 1203 4983 1496 5037; x_wconf 77' lang='lat' dir='ltr'>invadendi</span> <span class='ocrx_word' id='word_1_469' title='bbox 1511 4988 1830 5052; x_wconf 77' lang='lat' dir='ltr'>facultatem</span> <span class='ocrx_word' id='word_1_470' title='bbox 1842 4990 1946 5044; x_wconf 88' lang='lat' dir='ltr'>sibi</span> <span class='ocrx_word' id='word_1_471' title='bbox 1961 4992 2175 5045; x_wconf 85' lang='lat' dir='ltr'>concedi</span> 
     </span>
    </p>
   </div>
   <div class='ocr_carea' id='block_1_69' title="bbox 651 5051 2170 5129">
    <p class='ocr_par' dir='ltr' id='par_1_69' title="bbox 651 5051 2170 5129">
     <span class='ocr_line' id='line_1_69' title="bbox 651 5051 2170 5129; baseline 0.009 -25"><span class='ocrx_word' id='word_1_472' title='bbox 651 5051 938 5129; x_wconf 67' lang='lat' dir='ltr'>petierunt,</span> <span class='ocrx_word' id='word_1_473' title='bbox 961 5066 1128 5129; x_wconf 77' lang='lat' dir='ltr'>neque</span> <span class='ocrx_word' id='word_1_474' title='bbox 1141 5053 1215 5105; x_wconf 90' lang='lat' dir='ltr'>da</span> <span class='ocrx_word' id='word_1_475' title='bbox 1226 5058 1424 5115; x_wconf 69' lang='lat' dir='ltr'>tum-in,</span> <span class='ocrx_word' id='word_1_476' title='bbox 1440 5059 1490 5108; x_wconf 89' lang='lat' dir='ltr'>si</span> <span class='ocrx_word' id='word_1_477' title='bbox 1501 5051 1658 5125; x_wconf 86' lang='lat' dir='ltr'>ﬁdem</span> <span class='ocrx_word' id='word_1_478' title='bbox 1677 5075 1890 5115; x_wconf 82' lang='lat' dir='ltr'>servare</span> <span class='ocrx_word' id='word_1_479' title='bbox 1903 5063 2135 5116; x_wconf 76' lang='lat' dir='ltr'>voluerit</span> <span class='ocrx_word' id='word_1_480' title='bbox 2153 5082 2170 5129; x_wconf 89' lang='lat'><strong><em>;</em></strong></span> 
     </span>
    </p>
   </div>
   <div class='ocr_carea' id='block_1_70' title="bbox 649 5123 2167 5199">
    <p class='ocr_par' dir='ltr' id='par_1_70' title="bbox 649 5123 2167 5199">
     <span class='ocr_line' id='line_1_70' title="bbox 649 5123 2167 5199; baseline 0.009 -25"><span class='ocrx_word' id='word_1_481' title='bbox 649 5123 772 5179; x_wconf 87' lang='lat' dir='ltr'>imo,</span> <span class='ocrx_word' id='word_1_482' title='bbox 818 5123 868 5174; x_wconf 88' lang='lat' dir='ltr'>si</span> <span class='ocrx_word' id='word_1_483' title='bbox 894 5125 1017 5199; x_wconf 75' lang='lat' dir='ltr'>quis</span> <span class='ocrx_word' id='word_1_484' title='bbox 1049 5123 1126 5199; x_wconf 83' lang='lat' dir='ltr'>_id_</span> <span class='ocrx_word' id='word_1_485' title='bbox 1146 5123 1513 5199; x_wconf 81' lang='lat' dir='ltr'>attentaverit,</span> <span class='ocrx_word' id='word_1_486' title='bbox 1554 5145 1586 5181; x_wconf 88' lang='lat' dir='ltr'>a</span> <span class='ocrx_word' id='word_1_487' title='bbox 1624 5145 1679 5184; x_wconf 88' lang='lat' dir='ltr'>se</span> <span class='ocrx_word' id='word_1_488' title='bbox 1713 5133 2042 5199; x_wconf 78' lang='lat' dir='ltr'>prohibitum</span> <span class='ocrx_word' id='word_1_489' title='bbox 2073 5123 2167 5198; x_wconf 78' lang='lat' dir='ltr'>iri,</span> 
     </span>
    </p>
   </div>
   <div class='ocr_carea' id='block_1_71' title="bbox 651 5193 2171 5273">
    <p class='ocr_par' dir='ltr' id='par_1_71' title="bbox 651 5193 2171 5273">
     <span class='ocr_line' id='line_1_71' title="bbox 651 5193 2171 5273; baseline 0.011 -29"><span class='ocrx_word' id='word_1_490' title='bbox 651 5208 874 5261; x_wconf 86' lang='lat' dir='ltr'>eumque</span> <span class='ocrx_word' id='word_1_491' title='bbox 913 5193 1243 5273; x_wconf 44' lang='lat' dir='ltr'>beati‘Petii</span> <span class='ocrx_word' id='word_1_492' title='bbox 1267 5198 1559 5268; x_wconf 64' lang='lat' dir='ltr'>auxilium,</span> <span class='ocrx_word' id='word_1_493' title='bbox 1590 5203 1642 5255; x_wconf 84' lang='lat' dir='ltr'>si</span> <span class='ocrx_word' id='word_1_494' title='bbox 1676 5193 1734 5255; x_wconf 77' lang='lat' dir='ltr'>in</span> <span class='ocrx_word' id='word_1_495' title='bbox 1763 5205 1878 5273; x_wconf 87' lang='lat' dir='ltr'>ejus</span> <span class='ocrx_word' id='word_1_496' title='bbox 1908 5193 2171 5272; x_wconf 78' lang='lat' dir='ltr'>ﬁdelitate</span> 
     </span>
    </p>
   </div>
   <div class='ocr_carea' id='block_1_72' title="bbox 644 5265 1395 5332">
    <p class='ocr_par' dir='ltr' id='par_1_72' title="bbox 644 5265 1395 5332">
     <span class='ocr_line' id='line_1_72' title="bbox 644 5265 1395 5332; baseline 0.008 -16"><span class='ocrx_word' id='word_1_497' title='bbox 644 5267 1027 5332; x_wconf 84' lang='lat' dir='ltr'>permanserit,</span> <span class='ocrx_word' id='word_1_498' title='bbox 1059 5265 1395 5322; x_wconf 88' lang='lat' dir='ltr'>habiturum.</span> 
     </span>
    </p>
   </div>
   <div class='ocr_carea' id='block_1_73' title="bbox 650 5357 2168 5441">
    <p class='ocr_par' dir='ltr' id='par_1_73' title="bbox 650 5357 2168 5441">
     <span class='ocr_line' id='line_1_73' title="bbox 650 5357 2168 5441; baseline 0.01 -30"><span class='ocrx_word' id='word_1_499' title='bbox 650 5357 1014 5430; x_wconf 75' lang='lat' dir='ltr'>Gnaoonws</span> <span class='ocrx_word' id='word_1_500' title='bbox 1041 5359 1353 5430; x_wconf 92' lang='lat' dir='ltr'>episcopus,</span> <span class='ocrx_word' id='word_1_501' title='bbox 1385 5377 1574 5420; x_wconf 87' lang='lat' dir='ltr'>servus</span> <span class='ocrx_word' id='word_1_502' title='bbox 1598 5381 1884 5424; x_wconf 82' lang='lat' dir='ltr'>servorum</span> <span class='ocrx_word' id='word_1_503' title='bbox 1911 5369 2032 5436; x_wconf 89' lang='lat' dir='ltr'>Dei,</span> <span class='ocrx_word' id='word_1_504' title='bbox 2051 5371 2168 5441; x_wconf 86' lang='lat' dir='ltr'>glo-</span> 
     </span>
    </p>
   </div>
   <div class='ocr_carea' id='block_1_74' title="bbox 577 5443 2170 5527">
    <p class='ocr_par' dir='ltr' id='par_1_74' title="bbox 577 5443 2170 5527">
     <span class='ocr_line' id='line_1_74' title="bbox 577 5443 2170 5527; baseline 0.013 -30"><span class='ocrx_word' id='word_1_505' title='bbox 577 5443 724 5501; x_wconf 90' lang='lat' dir='ltr'>rioso</span> <span class='ocrx_word' id='word_1_506' title='bbox 741 5447 910 5516; x_wconf 88' lang='lat' dir='ltr'>judici</span> <span class='ocrx_word' id='word_1_507' title='bbox 932 5447 1240 5504; x_wconf 88' lang='lat' dir='ltr'>Calaritano</span> <span class='ocrx_word' id='word_1_508' title='bbox 1262 5452 1542 5510; x_wconf 77' lang='lat' dir='ltr'>Onzocco</span> <span class='ocrx_word' id='word_1_509' title='bbox 1572 5454 1732 5527; x_wconf 84' lang='lat' dir='ltr'>[forte</span> <span class='ocrx_word' id='word_1_510' title='bbox 1748 5461 1923 5513; x_wconf 85' lang='lat' dir='ltr'>verius</span> <span class='ocrx_word' id='word_1_511' title='bbox 1944 5461 2170 5517; x_wconf 80' lang='lat' dir='ltr'>Onzoc-</span> 
     </span>
    </p>
   </div>
   <div class='ocr_carea' id='block_1_75' title="bbox 579 5535 2164 5620">
    <p class='ocr_par' dir='ltr' id='par_1_75' title="bbox 579 5535 2164 5620">
     <span class='ocr_line' id='line_1_75' title="bbox 579 5535 2164 5620; baseline 0.011 -31"><span class='ocrx_word' id='word_1_512' title='bbox 579 5549 717 5599; x_wconf 78' lang='lat' dir='ltr'>con,</span> <span class='ocrx_word' id='word_1_513' title='bbox 742 5540 802 5589; x_wconf 88' lang='lat' dir='ltr'>ut</span> <span class='ocrx_word' id='word_1_514' title='bbox 828 5535 920 5590; x_wconf 90' lang='lat' dir='ltr'>lib.</span> <span class='ocrx_word' id='word_1_515' title='bbox 952 5551 999 5604; x_wconf 78' lang='grc' dir='ltr'>ι,</span> <span class='ocrx_word' id='word_1_516' title='bbox 1025 5545 1217 5606; x_wconf 85' lang='lat' dir='ltr'>ep.41.</span> <span class='ocrx_word' id='word_1_517' title='bbox 1242 5541 1468 5610; x_wconf 54' lang='lat' dir='ltr'>Hann]</span> <span class='ocrx_word' id='word_1_518' title='bbox 1487 5544 1718 5601; x_wconf 90' lang='lat' dir='ltr'>salutem</span> <span class='ocrx_word' id='word_1_519' title='bbox 1740 5550 2164 5620; x_wconf 90' lang='lat' dir='ltr'>etapostolicam</span> 
     </span>
    </p>
   </div>
   <div class='ocr_carea' id='block_1_76' title="bbox 577 5624 1037 5681">
    <p class='ocr_par' dir='ltr' id='par_1_76' title="bbox 577 5624 1037 5681">
     <span class='ocr_line' id='line_1_76' title="bbox 577 5624 1037 5681; baseline 0 0"><span class='ocrx_word' id='word_1_520' title='bbox 577 5624 1037 5681; x_wconf 86' lang='lat' dir='ltr'>benedictionem.</span> 
     </span>
    </p>
   </div>
   <div class='ocr_carea' id='block_1_77' title="bbox 649 5713 2166 5800">
    <p class='ocr_par' dir='ltr' id='par_1_77' title="bbox 649 5713 2166 5800">
     <span class='ocr_line' id='line_1_77' title="bbox 649 5713 2166 5800; baseline 0.012 -30"><span class='ocrx_word' id='word_1_521' title='bbox 649 5713 876 5770; x_wconf 84' lang='lat' dir='ltr'>Gratias</span> <span class='ocrx_word' id='word_1_522' title='bbox 901 5716 1264 5788; x_wconf 89' lang='lat' dir='ltr'>omnipotenti</span> <span class='ocrx_word' id='word_1_523' title='bbox 1305 5722 1422 5787; x_wconf 89' lang='lat' dir='ltr'>Deo</span> <span class='ocrx_word' id='word_1_524' title='bbox 1450 5721 1743 5783; x_wconf 64' lang='lat' dir='ltr'>referimus</span> <span class='ocrx_word' id='word_1_525' title='bbox 1766 5728 1918 5800; x_wconf 92' lang='lat' dir='ltr'>quod</span> <span class='ocrx_word' id='word_1_526' title='bbox 1945 5738 2039 5786; x_wconf 91' lang='lat' dir='ltr'>tua</span> <span class='ocrx_word' id='word_1_527' title='bbox 2069 5748 2166 5787; x_wconf 82' lang='lat' dir='ltr'>su-</span> 
     </span>
    </p>
   </div>
   <div class='ocr_carea' id='block_1_78' title="bbox 576 5800 2162 5887">
    <p class='ocr_par' dir='ltr' id='par_1_78' title="bbox 576 5800 2162 5887">
     <span class='ocr_line' id='line_1_78' title="bbox 576 5800 2162 5887; baseline 0.012 -29"><span class='ocrx_word' id='word_1_528' title='bbox 576 5800 844 5875; x_wconf 89' lang='lat' dir='ltr'>blimitas,</span> <span class='ocrx_word' id='word_1_529' title='bbox 900 5803 1124 5865; x_wconf 89' lang='lat' dir='ltr'>beatum</span> <span class='ocrx_word' id='word_1_530' title='bbox 1167 5814 1393 5871; x_wconf 87' lang='lat' dir='ltr'>Petrum</span> <span class='ocrx_word' id='word_1_531' title='bbox 1438 5831 1852 5887; x_wconf 85' lang='lat' dir='ltr'>recognoscens,</span> <span class='ocrx_word' id='word_1_532' title='bbox 1915 5818 2162 5878; x_wconf 84' lang='lat' dir='ltr'>debitum</span> 
     </span>
    </p>
   </div>
   <div class='ocr_carea' id='block_1_79' title="bbox 2297 1879 3811 1954">
    <p class='ocr_par' dir='ltr' id='par_1_79' title="bbox 2297 1879 3811 1954">
     <span class='ocr_line' id='line_1_79' title="bbox 2297 1879 3811 1954; baseline -0.003 -19"><span class='ocrx_word' id='word_1_533' title='bbox 2297 1889 2598 1953; x_wconf 88' lang='lat' dir='ltr'>vestraque</span> <span class='ocrx_word' id='word_1_534' title='bbox 2631 1882 2940 1952; x_wconf 89' lang='lat' dir='ltr'>specialiter</span> <span class='ocrx_word' id='word_1_535' title='bbox 2967 1882 3192 1939; x_wconf 87' lang='lat' dir='ltr'>obedire</span> <span class='ocrx_word' id='word_1_536' title='bbox 3234 1882 3526 1954; x_wconf 88' lang='lat' dir='ltr'>coegimus,</span> <span class='ocrx_word' id='word_1_537' title='bbox 3549 1879 3723 1935; x_wconf 89' lang='lat' dir='ltr'>scilicet</span> <span class='ocrx_word' id='word_1_538' title='bbox 3749 1882 3811 1942; x_wconf 87' lang='lat' dir='ltr'>ut,</span> 
     </span>
    </p>
   </div>
   <div class='ocr_carea' id='block_1_80' title="bbox 2295 1971 3811 2045">
    <p class='ocr_par' dir='ltr' id='par_1_80' title="bbox 2295 1971 3811 2045">
     <span class='ocr_line' id='line_1_80' title="bbox 2295 1971 3811 2045; baseline -0.003 -17"><span class='ocrx_word' id='word_1_539' title='bbox 2295 1973 2765 2045; x_wconf 90' lang='lat' dir='ltr'>quemadmodum</span> <span class='ocrx_word' id='word_1_540' title='bbox 2807 1976 2978 2032; x_wconf 91' lang='lat' dir='ltr'>totius</span> <span class='ocrx_word' id='word_1_541' title='bbox 3005 1976 3359 2032; x_wconf 87' lang='lat' dir='ltr'>occidentalis</span> <span class='ocrx_word' id='word_1_542' title='bbox 3387 1973 3625 2031; x_wconf 83' lang='lat' dir='ltr'>Ecclesia</span> <span class='ocrx_word' id='word_1_543' title='bbox 3655 1971 3811 2036; x_wconf 85' lang='lat' dir='ltr'>clems,</span> 
     </span>
    </p>
   </div>
   <div class='ocr_carea' id='block_1_81' title="bbox 2291 2059 3813 2141">
    <p class='ocr_par' dir='ltr' id='par_1_81' title="bbox 2291 2059 3813 2141">
     <span class='ocr_line' id='line_1_81' title="bbox 2291 2059 3813 2141; baseline -0.004 -19"><span class='ocrx_word' id='word_1_544' title='bbox 2291 2066 2360 2122; x_wconf 91' lang='lat' dir='ltr'>ab</span> <span class='ocrx_word' id='word_1_545' title='bbox 2379 2067 2510 2138; x_wconf 87' lang='lat' dir='ltr'>ipsis</span> <span class='ocrx_word' id='word_1_546' title='bbox 2538 2068 2666 2124; x_wconf 86' lang='lat' dir='ltr'>ﬁdei</span> <span class='ocrx_word' id='word_1_547' title='bbox 2690 2068 3018 2126; x_wconf 86' lang='lat' dir='ltr'>Christiana</span> <span class='ocrx_word' id='word_1_548' title='bbox 3045 2069 3382 2141; x_wconf 89' lang='lat' dir='ltr'>primordiis,</span> <span class='ocrx_word' id='word_1_549' title='bbox 3407 2066 3616 2124; x_wconf 86' lang='lat' dir='ltr'>barbam</span> <span class='ocrx_word' id='word_1_550' title='bbox 3641 2059 3813 2120; x_wconf 85' lang='lat' dir='ltr'>radendi</span> 
     </span>
    </p>
   </div>
   <div class='ocr_carea' id='block_1_82' title="bbox 2293 2152 3815 2234">
    <p class='ocr_par' dir='ltr' id='par_1_82' title="bbox 2293 2152 3815 2234">
     <span class='ocr_line' id='line_1_82' title="bbox 2293 2152 3815 2234; baseline -0.003 -20"><span class='ocrx_word' id='word_1_551' title='bbox 2293 2175 2508 2215; x_wconf 90' lang='lat' dir='ltr'>morem</span> <span class='ocrx_word' id='word_1_552' title='bbox 2533 2161 2727 2229; x_wconf 89' lang='lat' dir='ltr'>tenuit,</span> <span class='ocrx_word' id='word_1_553' title='bbox 2751 2161 2826 2216; x_wconf 92' lang='lat' dir='ltr'>ita</span> <span class='ocrx_word' id='word_1_554' title='bbox 2861 2169 2916 2217; x_wconf 90' lang='lat' dir='ltr'>et</span> <span class='ocrx_word' id='word_1_555' title='bbox 2944 2162 3058 2234; x_wconf 90' lang='lat' dir='ltr'>ipse</span> <span class='ocrx_word' id='word_1_556' title='bbox 3097 2161 3270 2219; x_wconf 86' lang='lat' dir='ltr'>frater</span> <span class='ocrx_word' id='word_1_557' title='bbox 3304 2167 3666 2230; x_wconf 87' lang='lat' dir='ltr'>noster_vester</span> <span class='ocrx_word' id='word_1_558' title='bbox 3686 2152 3815 2211; x_wconf 85' lang='lat' dir='ltr'>archi-</span> 
     </span>
    </p>
   </div>
   <div class='ocr_carea' id='block_1_83' title="bbox 2295 2255 3815 2327">
    <p class='ocr_par' dir='ltr' id='par_1_83' title="bbox 2295 2255 3815 2327">
     <span class='ocr_line' id='line_1_83' title="bbox 2295 2255 3815 2327; baseline -0.005 -18"><span class='ocrx_word' id='word_1_559' title='bbox 2295 2255 2583 2326; x_wconf 91' lang='lat' dir='ltr'>episcopus</span> <span class='ocrx_word' id='word_1_560' title='bbox 2602 2255 2833 2312; x_wconf 85' lang='lat' dir='ltr'>raderet.</span> <span class='ocrx_word' id='word_1_561' title='bbox 2853 2257 3020 2314; x_wconf 91' lang='lat' dir='ltr'>Unde</span> <span class='ocrx_word' id='word_1_562' title='bbox 3038 2257 3355 2313; x_wconf 90' lang='lat' dir='ltr'>eminentia</span> <span class='ocrx_word' id='word_1_563' title='bbox 3382 2269 3583 2327; x_wconf 90' lang='lat' dir='ltr'>quoque</span> <span class='ocrx_word' id='word_1_564' title='bbox 3599 2259 3692 2306; x_wconf 83' lang='lat' dir='ltr'>tua</span> <span class='ocrx_word' id='word_1_565' title='bbox 3715 2261 3815 2320; x_wconf 74' lang='lat' dir='ltr'>pra:-</span> 
     </span>
    </p>
   </div>
   <div class='ocr_carea' id='block_1_84' title="bbox 2292 2345 3815 2420">
    <p class='ocr_par' dir='ltr' id='par_1_84' title="bbox 2292 2345 3815 2420">
     <span class='ocr_line' id='line_1_84' title="bbox 2292 2345 3815 2420; baseline -0.003 -18"><span class='ocrx_word' id='word_1_566' title='bbox 2292 2347 2525 2418; x_wconf 90' lang='lat' dir='ltr'>cipimus</span> <span class='ocrx_word' id='word_1_567' title='bbox 2553 2356 2616 2402; x_wconf 89' lang='lat' dir='ltr'>ut</span> <span class='ocrx_word' id='word_1_568' title='bbox 2644 2348 2848 2418; x_wconf 90' lang='lat' dir='ltr'>ipsum,</span> <span class='ocrx_word' id='word_1_569' title='bbox 2875 2365 2974 2405; x_wconf 91' lang='lat' dir='ltr'>ceu</span> <span class='ocrx_word' id='word_1_570' title='bbox 3019 2357 3308 2420; x_wconf 90' lang='lat' dir='ltr'>pastorem</span> <span class='ocrx_word' id='word_1_571' title='bbox 3337 2357 3392 2405; x_wconf 88' lang='lat' dir='ltr'>et</span> <span class='ocrx_word' id='word_1_572' title='bbox 3431 2345 3725 2419; x_wconf 87' lang='lat' dir='ltr'>spiritualem</span> <span class='ocrx_word' id='word_1_573' title='bbox 3743 2355 3815 2410; x_wconf 89' lang='lat' dir='ltr'>pa-</span> 
     </span>
    </p>
   </div>
   <div class='ocr_carea' id='block_1_85' title="bbox 2291 2433 3817 2512">
    <p class='ocr_par' dir='ltr' id='par_1_85' title="bbox 2291 2433 3817 2512">
     <span class='ocr_line' id='line_1_85' title="bbox 2291 2433 3817 2512; baseline -0.005 -17"><span class='ocrx_word' id='word_1_574' title='bbox 2291 2448 2454 2509; x_wconf 87' lang='lat' dir='ltr'>trem,</span> <span class='ocrx_word' id='word_1_575' title='bbox 2498 2443 2798 2512; x_wconf 89' lang='lat' dir='ltr'>suscipiens</span> <span class='ocrx_word' id='word_1_576' title='bbox 2845 2451 2907 2498; x_wconf 91' lang='lat' dir='ltr'>et</span> <span class='ocrx_word' id='word_1_577' title='bbox 2942 2444 3278 2512; x_wconf 90' lang='lat' dir='ltr'>auscultans,</span> <span class='ocrx_word' id='word_1_578' title='bbox 3322 2459 3447 2499; x_wconf 91' lang='lat' dir='ltr'>cum</span> <span class='ocrx_word' id='word_1_579' title='bbox 3487 2439 3693 2496; x_wconf 89' lang='lat' dir='ltr'>consilio</span> <span class='ocrx_word' id='word_1_580' title='bbox 3730 2433 3817 2506; x_wconf 84' lang='lat' dir='ltr'>ejus</span> 
     </span>
    </p>
   </div>
   <div class='ocr_carea' id='block_1_86' title="bbox 2291 2528 3813 2608">
    <p class='ocr_par' dir='ltr' id='par_1_86' title="bbox 2291 2528 3813 2608">
     <span class='ocr_line' id='line_1_86' title="bbox 2291 2528 3813 2608; baseline -0.005 -19"><span class='ocrx_word' id='word_1_581' title='bbox 2291 2551 2514 2591; x_wconf 91' lang='lat' dir='ltr'>omnem</span> <span class='ocrx_word' id='word_1_582' title='bbox 2544 2544 2652 2593; x_wconf 88' lang='lat' dir='ltr'>tua</span> <span class='ocrx_word' id='word_1_583' title='bbox 2686 2537 2970 2608; x_wconf 90' lang='lat' dir='ltr'>potestatis</span> <span class='ocrx_word' id='word_1_584' title='bbox 3007 2537 3222 2594; x_wconf 91' lang='lat' dir='ltr'>clerum</span> <span class='ocrx_word' id='word_1_585' title='bbox 3257 2538 3450 2594; x_wconf 90' lang='lat' dir='ltr'>barbas</span> <span class='ocrx_word' id='word_1_586' title='bbox 3493 2533 3664 2590; x_wconf 87' lang='lat' dir='ltr'>radere</span> <span class='ocrx_word' id='word_1_587' title='bbox 3688 2528 3813 2585; x_wconf 81' lang='lat' dir='ltr'>facias</span> 
     </span>
    </p>
   </div>
   <div class='ocr_carea' id='block_1_87' title="bbox 2291 2626 3815 2705">
    <p class='ocr_par' dir='ltr' id='par_1_87' title="bbox 2291 2626 3815 2705">
     <span class='ocr_line' id='line_1_87' title="bbox 2291 2626 3815 2705; baseline -0.006 -19"><span class='ocrx_word' id='word_1_588' title='bbox 2291 2638 2453 2702; x_wconf 89' lang='lat' dir='ltr'>atque</span> <span class='ocrx_word' id='word_1_589' title='bbox 2491 2632 2818 2703; x_wconf 85' lang='lat' dir='ltr'>compellas;</span> <span class='ocrx_word' id='word_1_590' title='bbox 2863 2649 2948 2689; x_wconf 90' lang='lat' dir='ltr'>res</span> <span class='ocrx_word' id='word_1_591' title='bbox 2977 2649 3196 2705; x_wconf 90' lang='lat' dir='ltr'>quoque</span> <span class='ocrx_word' id='word_1_592' title='bbox 3238 2633 3464 2689; x_wconf 91' lang='lat' dir='ltr'>omnino</span> <span class='ocrx_word' id='word_1_593' title='bbox 3509 2626 3815 2688; x_wconf 86' lang='lat' dir='ltr'>renuentium,</span> 
     </span>
    </p>
   </div>
   <div class='ocr_carea' id='block_1_88' title="bbox 2289 2716 3814 2799">
    <p class='ocr_par' dir='ltr' id='par_1_88' title="bbox 2289 2716 3814 2799">
     <span class='ocr_line' id='line_1_88' title="bbox 2289 2716 3814 2799; baseline -0.005 -21"><span class='ocrx_word' id='word_1_594' title='bbox 2289 2725 2394 2781; x_wconf 90' lang='lat' dir='ltr'>nisi</span> <span class='ocrx_word' id='word_1_595' title='bbox 2417 2726 2642 2782; x_wconf 90' lang='lat' dir='ltr'>demum</span> <span class='ocrx_word' id='word_1_596' title='bbox 2665 2727 3060 2796; x_wconf 90' lang='lat' dir='ltr'>consenserint,</span> <span class='ocrx_word' id='word_1_597' title='bbox 3100 2727 3368 2799; x_wconf 89' lang='lat' dir='ltr'>publices,</span> <span class='ocrx_word' id='word_1_598' title='bbox 3405 2725 3459 2782; x_wconf 92' lang='lat' dir='ltr'>id</span> <span class='ocrx_word' id='word_1_599' title='bbox 3485 2732 3562 2780; x_wconf 93' lang='lat' dir='ltr'>est</span> <span class='ocrx_word' id='word_1_600' title='bbox 3578 2719 3674 2793; x_wconf 87' lang='lat' dir='ltr'>juri</span> <span class='ocrx_word' id='word_1_601' title='bbox 3695 2716 3814 2773; x_wconf 84' lang='lat' dir='ltr'>Cala-</span> 
     </span>
    </p>
   </div>
   <div class='ocr_carea' id='block_1_89' title="bbox 2291 2813 3814 2887">
    <p class='ocr_par' dir='ltr' id='par_1_89' title="bbox 2291 2813 3814 2887">
     <span class='ocr_line' id='line_1_89' title="bbox 2291 2813 3814 2887; baseline -0.007 -11"><span class='ocrx_word' id='word_1_602' title='bbox 2291 2822 2485 2878; x_wconf 82' lang='lat' dir='ltr'>ritana</span> <span class='ocrx_word' id='word_1_603' title='bbox 2522 2822 2782 2878; x_wconf 88' lang='lat' dir='ltr'>Ecclesia</span> <span class='ocrx_word' id='word_1_604' title='bbox 2810 2821 3013 2887; x_wconf 88' lang='lat' dir='ltr'>tradas,</span> <span class='ocrx_word' id='word_1_605' title='bbox 3041 2832 3097 2879; x_wconf 89' lang='lat' dir='ltr'>et</span> <span class='ocrx_word' id='word_1_606' title='bbox 3125 2838 3197 2879; x_wconf 88' lang='lat' dir='ltr'>ne</span> <span class='ocrx_word' id='word_1_607' title='bbox 3230 2822 3457 2880; x_wconf 89' lang='lat' dir='ltr'>ulterius</span> <span class='ocrx_word' id='word_1_608' title='bbox 3483 2819 3600 2875; x_wconf 90' lang='lat' dir='ltr'>inde</span> <span class='ocrx_word' id='word_1_609' title='bbox 3619 2831 3669 2872; x_wconf 89' lang='lat' dir='ltr'>se</span> <span class='ocrx_word' id='word_1_610' title='bbox 3688 2813 3814 2869; x_wconf 85' lang='lat' dir='ltr'>intro-</span> 
     </span>
    </p>
   </div>
   <div class='ocr_carea' id='block_1_90' title="bbox 2290 2908 3821 2990">
    <p class='ocr_par' dir='ltr' id='par_1_90' title="bbox 2290 2908 3821 2990">
     <span class='ocr_line' id='line_1_90' title="bbox 2290 2908 3821 2990; baseline -0.007 -23"><span class='ocrx_word' id='word_1_611' title='bbox 2290 2913 2514 2968; x_wconf 90' lang='lat' dir='ltr'>mittant</span> <span class='ocrx_word' id='word_1_612' title='bbox 2556 2915 2918 2990; x_wconf 89' lang='lat' dir='ltr'>constringas,</span> <span class='ocrx_word' id='word_1_613' title='bbox 2966 2931 3072 2970; x_wconf 92' lang='lat' dir='ltr'>nec</span> <span class='ocrx_word' id='word_1_614' title='bbox 3114 2931 3229 2970; x_wconf 92' lang='lat' dir='ltr'>non</span> <span class='ocrx_word' id='word_1_615' title='bbox 3279 2917 3456 2986; x_wconf 90' lang='lat' dir='ltr'>ipsum</span> <span class='ocrx_word' id='word_1_616' title='bbox 3503 2911 3567 2968; x_wconf 92' lang='lat' dir='ltr'>ad</span> <span class='ocrx_word' id='word_1_617' title='bbox 3606 2908 3821 2963; x_wconf 86' lang='lat' dir='ltr'>honorem</span> 
     </span>
    </p>
   </div>
   <div class='ocr_carea' id='block_1_91' title="bbox 2288 2999 3820 3081">
    <p class='ocr_par' dir='ltr' id='par_1_91' title="bbox 2288 2999 3820 3081">
     <span class='ocr_line' id='line_1_91' title="bbox 2288 2999 3820 3081; baseline -0.004 -21"><span class='ocrx_word' id='word_1_618' title='bbox 2288 3003 2657 3063; x_wconf 88' lang='lat' dir='ltr'>Ecclesiarum</span> <span class='ocrx_word' id='word_1_619' title='bbox 2704 3007 3118 3064; x_wconf 78' lang='lat' dir='ltr'>defendendum</span> <span class='ocrx_word' id='word_1_620' title='bbox 3170 2999 3574 3081; x_wconf 84' lang='lat' dir='ltr'>promptissime</span> <span class='ocrx_word' id='word_1_621' title='bbox 3629 2999 3820 3072; x_wconf 82' lang='lat' dir='ltr'>adjuves.</span> 
     </span>
    </p>
   </div>
   <div class='ocr_carea' id='block_1_92' title="bbox 2291 3090 3823 3160">
    <p class='ocr_par' dir='ltr' id='par_1_92' title="bbox 2291 3090 3823 3160">
     <span class='ocr_line' id='line_1_92' title="bbox 2291 3090 3823 3160; baseline -0.001 -6"><span class='ocrx_word' id='word_1_622' title='bbox 2291 3101 2560 3157; x_wconf 72' lang='lat' dir='ltr'>Praeterea</span> <span class='ocrx_word' id='word_1_623' title='bbox 2618 3102 2878 3158; x_wconf 88' lang='lat' dir='ltr'>nolumus</span> <span class='ocrx_word' id='word_1_624' title='bbox 2930 3103 3218 3159; x_wconf 86' lang='lat' dir='ltr'>scientiam</span> <span class='ocrx_word' id='word_1_625' title='bbox 3285 3112 3437 3160; x_wconf 88' lang='lat' dir='ltr'>tuam</span> <span class='ocrx_word' id='word_1_626' title='bbox 3500 3102 3652 3156; x_wconf 88' lang='lat' dir='ltr'>latere</span> <span class='ocrx_word' id='word_1_627' title='bbox 3700 3090 3823 3148; x_wconf 77' lang='lat' dir='ltr'>nobis</span> 
     </span>
    </p>
   </div>
   <div class='ocr_carea' id='block_1_93' title="bbox 2289 3189 3820 3270">
    <p class='ocr_par' dir='ltr' id='par_1_93' title="bbox 2289 3189 3820 3270">
     <span class='ocr_line' id='line_1_93' title="bbox 2289 3189 3820 3270; baseline 0.001 -22"><span class='ocrx_word' id='word_1_628' title='bbox 2289 3201 2491 3249; x_wconf 89' lang='lat' dir='ltr'>terram</span> <span class='ocrx_word' id='word_1_629' title='bbox 2541 3203 2781 3253; x_wconf 86' lang='lat' dir='ltr'>vestram</span> <span class='ocrx_word' id='word_1_630' title='bbox 2805 3212 2836 3252; x_wconf 92' lang='lat' dir='ltr'>a</span> <span class='ocrx_word' id='word_1_631' title='bbox 2905 3199 3092 3255; x_wconf 91' lang='lat' dir='ltr'>multis</span> <span class='ocrx_word' id='word_1_632' title='bbox 3152 3199 3409 3270; x_wconf 85' lang='lat' dir='ltr'>gentibus</span> <span class='ocrx_word' id='word_1_633' title='bbox 3448 3211 3561 3253; x_wconf 88' lang='lat' dir='ltr'>esse</span> <span class='ocrx_word' id='word_1_634' title='bbox 3616 3189 3820 3264; x_wconf 66' lang='lat' dir='ltr'>petitam.</span> 
     </span>
    </p>
   </div>
   <div class='ocr_carea' id='block_1_94' title="bbox 2291 3279 3822 3364">
    <p class='ocr_par' dir='ltr' id='par_1_94' title="bbox 2291 3279 3822 3364">
     <span class='ocr_line' id='line_1_94' title="bbox 2291 3279 3822 3364; baseline 0.001 -21"><span class='ocrx_word' id='word_1_635' title='bbox 2291 3290 2530 3345; x_wconf 80' lang='lat' dir='ltr'>maxima</span> <span class='ocrx_word' id='word_1_636' title='bbox 2588 3293 2827 3356; x_wconf 88' lang='lat' dir='ltr'>servitia,</span> <span class='ocrx_word' id='word_1_637' title='bbox 2888 3294 2936 3349; x_wconf 89' lang='lat' dir='ltr'>si</span> <span class='ocrx_word' id='word_1_638' title='bbox 2991 3309 3115 3350; x_wconf 87' lang='lat' dir='ltr'>eam</span> <span class='ocrx_word' id='word_1_639' title='bbox 3178 3295 3620 3364; x_wconf 89' lang='lat' dir='ltr'>permitteremus</span> <span class='ocrx_word' id='word_1_640' title='bbox 3664 3279 3822 3344; x_wconf 66' lang='lat' dir='ltr'>invadi.</span> 
     </span>
    </p>
   </div>
   <div class='ocr_carea' id='block_1_95' title="bbox 2286 3379 3827 3455">
    <p class='ocr_par' dir='ltr' id='par_1_95' title="bbox 2286 3379 3827 3455">
     <span class='ocr_line' id='line_1_95' title="bbox 2286 3379 3827 3455; baseline -0.006 -17"><span class='ocrx_word' id='word_1_641' title='bbox 2286 3379 2456 3440; x_wconf 90' lang='lat' dir='ltr'>fuisse</span> <span class='ocrx_word' id='word_1_642' title='bbox 2499 3386 2793 3455; x_wconf 88' lang='lat' dir='ltr'>promissa,</span> <span class='ocrx_word' id='word_1_643' title='bbox 2846 3388 2921 3442; x_wconf 90' lang='lat' dir='ltr'>ita</span> <span class='ocrx_word' id='word_1_644' title='bbox 2969 3397 3029 3443; x_wconf 91' lang='lat' dir='ltr'>ut</span> <span class='ocrx_word' id='word_1_645' title='bbox 3091 3388 3451 3445; x_wconf 88' lang='lat' dir='ltr'>medietatem</span> <span class='ocrx_word' id='word_1_646' title='bbox 3502 3385 3657 3442; x_wconf 87' lang='lat' dir='ltr'>totius</span> <span class='ocrx_word' id='word_1_647' title='bbox 3699 3387 3827 3434; x_wconf 71' lang='lat' dir='ltr'>terra</span> 
     </span>
    </p>
   </div>
   <div class='ocr_carea' id='block_1_96' title="bbox 2288 3475 3826 3554">
    <p class='ocr_par' dir='ltr' id='par_1_96' title="bbox 2288 3475 3826 3554">
     <span class='ocr_line' id='line_1_96' title="bbox 2288 3475 3826 3554; baseline 0.001 -22"><span class='ocrx_word' id='word_1_648' title='bbox 2288 3487 2479 3534; x_wconf 91' lang='lat' dir='ltr'>nostro</span> <span class='ocrx_word' id='word_1_649' title='bbox 2521 3480 2644 3535; x_wconf 92' lang='lat' dir='ltr'>usui</span> <span class='ocrx_word' id='word_1_650' title='bbox 2690 3481 2890 3536; x_wconf 88' lang='lat' dir='ltr'>vellent</span> <span class='ocrx_word' id='word_1_651' title='bbox 2949 3482 3259 3554; x_wconf 87' lang='lat' dir='ltr'>relinquere</span> <span class='ocrx_word' id='word_1_652' title='bbox 3297 3492 3606 3554; x_wconf 90' lang='lat' dir='ltr'>partemque</span> <span class='ocrx_word' id='word_1_653' title='bbox 3647 3475 3826 3530; x_wconf 72' lang='lat' dir='ltr'>alteram</span> 
     </span>
    </p>
   </div>
   <div class='ocr_carea' id='block_1_97' title="bbox 2287 3563 3827 3642">
    <p class='ocr_par' dir='ltr' id='par_1_97' title="bbox 2287 3563 3827 3642">
     <span class='ocr_line' id='line_1_97' title="bbox 2287 3563 3827 3642; baseline -0.001 -15"><span class='ocrx_word' id='word_1_654' title='bbox 2287 3571 2356 3628; x_wconf 91' lang='lat' dir='ltr'>ad</span> <span class='ocrx_word' id='word_1_655' title='bbox 2402 3571 2722 3630; x_wconf 87' lang='lat' dir='ltr'>ﬁdelitatem</span> <span class='ocrx_word' id='word_1_656' title='bbox 2767 3583 3010 3630; x_wconf 89' lang='lat' dir='ltr'>nostram</span> <span class='ocrx_word' id='word_1_657' title='bbox 3064 3576 3164 3632; x_wconf 90' lang='lat' dir='ltr'>sibi</span> <span class='ocrx_word' id='word_1_658' title='bbox 3215 3577 3442 3634; x_wconf 90' lang='lat' dir='ltr'>habere.</span> <span class='ocrx_word' id='word_1_659' title='bbox 3483 3576 3703 3642; x_wconf 87' lang='lat' dir='ltr'>Cumque</span> <span class='ocrx_word' id='word_1_660' title='bbox 3747 3563 3827 3620; x_wconf 79' lang='lat' dir='ltr'>hoc</span> 
     </span>
    </p>
   </div>
   <div class='ocr_carea' id='block_1_98' title="bbox 2288 3666 3827 3736">
    <p class='ocr_par' dir='ltr' id='par_1_98' title="bbox 2288 3666 3827 3736">
     <span class='ocr_line' id='line_1_98' title="bbox 2288 3666 3827 3736; baseline -0.001 -15"><span class='ocrx_word' id='word_1_661' title='bbox 2288 3681 2401 3722; x_wconf 91' lang='lat' dir='ltr'>non</span> <span class='ocrx_word' id='word_1_662' title='bbox 2433 3668 2617 3724; x_wconf 89' lang='lat' dir='ltr'>solum</span> <span class='ocrx_word' id='word_1_663' title='bbox 2659 3685 2690 3724; x_wconf 91' lang='lat' dir='ltr'>a</span> <span class='ocrx_word' id='word_1_664' title='bbox 2731 3670 3114 3736; x_wconf 86' lang='lat' dir='ltr'>Nortmannis,</span> <span class='ocrx_word' id='word_1_665' title='bbox 3167 3680 3228 3727; x_wconf 89' lang='lat' dir='ltr'>et</span> <span class='ocrx_word' id='word_1_666' title='bbox 3264 3688 3296 3728; x_wconf 91' lang='lat' dir='ltr'>a</span> <span class='ocrx_word' id='word_1_667' title='bbox 3343 3670 3532 3728; x_wconf 88' lang='lat' dir='ltr'>Tuscis</span> <span class='ocrx_word' id='word_1_668' title='bbox 3565 3683 3623 3722; x_wconf 90' lang='lat' dir='ltr'>ac</span> <span class='ocrx_word' id='word_1_669' title='bbox 3653 3666 3827 3729; x_wconf 79' lang='lat' dir='ltr'>Longo-</span> 
     </span>
    </p>
   </div>
   <div class='ocr_carea' id='block_1_99' title="bbox 2289 3745 3828 3837">
    <p class='ocr_par' dir='ltr' id='par_1_99' title="bbox 2289 3745 3828 3837">
     <span class='ocr_line' id='line_1_99' title="bbox 2289 3745 3828 3837; baseline -0.001 -23"><span class='ocrx_word' id='word_1_670' title='bbox 2289 3759 2490 3828; x_wconf 89' lang='lat' dir='ltr'>bardis,</span> <span class='ocrx_word' id='word_1_671' title='bbox 2516 3745 2615 3818; x_wconf 62' lang='lat' dir='ltr'>573d</span> <span class='ocrx_word' id='word_1_672' title='bbox 2635 3762 2803 3819; x_wconf 88' lang='lat' dir='ltr'>etiam</span> <span class='ocrx_word' id='word_1_673' title='bbox 2825 3780 2856 3820; x_wconf 90' lang='lat' dir='ltr'>a</span> <span class='ocrx_word' id='word_1_674' title='bbox 2885 3760 3662 3837; x_wconf 37' lang='lat' dir='ltr'>qiiibusdaijltramontanis</span> <span class='ocrx_word' id='word_1_675' title='bbox 3677 3752 3828 3813; x_wconf 78' lang='lat' dir='ltr'>crebro</span> 
     </span>
    </p>
   </div>
   <div class='ocr_carea' id='block_1_100' title="bbox 2289 3856 3826 3930">
    <p class='ocr_par' dir='ltr' id='par_1_100' title="bbox 2289 3856 3826 3930">
     <span class='ocr_line' id='line_1_100' title="bbox 2289 3856 3826 3930; baseline -0.003 -19"><span class='ocrx_word' id='word_1_676' title='bbox 2289 3871 2355 3911; x_wconf 85' lang='lat' dir='ltr'>ex</span> <span class='ocrx_word' id='word_1_677' title='bbox 2402 3856 2565 3913; x_wconf 88' lang='lat' dir='ltr'>nobis</span> <span class='ocrx_word' id='word_1_678' title='bbox 2608 3867 2757 3914; x_wconf 89' lang='lat' dir='ltr'>esset</span> <span class='ocrx_word' id='word_1_679' title='bbox 2800 3860 3157 3930; x_wconf 87' lang='lat' dir='ltr'>postulatum,</span> <span class='ocrx_word' id='word_1_680' title='bbox 3213 3861 3429 3917; x_wconf 90' lang='lat' dir='ltr'>nemini</span> <span class='ocrx_word' id='word_1_681' title='bbox 3477 3859 3531 3914; x_wconf 91' lang='lat' dir='ltr'>in</span> <span class='ocrx_word' id='word_1_682' title='bbox 3568 3871 3624 3912; x_wconf 89' lang='lat' dir='ltr'>ea</span> <span class='ocrx_word' id='word_1_683' title='bbox 3667 3865 3718 3908; x_wconf 91' lang='lat' dir='ltr'>re</span> <span class='ocrx_word' id='word_1_684' title='bbox 3746 3862 3826 3901; x_wconf 87' lang='lat' dir='ltr'>un-</span> 
     </span>
    </p>
   </div>
   <div class='ocr_carea' id='block_1_101' title="bbox 2286 3941 3828 4026">
    <p class='ocr_par' dir='ltr' id='par_1_101' title="bbox 2286 3941 3828 4026">
     <span class='ocr_line' id='line_1_101' title="bbox 2286 3941 3828 4026; baseline -0.005 -22"><span class='ocrx_word' id='word_1_685' title='bbox 2286 3965 2454 4022; x_wconf 90' lang='lat' dir='ltr'>quam</span> <span class='ocrx_word' id='word_1_686' title='bbox 2483 3965 2768 4008; x_wconf 89' lang='lat' dir='ltr'>assensum</span> <span class='ocrx_word' id='word_1_687' title='bbox 2793 3951 2928 4009; x_wconf 89' lang='lat' dir='ltr'>dare</span> <span class='ocrx_word' id='word_1_688' title='bbox 2955 3952 3332 4026; x_wconf 88' lang='lat' dir='ltr'>decrevimus,</span> <span class='ocrx_word' id='word_1_689' title='bbox 3380 3955 3554 4012; x_wconf 90' lang='lat' dir='ltr'>donec</span> <span class='ocrx_word' id='word_1_690' title='bbox 3579 3949 3642 4007; x_wconf 91' lang='lat' dir='ltr'>ad</span> <span class='ocrx_word' id='word_1_691' title='bbox 3666 3959 3748 4001; x_wconf 86' lang='lat' dir='ltr'>vos</span> <span class='ocrx_word' id='word_1_692' title='bbox 3769 3941 3828 3996; x_wconf 89' lang='lat' dir='ltr'>le-</span> 
     </span>
    </p>
   </div>
   <div class='ocr_carea' id='block_1_102' title="bbox 2283 4041 3830 4116">
    <p class='ocr_par' dir='ltr' id='par_1_102' title="bbox 2283 4041 3830 4116">
     <span class='ocr_line' id='line_1_102' title="bbox 2283 4041 3830 4116; baseline -0.001 -17"><span class='ocrx_word' id='word_1_693' title='bbox 2283 4052 2472 4116; x_wconf 89' lang='lat' dir='ltr'>gatum</span> <span class='ocrx_word' id='word_1_694' title='bbox 2511 4055 2765 4103; x_wconf 91' lang='lat' dir='ltr'>nostrum</span> <span class='ocrx_word' id='word_1_695' title='bbox 2805 4048 3088 4105; x_wconf 86' lang='lat' dir='ltr'>mittentes</span> <span class='ocrx_word' id='word_1_696' title='bbox 3113 4050 3366 4108; x_wconf 89' lang='lat' dir='ltr'>animum</span> <span class='ocrx_word' id='word_1_697' title='bbox 3406 4058 3640 4107; x_wconf 80' lang='lat' dir='ltr'>vestrum</span> <span class='ocrx_word' id='word_1_698' title='bbox 3677 4041 3830 4109; x_wconf 77' lang='lat' dir='ltr'>depre-</span> 
     </span>
    </p>
   </div>
   <div class='ocr_carea' id='block_1_103' title="bbox 2286 4137 3831 4214">
    <p class='ocr_par' dir='ltr' id='par_1_103' title="bbox 2286 4137 3831 4214">
     <span class='ocr_line' id='line_1_103' title="bbox 2286 4137 3831 4214; baseline 0.001 -22"><span class='ocrx_word' id='word_1_699' title='bbox 2286 4137 2670 4196; x_wconf 87' lang='lat' dir='ltr'>henderemus.</span> <span class='ocrx_word' id='word_1_700' title='bbox 2721 4141 2896 4213; x_wconf 84' lang='lat' dir='ltr'>Igitur</span> <span class='ocrx_word' id='word_1_701' title='bbox 2939 4143 3071 4214; x_wconf 90' lang='lat' dir='ltr'>quia</span> <span class='ocrx_word' id='word_1_702' title='bbox 3112 4143 3463 4202; x_wconf 89' lang='lat' dir='ltr'>devotionem</span> <span class='ocrx_word' id='word_1_703' title='bbox 3509 4143 3656 4199; x_wconf 88' lang='lat' dir='ltr'>beato</span> <span class='ocrx_word' id='word_1_704' title='bbox 3705 4137 3831 4191; x_wconf 69' lang='lat' dir='ltr'>Petro</span> 
     </span>
    </p>
   </div>
   <div class='ocr_carea' id='block_1_104' title="bbox 2291 4226 3834 4307">
    <p class='ocr_par' dir='ltr' id='par_1_104' title="bbox 2291 4226 3834 4307">
     <span class='ocr_line' id='line_1_104' title="bbox 2291 4226 3834 4307; baseline 0.001 -21"><span class='ocrx_word' id='word_1_705' title='bbox 2291 4239 2346 4288; x_wconf 90' lang='lat' dir='ltr'>te</span> <span class='ocrx_word' id='word_1_706' title='bbox 2374 4231 2575 4288; x_wconf 89' lang='lat' dir='ltr'>habere</span> <span class='ocrx_word' id='word_1_707' title='bbox 2615 4233 2671 4288; x_wconf 90' lang='lat' dir='ltr'>in</span> <span class='ocrx_word' id='word_1_708' title='bbox 2713 4235 2890 4307; x_wconf 89' lang='lat' dir='ltr'>legato</span> <span class='ocrx_word' id='word_1_709' title='bbox 2933 4252 3036 4292; x_wconf 89' lang='lat' dir='ltr'>suo</span> <span class='ocrx_word' id='word_1_710' title='bbox 3079 4240 3428 4305; x_wconf 87' lang='lat' dir='ltr'>monstrasti,</span> <span class='ocrx_word' id='word_1_711' title='bbox 3477 4236 3526 4293; x_wconf 90' lang='lat' dir='ltr'>si</span> <span class='ocrx_word' id='word_1_712' title='bbox 3548 4239 3689 4304; x_wconf 43' lang='lat' dir='ltr'>:eam,</span> <span class='ocrx_word' id='word_1_713' title='bbox 3724 4226 3834 4282; x_wconf 71' lang='grc' dir='ltr'>εἰοιιῐ</span> 
     </span>
    </p>
   </div>
   <div class='ocr_carea' id='block_1_105' title="bbox 2292 4314 3829 4403">
    <p class='ocr_par' dir='ltr' id='par_1_105' title="bbox 2292 4314 3829 4403">
     <span class='ocr_line' id='line_1_105' title="bbox 2292 4314 3829 4403; baseline -0.001 -22"><span class='ocrx_word' id='word_1_714' title='bbox 2292 4334 2530 4396; x_wconf 89' lang='lat' dir='ltr'>oportet,</span> <span class='ocrx_word' id='word_1_715' title='bbox 2561 4342 2778 4384; x_wconf 89' lang='lat' dir='ltr'>servare</span> <span class='ocrx_word' id='word_1_716' title='bbox 2821 4331 3076 4396; x_wconf 91' lang='lat' dir='ltr'>volueris,</span> <span class='ocrx_word' id='word_1_717' title='bbox 3113 4347 3224 4387; x_wconf 92' lang='lat' dir='ltr'>non</span> <span class='ocrx_word' id='word_1_718' title='bbox 3253 4333 3442 4389; x_wconf 89' lang='lat' dir='ltr'>solum</span> <span class='ocrx_word' id='word_1_719' title='bbox 3484 4345 3576 4403; x_wconf 90' lang='lat' dir='ltr'>per</span> <span class='ocrx_word' id='word_1_720' title='bbox 3608 4339 3697 4383; x_wconf 89' lang='lat' dir='ltr'>nos</span> <span class='ocrx_word' id='word_1_721' title='bbox 3723 4314 3829 4376; x_wconf 68' lang='lat' dir='ltr'>nulli</span> 
     </span>
    </p>
   </div>
   <div class='ocr_carea' id='block_1_106' title="bbox 2289 4406 3832 4495">
    <p class='ocr_par' dir='ltr' id='par_1_106' title="bbox 2289 4406 3832 4495">
     <span class='ocr_line' id='line_1_106' title="bbox 2289 4406 3832 4495; baseline -0.003 -21"><span class='ocrx_word' id='word_1_722' title='bbox 2289 4427 2491 4474; x_wconf 89' lang='lat' dir='ltr'>terram</span> <span class='ocrx_word' id='word_1_723' title='bbox 2520 4428 2756 4477; x_wconf 87' lang='lat' dir='ltr'>vestram</span> <span class='ocrx_word' id='word_1_724' title='bbox 2797 4422 2847 4477; x_wconf 92' lang='lat' dir='ltr'>vi</span> <span class='ocrx_word' id='word_1_725' title='bbox 2881 4423 3225 4495; x_wconf 88' lang='lat' dir='ltr'>ingrediendi</span> <span class='ocrx_word' id='word_1_726' title='bbox 3273 4426 3488 4482; x_wconf 89' lang='lat' dir='ltr'>licentia</span> <span class='ocrx_word' id='word_1_727' title='bbox 3517 4420 3733 4480; x_wconf 84' lang='lat' dir='ltr'>dabitur,</span> <span class='ocrx_word' id='word_1_728' title='bbox 3757 4406 3832 4466; x_wconf 78' lang='lat' dir='ltr'>sed</span> 
     </span>
    </p>
   </div>
   <div class='ocr_carea' id='block_1_107' title="bbox 2206 4501 3832 4592">
    <p class='ocr_par' dir='ltr' id='par_1_107' title="bbox 2206 4501 3832 4592">
     <span class='ocr_line' id='line_1_107' title="bbox 2206 4501 3832 4592; baseline 0.003 -25"><span class='ocrx_word' id='word_1_729' title='bbox 2206 4530 2258 4592; x_wconf 85' lang='lat' dir='ltr'><strong>D</strong></span> <span class='ocrx_word' id='word_1_730' title='bbox 2289 4512 2474 4580; x_wconf 90' lang='lat' dir='ltr'>etiam,</span> <span class='ocrx_word' id='word_1_731' title='bbox 2510 4514 2554 4569; x_wconf 87' lang='lat' dir='ltr'>si</span> <span class='ocrx_word' id='word_1_732' title='bbox 2600 4515 2721 4585; x_wconf 90' lang='lat' dir='ltr'>quis</span> <span class='ocrx_word' id='word_1_733' title='bbox 2757 4518 3120 4585; x_wconf 88' lang='lat' dir='ltr'>attentaverit,</span> <span class='ocrx_word' id='word_1_734' title='bbox 3169 4527 3226 4575; x_wconf 88' lang='lat' dir='ltr'>et</span> <span class='ocrx_word' id='word_1_735' title='bbox 3267 4519 3594 4576; x_wconf 88' lang='lat' dir='ltr'>saculariter</span> <span class='ocrx_word' id='word_1_736' title='bbox 3618 4519 3670 4570; x_wconf 84' lang='lat' dir='ltr'>et</span> <span class='ocrx_word' id='word_1_737' title='bbox 3701 4501 3832 4579; x_wconf 72' lang='grc' dir='ltr'>ερίτί·</span> 
     </span>
    </p>
   </div>
   <div class='ocr_carea' id='block_1_108' title="bbox 2285 4595 3832 4684">
    <p class='ocr_par' dir='ltr' id='par_1_108' title="bbox 2285 4595 3832 4684">
     <span class='ocr_line' id='line_1_108' title="bbox 2285 4595 3832 4684; baseline -0.006 -25"><span class='ocrx_word' id='word_1_738' title='bbox 2285 4606 2507 4662; x_wconf 87' lang='lat' dir='ltr'>tualiter</span> <span class='ocrx_word' id='word_1_739' title='bbox 2532 4607 2912 4678; x_wconf 89' lang='lat' dir='ltr'>prohibebitur</span> <span class='ocrx_word' id='word_1_740' title='bbox 2936 4628 2967 4666; x_wconf 91' lang='lat' dir='ltr'>a</span> <span class='ocrx_word' id='word_1_741' title='bbox 3004 4611 3168 4667; x_wconf 92' lang='lat' dir='ltr'>nobis</span> <span class='ocrx_word' id='word_1_742' title='bbox 3196 4629 3261 4668; x_wconf 89' lang='lat' dir='ltr'>ac</span> <span class='ocrx_word' id='word_1_743' title='bbox 3289 4611 3670 4684; x_wconf 88' lang='lat' dir='ltr'>repulsabitur.</span> <span class='ocrx_word' id='word_1_744' title='bbox 3694 4595 3832 4657; x_wconf 57' lang='lat' dir='ltr'>Auxir</span> 
     </span>
    </p>
   </div>
   <div class='ocr_carea' id='block_1_109' title="bbox 2282 4699 3833 4778">
    <p class='ocr_par' dir='ltr' id='par_1_109' title="bbox 2282 4699 3833 4778">
     <span class='ocr_line' id='line_1_109' title="bbox 2282 4699 3833 4778; baseline -0.006 -24"><span class='ocrx_word' id='word_1_745' title='bbox 2282 4699 2414 4755; x_wconf 89' lang='lat' dir='ltr'>lium</span> <span class='ocrx_word' id='word_1_746' title='bbox 2441 4701 2676 4774; x_wconf 90' lang='lat' dir='ltr'>denique</span> <span class='ocrx_word' id='word_1_747' title='bbox 2706 4706 2769 4760; x_wconf 88' lang='grc' dir='ltr'>Β.</span> <span class='ocrx_word' id='word_1_748' title='bbox 2801 4705 2970 4771; x_wconf 87' lang='lat' dir='ltr'>Petri,</span> <span class='ocrx_word' id='word_1_749' title='bbox 3021 4706 3067 4762; x_wconf 89' lang='lat' dir='ltr'>si</span> <span class='ocrx_word' id='word_1_750' title='bbox 3116 4706 3172 4761; x_wconf 92' lang='lat' dir='ltr'>in</span> <span class='ocrx_word' id='word_1_751' title='bbox 3201 4706 3376 4778; x_wconf 92' lang='lat' dir='ltr'>ipsius</span> <span class='ocrx_word' id='word_1_752' title='bbox 3406 4704 3656 4762; x_wconf 86' lang='lat' dir='ltr'>ﬁdelitate</span> <span class='ocrx_word' id='word_1_753' title='bbox 3683 4703 3833 4768; x_wconf 37' lang='lat' dir='ltr'>persae</span> 
     </span>
    </p>
   </div>
   <div class='ocr_carea' id='block_1_110' title="bbox 2281 4785 3833 4873">
    <p class='ocr_par' dir='ltr' id='par_1_110' title="bbox 2281 4785 3833 4873">
     <span class='ocr_line' id='line_1_110' title="bbox 2281 4785 3833 4873; baseline 0.001 -25"><span class='ocrx_word' id='word_1_754' title='bbox 2281 4797 2617 4863; x_wconf 89' lang='lat' dir='ltr'>veraveritis,</span> <span class='ocrx_word' id='word_1_755' title='bbox 2662 4800 2850 4868; x_wconf 87' lang='lat' dir='ltr'>procul</span> <span class='ocrx_word' id='word_1_756' title='bbox 2896 4799 3086 4869; x_wconf 91' lang='lat' dir='ltr'>dubio,</span> <span class='ocrx_word' id='word_1_757' title='bbox 3136 4800 3291 4873; x_wconf 90' lang='lat' dir='ltr'>quod</span> <span class='ocrx_word' id='word_1_758' title='bbox 3339 4817 3454 4859; x_wconf 92' lang='lat' dir='ltr'>non</span> <span class='ocrx_word' id='word_1_759' title='bbox 3500 4795 3660 4854; x_wconf 87' lang='lat' dir='ltr'>deerit</span> <span class='ocrx_word' id='word_1_760' title='bbox 3687 4785 3833 4849; x_wconf 60' lang='lat' dir='ltr'>vobis:</span> 
     </span>
    </p>
   </div>
   <div class='ocr_carea' id='block_1_111' title="bbox 2281 4889 3350 4964">
    <p class='ocr_par' dir='ltr' id='par_1_111' title="bbox 2281 4889 3350 4964">
     <span class='ocr_line' id='line_1_111' title="bbox 2281 4889 3350 4964; baseline 0.007 -19"><span class='ocrx_word' id='word_1_761' title='bbox 2281 4897 2337 4945; x_wconf 88' lang='lat' dir='ltr'>et</span> <span class='ocrx_word' id='word_1_762' title='bbox 2366 4889 2454 4945; x_wconf 90' lang='lat' dir='ltr'>hic</span> <span class='ocrx_word' id='word_1_763' title='bbox 2483 4899 2539 4946; x_wconf 90' lang='lat' dir='ltr'>et</span> <span class='ocrx_word' id='word_1_764' title='bbox 2567 4890 2622 4945; x_wconf 90' lang='lat' dir='ltr'>in</span> <span class='ocrx_word' id='word_1_765' title='bbox 2650 4890 2904 4948; x_wconf 82' lang='lat' dir='ltr'>futurum</span> <span class='ocrx_word' id='word_1_766' title='bbox 2948 4895 3350 4964; x_wconf 88' lang='lat' dir='ltr'>promittimus.</span> 
     </span>
    </p>
   </div>
   <div class='ocr_carea' id='block_1_112' title="bbox 2351 4985 3198 5047">
    <p class='ocr_par' dir='ltr' id='par_1_112' title="bbox 2351 4985 3198 5047">
     <span class='ocr_line' id='line_1_112' title="bbox 2351 4985 3198 5047; baseline 0.008 -9"><span class='ocrx_word' id='word_1_767' title='bbox 2351 4985 2492 5040; x_wconf 89' lang='lat' dir='ltr'>Data</span> <span class='ocrx_word' id='word_1_768' title='bbox 2519 4985 2678 5042; x_wconf 89' lang='lat' dir='ltr'>tertio</span> <span class='ocrx_word' id='word_1_769' title='bbox 2701 4989 2890 5044; x_wconf 84' lang='lat' dir='ltr'>Nonas</span> <span class='ocrx_word' id='word_1_770' title='bbox 2920 4988 3198 5047; x_wconf 91' lang='lat' dir='ltr'>Octobris.</span> 
     </span>
    </p>
   </div>
   <div class='ocr_carea' id='block_1_113' title="bbox 2839 5113 3323 5171">
    <p class='ocr_par' dir='ltr' id='par_1_113' title="bbox 2839 5113 3323 5171">
     <span class='ocr_line' id='line_1_113' title="bbox 2839 5113 3323 5171; baseline 0.004 -3"><span class='ocrx_word' id='word_1_771' title='bbox 2839 5113 3189 5171; x_wconf 82' lang='lat' dir='ltr'>EPISTOLA</span> <span class='ocrx_word' id='word_1_772' title='bbox 3217 5115 3323 5171; x_wconf 80' lang='lat' dir='ltr'>XI.</span> 
     </span>
    </p>
   </div>
   <div class='ocr_carea' id='block_1_114' title="bbox 2776 5251 3372 5324">
    <p class='ocr_par' dir='ltr' id='par_1_114' title="bbox 2776 5251 3372 5296">
     <span class='ocr_line' id='line_1_114' title="bbox 2776 5251 3372 5296; baseline 0.002 -3"><span class='ocrx_word' id='word_1_773' title='bbox 2776 5251 2859 5293; x_wconf 72' lang='lat' dir='ltr'>AD</span> <span class='ocrx_word' id='word_1_774' title='bbox 2884 5253 3093 5296; x_wconf 64' lang='lat' dir='ltr'>REGE)!</span> <span class='ocrx_word' id='word_1_775' title='bbox 3122 5255 3372 5296; x_wconf 70' lang='lat' dir='ltr'>SUBCIAE.</span> 
     </span>
    </p>
   </div>
   <div class='ocr_carea' id='block_1_115' title="bbox 2880 5356 3273 5420">
    <p class='ocr_par' dir='ltr' id='par_1_115' title="bbox 2880 5356 3273 5420">
     <span class='ocr_line' id='line_1_115' title="bbox 2880 5356 3273 5420; baseline 0.005 -12"><span class='ocrx_word' id='word_1_776' title='bbox 2880 5356 3058 5419; x_wconf 84' lang='lat' dir='ltr'>(Anno</span> <span class='ocrx_word' id='word_1_777' title='bbox 3092 5359 3273 5420; x_wconf 88' lang='grc'>1080.)</span> 
     </span>
    </p>
   </div>
   <div class='ocr_carea' id='block_1_116' title="bbox 2281 5465 3834 5537">
    <p class='ocr_par' dir='ltr' id='par_1_116' title="bbox 2281 5465 3834 5537">
     <span class='ocr_line' id='line_1_116' title="bbox 2281 5465 3834 5537; baseline -0.004 -15"><span class='ocrx_word' id='word_1_778' title='bbox 2281 5465 2490 5522; x_wconf 84' lang='lat' dir='ltr'>Gaudet</span> <span class='ocrx_word' id='word_1_779' title='bbox 2534 5470 2791 5537; x_wconf 83' lang='lat' dir='ltr'>quosdam</span> <span class='ocrx_word' id='word_1_780' title='bbox 2818 5475 2965 5526; x_wconf 87' lang='lat' dir='ltr'>sacri</span> <span class='ocrx_word' id='word_1_781' title='bbox 3006 5473 3160 5526; x_wconf 83' lang='lat' dir='ltr'>uerbi</span> <span class='ocrx_word' id='word_1_782' title='bbox 3179 5475 3456 5527; x_wconf 86' lang='lat' dir='ltr'>ministros</span> <span class='ocrx_word' id='word_1_783' title='bbox 3483 5467 3627 5525; x_wconf 84' lang='lat' dir='ltr'>illius</span> <span class='ocrx_word' id='word_1_784' title='bbox 3653 5468 3834 5537; x_wconf 65' lang='lat' dir='ltr'>terram</span> 
     </span>
    </p>
   </div>
   <div class='ocr_carea' id='block_1_117' title="bbox 2350 5530 3838 5622">
    <p class='ocr_par' dir='ltr' id='par_1_117' title="bbox 2350 5530 3838 5622">
     <span class='ocr_line' id='line_1_117' title="bbox 2350 5530 3838 5622; baseline 0.009 -33"><span class='ocrx_word' id='word_1_785' title='bbox 2350 5530 2633 5622; x_wconf 67' lang='lat' dir='ltr'>ingressos,</span> <span class='ocrx_word' id='word_1_786' title='bbox 2662 5556 2819 5622; x_wconf 76' lang='lat' dir='ltr'>seque</span> <span class='ocrx_word' id='word_1_787' title='bbox 2861 5544 2925 5596; x_wconf 86' lang='lat' dir='ltr'>de</span> <span class='ocrx_word' id='word_1_788' title='bbox 2937 5543 3071 5622; x_wconf 32' lang='lat' dir='ltr'>Lejus</span> <span class='ocrx_word' id='word_1_789' title='bbox 3099 5546 3281 5622; x_wconf 62' lang='lat' dir='ltr'>salute</span> <span class='ocrx_word' id='word_1_790' title='bbox 3298 5558 3448 5622; x_wconf 75' lang='lat' dir='ltr'>spem</span> <span class='ocrx_word' id='word_1_791' title='bbox 3476 5530 3838 5622; x_wconf 26' lang='lat' dir='ltr'>niggﬁamu’lﬁ:</span> 
     </span>
    </p>
   </div>
   <div class='ocr_carea' id='block_1_118' title="bbox 2350 5609 3836 5692">
    <p class='ocr_par' dir='ltr' id='par_1_118' title="bbox 2350 5609 3836 5692">
     <span class='ocr_line' id='line_1_118' title="bbox 2350 5609 3836 5692; baseline 0.007 -30"><span class='ocrx_word' id='word_1_792' title='bbox 2350 5609 2464 5663; x_wconf 87' lang='lat' dir='ltr'>bere</span> <span class='ocrx_word' id='word_1_793' title='bbox 2509 5609 2738 5692; x_wconf 46' lang='lat' dir='ltr'>asserit:</span> <span class='ocrx_word' id='word_1_794' title='bbox 2770 5629 2887 5667; x_wconf 87' lang='lat' dir='ltr'>cum</span> <span class='ocrx_word' id='word_1_795' title='bbox 2927 5609 3203 5692; x_wconf 80' lang='lat' dir='ltr'>Gallicana</span> <span class='ocrx_word' id='word_1_796' title='bbox 3237 5609 3477 5692; x_wconf 71' lang='lat' dir='ltr'>Ecclesia</span> <span class='ocrx_word' id='word_1_797' title='bbox 3509 5613 3571 5666; x_wconf 81' lang='lat' dir='ltr'>de</span> <span class='ocrx_word' id='word_1_798' title='bbox 3599 5610 3836 5692; x_wconf 55' lang='grc' dir='ltr'>ξξιϐθξιξιζξξ</span> 
     </span>
    </p>
   </div>
   <div class='ocr_carea' id='block_1_119' title="bbox 2345 5677 3840 5754">
    <p class='ocr_par' dir='ltr' id='par_1_119' title="bbox 2345 5677 3840 5754">
     <span class='ocr_line' id='line_1_119' title="bbox 2345 5677 3840 5754; baseline 0.001 -21"><span class='ocrx_word' id='word_1_799' title='bbox 2345 5685 2543 5735; x_wconf 71' lang='lat' dir='ltr'>sancite</span> <span class='ocrx_word' id='word_1_800' title='bbox 2569 5677 2762 5737; x_wconf 82' lang='lat' dir='ltr'>matris</span> <span class='ocrx_word' id='word_1_801' title='bbox 2790 5687 3044 5740; x_wconf 72' lang='lat' dir='ltr'>Romana:</span> <span class='ocrx_word' id='word_1_802' title='bbox 3080 5688 3329 5742; x_wconf 62' lang='lat' dir='ltr'>Ecclesia</span> <span class='ocrx_word' id='word_1_803' title='bbox 3373 5682 3650 5754; x_wconf 82' lang='lat' dir='ltr'>acceperit.</span> <span class='ocrx_word' id='word_1_804' title='bbox 3687 5677 3840 5754; x_wconf 51' lang='lat' dir='ltr'>Atqu:</span> 
     </span>
    </p>
   </div>
   <div class='ocr_carea' id='block_1_120' title="bbox 2345 5739 3840 5835">
    <p class='ocr_par' dir='ltr' id='par_1_120' title="bbox 2345 5739 3840 5835">
     <span class='ocr_line' id='line_1_120' title="bbox 2345 5739 3840 5835; baseline 0 -29"><span class='ocrx_word' id='word_1_805' title='bbox 2345 5757 2414 5835; x_wconf 65' lang='lat' dir='ltr'>ut</span> <span class='ocrx_word' id='word_1_806' title='bbox 2499 5754 2791 5835; x_wconf 76' lang='lat' dir='ltr'>uberiorem</span> <span class='ocrx_word' id='word_1_807' title='bbox 2816 5739 3365 5835; x_wconf 29' lang='lat' dir='ltr'>religionisiqratiam</span> <span class='ocrx_word' id='word_1_808' title='bbox 3385 5739 3840 5835; x_wconf 32' lang='lat' dir='ltr'>assequaturttjfff</span> 
     </span>
    </p>
   </div>
   <div class='ocr_carea' id='block_1_121' title="bbox 2345 5822 3840 5899">
    <p class='ocr_par' dir='ltr' id='par_1_121' title="bbox 2345 5822 3840 5899">
     <span class='ocr_line' id='line_1_121' title="bbox 2345 5822 3840 5899; baseline -0.005 -20"><span class='ocrx_word' id='word_1_809' title='bbox 2345 5824 2450 5879; x_wconf 87' lang='lat' dir='ltr'>sibi</span> <span class='ocrx_word' id='word_1_810' title='bbox 2487 5825 2554 5879; x_wconf 88' lang='lat' dir='ltr'>ab</span> <span class='ocrx_word' id='word_1_811' title='bbox 2586 5841 2642 5882; x_wconf 91' lang='lat' dir='ltr'>eo</span> <span class='ocrx_word' id='word_1_812' title='bbox 2670 5822 3138 5898; x_wconf 54' lang='lat' dir='ltr'>aliquem&#39;mitti;</span> <span class='ocrx_word' id='word_1_813' title='bbox 3159 5832 3254 5899; x_wconf 84' lang='lat' dir='ltr'>qui</span> <span class='ocrx_word' id='word_1_814' title='bbox 3286 5830 3464 5895; x_wconf 84' lang='lat' dir='ltr'>gentis</span> <span class='ocrx_word' id='word_1_815' title='bbox 3505 5822 3655 5880; x_wconf 73' lang='lat' dir='ltr'>illius</span> <span class='ocrx_word' id='word_1_816' title='bbox 3691 5822 3840 5872; x_wconf 71' lang='lat' dir='ltr'>mores</span> 
     </span>
    </p>
   </div>
  </div>
