4044 6164
249 194 340 248 585

1342 198 1538 253 LIBER
1577 199 1904 255 OCTAVUS.
1946 231 2014 241 --
2054 204 2256 258 EI’IST.
2303 205 2432 259 XIII.

3431 218 3531 268 586

310 319 418 399 sibi
433 324 724 399 recenseat,
757 325 807 373 et
836 323 1108 399 mandata
1124 324 1413 399 apostolica
1435 324 1511 399 ad
1541 340 1658 399 etim
1695 327 1832 390 refe-
1859 331 1913 390 Α
1943 343 2027 382 ua
2057 329 2314 383 Ecclesia
2355 344 2452 399 pro
2499 329 2720 385 audacia
2750 346 2848 386 sua
2878 331 3117 390 fecisset.
3171 338 3374 390 Verum
3403 352 3532 393 cum
3569 383 3572 386 .

311 395 413 443 rat.
425 391 650 444 Interim
660 395 991 447 commissum
1003 395 1108 447 sibi
1121 410 1344 462 regnum
1359 398 1413 447 in
1414 395 1445 463 j
1451 398 1639 450 astitia
1653 403 1822 464 regat.

310 493 671 548 GBBGOBIUS
698 493 1007 565 episcopus,
1044 511 1230 550 servus
1254 512 1539 552 servorum
1567 497 1669 552 Dei

243 584 478 654 glorioso
543 588 822 642 Sueonum
869 590 1246 658 [Suetonum]
1296 591 1438 662 regi,
1490 589 1722 646 salutem
1775 600 1829 645 et

241 679 588 750 apostolicam
641 680 1100 738 benedictionem.

308 773 584 842 Quoniam
623 774 771 845 regni
821 775 904 829 tui
949 784 1153 831 terram
1203 776 1476 849 quosdam
1518 777 1652 834 sacri
1683 776 1831 832 verbi

241 866 518 923 ministros
541 865 708 923 fuisse
747 868 1020 940 ingressos
1049 870 1376 937 audivimus,
1413 872 1625 927 noverit
1654 872 1831 927 excel-

240 960 400 1016 lentia
443 968 538 1016 tua
567 976 668 1016 nos
699 961 756 1016 in
793 964 1032 1018 Domino
1064 966 1304 1020 multum
1338 965 1541 1029 latari;
1575 965 1834 1036 deinceps

237 1070 489 1128 quoque,
538 1054 607 1110 de
656 1055 848 1110 salutis
917 1067 1111 1114 vestra
1150 1059 1496 1129 reparatione
1538 1058 1832 1128 plurimum

232 1148 345 1218 spei
395 1147 771 1204 indubitanter
814 1149 1038 1206 habere.
1085 1152 1365 1206 Gallicana
1410 1146 1677 1223 siquidem
1726 1153 1831 1206 Ec-

230 1241 394 1296 clesia
441 1257 553 1296 non
605 1258 701 1297 vos
748 1243 940 1300 alienis
1004 1244 1352 1300 documentis
1409 1245 1686 1311 instruxit,
1738 1244 1833 1300 sed

227 1333 383 1407 quod
424 1334 492 1390 de
524 1335 790 1392 thesauris
819 1338 1011 1394 matris
1040 1354 1154 1394 sua
1191 1348 1394 1394 sancta
1432 1342 1699 1394 Romana
1729 1341 1831 1393 Ec-

224 1429 413 1485 clesia
445 1431 674 1502 accepit,
704 1431 907 1487 salubri
954 1431 1107 1487 vobis
1143 1431 1454 1488 eruditione
1479 1432 1828 1488 contradidit.

223 1519 609 1590 QuaprOpter,
659 1528 722 1575 ut
776 1520 1097 1576 Christiana
1140 1521 1416 1593 religionis
1467 1531 1521 1577 et
1565 1521 1832 1578 doctrina

221 1611 472 1683 gratiam
501 1613 797 1669 obtineatis
827 1614 1155 1679 uberiorem,
1177 1616 1430 1670 volumus
1453 1615 1834 1671 celsitudinem

223 1712 389 1760 tuam
437 1707 677 1778 aliquem
727 1707 1063 1780 episcopum,
1111 1709 1193 1763 vel
1241 1708 1502 1764 idoneum
1547 1708 1828 1777 clericum,
1862 1699 1913 1762 B

221 1797 297 1853 ad
327 1800 683 1870 apostolicam
712 1801 898 1857 sedem
935 1802 1200 1874 dirigere,
1241 1803 1333 1874 qui
1365 1811 1420 1858 et
1449 1813 1611 1858 terra
1644 1812 1832 1860 vestra

227 1890 580 1950 habitudines
603 1896 888 1967 gentisque
915 1911 1098 1950 mores
1117 1895 1276 1950 nobis
1297 1910 1604 1968 suggerere,
1624 1905 1680 1953 et
1698 1914 1834 1969 apo-

231 1985 427 2042 stolica
459 1987 710 2043 mandata
731 1988 799 2043 de
821 1989 1035 2044 cunctis
1058 1989 1289 2060 pleniter
1314 1990 1608 2046 instructus
1638 1990 1710 2046 ad
1739 2006 1835 2047 vos

233 2081 440 2134 certius
492 2089 657 2151 queat
703 2080 928 2137 referre.
981 2083 1215 2137 Interim
1267 2098 1396 2138 vero
1443 2099 1733 2140 monemus
1774 2093 1834 2138 ut

236 2170 520 2241 prudentia
551 2181 644 2229 tua
670 2175 1026 2230 commissum
1048 2176 1148 2231 sibi
1173 2192 1404 2247 regnum
1437 2178 1492 2231 in
1525 2178 1833 2234 concordia

231 2263 567 2339 justitiaque
595 2268 840 2324 custodia
868 2267 1067 2340 dirigat
1118 2278 1281 2341 atque
1324 2269 1596 2341 disponat,
1648 2288 1710 2326 ac
1761 2272 1834 2326 ita

235 2359 374 2414 circa
401 2360 677 2430 subjectos
704 2363 852 2432 pacis
874 2362 1000 2432 jura
1042 2372 1097 2418 et
1125 2364 1398 2433 aquitatis
1427 2363 1836 2420 districtionem

236 2467 448 2508 servare
485 2455 632 2509 inter
659 2463 856 2510 catera
897 2456 1163 2512 virtutum
1211 2456 1396 2512 studia
1440 2465 1670 2529 satagat,
1700 2473 1835 2528 qua-

237 2554 392 2602 tenus
440 2564 537 2619 per
568 2550 887 2620 temporalis
932 2550 1220 2621 regiminis
1248 2551 1677 2607 sollicitudinem
1724 2569 1837 2606 me-

233 2649 420 2696 reatur
464 2643 658 2696 aterni
689 2643 965 2714 percipere
991 2644 1368 2707 securitatem,
1413 2653 1469 2699 et
1515 2661 1644 2699 cum
1677 2645 1840 2715 justis

230 2750 443 2800 vocem,
487 2736 661 2790 totius
680 2736 1044 2806 jucunditatis
1075 2738 1313 2807 plenam,
1360 2736 1418 2790 in
1447 2745 1692 2792 extremo
1718 2753 1838 2793 exa-

228 2830 380 2884 mine
411 2829 580 2899 digne
622 2830 793 2900 possit
822 2830 1014 2884 audire
1043 2849 1055 2884 :
1107 2831 1320 2893 Venite,
1369 2831 1633 2886 benedicti
1661 2835 1839 2886 Patris

225 2925 348 2988 mei,
393 2924 660 2992 percipite
700 2939 927 2990 regnum
976 2924 1118 2993 quod
1162 2925 1310 2979 vobis
1353 2929 1606 2993 paratum
1651 2930 1727 2980 est
1773 2926 1842 2979 ab

221 3019 446 3086 origine
473 3017 668 3070 mundi
695 3018 909 3083 (Matth.
950 3026 1126 3086 xxn).

296 3115 447 3166 Data
479 3118 675 3182 quarto
698 3112 884 3166 Nonas
917 3112 1196 3168 Octobris.

761 3214 1113 3269 EPISTOLA
1186 3215 1319 3271 XII.

371 3329 462 3369 AD
498 3328 838 3379 PIRMANOS,
869 3330 1303 3382 RAVENNATES,
1341 3330 1417 3371 ΒΤ
1450 3330 1693 3372 TUSCOS.

833 3412 1018 3475 (Anno
1063 3414 1243 3472 1080.)

232 3505 493 3570 Queﬁtur
543 3509 910 3562 Ravennatem
957 3507 1247 3563 Ecclesiam
1295 3509 1366 3562 ab
1406 3508 1519 3575 ejus
1570 3509 1839 3578 sacrilego

296 3580 697 3646 archiepiscopo
738 3579 1092 3632 devastatam.
1129 3581 1240 3646 Quo
1278 3582 1332 3632 in
1361 3584 1603 3635 Romana
1631 3580 1836 3646 synodo

304 3651 762 3703 excommunicato
807 3665 868 3703 ac
911 3651 1168 3719 deposito,
1226 3653 1403 3719 ipsam
1449 3651 1735 3705 Ecclesiam
1782 3652 1843 3702 in

304 3723 610 3789 pristinum
638 3725 840 3774 statum
860 3722 1127 3788 reducere,
1149 3724 1301 3790 eique
1318 3722 1382 3775 de
1403 3723 1594 3776 idonea
1615 3737 1845 3791 persona

298 3792 588 3860 providere
624 3793 858 3860 cupiens,
901 3795 1241 3862 praecipitat
1281 3792 1392 3848 sibi
1431 3797 1490 3846 in
1517 3808 1583 3847 ea
1622 3808 1679 3846 re
1711 3808 1848 3845 una-

303 3866 475 3916 nimes
500 3865 611 3916 sint
650 3862 748 3931 adj
751 3869 979 3918 amento.

305 3967 678 4022 Gnaeontns
709 3965 1012 4036 episcopus,
1040 3981 1226 4020 servus
1254 3980 1542 4021 servorum
1570 3965 1692 4032 Dei,
1723 3980 1843 4020 om-

233 4058 400 4115 nibus
454 4058 744 4128 episcopis,
791 4057 1103 4125 abbatibus,
1150 4057 1359 4113 clericis
1389 4066 1553 4130 atque
1600 4057 1749 4112 laicis
1791 4058 1847 4112 in

230 4151 483 4208 marchia
514 4151 800 4218 Firmana,
830 4154 1109 4219 Tuscana,
1142 4160 1198 4207 et
1226 4152 1283 4206 in
1308 4150 1606 4207 exarchatu
1635 4153 1851 4206 Raven-

231 4245 350 4301 nati
381 4244 711 4311 constitutis,
742 4245 838 4317 qui
865 4254 1074 4301 sancta
1114 4249 1385 4301 Romana
1422 4244 1702 4312 Ecclesia,
1741 4244 1846 4299 sic-

230 4347 298 4394 nt
344 4337 690 4394 Christianos
733 4346 971 4410 oportet,
1003 4339 1296 4404 obediunt,
1349 4338 1584 4395 salutem
1617 4346 1673 4394 et
1723 4353 1849 4408 apo-

229 4431 492 4488 stolicam
517 4431 980 4488 benedictionem.

309 4524 624 4581 Prudentia
671 4533 862 4581 vestra
910 4533 1108 4582 notum
1170 4541 1286 4582 esse
1333 4542 1443 4581 non
1491 4524 1832 4591 dubitamus,

228 4627 446 4691 quanto
494 4618 772 4690 religionis
821 4619 972 4675 cultu
1021 4628 1209 4674 sancta
1257 4623 1548 4674 Ravennas
1590 4619 1831 4674 Ecclesia

230 4712 465 4784 pollere,
506 4714 830 4783 quantisque
868 4728 1058 4768 rerum
1088 4714 1527 4769 necessariarum
1555 4712 1721 4784 cepiis
1749 4729 1836 4767 so-

226 4807 324 4862 lita
358 4806 430 4860 sit
460 4805 753 4876 prateritis
790 4808 950 4861 anuis
977 4805 1228 4871 affluere,
1279 4805 1536 4878 quodque
1567 4805 1745 4878 magis
1773 4807 1833 4861 il-

227 4901 336 4956 lius
379 4900 630 4962 interest,
684 4915 848 4971 quam
900 4900 1120 4970 speciali
1165 4899 1459 4956 dilectione
1513 4899 1672 4954 matri
1723 4914 1836 4955 sua

221 5001 445 5050 sancta
495 4994 771 5048 Romana
803 4992 1066 5048 Ecclesia
1118 4991 1186 5047 ab
1218 4993 1337 5064 ipso
1367 4993 1489 5048 ﬁdei
1517 4992 1839 5048 Christiana

221 5086 499 5160 principio
532 5101 750 5157 semper
784 5084 1097 5141 adhaserit.
1144 5087 1310 5156 Cujus
1342 5085 1632 5157 antiquum
1670 5085 1841 5141 decus

219 5183 280 5237 in
316 5179 701 5253 spiritualibus
731 5187 786 5234 et
814 5178 1166 5234 saecularibus
1195 5177 1441 5249 profecto
1465 5195 1593 5234 cum
1613 5178 1841 5234 remini-

215 5274 466 5342 scimur,
506 5287 618 5328 non
645 5272 764 5327 sine
792 5271 939 5344 gravi
970 5287 1207 5328 maerore
1236 5289 1360 5328 eam
1391 5273 1450 5327 in
1494 5280 1646 5328 tanta
1673 5272 1840 5328 deva-

215 5367 471 5426 statione
500 5366 847 5422 laborantem
881 5381 1026 5422 nunc
1067 5366 1362 5434 cernimus,
1404 5375 1459 5422 et
1495 5375 1558 5423 ut
1599 5367 1842 5437 apertius

212 5460 580 5533 intelligatis,
607 5469 754 5516 certe
786 5475 1165 5532 persuasorem
1212 5460 1716 5531 destructoremque
1756 5463 1838 5532 ip-

209 5559 342 5614 sius
387 5556 622 5609 Vu......
653 5554 865 5610 dictum
917 5553 1386 5626 archiepiscopum
1418 5555 1488 5609 ita
1519 5554 1844 5625 religionem

207 5651 351 5723 ejus
382 5646 792 5718 disperdidisse,
828 5656 883 5702 et
927 5647 1068 5702 bona
1097 5646 1446 5720 dilapidasse,
1495 5663 1607 5703 non
1637 5648 1842 5703 minori

205 5744 342 5802 fere
370 5739 572 5798 dolore
591 5738 932 5806 sufferimus,
959 5755 1125 5812 quam
1160 5743 1208 5800 si
1235 5743 1381 5802 idem
1412 5749 1613 5798 sancta
1643 5744 1850 5798 Roma‘

530 5829 763 5885 Parnm.
801 5830 1054 5887 CXLVIII.

1871 3084 1922 3153 C

1937 429 2130 476 caetera
2163 420 2304 476 facta
2335 422 2474 478 illius
2503 423 2938 494 perpenduntur,
2967 426 3082 482 hac
3110 445 3220 483 non
3249 437 3534 500 tantopere

1940 515 2187 570 miranda
2215 515 2486 570 videntur.
2534 517 2748 589 Quippe
2778 519 2872 590 qui
2923 521 3219 592 perjurium
3254 521 3320 577 de
3350 522 3534 577 inobe-

1939 607 2147 662 dientia
2187 615 2244 662 et
2284 607 2602 664 inﬁdelitate
2645 612 2991 668 committere
3019 629 3133 668 non
3161 615 3373 682 timuit,
3415 615 3534 685 qui-

1939 717 2044 772 que
2071 710 2259 756 contra
2297 701 2468 772 ipsam
2493 704 2841 773 apostolicam
2869 704 3080 773 sedem,
3125 707 3212 762 cui
3250 708 3534 778 pejerave-

1941 803 2047 862 rat,
2092 795 2400 864 conspirare
2449 811 2548 867 pro
2587 797 2820 852 minimo
2850 797 3066 863 habuit,
3111 815 3345 872 eamque
3374 801 3531 855 inva-

1939 886 2070 943 dere
2098 888 2366 960 cogitans,
2395 889 2593 944 eodem
2624 890 2790 945 modo
2818 891 3080 961 dissipare
3117 893 3531 949 vehementissi-

1942 996 2029 1036 me
2061 981 2250 1052 cupiit,
2305 982 2468 1037 homo
2518 983 2964 1053 superbissimus,
3009 985 3375 1042 nefandorum
3414 1004 3532 1044 sce-

1942 1075 2122 1130 lerum
2172 1075 2273 1130 sibi
2314 1077 2600 1142 conscius;
2651 1077 2737 1132 cui
2782 1077 2980 1132 mirum
3026 1078 3188 1134 debet
3232 1079 3423 1148 videri,
3468 1082 3532 1150 si,

1943 1166 2143 1240 adepta
2172 1176 2464 1239 potestate,
2500 1169 2594 1224 ubi
2622 1169 2772 1224 licuit
2801 1171 2879 1225 ita
2902 1186 2959 1226 se
2987 1171 3222 1227 habuit?
3251 1173 3362 1228 Sed
3391 1173 3534 1228 illius

1943 1260 2181 1317 facinora
2207 1277 2646 1318 commemorare
2681 1264 3038 1336 supersedeo,
3070 1281 3193 1337 qua
3223 1281 3321 1336 per
3351 1274 3536 1321 totum

1939 1353 2053 1411 fere
2096 1359 2414 1412 Romanum
2462 1355 2652 1412 orbem
2681 1373 2740 1412 se
2769 1357 3146 1428 prodiderunt,
3195 1375 3295 1430 pro
3335 1360 3537 1431 quibus

1941 1447 2054 1520 ipse
2102 1449 2156 1504 in
2203 1458 2388 1505 sancta
2431 1450 2642 1522 synodo
2686 1454 2882 1507 Roma
2929 1452 3236 1518 celebrata,
3282 1452 3537 1508 omnium

1939 1542 2322 1615 episcoporum
2351 1544 2441 1612 qui
2475 1542 2701 1599 aderant
2735 1560 2978 1600 consona
3001 1545 3289 1612 sententia,
3322 1545 3442 1616 jam
3472 1561 3538 1600 ex

1939 1636 2174 1691 triennio
2204 1637 2382 1708 gladio
2428 1637 2792 1692 anathematis
2835 1637 2950 1693 sine
2978 1653 3074 1710 spe
3111 1638 3536 1709 recuperationis

1946 1745 2234 1800 percussus
2255 1739 2366 1798 est;
2388 1746 2448 1785 ea
2475 1747 2587 1786 non
2609 1731 2972 1802 preterierunt
2990 1732 3250 1788 notitiam
3271 1740 3531 1788 vestram.

1945 1822 2239 1879 Prafatam
2283 1825 2450 1896 igitur
2500 1827 2876 1880 Ravennatem
2919 1825 3217 1880 Ecclesiam
3262 1825 3331 1881 de
3366 1825 3538 1881 mani-

1945 1917 2047 1972 bus
2074 1917 2326 1973 violentis
2368 1917 2604 1989 eripere,
2650 1927 2706 1972 et
2741 1919 2810 1975 ad
2859 1918 3154 1988 pristinum
3194 1927 3399 1975 statum
3439 1935 3538 1990 pro

1944 2010 2126 2066 ofﬁcio
2167 2010 2337 2082 quod,
2384 2011 2508 2067 licet
2557 2010 2790 2083 indigni,
2851 2012 3092 2082 gerimus
3145 2012 3407 2068 reducere
3449 2028 3540 2068 cu-

1945 2105 2182 2174 pientes,
2228 2104 2392 2160 talem
2449 2119 2738 2175 personam
2800 2103 3107 2176 eligendam
3163 2113 3328 2176 atque
3374 2105 3428 2160 in
3478 2121 3539 2161 ea

1947 2195 2354 2268 praﬁciendam
2408 2195 2526 2252 fore
2581 2197 2938 2265 censuimus,
2997 2198 3153 2268 cujus
3205 2198 3395 2269 religio
3443 2214 3544 2254 nec

1944 2305 2058 2346 non
2082 2289 2391 2361 prudentia,
2420 2293 2544 2346 Deo
2575 2289 2812 2359 favente,
2845 2299 2902 2346 et
2928 2291 3155 2346 interius
3180 2291 3366 2348 lumen
3403 2291 3457 2346 in
3481 2306 3542 2346 ea

1946 2384 2256 2439 sanctitatis
2285 2382 2612 2451 reformare,
2659 2392 2719 2439 et
2755 2384 3092 2440 exteriorum
3133 2399 3316 2440 rerum
3347 2385 3545 2442 damna

1945 2477 2092 2532 norit
2126 2475 2449 2547 studeatque
2488 2475 2740 2531 reticere.
2789 2477 3167 2544 Quamobrem
3206 2493 3330 2545 nos,
3361 2477 3414 2532 in
3444 2478 3544 2533 hu-

1941 2569 2031 2639 jus
2077 2575 2278 2625 nostra
2321 2569 2642 2625 necessaria
2680 2567 3057 2640 dispositionis
3094 2569 3320 2638 effectu,
3368 2579 3547 2627 vestro

1950 2649 2251 2733 plurimum
2292 2669 2513 2733 egentes
2555 2661 2774 2729 auxilio,
2807 2661 3123 2728 invitamus,
3163 2679 3425 2734 rogamus
3469 2672 3549 2718 at-

1948 2771 2053 2826 que
2081 2753 2378 2825 apostolica
2425 2753 2748 2809 auctoritate
2778 2753 2932 2808 vobis
2981 2754 3328 2825 pracipimus
3366 2764 3449 2822 ut,
3493 2756 3552 2809 in

1951 2848 2343 2904 restauratione
2377 2846 2521 2902 illius
2548 2846 2854 2917 antiquitus
2880 2855 3084 2902 sancta
3113 2847 3386 2912 Ecclesia,
3424 2863 3551 2902 om-

1951 2957 2052 2996 nes
2101 2939 2430 2996 unanimiter
2475 2953 2803 2995 consensum
2860 2947 2915 2994 et
2965 2954 3063 3009 pro
3115 2954 3278 3009 posse
3327 2938 3550 3012 adjuto-

1957 3034 2103 3089 rium
2128 3033 2452 3102 tribuentes,
2479 3048 2600 3088 eam
2625 3031 2692 3088 de
2715 3031 2892 3088 servili
2923 3031 3298 3102 oppressione,
3329 3033 3442 3088 imo
3470 3041 3552 3104 ty-

1952 3128 2171 3184 rannica
2199 3127 2465 3182 servitute
2489 3166 2504 3192 ,
2537 3125 2748 3196 eripere
2796 3133 2853 3180 et
2893 3123 3084 3196 prisca
3115 3124 3348 3181 libertati
3392 3126 3552 3181 resti-

1953 3231 2107 3277 tuere
2144 3221 2438 3276 nobiscum
2486 3219 2813 3291 procuretis,
2857 3234 2923 3274 ac
2972 3217 3028 3273 in
3068 3218 3390 3289 reperiendo
3435 3218 3556 3275 ido-

1953 3330 2116 3370 neam
2139 3313 2235 3368 .illi
2273 3312 2526 3384 regimini
2568 3326 2863 3383 personam
2905 3326 3261 3382 summopere
3300 3311 3557 3367 laboran-

1956 3417 2039 3463 tes
2076 3406 2380 3476 invigiletis.
2413 3405 2736 3476 Quicunque
2781 3404 2933 3460 enim
2979 3404 3036 3458 in
3073 3403 3177 3460 hac
3222 3420 3281 3460 re
3308 3403 3558 3460 studium

1956 3499 2265 3556 devotionis
2307 3497 2690 3568 impenderint,
2722 3511 2836 3552 non
2864 3494 3030 3551 dubie
3058 3495 3340 3553 credimus
3365 3513 3460 3552 eos
3503 3505 3560 3553 et

1957 3593 2312 3666 apostolicam
2360 3591 2593 3664 gratiam
2640 3589 3070 3661 promerituros,
3121 3598 3177 3645 et
3232 3590 3376 3663 apud
3424 3590 3558 3646 divi-

1959 3702 2090 3742 nam
2127 3685 2472 3741 clementiam
2516 3691 2811 3756 patronum
2859 3681 2961 3738 sibi
3006 3683 3229 3739 beatum
3284 3682 3562 3754 Apollina-

1933 3795 2101 3862 rem,
2151 3779 2195 3834 si
2226 3778 2284 3833 in
2313 3777 2472 3834 bonis
2517 3775 3010 3848 perseveraverint,
3041 3775 3340 3833 certissime
3380 3776 3562 3847 aequi.
3609 3789 3614 3796 '

1959 3873 2185 3930 situros.

2032 3970 2173 4024 Data
2201 3965 2388 4022 Idibus
2413 3964 2686 4023 Octobris.

2490 4059 2846 4115 EPISTOLA.
2881 4061 3040 4116 XIII.

2431 4169 2524 4209 AD
2573 4167 3081 4210 RAVENNATBS.

2560 4250 2742 4315 (Anno
2789 4251 2969 4310 1080.)

2456 4339 2711 4409 Ejusdem
2735 4341 3057 4408 argumenti.

1874 4451 1924 4513 υ
2028 4435 2386 4490 Gneoomns
2406 4432 2712 4504 episcopus,
2743 4447 2931 4487 servus
2959 4445 3249 4487 servorum
3280 4431 3406 4501 Dei,
3443 4449 3559 4491 om:

1955 4527 2117 4583 nibus
2165 4526 2375 4582 clericis
2419 4533 2474 4581 et
2531 4523 2680 4580 laicis
2726 4527 3007 4581 Ravenna
3057 4525 3424 4593 morantibus,
3461 4527 3555 4598 qui

1947 4620 2176 4676 beatum
2224 4623 2446 4674 Petrum
2499 4619 2742 4685 [beatum
2801 4619 3199 4689 Apollinarem]
3241 4620 3555 4690 apostolum

1945 4715 2202 4785 diligunt,
2248 4721 2303 4768 et
2331 4719 2533 4767 sancta
2585 4714 2850 4767 Romana
2893 4711 3172 4777 Ecclesia,
3219 4713 3364 4768 sicut
3400 4714 3555 4771 Chri-

1947 4809 2158 4863 stianos
2199 4811 2437 4876 oportet,
2485 4804 2769 4873 obediunt,
2818 4805 3056 4861 salutem
3083 4812 3161 4861 ‘et
3199 4806 3555 4877 apostolicam

1949 4897 2415 4956 benedictionem.

2020 4993 2318 5050 Credimus
2346 5007 2457 5048 non
2487 4991 2654 5048 latere
2681 5001 2917 5048 vestram
2947 4993 3235 5048 scientiam
3265 4996 3552 5050 Ravenna-

1952 5097 2061 5144 tem
2116 5086 2410 5142 Ecclesiam
2463 5085 2582 5141 sedi
2636 5085 2951 5157 apostolica
3001 5101 3114 5156 pra
3160 5087 3374 5142 cateris
3425 5088 3552 5145 vici-

1948 5182 2072 5237 nius
2112 5181 2317 5237 harere
2357 5177 2577 5234 solitam
2621 5177 2825 5245 fuisse,
2876 5187 3108 5250 eamque
3135 5179 3442 5250 specialiter
3481 5181 3552 5236 ab

1953 5275 2066 5347 ipsa
2095 5273 2366 5340 dilectam,
2412 5271 2684 5345 quidquid
2713 5271 2997 5344 dignitatis
3047 5280 3104 5328 et
3145 5271 3368 5327 honoris
3409 5273 3550 5330 anti-

1951 5368 2131 5439 quitus
2155 5382 2250 5436 per
2275 5367 2498 5422 beatum
2530 5369 2578 5420 Λ
2603 5406 2616 5419 .
2649 5408 2661 5420 .
2699 5407 2712 5420 .
2744 5407 2756 5420 .
2782 5365 3200 5436 [Apollinarem,
3225 5367 3448 5432 Hann,
3477 5371 3554 5422 sic

1955 5467 2004 5516 et
2033 5463 2089 5514 in
2117 5460 2232 5513 cod.
2259 5459 2480 5530 Mutin.]
2512 5458 2709 5521 tenuit,
2736 5473 2963 5513 munere
2982 5458 3187 5515 scilicet
3211 5458 3453 5529 prafata
3473 5474 3550 5514 se-

1957 5554 2039 5610 dis
2087 5567 2412 5607 concessum
2457 5551 2732 5607 habuisse.
2781 5552 3084 5622 Postquam
3126 5565 3252 5606 vero
3284 5550 3550 5621 superbia

1953 5653 2146 5703 auctor
2173 5653 2230 5698 et
2271 5644 2558 5702 discordia
2587 5643 2915 5708 seminator,
2955 5643 3228 5706 diabolus,
3259 5657 3352 5710 per
3380 5655 3553 5696 mem-

1957 5743 2058 5797 bra
2103 5752 2200 5793 sua
2251 5737 2505 5796 eamdem
2555 5734 2887 5800 Ecclesiam,
2935 5731 3278 5793 contumacia
3323 5731 3552 5789 interve-

3137 5822 3198 5877 19
