4044 6186
499 306 600 357 587

1104 280 1109 285 ν
1176 302 1230 353 S.
1270 298 1589 353 GREGORII
1631 297 1718 359 Vll
1756 295 1947 350 PAPJE
1986 296 2259 350 OPERUM
2312 294 2482 350 PARS
2522 298 2561 349 l.
2601 326 2667 334 ——
2706 293 3109 349 REGISTRUM.

3678 294 3775 347 588

496 430 707 493 niente,
736 444 766 483 a
796 430 1047 483 Romana
1092 421 1306 488 divisit,
1348 436 1471 493 quae
1512 420 1741 485 damna,
1770 436 1892 491 quae
1920 420 2086 475 detri-
2115 425 2168 487 Α
2197 420 2361 477 nibus
2390 420 2675 492 episcopis,
2724 419 3032 483 abbatibus,
3078 416 3393 481 comitibus,
3436 424 3601 485 atque
3640 414 3797 469 mili--

495 529 680 577 menta
718 535 829 575 non
852 516 1017 572 modo
1046 514 1338 585 religionis,
1362 514 1459 569 sed
1490 512 1655 567 etiam
1677 513 1947 567 bonorum
1967 517 2091 568 suo-

494 630 621 669 rum
668 621 843 667 vestra
902 607 1159 679 pertulit,
1210 607 1555 677 maximeque
1600 622 1694 678 per
1741 606 2088 679 tyrannidem

495 710 579 762 Vu
608 747 623 761 .
651 748 663 759 .
691 744 706 756 .
749 746 761 758 .
791 700 1069 771 [Wiberti,
1100 702 1326 766 Harum,
1354 702 1429 753 sic
1451 706 1503 754 et
1532 702 1590 754 in
1619 700 1733 755 cod.
1765 702 1984 767 Mutin.]
2012 698 2088 754 di-

492 799 563 854 cti
590 796 974 867 archiepiscOpi
1004 803 1269 866 quantam
1308 794 1364 848 in
1405 802 1633 865 utraque
1670 810 1729 849 re
1765 793 2089 849 destructio-

494 907 623 946 nem
659 905 910 961 perpessa
957 888 1028 943 sit
1067 888 1198 943 satis
1238 903 1334 942 vos
1382 887 1479 957 ipsi
1530 887 1773 943 novistis.
1807 890 1878 961 Et
1925 887 2087 959 hujus

493 983 714 1055 quidem
744 991 898 1038 tanto
924 980 1261 1037 vesaniorem
1282 980 1685 1036 dilacerationis
1704 960 1953 1036 morsum
1974 997 2089 1035 sus-

492 1077 691 1142 tinuit,
734 1085 941 1148 quanto
990 1091 1117 1130 eum
1171 1074 1598 1143 desperatiorem
1645 1075 1912 1144 impurior
1959 1090 2085 1128 con-

491 1170 716 1226 scientia
740 1178 1048 1224 retrorsum
1067 1167 1217 1223 abire
1239 1168 1472 1239 subegit.
1499 1168 1742 1238 Denique
1763 1167 2083 1235 scelerosus,

490 1264 784 1333 sacrilegus
808 1272 972 1335 atque
996 1262 1261 1334 perjurus,
1293 1271 1586 1333 postquam
1625 1261 1738 1331 [ob]
1772 1260 2084 1333 hujusmodi

490 1356 695 1413 nefaria
726 1357 780 1411 in
810 1356 1099 1412 universali
1124 1355 1333 1428 synodo
1361 1358 1556 1423 [infra,
1590 1355 1645 1410 in
1675 1354 1884 1428 synodo
1910 1358 2077 1410 Rom.

494 1455 594 1518 II],
637 1451 850 1507 cunctis
893 1451 988 1523 qui
1036 1450 1264 1506 aderant
1305 1449 1571 1522 episcOpis
1613 1448 2084 1506 consentientibus

490 1552 652 1616 atque
682 1544 1053 1610 laudantibus,
1083 1544 1249 1616 digna
1286 1543 1399 1599 suis
1429 1544 1676 1601 moribus
1709 1542 2085 1599 damnationis

491 1638 965 1695 animadversione
1007 1638 1269 1693 multatus
1318 1646 1432 1705 est,
1472 1654 1585 1694 non
1625 1637 1914 1693 confestim
1954 1636 2083 1692 resi-

493 1732 703 1804 piscens
732 1732 799 1788 ad
832 1732 952 1788 sani
980 1731 1168 1788 cordis
1202 1731 1488 1787 consilium
1526 1730 1706 1797 rediit,
1744 1732 1843 1787 sed
1872 1739 2083 1802 patrem

489 1801 649 1883 suum
673 1825 955 1884 diabolum
980 1826 1215 1891 imitans,
1250 1826 1461 1896 sibique
1484 1826 1625 1881 iram
1654 1825 1709 1879 in
1732 1826 1820 1880 die
1844 1801 1940 1880 ira:
1973 1823 2083 1880 the-
2112 1801 2163 1866 Β

488 1921 766 1977 saurizans
797 1922 965 1986 (Rom.
1004 1920 1094 1991 II),
1116 1919 1381 1991 quidquid
1409 1922 1626 1990 gravius
1645 1919 1905 1991 cogitare,
1930 1918 2083 1996 quid-

487 2014 618 2086 quid
658 2014 1118 2085 superbissimum
1158 2014 1337 2083 potuit
1376 2013 1574 2069 audere
1609 2013 1831 2068 molitus
1877 2020 1979 2067 est.
2013 2014 2083 2066 Et

487 2107 610 2178 quia
638 2122 697 2162 se
731 2122 897 2160 unam
926 2122 992 2160 ex
1020 2105 1380 2161 nobilissimis
1412 2106 1710 2161 Ecclesiam
1742 2114 1982 2160 vestram
2006 2121 2081 2161 ex

486 2200 723 2256 maxima
768 2208 921 2271 parte
963 2198 1291 2255 destruxisse
1329 2215 1525 2269 parum
1555 2197 1923 2261 existimabat,
1960 2214 2084 2253 san-

485 2300 630 2349 ctam
661 2294 974 2348 Romanam
1009 2291 1217 2357 sedem,
1248 2292 1389 2347 sicut
1414 2308 1608 2348 omnes
1637 2301 1821 2363 aperte
1858 2301 2077 2358 norunt,

487 2385 767 2451 invadere,
798 2400 1098 2456 secumque
1135 2400 1261 2439 eam
1290 2386 1349 2439 in
1380 2385 1597 2440 ruinam
1631 2394 1685 2441 et
1721 2386 2081 2456 pracipitium

490 2479 703 2535 trahere
747 2486 830 2534 est
865 2478 1180 2533 meditatus.
1222 2478 1462 2533 Proinde
1503 2478 1765 2548 quoniam
1809 2493 1935 2546 nos,
1982 2494 2080 2550 pro

483 2573 774 2628 eminentia
823 2572 927 2631 loci
964 2571 1073 2639 cui,
1117 2574 1234 2627 Deo
1275 2579 1519 2637 auctore,
1562 2571 1810 2641 quamvis
1845 2572 2073 2644 indigni,

410 2716 419 2721 ,
482 2666 856 2737 ρῐωεὶὰθωιιε,
887 2681 1015 2720 cum
1040 2663 1472 2720 sollicitudinem
1498 2674 1752 2720 nostram
1788 2680 2082 2721 monemur

480 2760 740 2815 universis
782 2758 1094 2825 extendere,
1137 2766 1259 2813 tum
1288 2758 1440 2813 circa
1482 2758 1890 2829 quodammodo
1921 2759 2081 2815 nobis

477 2852 884 2923 conjunctiores
948 2851 1254 2922 diligentius
1314 2851 1702 2922 compellimur
1769 2852 2081 2924 invigilare,

478 2946 736 3001 Ecclesiae
772 2954 972 3001 vestrae
1001 2944 1437 2999 devastationem
1472 2961 1583 3000 non
1627 2945 1859 3000 alienam
1889 2953 2083 3016 putan-

474 3047 576 3107 tes,
619 3038 715 3095 sed
747 3039 903 3110 quasi
930 3047 1155 3103 nostra,
1199 3038 1356 3110 cujus
1376 3039 1623 3110 specialis
1662 3038 1767 3093 ﬁlia
1804 3048 1909 3104 est,
1955 3055 2084 3094 con-

475 3132 752 3195 doientes,
800 3148 928 3188 cum
975 3132 1207 3186 consilio
1254 3139 1417 3202 atque
1463 3132 1661 3186 auxilio
1692 3133 1941 3188 omnium
1994 3147 2075 3187 ve-

474 3234 650 3282 strum
676 3226 769 3297 qui
793 3229 973 3281 Deum
994 3224 1217 3291 timetis,
1242 3224 1500 3279 volumus
1524 3232 1579 3280 et
1600 3223 1983 3281 desideramus
2004 3224 2077 3281 ad

475 3319 761 3390 antiquum
804 3318 1083 3389 specimen
1128 3327 1182 3373 et
1220 3318 1497 3389 religionis
1542 3326 1769 3385 statum,
1819 3318 1871 3373 in
1912 3334 2075 3391 quan-

474 3424 617 3480 tum,
657 3413 899 3469 Domino
928 3411 1207 3483 largiente,
1252 3412 1577 3482 poterimus,
1627 3428 1748 3467 eam
1792 3411 2074 3469 reducere.

474 3507 646 3576 Igitur
675 3506 768 3561 illo
806 3504 1025 3576 putrido
1064 3504 1313 3560 membro
1353 3505 1533 3576 gladio
1567 3507 2079 3562 excommunicatio-

478 3600 564 3655 nis
605 3600 812 3665 exciso,
860 3607 1022 3669 atque
1072 3599 1149 3653 ita
1179 3607 1241 3652 ut
1282 3598 1422 3653 inter
1468 3599 1780 3654 sacerdotes
1811 3600 1978 3655 etiam
2025 3600 2078 3653 in

476 3702 754 3748 aeternum
782 3707 896 3746 non
933 3691 1131 3746 debeat
1177 3692 1573 3747 connumerari
1620 3692 1902 3763 deposito,
1947 3692 2078 3748 dile-

474 3786 715 3840 ctionem
745 3792 983 3838 vestram
1023 3799 1319 3839 monemus
1346 3798 1409 3839 ac
1437 3800 1537 3855 pro
1573 3784 1745 3840 salute
1791 3794 1968 3841 vestra
1996 3801 2077 3841 ro-

475 3893 670 3951 gamus
719 3885 779 3931 ut
820 3884 943 3931 toto
968 3874 1175 3931 affectu
1219 3877 1531 3948 mentisque
1563 3877 1873 3935 intentione
1906 3880 2075 3933 talem

473 3986 767 4043 personam
812 3984 920 4025 una
961 3985 1091 4024 cum
1122 3967 1491 4024 contratribus
1534 3971 1737 4026 nostris
1781 3970 2076 4042 episcopis,

472 4073 529 4121 et
557 4062 945 4120 archidiacono
978 4061 1303 4129 caeterisque
1326 4061 1588 4127 diaconis,
1628 4079 1768 4134 quos
1791 4073 2077 4135 propterea

471 4158 544 4215 ad
574 4174 668 4212 vos
695 4165 883 4211 nostra
924 4156 1036 4211 vice
1077 4155 1374 4211 direximus
1402 4156 1666 4212 studeatis
1701 4158 1921 4229 eligere,
1954 4176 2078 4231 quae

468 4258 631 4307 tanto
660 4249 880 4316 honori,
926 4249 1135 4303 scilicet
1172 4249 1331 4304 vestri
1374 4248 1879 4321 archiepiscopatus
1925 4253 2076 4322 regi—

470 4344 624 4410 mini,
659 4342 965 4397 secundum
999 4346 1182 4397 Deum
1208 4341 1451 4398 videatur
1481 4352 1811 4415 competere.
1840 4348 1961 4401 Non
1991 4346 2071 4400 ul-

469 4437 639 4492 terius
678 4435 977 4491 Ecclesiam
1009 4443 1244 4490 vestram
1273 4436 1513 4491 ancillari
1549 4437 1812 4492 servitute
1841 4440 2077 4510 Opprimi

2203 514 2345 570 tibus
2376 516 2429 569 in
2450 514 2706 585 parochia
2732 511 3053 577 Ravennati,
3081 521 3134 566 et
3155 510 3211 565 in
3230 509 3531 577 Pentapoli,
3557 523 3657 562 nec
3672 524 3777 563 non

2200 616 2255 664 et
2284 609 2337 663 in
2360 607 2599 663 marchia
2638 608 2915 673 Firmana,
2942 613 2995 660 et
3024 605 3080 658 in
3107 603 3308 659 ducatu
3330 600 3603 672 Spoletino
3631 617 3776 656 com-

2198 702 2558 771 morantibus,
2599 701 2701 755 illis
2732 699 2982 755 videlicet
3016 697 3106 768 qui
3136 696 3357 751 beatum
3395 696 3618 749 Petrum
3659 693 3773 748 dili-

2197 804 2351 867 gunt,
2402 810 2574 867 neque
2610 794 2838 849 vinculis
2882 789 3462 847 excommunicationis
3510 795 3772 857 tenentur,

2198 889 2427 944 salutem
2463 896 2518 943 et
2545 886 2899 959 apostolicam
2948 883 3406 941 benedictionem.

2267 985 2473 1039 Notum
2519 982 2675 1038 vobis
2712 997 2829 1037 esse
2872 978 3169 1043 credimus,
3216 976 3406 1032 fratres
3447 975 3776 1043 charissimi,

2197 1078 2323 1147 quia
2366 1077 2566 1148 ubique
2611 1085 2877 1130 terrarum
2924 1072 3155 1144 religiosi
3198 1071 3297 1125 viri
3336 1068 3517 1125 clerici
3563 1078 3615 1124 et
3662 1068 3778 1123 laici

2197 1187 2292 1241 per
2313 1170 2544 1243 gratiam
2563 1170 2663 1224 Dei
2690 1185 2792 1224 nos
2821 1167 3072 1238 diligunt,
3098 1173 3152 1221 et
3175 1180 3237 1221 ea
3268 1180 3391 1235 qua:
3418 1163 3645 1219 dicimus
3671 1162 3782 1218 sive

2197 1257 2542 1336 praecipimus
2568 1263 2798 1319 libenter
2833 1261 3138 1333 approbant
3165 1266 3223 1314 et
3249 1256 3569 1313 obedienter
3608 1255 3782 1311 susci-

2197 1359 2374 1429 piunt,
2406 1358 2483 1412 illi
2529 1357 2778 1412 videlicet
2805 1355 2893 1427 qui
2918 1354 3189 1426 justitiam
3228 1352 3551 1407 discernunt
3599 1358 3654 1405 et
3699 1350 3779 1404 in-

2195 1453 2495 1507 tentionem
2529 1460 2779 1507 nostram
2810 1446 3165 1520 cognoscunt.
3196 1445 3405 1501 Inimici
3437 1454 3622 1500 autem
3651 1460 3781 1498 cru-

2196 1546 2272 1602 cis
2312 1545 2533 1613 Christi,
2584 1544 2695 1600 imo
2724 1544 2910 1598 hostes
2947 1542 3256 1597 animarum
3286 1555 3533 1606 suarum,
3578 1538 3634 1593 in
3682 1552 3781 1593 nos

2193 1641 2492 1712 insurgere,
2515 1647 2590 1705 et,
2620 1637 2912 1694 dementiae
2938 1636 3177 1693 caecitate
3204 1633 3455 1706 perculsi,
3476 1640 3662 1688 contra
3695 1647 3782 1687 sa-

2195 1736 2362 1790 lutem
2407 1749 2584 1799 suam,
2615 1740 2861 1787 sanctam
2896 1730 3195 1786 Ecclesiam
3232 1728 3550 1784 conculcare
3580 1742 3781 1781 conan-

2190 1837 2298 1885 tur.
2344 1827 2505 1898 Quod
2550 1826 2789 1882 multum
2833 1824 3079 1897 profecto
3128 1821 3464 1896 gaudemus,
3510 1820 3784 1875 intuentes

2191 1923 2312 1978 illos
2341 1922 2433 1993 qui
2462 1924 2644 1976 Deum
2669 1920 2907 1991 diligunt
2936 1917 3101 1975 rebus
3120 1916 3323 1973 nostris
3352 1916 3564 1981 favere;
3589 1923 3641 1969 et
3674 1928 3782 1969 non

2191 2016 2312 2083 hos,
2346 2015 2438 2071 sed
2489 2015 2612 2069 illos
2644 2014 2906 2070 duntaxat
2948 2012 3042 2085 qui
3072 2011 3308 2067 oderunt
3347 2009 3591 2064 animam
3621 2022 3781 2062 suam

2195 2110 2361 2181 (Psal.
2404 2108 2466 2179 χ)
2498 2106 2747 2162 inimicos
2775 2106 2933 2162 nobis
2963 2105 3212 2161 existere.
3260 2104 3509 2171 Quorum
3558 2100 3785 2172 quidem

2193 2201 2382 2259 odium
2420 2201 2519 2257 hac
2559 2201 2796 2256 maxime
2840 2200 2906 2256 de
2948 2215 3133 2266 causa,
3164 2199 3306 2253 sicut
3357 2212 3452 2251 vos
3496 2194 3672 2261 scitis,
3706 2195 3786 2249 in-

2191 2295 2484 2363 currimus,
2522 2294 2644 2367 quia
2671 2296 2815 2366 ipsos
2841 2294 2908 2349 de
2936 2293 3145 2364 laqueis
3182 2289 3383 2347 diaboli
3421 2304 3611 2344 eruere
3638 2298 3698 2342 et
3721 2286 3786 2342 ad

2191 2391 2375 2446 sinum
2422 2389 2616 2443 matris
2663 2386 2920 2443 Ecclesize
2968 2386 3229 2441 reducere
3291 2384 3620 2438 curavimus.
3676 2385 3785 2437 Vos

2192 2485 2394 2556 itaque,
2436 2499 2574 2555 quos
2603 2483 2671 2537 ab
2702 2482 2925 2537 illorum
2964 2478 3189 2551 perﬁdia
3216 2486 3457 2532 remotos
3486 2484 3541 2531 et
3569 2476 3783 2531 alienos

2191 2580 2600 2641 existimamus,
2666 2584 2919 2647 oportere
2964 2582 3095 2630 tunc
3140 2571 3413 2627 credimus
3459 2579 3518 2625 ut
3558 2570 3781 2640 qualem

2190 2673 2437 2727 habeatis
2466 2671 2712 2726 animum
2761 2669 2900 2723 circa
2930 2684 3051 2734 nos,
3083 2666 3198 2721 imo
3241 2668 3302 2721 B.
3342 2666 3587 2732 Petrum,
3631 2663 3787 2735 cujus

2190 2768 2323 2836 vice,
2371 2766 2497 2821 licet
2539 2764 2762 2835 indigni,
2805 2761 3104 2833 fungimur,
3145 2757 3572 2825 demonstretis;
3613 2765 3673 2812 et
3722 2756 3784 2824 si,

2191 2858 2664 2930 quemadmodum
2688 2855 3037 2921 arbitramur,
3068 2870 3163 2910 vos
3193 2852 3421 2908 ﬁdeliter
3442 2850 3643 2922 geritis,
3676 2866 3785 2906 ma-

2190 2952 2402 3009 nifestis
2446 2950 2680 3015 indiciis,
2720 2965 2847 3003 cum
2891 2956 3111 3016 tempus
3147 2945 3302 3001 adest
3337 2954 3389 2999 et
3420 2960 3503 2999 res
3528 2952 3788 3014 expostu-

2192 3046 2284 3111 lat,
2314 3044 2613 3101 declaretis.
2645 3046 2740 3097 Est
2759 3050 2943 3097 autem
2968 3041 3024 3095 in
3048 3054 3155 3110 quo
3172 3038 3521 3094 devotionem
3547 3044 3789 3091 vestram

2192 3138 2407 3210 egregie
2446 3136 2671 3209 potestis
2712 3133 3024 3198 ostendere,
3068 3132 3111 3187 si
3140 3131 3355 3186 decreta
3391 3140 3554 3202 atque
3583 3138 3790 3185 statuta

2191 3232 2335 3289 sedis
2377 3232 2693 3303 apostolicae
2744 3246 2841 3300 pro
2896 3243 3054 3298 posse
3103 3234 3283 3281 vestro
3342 3224 3571 3280 studetis
3621 3233 3789 3295 atque

2190 3325 2431 3397 satagitis
2468 3323 2744 3395 adjuvare.
2794 3323 2966 3393 Igitur
3004 3324 3379 3375 Ravennatem
3418 3316 3791 3386 archiepisco-

2190 3436 2317 3494 pum
2348 3420 2569 3475 fratrem
2594 3425 2846 3472 nostrum
2876 3418 3017 3470 R....
3050 3429 3213 3485 quem
3245 3420 3368 3483 post
3396 3411 3584 3481 longas
3614 3418 3679 3465 et
3708 3410 3787 3464 in-

2187 3530 2445 3571 numeras
2474 3525 2828 3584 pervasorum
2858 3507 3245 3577 occupationes
3283 3504 3612 3574 nuperrime,
3642 3504 3787 3559 sicut

2188 3609 2323 3665 olim
2353 3624 2383 3663 a
2412 3607 2571 3662 beato
2600 3607 2761 3658 Petro
2795 3600 3187 3673 Apollinarem,
3221 3599 3291 3653 ita
3322 3613 3471 3652 nunc
3496 3600 3791 3652 Ravennas

2188 3703 2256 3757 ab
2287 3701 2520 3757 Ecclesia
2552 3701 2801 3753 Romana
2832 3694 3030 3749 meruit
3053 3693 3315 3762 accipere,
3350 3689 3595 3745 studium
3628 3689 3788 3745 vobis

2185 3797 2279 3867 sit,
2309 3804 2429 3850 tum
2461 3801 2683 3865 propter
2712 3804 2961 3847 amorem
2984 3786 3314 3842 sanctissimi
3342 3783 3599 3856 martyris
3626 3785 3789 3856 cujus

2187 3889 2317 3945 sede
2343 3897 2397 3943 et
2415 3885 2651 3958 reliquiis
2678 3884 2765 3938 illa
2792 3882 3087 3939 decoratur
3111 3878 3346 3935 Ecclesia
3367 3920 3381 3945 ,
3412 3887 3529 3933 tum
3558 3885 3789 3949 prapter

2185 3981 2500 4055 apostolicae
2547 3979 2691 4035 sedis
2737 3977 2977 4033 debitam
3020 3972 3405 4039 reverentiam,
3460 3971 3706 4028 consiliis
3736 3979 3789 4027 et

2186 4076 2400 4133 auxiliis
2447 4073 2641 4129 vestris
2684 4070 3041 4136 conﬁrmare,
3087 4076 3252 4137 atque
3302 4065 3349 4120 ei
3395 4071 3584 4119 contra
3637 4064 3789 4119 illius

2186 4169 2359 4226 sancti
2401 4168 2505 4224 loci
2537 4165 2869 4235 sacrilegum
2912 4162 3343 4231 damnatumque
3379 4157 3789 4213 devastatorem

2187 4266 2365 4319 Vu....
2400 4260 2583 4317 modis
2625 4257 2881 4314 omnibus
2904 4255 3211 4311 subvenire.
3241 4251 3590 4321 Praecipimus
3620 4266 3787 4306 nam-

2187 4373 2292 4428 que
2321 4365 2399 4425 ut,
2440 4355 2596 4427 juxta
2634 4350 2925 4408 consilium
2962 4348 3120 4419 legati
3152 4344 3323 4400 nostri
3353 4345 3447 4416 qui
3476 4342 3656 4399 defert
3690 4345 3790 4400 has

2186 4450 2395 4505 litteras
2422 4489 2437 4515 ,
2487 4446 2748 4519 praedicto
2809 4440 3068 4499 confratri
3113 4446 3303 4495 nostro
3366 4437 3787 4509 archiepiscopo

469 4530 537 4586 ab
582 4528 765 4601 impiis
807 4529 1062 4585 mallibus
1110 4529 1412 4600 Ρδῐίδῐηίυίν
1457 4530 1572 4598 δθά,
1613 4530 1754 4586 Sicut
1794 4531 1923 4587 boni
1952 4532 2065 4596 ﬁlii,
2101 4556 2154 4621 ι)
2180 4542 2473 4601 consilium
2513 4550 2567 4597 et
2593 4539 2860 4596 auxilium
2888 4546 3133 4593 vestrum
3172 4534 3247 4590 ita
3283 4533 3519 4589 ﬁrmiter
3544 4535 3787 4604 promit-

469 4640 591 4681 eam
624 4622 911 4679 nobiscum
944 4622 998 4677 in
1030 4630 1365 4691 maternam,
1395 4623 1500 4679 hoc
1539 4632 1622 4679 est
1649 4627 1920 4681 Romana;
1960 4627 2067 4680 Ec-

468 4712 677 4779 clesiae,
724 4711 1028 4767 libertatem
1082 4712 1355 4767 vindicare
1399 4712 1656 4784 satagite,
1701 4723 1969 4784 quatenus
2013 4722 2070 4769 et

469 4801 740 4857 honorem
772 4802 903 4869 Dei,
937 4802 1070 4857 dum
1113 4817 1329 4873 sponsa
1360 4802 1507 4873 ejus,
1543 4814 1749 4859 sancta:
1780 4805 2059 4873 Ecclesize,

462 4890 774 4946 libertatem
802 4889 1043 4962 diligitis,
1077 4905 1173 4945 vos
1203 4890 1508 4946 ostendatis
1528 4907 1734 4958 amare,
1765 4902 1821 4947 et
1847 4901 2068 4949 aeternae

466 4978 771 5035 beatudinis
816 4978 1225 5045 hereditatem,
1278 4979 1434 5049 quasi
1490 4979 1640 5034 liberi
1685 4980 1813 5048 ﬁlii,
1862 4982 2061 5038 merito

462 5067 679 5139 possitis
707 5076 760 5122 et
791 5065 1033 5121 debeatis
1060 5080 1300 5136 sperare.

532 5162 674 5215 Data
703 5157 887 5214 Idibus
917 5156 1193 5212 Octobris.

979 5250 1332 5303 EPISTOLA
1390 5250 1541 5304 XIV.

546 5362 629 5402 AD
658 5358 1076 5411 RAVBNNATBS,
1107 5356 1437 5407 FIBMANOS,
1472 5358 1548 5398 ΒΤ
1581 5357 1970 5403 δΡοιΒΤιΝοε.

1060 5441 1242 5503 (Anno
1288 5437 1466 5507 1080.)

463 5530 805 5589 Commendat
839 5531 911 5583 eis
952 5530 1169 5583 electum
1205 5532 1541 5584 Ravennatis
1581 5534 1825 5587 Ecclesia
1871 5536 2056 5590 archi-

531 5604 851 5673 episcopum.
914 5603 1177 5655 Hortatur
1233 5604 1294 5653 ut
1338 5603 1387 5654 ei
1427 5602 1660 5673 debitam
1710 5610 2055 5663 reverentiam

529 5672 836 5734 exhibeant,
862 5675 1233 5741 praecipueque
1254 5677 1439 5725 contra
1462 5672 1614 5730 illius
1634 5677 1875 5732 Ecclesia
1903 5680 2055 5734 dam.

530 5752 720 5799 natum
746 5746 1139 5799 devastatorem
1167 5743 1445 5812 adjacent.

528 5838 883 5894 Gnaoomus
902 5836 1215 5907 episcOpus,
1236 5851 1427 5892 servus
1455 5855 1736 5895 servorum
1768 5842 1888 5909 Dei,
1924 5858 2050 5897 om-

2176 4637 2322 4703 tatis,
2354 4645 2437 4700 ut,
2468 4634 2600 4689 dum
2626 4632 2837 4688 inimici
2867 4630 3158 4695 audierint,
3185 4627 3347 4684 rebus
3366 4626 3481 4682 suis
3508 4636 3787 4697 cogantur

2176 4739 2232 4787 et
2259 4731 2385 4803 jure
2425 4728 2633 4800 possint
2673 4727 2905 4793 timere;
2946 4741 3073 4780 cum
3117 4738 3247 4779 vero
3279 4721 3438 4778 amici
3485 4727 3539 4777 et
3590 4721 3789 4777 ﬁdeles

2175 4824 2350 4880 nostri
2392 4820 2760 4897 cognoverint,
2802 4835 2911 4876 una
2951 4818 3239 4874 nobiscum
3285 4815 3353 4872 de
3383 4814 3673 4887 promissis
3699 4831 3787 4870 ve-

2176 4918 2302 4973 stris
2331 4916 2635 4972 certissime
2656 4922 2860 4987 queant
2884 4927 3123 4984 sperare.

2245 5012 2384 5063 Data
2412 5005 2574 5061 tertio
2607 5004 2737 5061 Idus
2768 5002 3113 5059 Decembris.

2702 5106 3051 5161 EPISTOLA
3114 5104 3241 5159 XV.

2669 5214 2765 5253 AD
2799 5212 3237 5254 VALVBNSBS.

2757 5298 2941 5357 (Anno
3004 5297 3185 5356 1080.)

2168 5384 2446 5443 Invehitur
2472 5388 2529 5440 in
2565 5386 2957 5440 Trasmundum
2989 5385 3289 5454 quemdam,
3313 5386 3410 5452 qui
3441 5399 3476 5438 α
3514 5398 3569 5438 se
3607 5386 3781 5437 incre-

2232 5463 2399 5529 patus
2428 5460 2571 5526 quod
2599 5460 2961 5529 episcopatum
2984 5458 3273 5521 dimiserit,
3297 5461 3350 5529 et
3375 5456 3783 5529 monitusgnese

2243 5523 2299 5584 in
2343 5546 2398 5584 eo
2434 5523 2676 5598 ampli-ns
2715 5523 3037 5591 intruderet,
3067 5542 3229 5582 ausus
3272 5528 3344 5580 sit
3381 5529 3555 5598 ipsam
3595 5523 3783 5579 Eccle-

2237 5603 2375 5656 siam
2405 5597 2717 5670 pervadere.
2764 5603 3018 5669 Praecipit
3066 5600 3272 5652 nullam
3316 5600 3367 5651 ei
3415 5597 3778 5670 obedientiam

2240 5668 2501 5739 exhiberi,
2524 5672 2615 5726 sed
2642 5673 2777 5726 bona
2806 5668 3032 5726 ecclesia:
3058 5671 3122 5724 de
3161 5670 3410 5723 manibus
3441 5668 3559 5736 ejus
3601 5669 3772 5739 eripi.

2237 5745 2514 5814 legatoque
2531 5744 2829 5812 apostolica:
2842 5743 2982 5798 sedis
3004 5744 3059 5796 in
3073 5758 3143 5796 ea
3164 5757 3220 5797 re
3233 5741 3504 5795 auaritiam
3515 5738 3775 5808 praberi.

2232 5845 2590 5905 Gnscoaws
2613 5845 2917 5917 episcopus,
2944 5858 3134 5900 servus
3160 5857 3451 5899 servorum
3483 5840 3604 5907 Dei,
3637 5840 3783 5893 om-i
