4044 6164
282 283 356 335 589

1326 279 1521 334 LIBER
1558 279 1886 334 OCTAVUS.
1932 310 1995 318 —-
2038 279 2241 335 EPIST.
2281 282 2436 337 XVII.

3425 289 3529 341 590

277 404 403 459 nibus
451 404 504 458 in
532 404 847 475 episcopatu
891 403 1142 460 Valvensi
1172 404 1543 474 [Valvanensi]
1579 394 1829 459 habitan-
1858 408 1907 470 Α
1940 413 2092 475 parte
2120 404 2269 461 beati
2315 405 2461 461 Petri
2500 408 2855 479 pracipimus
2882 408 3037 465 vobis
3072 416 3135 463 ut
3184 409 3533 467 Narbonensi

277 496 404 565 tibus,
435 497 747 569 majoribus,
791 506 954 565 atque
999 497 1321 562 minoribus,
1366 496 1477 552 sive
1506 484 1831 569 potestatem

273 592 319 646 in
349 607 400 646 eo
446 590 791 658 habentibus,
823 590 915 661 qui
970 592 1197 663 gratiam
1231 591 1371 646 beati
1403 591 1551 646 Petri
1578 590 1829 663 cupiunt,

271 685 469 741 salutem
496 692 553 739 et
584 683 937 756 apostolicam
968 683 1422 741 benedictionem.

329 776 735 834 Transmundus
761 785 938 833 vester
977 776 1149 833 dictus
1189 779 1472 851 episcopus
1518 776 1587 833 ad
1615 794 1720 833 nos
1748 793 1833 832 ve-

268 873 354 937 nit,
380 887 547 944 quem
599 871 857 926 nimirum
886 886 989 926 nos
1043 871 1196 927 duris
1225 872 1404 926 verbis
1444 871 1828 942 increpuimus,

268 973 531 1037 propterea
565 964 712 1036 quod
743 965 1118 1037 episcopatum
1149 965 1265 1022 sine
1290 966 1507 1022 ratione
1534 964 1831 1021 dimiserat.

267 1060 614 1130 Prmcepimus
638 1058 805 1114 etiam
832 1058 930 1126 illi,
962 1046 1184 1131 propter
1209 1058 1375 1114 istam
1427 1058 1742 1126 stultitiam,
1771 1066 1835 1113 ut

264 1153 323 1210 de
345 1153 653 1225 episcopatu
707 1168 767 1208 se
794 1151 990 1209 deinde
1025 1169 1137 1209 non
1165 1152 1575 1221 intromitteret,
1608 1150 1704 1207 sed
1731 1152 1835 1207 iret

262 1247 319 1303 ad
337 1249 577 1302 Montem
595 1247 902 1314 Cassinum,
930 1246 1117 1318 ibique
1133 1245 1322 1302 tandiu
1351 1256 1494 1302 esset
1509 1245 1684 1302 donec
1705 1261 1834 1301 cum

259 1341 359 1413 ipso
402 1339 614 1413 praefati
642 1340 748 1395 loci
779 1340 971 1396 abbate
1016 1340 1240 1411 aliisque
1292 1339 1559 1413 religiosis
1601 1347 1656 1395 et
1701 1355 1831 1410 pru-

257 1433 499 1493 dentibus
531 1433 661 1490 viris
688 1434 980 1491 consilium
1023 1449 1342 1506 caperemus
1370 1434 1501 1505 quid
1538 1432 1606 1490 de
1636 1433 1729 1489 illo
1776 1441 1833 1489 et

256 1539 425 1586 vestra
441 1527 685 1584 Ecclesia
704 1537 847 1584 esset
872 1528 1201 1585 faciendum.
1234 1527 1394 1597 Quod
1422 1536 1673 1584 nostrum
1703 1543 1837 1600 prae-

248 1633 458 1696 ceptum
482 1622 647 1693 (sicut
675 1621 980 1679 audivimus
1005 1627 1023 1689 )
1048 1630 1426 1690 contemnens,
1455 1631 1510 1678 et
1525 1638 1621 1694 per
1648 1622 1837 1677 inobe-

247 1717 503 1776 dientiam
530 1716 854 1773 idololatriae
878 1716 1055 1773 scelus
1097 1717 1402 1785 incurrens,
1435 1732 1598 1773 ausus
1641 1724 1724 1771 est
1747 1732 1839 1771 ec-

1938 499 2212 569 Ecclesizn,
2235 499 2356 571 jam
2388 516 2450 555 ex
2491 500 2652 574 longo
2680 508 2930 574 tempore
2967 520 2998 557 a
3025 501 3292 558 membris
3318 503 3529 560 diaboli

1938 606 2199 661 pervasze,
2250 602 2500 684 prompte
2552 593 2968 665 subvenientes,
3003 594 3231 653 fratrem
3278 593 3540 653 nostrum

1938 684 2285 741 Dalmatium
2310 688 2809 761 archiepiscopum,
2830 706 2997 762 quem
3020 691 3241 747 tandem
3263 690 3532 748 canonice

1937 787 1991 833 et
2020 779 2326 835 secundum
2364 783 2669 838 Dominum
2699 783 2932 839 electum
2969 793 3024 839 et
3049 785 3374 842 ordinatum
3405 802 3525 841 me-

1939 873 2050 927 ruit
2079 874 2348 945 accipere,
2405 875 2585 933 modis
2634 878 2890 933 omnibus
2918 878 3185 935 studeatis
3228 878 3527 951 adjuvare;

1940 965 2016 1020 illi
2047 982 2175 1022 vero
2224 970 2523 1039 pervasori,
2567 970 2659 1041 qui
2700 987 2813 1026 non
2837 987 2934 1042 per
2971 973 3199 1041 ostium,
3230 982 3294 1028 ut
3320 983 3530 1044 pastor,

1938 1058 2037 1115 sed
2060 1060 2302 1129 aliunde,
2332 1070 2396 1116 ut
2440 1061 2531 1118 fur
2566 1072 2621 1119 et
2645 1063 2787 1119 latro
2832 1065 3135 1136 ingressus,
3164 1081 3295 1122 oves
3321 1065 3528 1121 Christi

1940 1160 2145 1209 mactat
2160 1163 2215 1210 et
2234 1155 2414 1226 perdit
2431 1160 2602 1223 (Joan.
2636 1160 2721 1227 χ),
2749 1158 2862 1214 imo
2882 1157 3104 1215 diabolo
3135 1157 3331 1227 tradit,
3349 1159 3533 1216 modis

1940 1247 2141 1318 quibus
2170 1250 2399 1318 potestis
2445 1252 2702 1319 resistite,
2747 1252 2793 1307 si
2836 1254 3076 1324 gratiam
3134 1252 3530 1323 omnipotentis

1941 1341 2049 1397 Dei
2073 1340 2397 1398 desideratis
2416 1344 2685 1400 obtinere.
2708 1345 2871 1417 Agite
2890 1361 3041 1419 ergo,
3063 1354 3118 1402 et
3136 1346 3366 1402 omnino
3404 1361 3502 1416 pro
3520 1374 3538 1384 -

1939 1443 2125 1491 curate
2154 1436 2377 1493 beatum
2394 1440 2636 1507 Petrum,
2678 1440 3055 1510 apostolorum
3079 1440 3401 1511 principem,
3440 1456 3536 1496 vo-

1943 1528 2029 1585 bis
2069 1529 2399 1602 adjutorem,
2447 1532 2561 1588 imo
2608 1532 2916 1589 debitorem
2959 1531 3163 1599 facere,
3215 1534 3311 1605 qui
3356 1541 3538 1603 potest

1946 1622 2102 1679 vobis
2125 1623 2288 1697 hujus
2311 1625 2438 1680 vitae
2465 1633 2518 1680 et
2545 1625 2745 1682 futurae
2767 1626 3001 1683 salutem
3028 1635 3084 1681 et
3114 1626 3383 1682 honorem
3402 1625 3536 1682 dare

1949 1717 2031 1772 vel
2058 1717 2264 1787 tollere,
2290 1720 2492 1791 quique
2511 1721 2685 1775 nescit
2713 1719 2900 1777 ﬁdeles
2926 1735 3057 1775 suos
3077 1719 3411 1792 relinquere,
3441 1718 3539 1776 sed

248 1812 473 1868 clesiam
530 1809 883 1867 interdictam
923 1811 992 1866 ad
1056 1820 1417 1882 augmentum
1460 1809 1687 1865 malitiae
1725 1824 1838 1865 suae
1870 1782 1918 1844 Β
1947 1810 2132 1881 potius
2155 1813 2311 1867 novit
2339 1813 2593 1883 superbis
2617 1813 2869 1869 resistere
2890 1854 2906 1881 ,
2936 1822 2992 1869 et
3024 1812 3380 1882 confundere,
3427 1811 3538 1870 hu-

246 1904 565 1978 pervadere,
595 1921 830 1976 eamque
849 1921 998 1960 nunc
1029 1906 1380 1975 pertinaciter
1402 1921 1512 1960 non
1533 1904 1729 1959 metuit
1752 1919 1843 1958 oc-

244 2016 462 2071 cupare.
507 1998 742 2055 Proinde
772 1998 1072 2070 apostolica
1118 1999 1447 2053 auctoritate
1490 1990 1842 2068 praeeipimus

248 2093 400 2150 vobis
425 2100 511 2160 ut,
542 2093 589 2148 si
617 2094 853 2165 gratiam
874 2093 977 2147 Dei
1005 2100 1061 2147 et
1084 2091 1231 2147 beati
1261 2092 1406 2148 Petri
1437 2091 1688 2164 diligitis,
1722 2091 1839 2145 ani-

247 2203 576 2260 marumque
635 2194 943 2242 vestrarum
991 2185 1296 2257 periculum
1370 2186 1607 2248 timetis,
1661 2184 1842 2241 nullus

246 2290 494 2337 vestrum
530 2280 899 2353 episcopalem
926 2280 1291 2335 reverentiam
1320 2278 1400 2334 illi
1427 2277 1700 2345 exhibeat,
1722 2277 1838 2341 sed,

249 2376 392 2431 bona
426 2375 672 2432 ecclesia:
691 2373 759 2431 de
786 2372 1046 2429 manibus
1080 2373 1225 2428 illius
1250 2373 1563 2443 eripientes,
1591 2387 1719 2427 eum
1740 2374 1844 2427 sic-

249 2478 307 2523 ut
352 2471 673 2525 invasorem
718 2466 994 2535 habeatis,
1038 2475 1093 2522 et
1145 2482 1229 2522 res
1258 2466 1499 2522 ecclesiae
1522 2482 1591 2521 ne
1638 2464 1841 2521 distra-

251 2562 376 2619 here
406 2563 588 2619 valeat
622 2580 653 2617 a
680 2570 950 2633 potestate
971 2561 1146 2631 ipsius
1166 2559 1492 2616 defendatis.
1548 2559 1842 2615 Nihilomi-

252 2672 357 2712 nus
384 2673 599 2730 quoque
620 2655 953 2711 mandamus
982 2662 1045 2710 ut
1069 2652 1199 2709 huic
1217 2654 1397 2726 legato
1424 2661 1618 2709 nostro
1646 2653 1847 2707 Joanni

252 2749 612 2819 subdiacono,
642 2764 807 2821 quem
834 2747 904 2804 ad
932 2747 1039 2804 hoc
1056 2747 1211 2803 vobis
1229 2746 1549 2814 direximus,
1581 2745 1848 2801 auxilium

256 2844 312 2898 in
340 2843 427 2899 his
454 2859 578 2916 qua
623 2843 933 2900 necessaria
981 2840 1187 2898 fuerint
1224 2840 1546 2912 praebeatis,
1578 2848 1846 2911 quatenus

254 2937 372 3007 ipse
397 2954 503 2992 una
537 2936 822 2993 vobiscum
848 2952 973 3008 quae
1000 2936 1058 2993 in
1085 2935 1190 2990 hac
1217 2950 1275 2991 re
1304 2934 1556 2990 facienda
1581 2942 1705 2989 sunt
1736 2949 1851 2988 me-

258 3029 362 3085 lius
393 3030 566 3102 possit
589 3031 839 3101 implere.

326 3127 477 3180 Data
509 3124 753 3180 secundo
783 3123 912 3179 Idus
932 3121 1271 3179 Decembris.

791 3227 1138 3282 EPISTOLA
1178 3226 1331 3281 XVI.

931 3343 1015 3382 AD
1048 3343 1109 3383 N.
1153 3343 1213 3382 N.

857 3431 1040 3493 (Anno
1086 3434 1267 3494 1080.)

244 3528 477 3584 laudat
494 3528 639 3598 quod
656 3533 951 3599 parentum
983 3545 1202 3584 suorum
1225 3530 1463 3598 vestigia
1483 3530 1689 3583 imitati
1710 3528 1860 3582 devo-

328 3605 445 3656 tum
494 3603 738 3655 anniman
784 3617 913 3673 erga
965 3604 1255 3657 Romanam
1305 3601 1595 3657 Ecclesium
1647 3604 1857 3668 gerant,

326 3677 498 3742 utque
513 3674 575 3726 in
598 3688 655 3727 eo
682 3674 742 3726 in
762 3672 874 3726 dies
901 3675 1078 3741 magis
1104 3674 1392 3742 proficiant
1413 3674 1684 3727 hortatur.
1715 3672 1860 3727 Com-

328 3743 552 3798 mendat
604 3745 679 3798 eis
736 3745 1088 3805 Dalmatium,
1112 3745 1575 3815 archiepiscopum
1654 3743 1859 3799 Narbo-

332 3817 514 3871 nmsis
553 3815 801 3871 Ecclesiae
855 3817 1099 3871 canonice
1126 3816 1369 3884 electum,
1428 3822 1491 3871 ut
1529 3831 1669 3881 eum,
1735 3818 1860 3868 tan-

338 3902 505 3954 quam
532 3902 718 3941 verum
734 3892 1027 3958 pastorem,
1052 3886 1329 3956 adjuvent,
1362 3892 1412 3942 et
1430 3888 1711 3958 pervasari
1728 3886 1859 3940 resi-

341 3961 501 4012 stant.

344 4059 695 4119 Gnscontns
715 4061 1022 4133 episcopus,
1056 4076 1246 4118 servus
1266 4075 1556 4117 servorum
1587 4059 1715 4127 Dei,
1740 4062 1857 4115 R...

273 4158 329 4206 et
355 4154 487 4222 B...,
517 4154 800 4212 nobilibus
831 4155 1133 4213 comitibus
1159 4154 1396 4212 salutem
1424 4161 1479 4210 et
1502 4152 1863 4225 apostolicam

277 4242 729 4304 benedictionem.
1734 4258 1739 4261 ’

359 4343 628 4410 Quantum
674 4342 877 4400 domus
903 4350 1081 4399 vestra
1123 4343 1349 4399 beatum
1390 4343 1615 4397 Petrum
1633 4339 1859 4413 jamdu-

284 4428 415 4488 dum
441 4434 706 4505 dilexerit,
760 4445 1143 4509 quantumque
1192 4436 1301 4508 ipsi
1344 4433 1524 4492 ﬁdelis
1570 4434 1859 4500 exstiterit,

1947 1905 2173 1962 milibus
2197 1914 2383 1963 autem
2406 1907 2645 1979 gratiam
2683 1907 2815 1964 dare
2844 1910 2975 1974 (Jac.
3019 1912 3126 1976 ιν),
3156 1921 3359 1980 eosque
3387 1907 3539 1963 exal-

1950 2006 2086 2055 tare.
3024 2006 3025 2009 “

2021 2096 2162 2148 Data
2184 2094 2400 2171 decimo
2428 2095 2708 2152 Kalendas
2735 2097 3005 2152 Januarii.

2468 2171 2824 2255 EISISTOLA
2862 2200 3042 2255 xvu.

2138 2306 2220 2346 AD
2265 2306 2505 2350 CLEBUM
2548 2309 2624 2351 ΕΤ
2673 2308 2970 2351 POPULUM
3009 2307 3365 2351 BENENSEM.

2537 2388 2724 2454 (Anno
2767 2388 2948 2460 1030.)

1953 2478 2165 2553 Argutt
2186 2481 2487 2536 Manassem
2533 2483 2661 2536 olim
2706 2483 3165 2553 archiepiscopum
3216 2488 3545 2548 Remensem.

2026 2552 2123 2632 qui
2150 2551 2321 2633 legati
2347 2553 2627 2633 apostolici
2640 2551 2907 2633 sententia
2921 2551 3224 2633 damnatus
3261 2559 3549 2613 Ecclesimn

2025 2623 2200 2695 ipsam
2226 2623 2481 2677 invadere
2521 2626 2949 2695 praesumpserit.
2990 2627 3166 2691 Quare
3209 2634 3383 2683 monet
3405 2635 3467 2683 ut
3502 2648 3551 2683 ea

2004 2693 2204 2767 modis
2233 2695 2475 2749 omnibus
2512 2693 2796 2767 resistant,
2825 2699 2875 2750 et
2902 2695 2968 2750 de
2996 2699 3230 2767 episcopi
3252 2702 3461 2754 Diensis
3481 2702 3553 2755 le-

2028 2766 2151 2838 gati
2180 2779 2431 2838 consensu
2452 2766 2640 2838 alium
2664 2771 2932 2835 pastorem
2992 2766 3210 2836 eligant,
3245 2772 3346 2838 qui
3370 2786 3552 2825 eorum

2028 2835 2299 2889 laboranti
2340 2835 2590 2891 Ecclesiae
2609 2838 2887 2892 subvenire
2912 2837 3110 2894 valeat.

2034 2938 2392 2996 GREGOBIUS
2414 2940 2721 3012 episcopus,
2749 2954 2940 2996 servus
2971 2955 3257 2998 servorum
3283 2943 3405 3010 Dei,
3442 2946 3556 2999 uni-

1964 3049 2123 3089 verso
2158 3034 2450 3090 Remensis
2487 3032 2746 3091 Ecclesiae
2773 3034 2918 3090 clero
2965 3043 3021 3089 et
3070 3036 3296 3107 populo,
3322 3036 3554 3097 salutem

1967 3136 2022 3181 et
2048 3127 2410 3199 apostolicam
2436 3126 2910 3184 benedictionem.

2036 3222 2163 3276 Non
2194 3208 2510 3276 dubitamus
2553 3220 2624 3277 ad
2664 3221 2924 3278 notitiam
2964 3230 3200 3279 vestram
3247 3205 3558 3295 pervenisse

1966 3314 2117 3385 quod
2160 3317 2463 3381 Manasses,
2501 3314 2635 3369 olim
2662 3313 2839 3370 dictus
2878 3314 3321 3388 archiepiscopus
3356 3326 3556 3385 vester,

1965 3405 2289 3480 synodalem
2307 3407 2682 3462 damnationis
2706 3422 2820 3464 suae
2833 3411 3191 3478 sententiam,
3212 3411 3559 3484 exigentibus

1965 3501 2140 3572 culpis
2162 3500 2297 3567 suis,
2328 3499 2679 3572 adjudicante
2707 3499 2987 3557 confratre
3002 3511 3196 3559 nostro
3212 3505 3407 3561 Diensi
3435 3506 3555 3575 epi-

1966 3610 2153 3665 scopo,
2199 3602 2405 3650 sancta:
2460 3595 2733 3650 Romana:
2785 3594 3046 3652 Ecclesiae
3095 3595 3274 3668 legato
3305 3596 3559 3653 subierit.

1967 3682 2150 3758 Quam
2178 3686 2362 3759 itaque
2387 3685 2681 3758 diligenter
2705 3696 3116 3759 perscrutantes
3142 3697 3198 3745 et
3216 3703 3316 3760 pro
3339 3691 3559 3763 magni-

1966 3778 2160 3837 tudine
2212 3779 2568 3852 iniquitatum
2603 3780 2719 3854 ejus
2735 3770 3117 3861 justissimam.
3140 3781 3310 3839 fuisse
3356 3800 3563 3855 appro-

1967 3873 2183 3944 bantes,
2208 3890 2273 3930 eo
2292 3882 2483 3930 tenore
2508 3875 2569 3929 in
2588 3862 2843 3931 Romana
2860 3868 3072 3949 synodo
3089 3872 3560 3947 conﬁrmavimus,

1968 3977 2165 4041 rogatu
2184 3967 2485 4023 multorum
2504 3966 2765 4035 fratrum,
2784 3976 2863 4037 ut,
2882 3970 3155 4026 concessis
3177 3969 3280 4025 sibi
3301 3970 3561 4039 induciis,

1968 4062 2015 4118 si
2049 4069 2252 4133 posset,
2284 4060 2356 4117 ad
2396 4061 2812 4134 expurgandum
2862 4077 2921 4119 se
2954 4062 3022 4118 de
3051 4062 3286 4135 objectis
3314 4062 3565 4120 veniendi

1970 4154 2249 4211 licentiam
2278 4154 2511 4211 haberet
2551 4171 2617 4211 ac
2653 4154 2882 4210 liberam
2909 4155 2977 4212 de
3006 4171 3064 4210 se
3091 4155 3290 4228 agendi
3325 4156 3566 4213 faculta-
3652 4146 3655 4153 ’

1971 4256 2118 4316 tem;
2156 4250 2235 4304 ita
2260 4257 2449 4304 tamen
2466 4256 2530 4303 ut
2546 4246 2767 4303 interim
2807 4247 3075 4319 regimine
3103 4249 3278 4319 ipsius
3298 4250 3560 4307 Ecclesiae
3652 4272 3657 4285 ι

1971 4341 2207 4411 cederet,
2245 4349 2301 4398 et
2336 4343 2393 4397 in
2436 4340 2784 4398 Cluniacensi
2829 4340 2911 4395 vel
2960 4340 3016 4396 in
3069 4341 3254 4412 aliquo
3304 4342 3560 4414 religioso

1969 4434 2303 4492 monasterio
2330 4433 2576 4506 degeret,
2609 4442 2668 4489 ut
2691 4432 2849 4506 cujus
2871 4432 3197 4490 obedientiaa
3230 4443 3563 4507 quantaeque

288 4525 518 4593 profecto
554 4546 669 4585 non
714 4529 881 4586 modo
923 4529 1067 4601 apud
1107 4546 1203 4586 vos
1245 4529 1437 4599 scitur,
1481 4528 1579 4585 sed
1607 4527 1775 4585 etiam
1813 4527 1866 4582 in
1892 4531 1945 4594 ι)
1968 4528 2304 4587 humilitatis
2349 4536 2489 4585 esset
2517 4527 2861 4599 probaretur.
2894 4528 3102 4583 Verum
3131 4527 3291 4595 (sicut
3328 4543 3429 4585 vos
3455 4526 3564 4600 ipsi

290 4616 523 4687 pluribus
548 4623 893 4680 diversarum
922 4624 1172 4695 gentium
1196 4623 1448 4695 partibus
1483 4630 1683 4679 notum
1704 4619 1867 4677 habe-

292 4713 398 4767 tur.
423 4713 576 4773 Unde
595 4725 651 4774 et
678 4716 747 4773 de
770 4717 1014 4773 inimicis
1050 4717 1367 4785 victoriam,
1394 4725 1450 4773 et
1493 4730 1605 4788 prae
1652 4716 1867 4771 caeteris

294 4808 503 4874 paribus
518 4813 632 4868 suis
656 4808 923 4867 honorem
947 4820 1003 4866 et
1026 4811 1262 4883 gloriam
1280 4810 1545 4867 hactenus
1564 4811 1869 4871 obtinuisse

294 4896 447 4974 longe
480 4904 697 4978 lateque
724 4904 1091 4977 dignoscitur.
1113 4906 1252 4976 Quia
1290 4921 1419 4962 vero
1455 4915 1748 4977 parentum
1777 4923 1871 4963 ve-

294 5000 543 5066 strorum,
572 5000 719 5055 sicut
742 4999 1049 5056 nobilitatis
1077 5000 1302 5068 lineam,
1334 4999 1411 5056 ita
1432 5016 1649 5073 quoque
1681 5001 1871 5073 probi-

294 5090 463 5147 tatnm
480 5092 662 5150 studia
685 5108 785 5149 vos
800 5090 1400 5167 imitaricognovimus,
1425 5110 1525 5165 pro
1542 5102 1693 5151 certo
1721 5094 1875 5151 valde

295 5179 537 5243 laetamur
564 5196 621 5244 et
646 5196 712 5241 ut
746 5184 1011 5243 devotum
1042 5186 1294 5243 animum
1318 5187 1465 5243 circa
1512 5186 1736 5244 beatum
1770 5190 1874 5243 Pe-

296 5278 436 5335 trum
468 5289 524 5336 et
550 5290 794 5337 matrem
840 5280 1093 5337 omnium
1129 5290 1383 5338 sanctam
1422 5283 1738 5338 Romanam
1767 5283 1874 5337 Ec-

293 5368 510 5429 clesiam
542 5390 763 5448 semper
806 5376 1033 5449 geratis,
1061 5374 1355 5431 salubriter
1381 5373 1676 5431 hortamur
1711 5384 1879 5448 atque

295 5478 611 5536 monemus,
640 5468 801 5550 cujus
828 5483 926 5525 vos
965 5467 1320 5525 dilectionem
1348 5476 1534 5525 tenere
1564 5469 1751 5541 procul
1777 5468 1877 5526 du-

296 5554 387 5613 bio
413 5561 469 5615 in
494 5563 645 5618 nullo
675 5562 871 5618 melius
900 5563 1125 5633 potestis
1155 5561 1440 5619 ostendere
1484 5578 1653 5634 quam
1687 5562 1752 5629 si,
1794 5561 1882 5617 in-

297 5656 383 5707 ter
408 5663 603 5713 cmtera
642 5656 787 5713 bona
818 5671 941 5727 qum
976 5656 1185 5713 debetis
1209 5672 1395 5729 agere,
1420 5665 1674 5713 sanctam
1707 5657 1887 5712 Eccle-

304 5744 447 5802 siam
476 5751 778 5819 procuratis
794 5750 991 5822 juvare
1015 5758 1181 5823 atque
1212 5749 1527 5807 defendere.
1568 5752 1762 5822 Itaque
1796 5765 1888 5805 sa-

307 5834 415 5895 luti
462 5851 650 5901 vestrae
684 5844 959 5916 pmipue
1004 5842 1375 5914 providentes,
1425 5858 1686 5914 rogamus
1727 5850 1784 5898 et
1821 5857 1887 5899 ex

1973 4622 2142 4688 scitis)
2165 4638 2277 4679 non
2301 4623 2483 4677 solum
2509 4620 2639 4676 huic
2656 4618 2964 4677 deﬁnitioni
2991 4635 3106 4675 non
3143 4618 3411 4690 obedivit,
3443 4621 3564 4691 sed,

1976 4716 2046 4773 ad
2102 4723 2481 4786 contemptum
2524 4712 2920 4773 interdictionis
2982 4722 3208 4783 nostrae,
3261 4713 3567 4772 Ecclesiam

1978 4812 2218 4867 vestram
2234 4806 2488 4864 invadere
2511 4823 2576 4863 ac
2602 4805 2909 4879 impudenti
2936 4806 3313 4865 devastatione
3342 4807 3569 4865 confund

1981 4905 2109 4962 dere
2131 4901 2510 4977 praesumpsit,
2540 4909 2731 4973 utpote
2761 4915 2929 4972 quam
2961 4916 3075 4957 non
3118 4918 3214 4974 per
3240 4902 3476 4972 ostium,
3508 4912 3572 4959 ut

1983 5008 2193 5070 pastor,
2219 4995 2315 5053 sed
2337 4996 2577 5065 aliunde,
2620 5003 2679 5051 ut
2713 4994 2804 5050 fur
2840 5002 2896 5050 et
2915 4994 3249 5052 saevissimus
3269 4996 3457 5069 praedo
3481 4998 3569 5052 in-

1982 5091 2169 5158 travit,
2198 5088 2267 5146 ad
2295 5090 2401 5145 hoc
2418 5088 2623 5145 scilicet
2648 5096 2710 5142 ut
2736 5103 2962 5160 gregem
2985 5088 3341 5146 Dominicum
3368 5095 3575 5146 mactet

1985 5194 2039 5243 et
2073 5184 2279 5259 perdat,
2302 5198 2414 5239 non
2437 5190 2501 5237 ut
2524 5182 2804 5253 vigilantia
2843 5183 3083 5254 pastoris
3116 5191 3369 5255 protegat
3397 5191 3455 5240 et
3476 5183 3575 5241 de—

1987 5278 2174 5335 fendat
2225 5281 2398 5346 (Joan.
2446 5280 2529 5344 x).
2589 5274 2875 5348 Siquidem
2935 5275 3073 5334 adeo
3122 5276 3183 5332 in
3236 5276 3577 5333 immensum

1986 5382 2209 5429 actuum
2250 5385 2478 5429 suorum
2534 5368 2771 5427 tetendit
2838 5370 3100 5442 iniquitas
3155 5378 3218 5426 ut
3272 5369 3581 5443 dignissime

1990 5464 2336 5523 damnationi
2372 5471 2537 5536 atque
2568 5463 3127 5521 excommunicationi
3160 5462 3477 5536 subjaceat,
3505 5464 3582 5518 ita

1992 5568 2055 5616 ut
2081 5560 2141 5615 in
2164 5566 2487 5631 perpetuum
2506 5557 2712 5621 nullam
2730 5557 3102 5614 restitutionis
3125 5571 3241 5616 sua:
3267 5572 3424 5627 spem
3445 5570 3578 5611 con-

1994 5655 2175 5726 cipere
2203 5650 2417 5708 debeat.
2448 5654 2792 5724 Quaprbpter
2820 5650 3118 5721 apostolica
3145 5664 3242 5707 vos
3258 5647 3586 5704 auctoritate

1997 5760 2288 5805 monemus
2313 5754 2376 5800 ut
2416 5744 2682 5814 perversis
2721 5742 2936 5799 actibus
2972 5744 3089 5816 ejus
3133 5742 3193 5798 in
3236 5737 3384 5797 nullo
3431 5753 3588 5796 com‘

2002 5836 2330 5906 municetis;
2362 5836 2508 5905 imo,
2543 5842 2606 5889 ut
2626 5833 2851 5889 tollatur
2872 5830 2942 5886 de
2974 5830 3154 5888 medio
3185 5835 3426 5887 vestrum
3448 5837 3504 5886 et
3529 5831 3594 5887 in
