4044 6186
447 309 543 361 591
610 270 615 275 “

446 525 628 581 salvus
652 524 721 580 sit
750 527 801 589 (Ι
833 522 950 579 Cor.
981 526 1066 589 v),
1108 519 1212 575 sibi
1244 520 1426 575 modis
1453 519 1709 576 omnibus
1734 518 2029 581 resistatis:

447 617 586 674 detis
626 618 792 673 etiam
836 630 1062 686 operam
1102 622 1184 682 ut,
1215 614 1502 669 communi
1533 613 1764 670 consilio
1813 613 2034 685 parique

446 719 593 777 voto,
653 707 978 764 assentiente
1005 707 1161 763 vobis
1213 707 1469 780 praedicto
1521 706 1797 779 confratre
1846 714 2035 760 nostro

446 801 635 878 Diensi
656 801 929 873 episcopo,
947 802 1170 856 Patrem
1185 800 1363 867 vobis,
1381 799 1683 856 secundum
1710 798 2032 866 Dominum,

445 894 676 968 eligatis,
700 894 793 967 qui
850 893 1112 950 Ecclesiae
1162 901 1354 950 vestrae
1390 893 1599 949 diutina
1640 891 2034 964 pseudopasto-

447 1003 570 1042 rum
618 987 975 1059 improbitate
1021 986 1290 1042 laboranti
1316 987 1492 1042 valeat
1517 986 1825 1052 subvenire,
1855 992 1910 1040 et
1941 1001 2035 1038 au-

446 1081 661 1152 tiquam
702 1080 787 1136 sui
812 1080 1139 1147 libertatem,
1171 1080 1392 1136 Christo
1419 1079 1726 1148 auxiliante,
1754 1078 2038 1134 vobiscum

449 1189 719 1245 reparare.

522 1269 655 1323 Data
683 1277 834 1325 sexto
859 1265 1144 1324 Kalendas
1176 1267 1445 1324 Januarii.

983 1381 1331 1436 EPISTOLA
1351 1381 1553 1434 XVIII.

854 1484 961 1537 'An
1002 1496 1292 1538 BEBOLUM
1333 1496 1628 1537 COMITBM.

948 1597 957 1602 ·
1060 1577 1241 1647 (Anno
1284 1558 1465 1640 1080.)

448 1676 746 1729 Manassem
770 1675 1225 1744 archiepiscOpum
1251 1676 1576 1735 Remensem,
1607 1673 1856 1739 Hugonis
1881 1672 2041 1744 Dien-

517 1748 592 1799 sis
624 1747 859 1815 episcopi
909 1742 1387 1813 legati'apostolici
1438 1746 1495 1796 in
1545 1744 1760 1797 concilio
1813 1742 2035 1810 Lugdu-

1122 306 1176 359 S.
1220 290 1539 359 GREGORI]
1578 303 1667 358 VII
1705 303 1900 357 ΡΑΡᾹΞ
1940 300 2217 357 OPERUM
2254 300 2425 356 PARS
2466 302 2504 354 Ι.
2547 329 2615 338 —-
2654 299 3061 353 REGISTRUM.

346 438 351 441 ’
447 432 733 487 interitum
773 428 951 486 carnis
986 443 1101 484 sure
1138 426 1387 483 tradatur
1422 430 1664 497 Satanae,
1706 436 1770 481 ut
1817 426 2033 497 spiritus
2065 429 2121 490 Α
2146 433 2335 496 spectu
2367 424 2507 496 beati
2537 422 2707 489 Petri,
2736 422 2805 480 ad
2835 438 3001 494 quem
3032 428 3242 494 spectat
3274 420 3440 476 totius
3470 418 3736 475 Ecclesiae

3548 323 3565 331 -
3632 298 3734 349 592

2143 532 2328 584 causa,
2383 532 2501 572 rem
2540 517 2680 571 hanc
2703 532 2770 572 ex
2800 514 2987 572 animo
3011 530 3218 586 gerere,
3267 519 3534 586 quatenus
3561 520 3613 568 et
3643 511 3736 566 hic

2144 625 2269 666 eum
2300 619 2694 682 protectorem,
2721 618 2778 665 et
2808 610 2863 664 in
2907 607 3095 664 futuro
3126 616 3420 681 patronum
3449 621 3515 662 ex
3544 605 3733 663 debito

2144 704 2402 760 merearis
2427 704 2650 759 habere.

2214 800 2355 853 Data
2383 805 2538 853 sexto
2566 794 2847 852 Kalendas
2901 795 3165 851 Januarii.

2608 908 2619 915 ’
2667 911 3022 967 EPISTOLA
3058 911 3234 971 XIX.,

2298 1042 2379 1082 AD
2418 1041 2887 1083 SUFFBAGANEOS
2920 1040 3226 1082 BCCLESIE
3263 1038 3578 1080 BEMENSIS.

2730 1141 2924 1206 (Anno
2967 1140 3150 1204 1080.)

2571 1251 2829 1321 Ejusdem
2847 1252 2964 1319 fere
2983 1250 3308 1320 argumenti.

2218 1366 2573 1424 Gnscomus
2596 1357 3109 1438 episcopum-servus
3122 1380 3406 1422 servorum
3424 1363 3547 1430 Dei,
3569 1361 3745 1419 omni-

2148 1457 2252 1515 bus
2278 1459 2565 1533 episcopis,
2582 1459 2937 1532 suffraganeis
2953 1457 3203 1515 videlicet
3229 1466 3433 1514 sanctae
3451 1457 3743 1514 Remensis

2146 1553 2424 1620 Ecclesiae,
2454 1553 2540 1609 his
2589 1562 2774 1609 tamen
2801 1553 2892 1625 qui
2921 1569 2991 1621 se,
3005 1553 3074 1609 ab
3118 1550 3603 1609 excommunicatis
3632 1566 3741 1606 cu—

2150 1646 2419 1715 stodiunt,
2452 1649 2688 1703 salutem
2721 1654 2776 1702 et
2802 1646 3162 1718 apostolicam
3200 1644 3661 1702 benedictionem.

2222 1745 2423 1797 Notum
2450 1757 2568 1797 esse
2595 1740 2918 1796 fraternitati
2945 1748 3138 1796 vestra:
3165 1739 3439 1796 credimus
3464 1739 3610 1809 quod
3627 1753 3740 1793 nos

517 1820 671 1903 ἶιιηῖδί
710 1818 978 1900 ξεητθηιία
1002 1816 1324 1903 ἀεροξξίῑιπξι
1368 1815 1940 1903 ᾀετιυηζίρξςληρτξςηξ
1960 1816 2035 1903 fit
2064 1832 2113 1895 Β
2144 1833 2459 1903 iniquitates
2504 1837 2796 1902 Manassae,
2840 1833 2966 1889 dicti
2997 1833 3293 1888 Remensis
3320 1830 3732 1903 archiepiscopi,

516 1893 627 1943 tam
654 1890 887 1957 seipsum
912 1883 1076 1956 quam
1095 1888 1231 1940 alios
1253 1887 1320 1940 ab
1353 1887 1467 1955 ejus
1493 1888 1737 1940 amicitia
1759 1883 2031 1957 retrahat,

514 1961 668 2029 eique
691 1956 790 2028 pro
826 1959 1038 2013 viribus
1069 1960 1305 2021 resistat,
1327 1962 1377 2012 et
1400 1973 1557 2027 quem
1576 1956 2035 2029 aliumarchiepi-

442 2044 461 2062 "
515 2027 727 2100 scopum
762 2030 939 2098 major
977 2029 1106 2084 clari
1138 2044 1273 2098 pars
1314 2044 1430 2083 cum
1453 2044 1710 2084 consensu
1739 2028 1906 2096 legati
1928 2027 2029 2081 ele-

513 2103 653 2169 gerit
674 2101 912 2170 adjuvet.

511 2213 869 2269 Gnscomns
891 2210 1197 2283 episcopus,
1224 2226 1414 2267 servus
1432 2224 1725 2266 servorum
1752 2209 1875 2277 Dei,
1904 2210 2026 2264 Hn-

441 2319 594 2363 noro
621 2307 896 2372 [EBULOI]
918 2305 1088 2361 nobili
1110 2312 1167 2360 et
1203 2305 1444 2377 glorioso
1484 2304 1694 2372 comiti,
1715 2303 1951 2360 salutem
1975 2309 2029 2358 et

437 2398 792 2470 apostolicam
829 2396 1283 2454 benedictionem.
1382 2404 1383 2407 ‘

509 2492 665 2548 Sicut
692 2489 981 2563 prudentia
1010 2499 1100 2545 tua
1128 2490 1449 2546 meminisse
1480 2498 1678 2562 potest,
1710 2505 1811 2545 nos
1861 2490 2024 2560 longo

436 2594 706 2656 tempore,
739 2592 934 2656 praeter
955 2584 1293 2646 voluntatem
1324 2592 1481 2639 tuam
1522 2584 1877 2654 virorumque
1904 2582 2026 2637 reli-

434 2678 714 2750 giosorum
739 2676 833 2749 qui
849 2677 1029 2748 ipsum
1050 2685 1333 2743 noverant,
1350 2680 1660 2732 Manassem
1689 2675 1895 2732 dictum
1916 2679 2024 2731 Re-

435 2785 680 2826 mensem
737 2770 1202 2841 archiepiscopum
1250 2768 1741 2832 dissimulavimus,
1784 2783 2024 2840 eumque

435 2871 690 2934 putantes
733 2863 1094 2919 correctionis
1137 2877 1252 2919 sua;
1282 2878 1470 2920 curam
1501 2861 1704 2917 habere
1727 2904 1743 2930 ,
1773 2861 1865 2918 diu
1904 2878 2026 2933 pro-

428 2950 573 3012 fecto
603 2956 962 3028 portavimus.
1012 2958 1216 3010 Verum
1259 2954 1346 3011 ille
1398 2955 1655 3028 patientia
1695 2963 1881 3011 nostra
1921 2955 2022 3010 ab-

428 3065 578 3118 usus,
632 3059 689 3106 et
739 3048 928 3122 (quod
958 3048 1234 3105 evidenter
1281 3053 1546 3120 apparet)
1598 3065 1663 3104 ex
1698 3047 2024 3104 conscientia

426 3159 594 3216 prava
632 3143 687 3199 in
709 3142 1105 3215 desperationis
1128 3141 1348 3198 foveam
1376 3143 1581 3212 lapsus,
1610 3157 1721 3196 non
1755 3141 1932 3196 solum
1964 3156 2023 3196 se

2142 1927 2304 1999 longo
2330 1935 2582 1999 tempore
2600 1926 3065 1999 supportavimus,
3092 1940 3331 1997 eumque
3355 1933 3637 1997 sperantes
3663 1923 3737 1979 de

2137 2020 2346 2076 malitia
2360 2035 2457 2077 sua
2470 2021 2712 2076 converti
2733 2020 2823 2076 diu
2853 2020 3197 2092 nimiumque
3237 2017 3727 2074 dissimulavimus.

2138 2112 2244 2169 Sed
2271 2114 2531 2185 quoniam
2562 2113 2716 2169 beata
2745 2112 2941 2182 Maria,
2977 2113 3132 2185 cujus
3158 2112 3248 2167 ille
3271 2111 3453 2168 sedem
3484 2109 3734 2183 perditus

2137 2208 2459 2280 occupabat,
2508 2208 2691 2263 noluit
2719 2207 3018 2263 Ecclesiam
3062 2222 3220 2261 suam
3264 2205 3559 2261 sceleribus
3585 2203 3735 2259 illius

2135 2300 2338 2357 diutius
2365 2301 2553 2372 pollui,
2585 2316 2707 2372 quae
2727 2300 2795 2356 de
2821 2316 2886 2356 eo
2905 2300 3156 2373 graviora
3187 2298 3400 2355 dudum
3431 2299 3730 2363 latuerant,

2134 2394 2204 2451 ad
2232 2395 2483 2450 notitiam
2504 2395 2813 2450 multorum
2835 2409 3064 2465 erupere
3087 2393 3142 2447 in
3170 2394 3366 2448 lucem.
3400 2382 3501 2448 Pro
3525 2391 3729 2462 quibus

2133 2486 2249 2560 ipse
2289 2488 2344 2542 in
2376 2486 2728 2561 Lugdunensi
2759 2487 3016 2553 concilio,
3053 2486 3142 2541 cui
3189 2485 3353 2540 frater
3391 2494 3446 2539 et
3490 2484 3730 2539 vicarius

2130 2590 2319 2637 noster
2350 2585 2510 2654 Hugo
2557 2580 2777 2637 Diensis
2814 2579 3100 2651 episcopus
3129 2586 3380 2650 praeerat,
3416 2577 3615 2634 eodem
3638 2577 3729 2633 di-

2130 2682 2334 2743 ctante,
2376 2675 2697 2747 cunctisque
2743 2673 3007 2729 fratribus
3056 2672 3320 2744 religiosis
3367 2671 3460 2744 qui
3496 2670 3728 2727 aderant

2130 2766 2570 2836 assentientibus,
2600 2766 2950 2838 depositionis
2980 2767 3306 2821 sententiam
3331 2763 3548 2819 meruit.
3580 2765 3725 2818 Eam

2130 2861 2313 2933 itaque
2343 2860 2553 2931 praefati
2584 2868 2883 2916 conventus
2906 2875 3216 2927 censuram,
3243 2873 3410 2929 quam
3438 2872 3558 2924 nos,
3589 2872 3718 2928 apo-

2129 2953 2319 3009 stolica
2342 2952 2755 3009 mansuetudine
2774 2958 3012 3020 utentes,
3044 2952 3339 3023 subjuncto
3369 2960 3555 3005 tenero
3578 2958 3722 3004 tem-

2136 3062 2540 3118 peraveramus,
2597 3046 2861 3118 quoniam
2914 3046 3005 3101 ille
3042 3045 3368 3101 conscientia
3397 3043 3724 3115 desperante

2130 3139 2186 3194 in
2231 3138 2433 3196 duritia
2473 3155 2570 3195 sua
2632 3139 3124 3211 inobedientiazque
3173 3145 3493 3209 contemptu
3545 3137 3727 3202 voluit

426 3244 713 3308 pratense
731 3235 1143 3313 mansuetudini
1163 3235 1438 3307 ingratum
1456 3233 1720 3301 exhibuit,
1737 3233 1833 3290 sed
1857 3234 2019 3289 etiam
2054 3248 2102 3312 ρ
2130 3248 2350 3288 manere
2379 3232 2559 3303 potius
2585 3216 2849 3303 quam'ad
2884 3232 2999 3287 sani
3037 3246 3225 3287 sensus
3265 3229 3558 3286 consilium
3592 3230 3719 3285 aui-

425 3329 478 3383 in
527 3330 797 3401 reliquum
840 3327 1216 3385 misericordia
1246 3327 1476 3384 S.Petri
1520 3326 1807 3399 indignum
1849 3343 1907 3383 se
1936 3326 2017 3382 fe-

427 3422 522 3489 cit,
552 3421 757 3479 scilicet
791 3430 854 3477 ut
892 3422 1048 3495 cujus
1092 3420 1149 3476 in
1191 3419 1529 3493 depositione
1560 3421 1885 3476 sententiam
1933 3420 2017 3475 vi-

423 3515 554 3570 carii
603 3516 778 3571 nostri
826 3515 1077 3588 Hugonis
1135 3514 1352 3570 Diensis
1396 3513 1630 3585 episcopi
1674 3515 1728 3568 in
1788 3513 2016 3569 concilio

422 3607 774 3679 Lugdunensi
805 3609 1075 3678 prolatam
1111 3607 1580 3679 approbatamque
1620 3606 1687 3662 ad
1718 3607 2015 3662 terminum

421 3714 524 3753 nos
563 3700 958 3765 distulerimus,
1018 3699 1278 3771 deinceps
1322 3699 1376 3753 in
1422 3702 1748 3771 perpetuum
1793 3699 2014 3755 ﬁrmam

423 3806 541 3846 esse
565 3800 618 3845 et
645 3800 846 3857 ratam,
868 3791 1162 3862 ipsumque
1191 3792 1309 3847 sine
1337 3807 1433 3863 spe
1468 3793 1903 3863 recuperationis
1927 3791 2015 3849 de-

420 3883 665 3954 positum
710 3883 1104 3954 adjudicemus.
1131 3885 1478 3956 Quapropter
1504 3900 1633 3939 eum
1677 3885 2014 3941 irrevocabili

415 3975 623 4049 judicio
639 3976 961 4047 episcopalis
989 3975 1129 4031 sedis
1157 3976 1425 4048 regimine
1462 3976 1736 4048 privatum
1762 3993 1877 4033 esse
1901 3987 2013 4033 tua:

420 4069 731 4125 celsitudini
761 4068 1168 4137 denuntiantes,
1211 4084 1523 4135 monemus,
1551 4079 1714 4142 atque
1766 4088 1831 4127 ex
1860 4079 2012 4142 parte

419 4162 562 4218 beati
592 4163 737 4219 Petri
766 4161 1113 4233 praecipimus
1146 4170 1208 4217 ut
1249 4170 1365 4218 tam
1402 4164 1643 4234 teipsum
1676 4178 1708 4220 a
1757 4162 2009 4236 pestifera

420 4255 663 4311 amicitia
682 4256 828 4312 illius
854 4254 1055 4311 amodo
1082 4255 1352 4324 retrahas,
1398 4271 1565 4327 quam
1594 4264 1651 4312 et.
1676 4256 1839 4327 alios,
1870 4274 2011 4329 quos

420 4355 593 4419 potes,
637 4348 705 4403 ab
745 4364 811 4404 eo
831 4347 1108 4404 custodire
1131 4363 1189 4404 se
1217 4348 1437 4405 doceas.
1462 4352 1543 4406 Ut
1571 4358 1755 4406 autem
1776 4351 2007 4423 gratiam

417 4441 519 4498 Dei
568 4450 623 4498 et
665 4441 813 4498 beati
846 4441 993 4497 Petri
1021 4441 1230 4513 largius
1265 4442 1589 4511 [merearis],
1619 4444 1816 4500 merito
1870 4459 2009 4516 quas

416 4550 634 4606 sperare
680 4536 922 4592 studium
951 4537 1105 4606 (lege,
1153 4536 1352 4591 merito
1390 4551 1559 4608 queas
1605 4552 1847 4608 sperare,
1887 4547 2005 4594 stu-

2130 3341 2284 3380 mum
2336 3326 2580 3391 ﬂectere,
2612 3324 2731 3396 jam
2783 3323 2933 3380 hunc
2959 3340 3022 3380 ex
3055 3325 3357 3396 apostolica
3386 3324 3714 3381 auctoritate

2128 3418 2437 3486 ﬁrmamus,
2469 3428 2633 3491 atque
2685 3418 3180 3489 irrecuperabiliter
3237 3418 3543 3490 depositum
3594 3433 3722 3474 esse

2127 3512 2179 3566 in
2237 3513 2509 3584 reliquum
2568 3511 2971 3584 adjudicamus.
3016 3511 3256 3567 Proinde
3308 3508 3719 3568 fraternitatem

2126 3614 2361 3661 vestram
2415 3621 2488 3662 ne
2542 3605 2766 3661 ulterius
2811 3605 2884 3660 illi
2936 3604 3295 3676 episcopalem
3349 3605 3712 3661 reverentiam

2125 3698 2323 3755 debeat
2357 3698 2723 3765 absolvimus;
2754 3698 2864 3754 imo
2892 3697 3188 3770 apostolica
3217 3698 3542 3754 auctoritate
3570 3713 3715 3770 prte-

2122 3792 2359 3864 cipimus
2418 3800 2480 3847 ut
2533 3807 2701 3848 nemo
2748 3790 2795 3847 ei
2851 3792 3003 3864 quasi
3054 3791 3258 3862 pastori
3311 3791 3561 3855 obediat,
3613 3791 3715 3847 sed

2122 3884 2379 3957 quisque,
2410 3900 2508 3956 pro
2561 3883 2748 3940 ofﬁcio
2776 3899 2878 3940 suo
2925 3891 2983 3938 et
3023 3883 3254 3952 viribus,
3307 3884 3449 3939 sicut
3472 3883 3712 3940 invasori

2121 3977 2359 4035 resistat.
2394 3977 2556 4047 Quod
2586 3987 2860 4048 nostrum,
2903 3976 3085 4049 potius
3108 3992 3237 4032 vero
3263 3977 3433 4033 sancti
3452 3976 3710 4048 Spiritus,

2110 4070 2382 4144 judicium
2416 4070 2640 4127 dilectio
2687 4079 2871 4127 vestra
2913 4069 3132 4126 studeat
3159 4069 3389 4126 subditis
3429 4070 3530 4125 sibi
3568 4086 3711 4126 cun-

2120 4164 2330 4239 ctisque
2380 4164 2582 4238 quibus
2612 4164 2755 4220 valet
2788 4163 3000 4236 populis
3054 4163 3417 4231 denuntiare;
3451 4171 3506 4219 et
3536 4171 3596 4218 ut
3639 4162 3712 4218 ab

2119 4258 2236 4329 ejus
2280 4258 2689 4330 participatione
2749 4255 2847 4313 sibi
2905 4263 3148 4323 caveant,
3203 4257 3488 4329 ipsumque
3527 4255 3712 4312 modis

2119 4351 2318 4423 quibus
2364 4359 2587 4423 possunt
2637 4358 2949 4418 coarctent,
3012 4366 3126 4406 non
3170 4350 3409 4422 negligat
3464 4347 3708 4406 charitas

2121 4452 2297 4500 vestra
2339 4459 2584 4499 monere.
2629 4445 2713 4498 De
2756 4451 2954 4499 caetero
3008 4443 3283 4509 volumus,
3331 4450 3389 4499 et
3451 4459 3518 4499 ex
3552 4451 3706 4515 parte

2116 4537 2258 4594 beati
2292 4537 2437 4592 Petri
2472 4536 2735 4608 jubemus
2788 4544 3074 4608 quatenus,
3121 4534 3379 4592 adhibitis
3407 4535 3549 4592 illius
3600 4539 3707 4592 Ec-

416 4627 828 4697 dium,HAnn.,
860 4631 935 4684 sic
954 4633 1004 4683 et
1023 4632 1082 4682 in
1111 4631 1279 4696 Μαι.)
1297 4629 1535 4685 solertia:
1562 4637 1674 4686 tua:
1693 4646 1805 4686 non
1823 4629 2004 4700 desit;
2034 4617 2088 4681 D
2116 4630 2295 4687 clesiaa
2335 4629 2569 4695 clericis,
2617 4629 2744 4685 talis
2772 4644 3001 4701 persona
3036 4644 3167 4685 eum
3196 4644 3463 4685 consensu
3493 4628 3706 4699 praefati

415 4728 531 4775 tam
558 4736 655 4790 per
700 4708 937 4791 teipsum
980 4736 1150 4793 quam
1192 4730 1249 4777 et
1281 4737 1378 4792 per
1411 4737 1767 4796 quoscunque
1824 4723 2008 4781 valeas

350 4840 359 4845 ·
414 4812 673 4880 [studeas]
715 4812 945 4883 praefato
989 4813 1237 4885 deposito
1262 4830 1362 4886 pro
1389 4815 1770 4888 magnitudine
1800 4825 1895 4873 tua
1924 4832 2006 4873 re-

413 4905 626 4974 sistere,
645 4905 911 4978 illumque
934 4906 1435 4979 archiepiscopum,
1460 4925 1624 4981 quem
1649 4911 1853 4967 saniori
1880 4926 2005 4967 con-

412 4997 535 5054 silio
580 5013 710 5068 pars
755 4998 885 5054 cleri
922 4998 1118 5055 melior
1158 5016 1285 5056 cum
1321 5017 1585 5057 consensu
1636 5002 1881 5074 praedicti
1915 5004 2002 5059 ie-

410 5091 521 5163 gati
566 5092 762 5157 nostri,
812 5092 1060 5163 Hugonis
1102 5091 1352 5148 videlicet
1374 5093 1616 5167 episcOpi
1650 5095 1891 5161 Diensis,
1922 5095 1999 5151 illi

409 5183 524 5240 sedi
570 5185 811 5256 elegerit,
867 5183 1049 5241 modis
1095 5185 1355 5243 omnibus
1411 5186 1669 5260 adjuvare
1716 5191 1886 5256 (402).
1936 5190 1999 5243 In

411 5278 512 5333 hac
534 5277 700 5349 igitur
748 5293 807 5333 re
837 5277 910 5334 ita
950 5286 1006 5333 te
1033 5277 1293 5335 devotum
1321 5286 1377 5335 et
1404 5272 1798 5352 obsequentem
1831 5296 1993 5337 man-

404 5370 548 5427 datis
571 5369 884 5442 apostolicis
907 5378 1091 5441 aperte
1125 5369 1492 5441 demonstres,
1520 5371 1992 5444 quemadmodum

406 5463 513 5519 tuis
548 5463 606 5519 in
656 5463 1073 5519 necessitatibus
1106 5462 1296 5519 ﬁdeles
1324 5473 1450 5521 tuos
1473 5464 1706 5521 existere
1743 5482 1991 5539 cuperes,

405 5562 462 5613 et
488 5554 629 5612 sicut
645 5570 677 5611 a
694 5555 943 5613 ﬁdelibus
968 5556 1078 5612 tuis
1096 5573 1210 5612 non
1232 5557 1459 5630 impune
1483 5559 1992 5631 tergiversationem

401 5648 499 5707 tibi
529 5648 642 5706 ﬁeri
664 5649 898 5706 summis
928 5649 984 5705 in
1020 5650 1259 5722 negotiis
1284 5649 1474 5721 ferres,
1501 5651 1577 5711 ita
1600 5668 1859 5725 procures
1905 5669 1992 5711 re-

465 5829 610 5895 (402)
638 5826 821 5887 Locus
842 5824 1129 5888 obscurus.

2117 4723 2280 4796 legati
2310 4722 2482 4779 nostri
2517 4722 2707 4778 Diensi
2737 4722 2976 4794 episcopi
3011 4730 3071 4777 ut
3107 4721 3341 4795 eligatur
3376 4721 3703 4794 procuratis,

2114 4832 2243 4889 qua:
2273 4825 2425 4873 tanto
2450 4815 2703 4889 regimini
2748 4814 2911 4888 digne
2938 4822 3254 4887 competere
3294 4813 3560 4871 videatur.
3587 4816 3704 4870 Nos

2113 4911 2260 4966 enim
2315 4926 2439 4966 eam
2495 4910 2818 4965 electionem
2863 4924 3032 4980 quam
3082 4924 3207 4980 pars
3240 4907 3369 4964 cleri
3423 4916 3478 4963 et
3514 4908 3702 4980 p0puli

2111 5003 2306 5060 melior
2351 5012 2406 5060 et
2449 5002 2772 5075 religiosior,
2804 5001 3177 5058 consentiente
3222 5000 3481 5074 praedicto
3509 5009 3702 5056 nostro

2109 5095 2333 5165 vicario,
2379 5095 2587 5165 fecerit,
2640 5097 2758 5150 Deo
2790 5093 3029 5164 favente,
3059 5094 3364 5163 ﬁrmantes,
3404 5093 3700 5166 apostolica

2110 5189 2431 5246 auctoritate
2480 5189 2830 5245 roboramus.
2887 5187 3178 5259 Diligentia
3213 5187 3382 5260 igitur
3415 5196 3590 5243 vestra
3624 5187 3698 5243 ita

2106 5297 2166 5339 se
2196 5282 2251 5337 in
2301 5283 2404 5338 hac
2441 5298 2503 5337 re
2559 5296 2811 5353 pronam,
2836 5280 3128 5353 nobisque,
3159 5280 3270 5337 imo
3300 5280 3461 5337 beato
3508 5281 3696 5348 Petro,

2106 5374 2452 5431 obedientem
2475 5373 2749 5443 exhibeat,
2775 5382 2858 5442 ut,
2887 5359 3102 5447 cognito
3139 5371 3327 5430 studio
3354 5378 3409 5429 et
3422 5371 3698 5446 vigilantia

2106 5475 2302 5534 vestra,
2324 5467 2368 5521 si
2388 5466 2517 5539 quid
2534 5468 2584 5522 in
2614 5467 2889 5539 praeterito
2914 5466 3251 5539 negligenter
3268 5474 3364 5522 aut
3382 5466 3697 5524 inobedien-

2101 5570 2187 5617 ter
2204 5559 2523 5632 deliquistis,
2545 5560 2744 5616 merito
2764 5569 2985 5633 propter
2996 5560 3101 5616 hoc
3120 5559 3421 5618 debeamus
3438 5558 3694 5617 sufferre.

2173 5656 2316 5711 Data
2350 5663 2503 5712 sexto
2531 5652 2810 5710 Kalendas
2845 5652 3108 5710 Januarii.
