4044 6186
305 257 412 309 593

851 381 1192 438 EPISTOLA
1233 384 1367 440 XX.

525 532 612 572 AD
652 531 993 574 PHILIPPUM
1040 534 1238 575 REGE.“
1281 537 1669 580 FRANCOBUM.

916 635 1091 699 (Anno
1119 634 1292 704 1080.)

297 746 475 822 Rogat
516 760 578 797 ne
622 746 891 822 _Manass_ae
932 750 1176 802 Remensz'
1228 751 1618 822 archiepiscopo
1657 753 1894 822 deposito

377 817 548 868 ullum
578 816 806 870 ulterius
824 819 1064 882 favorem
1099 819 1360 888 praebeat,
1391 816 1482 876 sed
1508 816 1629 876 enm
1661 816 1738 877 ab
1759 829 1893 878 ami-

372 889 502 938 citia
539 902 650 959 sua
696 890 937 957 repellat.
985 892 1158 944 Monet
1196 897 1457 959 praeterea
1500 910 1562 946 ne
1595 896 1892 951 electionem

371 958 652 1036 impediat,
678 974 839 1026 quam
866 963 1135 1036 Remenst’s
1159 958 1401 1017 Ecclesiae
1442 965 1610 1018 clerus
1637 972 1686 1020 et
1719 983 1889 1036 popu-

370 1028 450 1080 Ius
480 1030 736 1106 [acturus
764 1037 897 1106 erat,
927 1033 1020 1085 sed
1039 1034 1128 1086 illi
1152 1050 1308 1102 quem
1332 1037 1506 1104 major
1527 1052 1659 1104 pars
1680 1028 1892 1106 elegerit

367 1099 645 1153 auxilium
665 1104 922 1170 prebeat.

365 1222 723 1282 Gneoonws
750 1227 1052 1299 episcopus,
1080 1244 1269 1284 servus
1288 1244 1568 1286 servorum
1599 1231 1724 1297 Dei,
1749 1233 1864 1290 PH!

291 1332 502 1385 LIPPO,
535 1320 774 1389 glorioso
798 1322 912 1393 regi
935 1324 1297 1390 Francorum,
1329 1323 1560 1379 salutem
1591 1332 1644 1380 et
1668 1334 1887 1395 aposto-

290 1411 458 1465 licam
494 1411 962 1471 benedictionem.
1253 1477 1258 1482 ,

364 1506 519 1576 Saepe
555 1522 650 1578 per
685 1509 909 1564 nuntios
941 1517 1052 1564 tua:
1093 1509 1433 1565 celsitudinis
1479 1511 1786 1568 audivimus
1833 1522 1886 1568 te

287 1599 528 1668 gratiam
584 1601 645 1654 B.
701 1602 839 1655 Petri
899 1610 1258 1673 nostramque
1315 1603 1608 1659 amicitiam
1657 1621 1882 1676 cupere;

287 1691 439 1762 quod
481 1699 536 1747 et
577 1701 706 1748 tunc
747 1710 847 1749 nos
875 1695 1107 1750 libenter
1144 1697 1442 1767 accepisse,
1490 1707 1545 1752 et
1588 1697 1797 1766 adhuc,
1837 1699 1884 1754 si

1418 261 1612 316 LIBER
1651 264 1980 321 OCTAVUS.
2019 297 2088 306 —-
2126 266 2330 323 EPIST.
2372 268 2496 324 XXI.

1931 398 1985 459 Α
2017 391 2180 461 ligare
2222 399 2275 446 et
2317 392 2624 458 absolvere,
2667 391 2767 448 tibi
2810 393 2979 450 facias
3016 395 3352 467 debitorem;
3393 408 3449 454 et
3484 415 3598 456 non

3499 276 3601 332 594

2005 501 2103 554 pro
2155 484 2488 555 negligentia
2534 493 2628 540 aut
2680 487 2917 543 veritatis
2962 489 3397 547 dissimulatione
3447 493 3595 564 judi-

2003 577 2165 644 cium,
2224 577 2317 632 sed
2367 594 2466 648 pro
2531 578 2809 651 diligentia
2865 581 3202 654 justitiaeque
3251 587 3596 643 exsecutione

2003 669 2174 740 ipsius
2198 670 2370 740 gratia
2391 680 2660 726 aeternum
2687 672 2855 744 digne
2883 675 3144 731 merearis
3165 676 3449 734 auxilium.

2075 765 2212 818 Data
2245 771 2397 818 sexto
2437 764 2714 821 Kalendas
2751 768 3022 824 Januarii.

2516 877 2862 934 EPISTOLA
2915 881 3074 935 XXI.

2125 996 2205 1035 AD
2244 997 2668 1040 HEBIMANNUM
2711 1001 3062 1044 EPISCOPUM
3103 1005 3456 1047 METENSEM.

2549 1089 2728 1159 (Anno
2781 1095 2960 1158 1080.)

2002 1193 2092 1270 Act
2115 1193 2398 1270 labo'rcset
2421 1195 2788 1270 pgerz'eulgzpro
2813 1198 3062 1270 veritatis
3090 1199 3393 1266 defensione
3417 1217 3584 1270 para-

2067 1267 2179 1317 tum
2199 1265 2419 1318 excitat.
2445 1267 2703 1321 Rescribit
2716 1269 2789 1320 ad
2809 1269 2922 1335 ejus
2943 1272 3166 1336 qmesita.
3186 1271 3250 1324 de
3269 1265 3587 1328 auctoritate

2068 1337 2210 1410 sedis
2241 1337 2541 1410 apostolica:
2567 1340 2626 1410 in
2665 1342 3172 1394 excommunicando
3202 1358 3323 1410 rege
3345 1345 3584 1407 Henrico,

2019 1453 2032 1463 .
2069 1411 2121 1460 et
2144 1407 2462 1461 absolvenda
2496 1409 2734 1463 subditos
2763 1426 2795 1463 α
2822 1412 3103 1478 ﬁdelitatz's
3133 1407 3480 1467 sacramento.

2070 1518 2116 1572 G
2131 1531 2424 1574 BEGOBIUS
2435 1518 2740 1589 episcopus,
2755 1535 2946 1576 servus
2956 1537 3240 1577 servorum
3253 1522 3377 1589 Dei,
3390 1522 3588 1580 dilecto

1997 1609 2048 1663 in
2065 1610 2282 1688 Christo
2299 1610 2448 1665 fratri
2474 1614 2856 1669 ΗειςιΜΑΝΝο
2883 1615 3113 1669 Metensi
3141 1619 3415 1687 episcopo,
3445 1617 3587 1673 salu-

1994 1710 2108 1757 tem
2133 1711 2187 1758 et
2215 1704 2573 1774 apostolicam
2596 1701 3060 1762 benedictionem.

286 1801 414 1840 eum
438 1786 688 1841 animum
710 1789 883 1857 geris,
904 1789 1124 1844 noveris
1144 1788 1448 1845 admodum
1469 1790 1626 1846 nobis
1652 1793 1877 1862 placere.
1915 1800 1962 1861 Β
2063 1795 2220 1867 Quod
2250 1796 2317 1852 ad
2359 1797 2712 1868 perferendos
2745 1799 2957 1856 labores
2990 1817 3051 1856 ac
3081 1802 3317 1871 pericula
3350 1815 3448 1873 pro
3486 1803 3587 1859 de-

283 1881 347 1932 ln
396 1877 502 1933 hoc
532 1879 678 1934 enim
725 1890 780 1937 te
826 1889 935 1937 tuae
973 1881 1165 1937 salutis
1202 1883 1445 1938 amicum
1475 1884 1882 1956 sollicitumque

283 1987 406 2027 esse
454 1971 824 2039 demonstras,
890 1976 935 2030 si
997 1976 1356 2045 apostolicam
1417 1977 1878 2046 benevolentiam,

282 2065 425 2120 sicut
465 2065 829 2122 Christianum
870 2085 1054 2137 regem
1087 2068 1274 2132 decet,
1310 2070 1521 2142 assequi
1551 2079 1606 2126 et
1632 2071 1882 2127 obtinere

281 2158 596 2227 desideras;
643 2177 809 2231 quam
841 2162 1067 2232 quidem
1110 2161 1215 2217 hoc
1245 2171 1403 2232 pacto
1447 2163 1671 2235 adipisci
1702 2165 1882 2220 multo

283 2251 497 2308 facilius
533 2270 597 2308 ac
652 2254 866 2325 dignius
919 2255 1142 2326 poteris,
1194 2257 1239 2311 si
1297 2265 1352 2311 te
1395 2257 1449 2310 in
1503 2257 1881 2314 ecclesiasticis

281 2347 522 2416 negotiis
565 2347 875 2418 diligentem
924 2347 1295 2420 devotumque
1353 2358 1665 2407 reverenter
1723 2351 1878 2406 exhi-

280 2440 480 2494 bueris.
534 2440 678 2511 Quia
725 2441 780 2495 in
825 2458 881 2496 re
911 2441 1101 2512 procul
1149 2442 1316 2497 dubio
1359 2444 1547 2498 minus
1593 2445 1878 2515 vigilanter

274 2534 628 2606 multumque
665 2535 1026 2607 negligentius
1071 2551 1238 2606 quam
1291 2552 1485 2592 sanum
1527 2535 1694 2592 fuerit
1745 2538 1874 2592 olim

275 2627 535 2682 habuisse
556 2637 608 2680 te
635 2629 895 2683 cerneris.
921 2629 1028 2684 Sed
1058 2643 1159 2684 nos
1186 2629 1565 2685 adolescentia:
1594 2639 1701 2686 tua:
1731 2647 1876 2700 prae-

273 2721 436 2776 terita
482 2719 712 2791 delicta,
759 2737 854 2792 spe
903 2722 1258 2777 correctionis
1301 2730 1410 2777 tua?
1457 2731 1767 2793 portantes,
1817 2732 1878 2777 ut

274 2814 535 2883 deinceps
580 2815 853 2885 castigatis
897 2815 1147 2870 moribus
1189 2815 1259 2870 ad
1289 2831 1350 2869 ea
1382 2831 1504 2885 quae
1539 2823 1757 2886 oportet
1786 2817 1876 2870 in-

275 2907 486 2976 vigiles,
507 2924 570 2960 ex
587 2906 773 2962 debito
801 2906 968 2963 officii
999 2908 1171 2962 nostri
1198 2924 1510 2963 monemus.
1535 2910 1707 2980 Igitur
1731 2909 1873 2964 inter

271 3009 469 3056 caetera
502 3001 761 3055 virtutum
789 3001 967 3056 studia
992 3002 1152 3072 regiae
1181 3002 1517 3056 excellentiae
1547 3003 1871 3056 convenien-

272 3094 367 3155 tia.
408 3108 532 3164 quae
562 3093 652 3147 tibi
679 3094 858 3148 inesse
877 3103 1154 3165 optamus,
1185 3111 1312 3150 cum
1339 3103 1393 3149 te
1410 3095 1634 3166 justitiae
1657 3103 1866 3150 amato-

1987 1887 2232 1943 fensione
2289 1889 2526 1946 veritatis
2576 1898 2628 1945 te
2692 1899 2939 1960 paratum
2986 1893 3364 1965 intelligimus,
3412 1895 3584 1950 divini

1991 1981 2231 2036 muneris
2255 1997 2372 2037 esse
2394 1999 2505 2038 non
2546 1983 2896 2051 dubitamus;
2937 1986 3092 2057 cujus
3117 1986 3233 2042 haac
3260 1996 3342 2042 est
3388 1987 3584 2044 ineffa-

1987 2073 2108 2128 bilis
2152 2075 2322 2146 gratia
2364 2083 2416 2130 et
2442 2075 2624 2131 divina
2654 2077 2944 2132 clementia
2973 2079 3120 2150 quod
3155 2096 3440 2151 nunquam
3480 2081 3585 2136 ele-

1987 2174 2104 2222 ctos
2166 2183 2296 2223 suos
2371 2169 2590 2239 penitus
2659 2170 2912 2225 aberrare
2968 2171 3245 2240 permittit,
3302 2189 3584 2244 nunquam

1985 2258 2234 2315 funditus
2266 2260 2576 2316 labefactari
2608 2271 2705 2318 aut
2738 2262 2892 2334 dejici
2935 2264 3092 2331 sinit,
3141 2265 3277 2320 dum
3318 2281 3432 2331 eos,
3463 2282 3584 2338 per-

1985 2353 2282 2408 secutionis
2311 2361 2563 2424 tempore
2603 2355 2842 2426 quadam
2874 2357 2992 2411 utili
3027 2357 3346 2427 probatione
3373 2359 3582 2414 discus-

1984 2459 2098 2511 sos,
2149 2447 2315 2501 etiam
2350 2457 2474 2517 post
2521 2448 2940 2520 trepidationem
2988 2450 3232 2521 aliquam
3277 2453 3582 2524 semetipsis

1984 2536 2242 2592 fortiores
2282 2539 2429 2593 facit.
2464 2541 2742 2608 Quoniam
2789 2550 2977 2597 autem
3007 2543 3152 2598 sicut
3185 2545 3327 2599 inter
3357 2545 3583 2616 ignavos

1983 2629 2152 2685 alium
2196 2647 2306 2701 quo
2347 2633 2561 2702 turpius
2598 2634 2704 2688 alio
2756 2634 2926 2704 fugiat
2970 2635 3142 2691 timor
3187 2637 3480 2702 exanimat,
3512 2641 3582 2694 ita

1982 2723 2143 2777 etiam
2191 2723 2340 2778 inter
2385 2734 2643 2780 strenuos
2683 2727 2848 2781 alium
2887 2744 2996 2796 quo
3034 2727 3231 2784 fortius
3275 2730 3386 2785 alio
3433 2742 3578 2804 agat,

1983 2831 2093 2885 quo
2131 2815 2412 2872 ardentius
2441 2827 2787 2889 prorumpat,
2821 2820 2967 2874 virile
3011 2829 3198 2890 pectus
3243 2822 3576 2880 inﬂammat.

1987 2914 2105 2964 Hoc
2149 2909 2399 2964 charitati
2466 2919 2573 2965 tuae
2633 2911 3028 2967 exhortationis
3080 2930 3212 2968 voce
3263 2917 3578 2973 curavimus

1978 3002 2397 3071 commendare,
2447 3013 2508 3058 ut
2534 3020 2598 3059 eo
2645 3004 2819 3076 magis
2864 3005 2920 3059 in
2951 3006 3065 3060 acie
3095 3006 3422 3063 Christiana:
3455 3010 3580 3064 reli-

1979 3095 2156 3165 gionis
2197 3105 2338 3152 stare
2380 3106 2434 3151 te
2478 3099 2708 3153 delectet
2749 3099 2890 3153 inter
2917 3099 3146 3169 primos,
3185 3117 3294 3170 quo
3332 3117 3426 3157 eos
3467 3119 3576 3158 non

271 3202 394 3242 rem
439 3187 939 3258 misericordiaque
977 3187 1268 3243 custodem
1318 3189 1574 3255 existere,
1621 3189 1876 3254 ecclesias
1904 3166 1949 3230 Ο
1985 3187 2204 3244 dubitas
2244 3190 2435 3244 victori
2487 3195 2604 3246 Deo
2652 3193 2936 3261 proximos
2988 3201 3151 3263 atque
3200 3193 3573 3264 dignissimos.

267 3278 590 3347 defendere,
623 3281 857 3352 pupillos
879 3279 1178 3352 viduasque
1207 3290 1492 3353 protegere
1518 3282 1588 3335 sit
1623 3297 1870 3336 necessa-

268 3375 446 3440 rium,
480 3389 592 3428 non
630 3375 813 3430 minus
841 3374 909 3430 ad
943 3375 1169 3430 internae
1198 3376 1386 3430 salutis
1424 3373 1736 3430 custodiam
1767 3375 1866 3430 tibi

266 3483 393 3522 esse
428 3483 724 3537 pravorum
769 3468 990 3523 consilia
1034 3468 1358 3539 spernenda,
1392 3468 1736 3540 maximeque
1771 3484 1866 3522 ex-

265 3561 804 3616 communicatorum
854 3559 1253 3617 familiaritates
1302 3560 1677 3628 detestandas,
1726 3561 1870 3616 arbi-

265 3663 488 3709 tramur
538 3662 701 3724 atque
750 3654 1064 3709 asserimus.
1107 3654 1268 3710 Unde
1298 3653 1618 3710 sublimitati
1658 3661 1768 3710 tua:
1802 3669 1866 3709 ex

264 3755 420 3818 parte
458 3745 601 3802 beati
640 3747 784 3803 Petri
825 3748 1165 3819 praecipimus
1203 3763 1267 3803 ac
1295 3764 1361 3802 ex
1387 3756 1573 3803 nostra
1607 3761 1868 3819 rogamus

265 3848 326 3895 ut
342 3841 614 3895 Manassae
635 3842 894 3896 Remensi
912 3841 1315 3912 archiepiscOpo
1337 3840 1503 3908 dicto,
1529 3839 1625 3896 sed
1648 3849 1868 3911 propter

262 3948 399 3988 suas
455 3932 792 4005 iniquitates,
854 3949 977 4005 quae
1030 3949 1141 3989 non
1189 3941 1525 4004 praetereunt
1583 3933 1864 3989 scientiam

259 4036 449 4093 tuam,
498 4027 986 4098 irrecuperabiliter
1046 4027 1325 4098 deposito,
1370 4027 1586 4082 nullum
1638 4027 1866 4082 ulterius

261 4120 469 4175 favoris
497 4121 575 4175 tui
624 4121 880 4175 solatium
912 4121 1174 4192 praabeas,
1218 4120 1316 4175 sed
1356 4136 1485 4175 eum
1513 4121 1590 4174 ita
1622 4120 1690 4173 ab
1721 4120 1859 4175 ami-

255 4213 391 4268 citia
425 4222 513 4267 tua
544 4212 824 4269 rescindes
851 4222 1014 4285 atque
1038 4229 1068 4268 a
1096 4221 1390 4284 conspectu
1420 4213 1721 4284 praesentiae
1751 4221 1860 4269 tua)

256 4315 635 4377 contemptum
676 4307 922 4378 repellas,
968 4315 1029 4362 ut
1062 4315 1118 4362 te
1159 4315 1342 4378 pateat
1376 4306 1626 4362 inimicos
1657 4314 1857 4362 sanctae

261 4400 541 4465 Ecclesiae,
601 4400 854 4456 videlicet
911 4401 1477 4456 excommunicatione
1538 4397 1850 4465 induratos,

255 4494 606 4564 respuendo',
646 4497 827 4549 Deum
867 4493 1086 4565 diligere
1128 4495 1544 4564 apostolicisque
1581 4493 1854 4548 mandatis

252 4602 479 4642 morem
523 4587 761 4659 gerendo
801 4587 1033 4658 gratiam
1063 4587 1206 4642 beati
1246 4588 1394 4642 Petri
1423 4587 1685 4642 veraciter
1713 4587 1858 4641 desi-

250 4681 465 4736 derare.
510 4683 779 4736 Praeterea
830 4683 1102 4749 volumus,
1151 4690 1208 4736 et
1251 4696 1318 4736 ex
1367 4689 1516 4750 parte
1556 4679 1854 4750 apostolica

245 4774 514 4844 jnbemus
564 4783 624 4828 ut
670 4774 992 4830 electionem
1050 4790 1218 4846 quam
1276 4772 1515 4844 praefatae
1565 4773 1854 4827 Remensis

255 4867 517 4922 Ecclesiae
545 4868 722 4924 clerus
751 4876 805 4924 et
834 4868 1087 4940 populus,
1125 4871 1246 4923 Deo
1277 4874 1573 4934 annuente,
1611 4865 1854 4922 facturus

251 4969 360 5027 est,
387 4961 541 5016 nullo
568 4962 786 5031 ingenio
813 4970 906 5017 aut
933 4961 1114 5017 studio
1141 4961 1434 5032 quominus
1471 4960 1728 5016 canonice
1762 4960 1857 5015 fiat

251 5055 562 5124 impedias;
600 5055 697 5110 sed
726 5062 780 5109 et
807 5055 854 5110 si
883 5055 1006 5127 quis
1031 5053 1297 5125 impedire
1326 5055 1510 5124 aliquo
1539 5052 1720 5108 studio
1757 5067 1854 5108 ste-

253 5148 426 5202 culari
455 5149 770 5215 tentaverit,
812 5148 886 5203 illi
917 5149 1071 5203 omni
1096 5147 1264 5202 modo
1294 5146 1656 5209 contradicas,
1691 5154 1854 5217 atque

251 5241 332 5295 illi
351 5257 520 5312 quem
546 5257 670 5312 pars
696 5241 908 5297 fidelior
936 5249 994 5296 et
1031 5239 1341 5312 religiosior
1376 5241 1606 5311 elegerit
1633 5239 1850 5310 adjuto-

254 5334 404 5389 rium
436 5343 598 5390 tuum
627 5333 932 5406 impendas.
967 5338 1086 5405 Age
1115 5333 1297 5404 igitur,
1331 5341 1404 5400 et,
1445 5332 1557 5403 jam
1588 5341 1752 5388 atate
1774 5332 1854 5388 vir

254 5426 454 5494 factus,
489 5427 546 5482 in
574 5426 679 5483 hac
706 5443 768 5483 re
796 5442 1029 5498 procura
1056 5434 1118 5480 ut
1143 5441 1258 5481 non
1292 5424 1494 5481 frustra
1525 5433 1635 5481 tua:
1656 5427 1850 5497 juven-

254 5521 390 5576 tutis
414 5520 594 5592 culpis
626 5522 950 5593 pepercisse,
972 5535 1075 5575 nec
1096 5519 1152 5573 in
1177 5535 1380 5574 vanum
1406 5527 1460 5574 te
1494 5519 1566 5574 ad
1586 5519 1848 5574 emenda-

254 5613 465 5668 tionem
512 5621 856 5684 exspectasse
901 5613 1224 5679 videamur;
1259 5627 1322 5667 ac
1365 5612 1607 5668 maxime
1649 5613 1852 5666 enitere

256 5713 324 5760 ut
353 5706 580 5761 beatum
613 5709 859 5774 Petrum,
887 5706 944 5760 in
975 5706 1128 5776 cujus
1153 5713 1421 5776 potestate
1446 5715 1528 5761 est
1567 5714 1727 5762 tuum
1762 5721 1849 5761 re-

255 5813 430 5868 gnum
453 5807 510 5854 et
537 5799 716 5854 anima
739 5808 830 5854 tua
848 5842 863 5868 ,
889 5800 1059 5872 quite
1082 5806 1263 5871 potest
1294 5799 1351 5854 in
1377 5801 1516 5855 caelo
1538 5808 1593 5855 et
1620 5801 1675 5856 in
1703 5808 1850 5858 terra

1890 4543 1938 4605 D

1985 3282 2145 3349 Quod
2199 3291 2384 3338 autem
2447 3284 2725 3354 postulasti
2778 3295 2832 3340 te
2884 3285 3038 3355 quasi
3097 3287 3300 3341 nostris
3360 3289 3575 3359 scriptis

1972 3375 2156 3444 juvari
2193 3391 2256 3430 ac
2298 3377 2618 3446 praemuniri
2667 3385 2857 3432 contra
2890 3378 3112 3433 illorum
3159 3379 3428 3436 insaniam
3481 3382 3574 3452 qui

1979 3465 2216 3523 nefando
2245 3484 2339 3524 ore
2380 3470 2626 3540 garriunt
2678 3470 3059 3526 auctoritatem
3109 3480 3313 3527 sanctae
3349 3481 3404 3528 et
3438 3489 3573 3544 apo-

1977 3561 2186 3616 stolicae
2213 3561 2358 3616 sedis
2397 3579 2509 3617 non
2553 3564 2794 3634 potuisse
2824 3580 3008 3636 regem
3049 3566 3358 3631 Henricum,
3390 3566 3570 3623 homi-

1977 3671 2103 3710 nem
2143 3654 2472 3711 Christianae
2511 3656 2644 3727 legis
2688 3665 3150 3728 contemptorem,
3201 3660 3569 3716 Ecclesiarum

1976 3748 2222 3804 videlicet
2241 3757 2297 3804 et
2315 3749 2530 3819 imperii
2551 3749 2971 3816 destructor-em,
2989 3760 3156 3822 atque
3177 3751 3566 3808 haereticorum

1975 3851 2254 3898 auctorem
2310 3850 2364 3896 Θῐ
2419 3851 2849 3897 consentaneum
2909 3845 3418 3911 excommunicare,
3465 3862 3569 3901 nec

1972 3951 2302 4007 quemquam
2341 3951 2372 3989 a
2411 3943 2752 3990 sacramento
2794 3935 3066 3991 ﬁdelitatis
3096 3937 3213 4008 ejus
3254 3937 3564 4004 absolvere;

1971 4045 2084 4084 non
2115 4029 2252 4084 adeo
2276 4028 2640 4084 necessarium
2681 4029 2838 4084 nobis
2867 4029 3098 4096 videtur,
3130 4046 3259 4084 cum
3285 4030 3446 4102 hujus
3485 4033 3561 4088 rei

1971 4131 2084 4176 tam
2129 4121 2304 4176 multa
2350 4137 2413 4175 ac
2453 4122 2757 4176 certissima
2787 4121 3121 4177 documenta
3181 4125 3239 4177 in
3278 4140 3559 4180 sacrarum

1972 4216 2373 4285 Scripturarum
2405 4214 2615 4285 paginis
2643 4214 3005 4285 reperiantur.
3045 4217 3233 4290 Neque
3267 4218 3414 4272 enim
3439 4235 3562 4274 cre—

1971 4308 2152 4363 dimus
2177 4322 2270 4361 eos
2297 4307 2388 4376 qui
2422 4306 2489 4359 ad
2518 4307 2804 4361 cumulum
2844 4322 2957 4362 suae
3001 4307 3367 4364 damnationis
3420 4311 3560 4365 veri-

1970 4401 2065 4454 tati
2103 4399 2452 4469 impudenter
2477 4397 2790 4465 detrahunt,
2819 4407 2874 4453 et
2905 4401 3308 4465 contradicunt,
3341 4403 3456 4457 hzec
3487 4403 3558 4458 ad

1970 4508 2083 4549 suae
2132 4491 2462 4548 defensionis
2522 4491 2829 4558 audaciam,
2874 4501 2989 4546 tam
3037 4493 3344 4563 ignorantia
3391 4511 3556 4564 quam

1967 4587 2181 4642 misera:
2209 4585 2606 4656 desperationis
2651 4585 2928 4649 vecordia,
2967 4593 3268 4655 coaptasse.
3309 4588 3421 4642 Nec
3460 4589 3557 4642 mi-

1964 4696 2118 4746 rum;
2161 4695 2284 4734 mos
2319 4686 2402 4734 est
2430 4679 2576 4732 enim
2621 4678 3004 4748 reproborum,
3032 4678 3104 4733 ob
3151 4694 3266 4734 sua:
3293 4681 3556 4752 nequitia

1963 4773 2375 4845 protectionem,
2395 4772 2492 4826 niti
2518 4771 2828 4826 consimiles
2845 4771 2949 4826 sibi
2973 4770 3285 4841 defendere,
3305 4776 3430 4845 quia
3451 4789 3550 4848 pro

1964 4868 2136 4922 nihilo
2159 4864 2648 4921 habentmendacii
2669 4864 3031 4936 perditionem
3060 4867 3356 4924 incurrere.
3389 4872 3552 4935 Nam,

1964 4969 2026 5016 ut
2061 4959 2132 5015 de
2178 4959 2366 5014 multis
2406 4975 2574 5030 pauca
2618 4958 2889 5026 dicamus,
2922 4960 3047 5030 quis
3097 4961 3314 5033 ignorat
3363 4979 3550 5018 vocem

1965 5053 2180 5109 Domini
2216 5068 2280 5107 ac
2317 5053 2610 5106 Salvatoris
2638 5053 2808 5107 nostri
2841 5055 2965 5108 Jesu
2992 5053 3196 5110 Christi
3235 5056 3468 5112 dicentis
3501 5056 3552 5110 in

1964 5145 2252 5218 Evangelio
2288 5163 2299 5197 :
2339 5149 2414 5199 Tu
2456 5162 2506 5198 cs
2535 5150 2721 5201 Petrus
2745 5151 2794 5199 et
2819 5162 2979 5216 super
3003 5149 3138 5200 hanc
3182 5155 3389 5217 petram
3418 5150 3550 5203 aedi-

1959 5242 2122 5309 ficabo
2147 5241 2433 5294 Ecclesium
2455 5255 2664 5301 meam,
2697 5245 2748 5294 et
2770 5245 2944 5308 porta:
2969 5243 3142 5306 inferi
3176 5257 3280 5295 non
3307 5247 3552 5311 praevale-

1965 5335 2096 5388 bunt
2121 5335 2370 5389 adversus
2391 5350 2536 5396 eam;
2561 5337 2609 5387 et
2631 5333 2732 5386 tibi
2757 5333 2894 5386 dabo
2917 5334 3085 5387 cla-ves
3107 5338 3264 5402 regni
3285 5338 3550 5405 caelorum,

1961 5433 2010 5480 et
2032 5428 2380 5496 quodcunque
2405 5427 2659 5494 ligaveris
2685 5442 2847 5496 super
2872 5432 3096 5490 terram,
3130 5431 3229 5482 erit
3255 5429 3482 5498 ligatum
3505 5438 3556 5486 et

1959 5525 2017 5574 in
2043 5521 2204 5586 coal-is,
2235 5525 2285 5574 et
2305 5513 2653 5588 quodcunque
2673 5521 2888 5575 sol-veris
2908 5536 3069 5590 super
3098 5525 3320 5585 terram,
3341 5527 3444 5578 erit
3472 5540 3553 5580 so-

1963 5616 2135 5668 lutum
2154 5619 2204 5668 et
2218 5615 2275 5668 in
2294 5615 2436 5667 cratis
2457 5615 2673 5679 (Matth.
2696 5615 2848 5685 xw).
2873 5615 3130 5685 Nunquid
3152 5624 3280 5671 sunt
3300 5615 3389 5670 hic
3405 5632 3555 5685 reges

1961 5710 2204 5780 excepti?
2232 5711 2340 5763 Aut
2366 5723 2477 5764 non
2502 5715 2630 5762 sunt
2655 5706 2723 5763 de
2761 5707 2956 5761 ovibus
2983 5722 3116 5776 quas
3156 5708 3322 5762 Filius
3361 5706 3459 5760 Dei
3489 5709 3550 5760 Β.

1963 5803 2122 5856 Petro
2141 5801 2455 5859 commisit?
2469 5802 2626 5870 Quis,
2644 5814 2801 5870 rogo,
2820 5800 2873 5853 in
2891 5798 2994 5854 hac
3017 5798 3309 5854 universali
3331 5813 3558 5854 conces-
