4044 6164
464 254 565 307 595

1148 248 1204 303 S.
1245 246 1565 303 GREGORII
1604 249 1690 303 VII
1734 250 1927 304 PAR-'E
1965 248 2240 305 OPERUM
2280 248 2449 302 PARS
2490 249 2527 301 Ι.
2568 273 2638 286 -
2677 245 3077 301 REGISTRUM.

3656 248 3751 299 596

463 377 620 431 sione
641 372 845 445 ligandi
864 380 1027 444 atque
1048 371 1289 428 solvendi
1307 388 1335 427 a
1354 380 1623 443 potestate
1646 372 1782 428 Petri
1805 390 1861 429 se
1882 375 2059 429 exclu-
2089 378 2143 441 Α
2172 372 2463 445 quemdam
2492 372 2808 425 Senatorem
2848 368 3095 424 abbatem
3129 368 3211 423 his
3240 369 3413 423 verbis
3447 388 3460 423 :
3496 392 3522 416 ιι
3552 369 3608 423 Si
3638 370 3762 440 quis

464 484 590 525 sum
615 483 733 523 esse
766 467 1057 533 existimat,
1089 465 1191 525 nisi
1214 464 1356 522 forte
1387 464 1571 521 infelix
1600 466 1686 521 ille
1716 468 1831 537 qui,
1856 468 2052 539 jugum

462 562 686 617 Domini
708 569 924 633 portare
945 561 1159 627 nolens,
1181 558 1382 615 diaboli
1403 576 1460 614 se
1476 560 1694 631 subjicit
1714 562 1890 627 oneri,
1924 570 1977 617 et
2000 562 2055 616 in

463 671 697 711 numero
729 656 913 711 ovium
942 653 1143 708 Christi
1187 668 1303 708 esse
1331 656 1579 709 recusat?
1609 656 1701 709 cui
1733 664 1921 709 tamen
1953 654 2056 710 hoc

466 748 536 803 ad
579 750 831 805 miseram
862 748 1170 802 libertatem
1198 748 1428 802 minime
1459 747 1673 817 proﬁcit
1720 748 1866 819 quod
1902 757 2054 818 pote-

467 850 666 896 statem
721 842 885 907 Petri,
927 840 1190 896 divinitus
1234 840 1337 895 sibi
1381 856 1721 908 concessam,
1762 858 1790 895 a
1822 843 2058 912 superba

468 936 675 990 cervice
704 935 926 998 excutit,
971 934 1229 1005 quoniam
1261 942 1466 1005 quanto
1510 950 1630 989 eam
1671 936 1925 1006 quisque,
1964 952 2058 1007 per

465 1030 778 1093 elationem,
813 1026 952 1082 ferre
995 1027 1247 1099 abnegat,
1275 1035 1430 1082 tanto
1478 1027 1666 1083 durius
1714 1027 1783 1083 ad
1825 1028 2059 1084 damna-

466 1123 671 1176 tionem
700 1136 852 1176 suam
879 1120 933 1174 in
967 1120 1178 1190 judicio
1209 1128 1406 1190 portat.
1450 1123 1608 1175 Hanc
1648 1121 1831 1192 itaque
1860 1122 2058 1177 divinae

467 1214 758 1269 voluntatis
782 1214 1214 1280 institutionem,
1261 1214 1366 1268 hoc
1394 1213 1805 1269 ﬁrmamentum
1836 1215 2060 1287 dispen—

468 1307 690 1362 sationis
720 1306 993 1373 Ecclesiae,
1025 1306 1129 1361 hoc
1156 1307 1497 1378 privilegium
1526 1308 1685 1363 beato
1726 1313 1887 1363 Petro
1922 1326 2056 1379 apo-

468 1401 737 1454 stolorum
779 1400 1008 1469 principi
1049 1400 1253 1455 caelesti
1285 1400 1501 1455 decreto
1536 1401 1905 1472 principaliter
1942 1412 2059 1465 tre.-

468 1492 644 1546 ditum
697 1501 857 1562 atque
910 1492 1191 1546 ﬁrmatum
1234 1494 1411 1548 sancti
1462 1496 1645 1548 Patres
1685 1510 1811 1549 cum
1865 1511 2058 1565 magna

466 1586 811 1641 veneratione
853 1586 1205 1656 suscipientes
1255 1593 1419 1658 atque
1461 1597 1769 1653 servantes,
1811 1598 2058 1644 sanctam

468 1682 775 1733 Romanam
819 1679 1125 1734 Ecclesiam
1166 1689 1278 1734 tam
1313 1680 1370 1734 in
1423 1681 1770 1752 generalibus
1816 1683 2059 1737 conciliis

468 1788 633 1843 quam
662 1772 824 1827 etiam
854 1772 911 1827 in
943 1773 1154 1828 caeteris
1182 1774 1397 1845 scriptis
1431 1782 1485 1829 et
1508 1775 1672 1845 gestis
1710 1775 1821 1830 suis
1850 1776 2061 1830 univer-
2096 1745 2143 1805 Β

467 1867 634 1921 salem
684 1874 918 1921 matrem
969 1866 1401 1937 appellaverunt;
1448 1876 1501 1922 et
1551 1870 1692 1923 sicut
1731 1868 1849 1940 ejus
1886 1869 2059 1924 docu-

466 1968 649 2015 menta
670 1959 723 2013 in
753 1959 1173 2014 conﬁrmatione
1205 1960 1325 2015 ﬁdei
1365 1969 1420 2015 et
1442 1960 1753 2017 eruditione
1781 1978 1951 2017 sacra:
1979 1979 2060 2017 re—

465 2053 706 2124 ligionis,
752 2053 822 2106 ita
854 2053 1247 2124 etiamjudicia
1276 2063 1650 2126 susceperunt,
1685 2057 1743 2110 in
1785 2057 1887 2109 hoc
1933 2074 2060 2110 con-

467 2147 784 2207 sentientes,
824 2154 876 2200 et
901 2146 1057 2217 quasi
1086 2163 1199 2200 uno
1231 2147 1421 2217 spiritu
1452 2158 1505 2202 et
1538 2165 1643 2203 una
1677 2166 1804 2204 voce
1834 2166 2057 2205 concor-

466 2239 677 2304 dantes,
723 2254 917 2293 omnes
969 2242 1203 2309 majores
1259 2256 1348 2295 res
1399 2250 1451 2295 et
1499 2242 1769 2313 praacipua
1818 2244 2056 2313 negotia,

466 2348 563 2387 nec
594 2348 700 2385 non
731 2333 980 2387 omnium
1014 2334 1375 2389 Ecclesiarum
1402 2334 1639 2405 judicia,
1666 2336 1734 2390 ad
1765 2352 1883 2390 eam
1907 2338 2056 2406 quasi

466 2425 535 2480 ad
561 2434 797 2479 matrem
840 2434 894 2480 et
924 2434 1087 2496 caput
1110 2425 1310 2481 debere
1343 2426 1554 2493 referri,
1582 2429 1647 2482 ab
1696 2444 1757 2483 ea
1786 2446 2059 2499 nusquam

465 2519 742 2588 appellari,
775 2518 979 2589 judicia
1007 2519 1121 2590 ejus
1161 2536 1191 2574 a
1238 2521 1459 2575 nemine
1506 2523 1787 2577 retractari
1836 2532 1931 2577 aut
1978 2539 2059 2577 re-

468 2611 574 2665 felli
599 2610 799 2667 debere
820 2613 898 2667 vel
924 2629 1100 2683 posse.
1124 2612 1290 2668 Unde
1318 2614 1507 2675 beatus
1530 2616 1778 2670 Gelasius
1804 2618 1898 2669 Vll
1926 2632 2059 2687 papa

468 2706 750 2760 Anastasio
802 2705 1119 2776 imperatori
1164 2707 1407 2762 scribens
1455 2712 1679 2778 (ἀφίδω,
1738 2709 1921 2764 divina
1954 2710 2056 2764 ful-

468 2808 555 2853 tus
585 2798 929 2863 auctoritate,
974 2798 1101 2869 quid
1141 2808 1196 2854 et
1224 2802 1457 2870 qualiter
1483 2801 1550 2856 de
1586 2802 1889 2873 principatu
1932 2820 2060 2857 sau-

467 2901 567 2946 clm
603 2900 659 2946 et
694 2892 1004 2963 apostolica:
1042 2893 1189 2947 sedis
1232 2894 1436 2949 sentire
1482 2894 1707 2950 deberet
1741 2896 1846 2951 hoc
1892 2897 2059 2952 modo

467 3001 593 3039 eum
636 2985 936 3040 instruxit:
988 3008 1013 3034 α
1058 2987 1194 3055 Etsi,
1241 2987 1439 3057 inquit,
1487 2990 1699 3044 cunctis
1738 2991 2058 3059 generaliter

2163 483 2291 522 vero
2310 481 2527 537 regum,
2550 463 2917 525 sacerdotum,
2934 462 3184 533 judicum
3207 470 3373 534 atque
3406 463 3763 518 saecularium

2162 566 2551 634 personarum,
2598 558 2736 613 hanc
2778 556 3183 612 constitutionis
3233 564 3436 612 nostra:
3503 556 3767 627 paginam

2163 669 2492 726 agnoscens,
2533 661 2723 707 contra
2753 667 2874 706 eam
2904 652 3086 704 venire
3117 650 3436 717 tentaverit,
3477 650 3772 720 potestatis

2163 748 2497 817 honorisque
2533 747 2617 801 sui
2647 745 2907 817 dignitate
2935 752 3143 808 careat,
3176 759 3439 814 reumque
3474 759 3532 798 se
3573 743 3776 798 din’no

2156 841 2365 914 judicio
2400 840 2633 895 existere
2664 839 2728 893 de
2766 845 3069 908 perpetrata
3102 838 3389 907 iniquitate
3428 844 3773 908 cognoscat;

2165 942 2236 1002 et,
2261 935 2362 989 nisi
2393 950 2457 989 ea
2496 948 2621 1004 qua:
2660 933 2726 987 ab
2764 932 2852 987 illo
2883 940 3011 985 sunt
3054 931 3193 986 male
3223 930 3397 986 ablata
3429 930 3777 997 restituerit,

2166 1029 2249 1084 vel
2288 1027 2447 1099 digna
2476 1026 2787 1098 poenitentia
2828 1025 3012 1079 illicite
3036 1034 3153 1079 acta
3180 1024 3482 1091 delleverit,
3522 1041 3553 1079 a
3586 1040 3785 1078 sacra-

2164 1122 2374 1177 tissimo
2417 1136 2641 1191 corpore
2675 1136 2738 1175 ac
2780 1120 3042 1190 sanguine
3101 1119 3323 1172 Domini
3371 1117 3788 1189 Redemptoris

2165 1216 2332 1273 nostri
2369 1216 2498 1269 Jesu
2538 1214 2737 1268 Christi
2783 1212 2992 1267 alienus
3034 1212 3146 1277 ﬁat,
3194 1220 3358 1281 atque
3387 1212 3440 1265 in
3489 1218 3785 1267 aeternum

2167 1308 2411 1364 examini
2461 1307 2718 1362 districta:
2769 1305 2990 1360 ultionis
3038 1305 3336 1376 subjaceat.
3410 1328 3435 1353 υ
3493 1304 3669 1376 Quod
3740 1307 3789 1359 si

2165 1404 2226 1456 B.
2272 1401 2589 1472 Gregorius,
2633 1399 2825 1453 doctor
2854 1400 3041 1469 utique
3077 1398 3419 1466 mitissimus,
3460 1414 3643 1469 reges,
3685 1400 3793 1469 qui

2166 1503 2369 1550 statuta
2425 1510 2524 1549 sua
2586 1508 2748 1564 super
2799 1508 2973 1547 unum
3026 1491 3439 1547 xenodochium
3491 1492 3791 1546 violarent

2165 1605 2276 1643 non
2319 1588 2487 1644 modo
2525 1587 2749 1658 deponi,
2795 1585 2891 1641 sed
2927 1586 3090 1640 etiam
3138 1585 3623 1653 excommunicari,
3686 1594 3789 1639 at-

2167 1698 2273 1753 que
2322 1682 2377 1735 in
2430 1688 2633 1735 aeterno
2685 1678 2933 1734 examine
3003 1677 3250 1732 damnari
3325 1678 3586 1740 decrevit,
3650 1680 3801 1750 quis

2172 1792 2271 1830 nos
2294 1774 2597 1829 Henricum
2627 1789 2737 1828 non
2768 1773 2949 1827 solum
2983 1772 3406 1843 apostolicorum
3426 1772 3801 1843 judiciorum

2166 1876 2620 1939 contemptorem,
2646 1883 2833 1921 verum
2877 1866 3039 1920 etiam
3070 1866 3237 1937 ipsius
3266 1866 3456 1920 matris
3486 1866 3801 1933 Ecclesiae,

2167 1971 2437 2035 quantum
2462 1962 2516 2016 in
2544 1962 2658 2033 ipso
2680 1968 2781 2025 est,
2809 1959 3281 2025 conculcatorem,
3310 1959 3590 2030 totiusque
3610 1960 3799 2030 regni

2168 2063 2222 2111 et
2262 2056 2628 2110 Ecclesiarum
2668 2054 3137 2124 improbissimum
3168 2052 3487 2124 praadonem
3535 2062 3591 2107 et
3621 2061 3801 2108 atro-

2167 2150 2454 2205 cissimum
2497 2148 2894 2203 destructorem
2939 2146 3251 2217 deposuisse
3292 2156 3347 2201 et
3383 2151 3803 2202 excommuni-

2170 2259 2321 2297 casse
2369 2242 2758 2312 reprehendat,
2792 2241 2891 2295 nisi
2940 2240 3076 2295 forte
3105 2240 3298 2295 similis
3322 2240 3473 2311 ejus?
3519 2242 3677 2295 sicut
3729 2245 3802 2297 B.

2363 2338 2474 2405 (hoc
2504 2342 2603 2401 cst,
2642 2338 2805 2389 Beato
2840 2338 3015 2389 Petro.
3050 2335 3270 2404 Hann.)
3305 2333 3533 2388 docente
3565 2350 3805 2406 cogno-

2169 2430 2346 2483 vimus
2390 2429 2442 2482 in
2484 2430 2705 2500 epistola
2751 2428 2817 2483 de
2847 2426 3191 2482 ordinatione
3220 2428 3536 2497 Clementis,
3579 2429 3643 2482 in
3680 2446 3809 2501 qua

2168 2524 2245 2578 sic
2274 2522 2372 2577 ait:
2421 2546 2443 2568 α
2470 2523 2523 2576 Si
2552 2522 2671 2592 quis
2702 2522 2910 2575 amicus
2936 2518 3103 2575 fuerit
3129 2520 3192 2574 iis
3226 2544 3249 2567 ››
3280 2520 3386 2592 [de]
3416 2520 3627 2591 quibus
3668 2522 3809 2593 ipse

2168 2617 2234 2671 de
2261 2616 2454 2671 eodem
2476 2615 2756 2671 Clemente
2786 2615 2972 2669 dicens
3000 2630 3110 2667 non
3151 2614 3411 2685 loquitur,
3449 2637 3473 2661 σι
3507 2630 3667 2669 unus
3700 2626 3799 2671 est

2168 2711 2359 2779 etipse
2401 2726 2465 2763 ex
2512 2709 2619 2763 illis
2648 2709 2739 2778 qui
2781 2708 3143 2762 exterminare
3189 2708 3291 2761 Dei
3324 2707 3626 2762 Ecclesiam
3692 2727 3806 2764 vo-

2170 2804 2317 2867 lunt;
2366 2811 2423 2857 et
2462 2803 2507 2857 si
2548 2818 2672 2856 cum
2722 2817 2951 2872 corpore
3000 2802 3296 2856 nobiscum
3347 2816 3463 2855 esse
3505 2802 3811 2871 videatur,

2169 2906 2349 2950 mente
2392 2906 2444 2951 et
2480 2896 2662 2949 animo
2697 2903 2888 2950 contra
2916 2911 3015 2949 nos
3044 2904 3148 2961 est,
3166 2903 3219 2948 et
3247 2903 3329 2949 est
3346 2896 3520 2949 multo
3544 2898 3819 2967 nequior

2168 2990 2337 3044 hostis
2391 2989 2476 3043 hic
2518 3006 2685 3060 quam
2739 2989 2807 3043 illi
2855 2988 2944 3059 qui
3000 2988 3131 3043 foris
3184 2997 3313 3043 sunt
3383 2996 3437 3043 et
3493 2990 3821 3049 evidenter

466 3078 837 3133 sacerdotibus
863 3087 1008 3135 recte
1039 3078 1220 3134 divina
1259 3080 1619 3135 tractantibus
1647 3081 1889 3137 ﬁdelium
1930 3100 2057 3138 con-
2100 3123 2143 3184 ϐ
2172 3083 2394 3137 inimici.
2451 3084 2554 3137 Hic
2616 3083 2766 3137 enim
2817 3098 2913 3152 per
2963 3082 3327 3137 amicitiarum
3366 3082 3603 3153 speciem
3671 3101 3823 3156 qua:

467 3171 616 3226 venit
640 3172 776 3226 colla
806 3172 1074 3240 submitti,
1104 3181 1311 3243 quanto
1343 3173 1523 3243 potius
1565 3174 1708 3237 sedis
1740 3175 1876 3230 illius
1917 3192 2059 3246 prae-

466 3266 571 3320 suli
616 3280 915 3321 consensus
947 3273 1030 3320 est
1058 3263 1423 3333 adhibendus,
1456 3282 1620 3336 quem
1663 3269 1871 3323 cunctis
1897 3284 2074 3324 sacer-

473 3357 695 3412 dotibus
727 3368 781 3413 et
819 3358 1076 3413 divinitas
1111 3371 1326 3413 summa
1377 3358 1549 3415 voluit
1587 3361 1970 3431 prmeminere,
2021 3373 2074 3418 et

470 3452 810 3522 subsequens
855 3451 1107 3507 Ecclesia:
1155 3453 1422 3522 generalis
1468 3454 1670 3525 jugiter
1726 3455 1895 3525 pietas
1936 3457 2072 3512 cele-

469 3544 669 3599 bravit!
708 3566 735 3591 ››
772 3544 883 3600 Ubi
914 3544 1197 3615 prudentia
1232 3553 1323 3599 tua
1364 3546 1643 3602 evidenter
1671 3546 1905 3604 advertit
1932 3566 2072 3604 nun-

469 3652 655 3707 quam,
684 3638 931 3707 quolibet
972 3638 1182 3707 penitus
1212 3637 1454 3693 humano
1492 3641 1742 3708 consilio,
1772 3658 1989 3713 aequare
2018 3660 2075 3699 se

471 3744 807 3802 quemquam
867 3745 1023 3799 posse
1088 3730 1232 3785 illius
1262 3732 1537 3804 privilegio
1601 3734 1685 3789 vel
1742 3734 2073 3792 confessioni

473 3839 639 3893 quem
670 3821 868 3877 Christi
898 3838 1002 3877 vox
1045 3824 1287 3894 praetulit
1324 3825 1615 3893 universis,
1643 3844 1809 3897 quem
1838 3830 2075 3885 Ecclesia

474 3914 783 3971 veneranda
812 3914 1060 3971 confessa
1088 3932 1302 3987 semper
1328 3926 1411 3972 est
1451 3926 1505 3973 et
1546 3919 1708 3989 habet
1736 3919 1931 3975 devota
1958 3924 2077 3992 pri-

476 4016 705 4063 matem.

548 4104 688 4156 Item
726 4102 902 4157 Julius
931 4118 1087 4173 papa,
1116 4104 1483 4160 Orientalibus
1522 4106 1787 4178 episcopis
1811 4109 2073 4174 scribens,

474 4196 543 4251 de
575 4203 841 4267 potestate
865 4194 1114 4264 ejusdem
1142 4204 1345 4252 sanctae
1370 4208 1425 4254 et
1443 4202 1764 4271 apostolica:
1785 4203 1927 4261 sedis
1954 4206 2030 4261 ait
2059 4227 2070 4261 :

481 4310 506 4339 (‹
531 4292 805 4345 Decuerat
829 4304 945 4355 vos,
968 4287 1186 4355 fratres,
1212 4289 1476 4348 adversus
1494 4304 1741 4351 sanctam
1768 4300 2073 4356 Romanam

480 4389 534 4438 et
549 4382 904 4453 apostolicam
930 4383 1226 4438 Ecclesiam
1252 4384 1435 4441 limate
1450 4396 1505 4441 et
1524 4405 1633 4443 non
1656 4390 1859 4445 ironice
1889 4393 2069 4465 loqui;

479 4476 738 4546 quoniam
782 4485 838 4531 et
883 4476 995 4547 ipse
1043 4476 1314 4534 Dominus
1359 4489 1549 4536 noster
1604 4485 1757 4538 Jesus
1802 4486 2072 4554 Christus,
2102 4522 2154 4583 Β

480 4585 596 4623 eam
641 4568 894 4625 decenter
922 4570 1210 4639 allocutus,
1248 4573 1321 4627 ait
1354 4592 1366 4629 :
1404 4578 1482 4629 Tu
1504 4592 1559 4629 es
1596 4580 1802 4641 Petrus,
1836 4586 1886 4633 et
1921 4599 2078 4651 super

478 4664 611 4717 hanc
636 4669 847 4731 petram
883 4665 1157 4733 cediﬁcabo
1182 4670 1469 4723 Ecclest
1500 4687 1693 4733 meam,
1722 4678 1771 4725 et
1794 4680 1963 4742 portm
1984 4678 2076 4729 in-

479 4758 590 4823 feri
634 4773 741 4810 non
791 4761 1166 4828 pravalebunt
1212 4762 1467 4818 adversus
1525 4781 1660 4829 eam,
1705 4771 1754 4821 et
1800 4771 1905 4823 tibi
1940 4772 2076 4825 dabo

425 4912 435 4921 η
481 4851 649 4905 claves
678 4853 829 4919 regni
864 4854 1107 4907 calorum
1146 4856 1363 4923 (Matth.
1407 4860 1560 4926 xvr).
1592 4860 1773 4916 liabet
1799 4863 1945 4917 enim
1979 4881 2074 4935 po-

480 4952 736 4999 testatem
777 4945 1036 5016 singulari
1096 4946 1373 5020 privilegio
1408 4967 1726 5009 concessam
1772 4958 1984 5025 aperire
2026 4967 2080 5014 et

480 5037 729 5093 claudere
770 5038 963 5108 januas
1010 5040 1161 5111 regni
1190 5042 1423 5098 caelestis
1453 5046 1654 5115 quibus
1694 5048 1938 5104 voluerit.
1979 5054 2075 5107 Cui

482 5147 613 5201 ergo
639 5131 915 5202 aperiendi
945 5133 1339 5206 claudendique
1370 5139 1491 5192 coeli
1532 5139 1655 5193 data
1688 5152 1926 5210 potestas
1965 5154 2071 5211 est,

481 5224 550 5279 de
601 5233 742 5279 terra
774 5224 1019 5296 judicare
1050 5243 1161 5282 non
1214 5228 1372 5284 licet?
1413 5232 1592 5287 Absit!
1646 5237 1789 5289 Num
1840 5237 2078 5293 retinetis

482 5316 633 5388 quod
688 5318 764 5371 ait
810 5318 1156 5376 beatissimus
1204 5326 1402 5379 Paulus
1467 5328 1745 5395 apostolus
1793 5346 1806 5383 :
1850 5331 2076 5386 Nescitis

483 5413 611 5478 quia
641 5413 854 5479 angelos
877 5413 1282 5481 iudicabimus?
1308 5424 1508 5486 quanto
1540 5424 1717 5489 magis
1753 5426 2077 5479 smmum-ia?

484 5506 531 5575 (1
554 5505 679 5560 Cor.
704 5506 811 5575 vr.)
841 5508 1040 5561 Beatus
1062 5524 1278 5580 quoque
1304 5512 1602 5583 Gregorius
1632 5531 1765 5585 papa
1797 5520 2074 5586 (Epistola-

480 5613 602 5651 rum
626 5597 762 5653 libro
786 5615 853 5666 II,
880 5600 934 5654 in
948 5604 1235 5671 privilegio
1257 5608 1567 5661 monasterii
1594 5610 1771 5664 Sancti
1800 5610 2071 5682 Medardi)

481 5706 639 5762 reges
666 5708 696 5747 a
734 5708 830 5747 sua
866 5692 1133 5765 dignitate
1178 5696 1371 5753 cadere
1415 5702 1603 5755 statuit
1640 5703 1730 5773 qui
1764 5707 2075 5774 apostolicae

480 5784 625 5840 sedis
678 5784 895 5845 decreta
941 5790 1142 5844 violare
1194 5796 1663 5864 praesumpserint,
1719 5798 1961 5854 scribens
2002 5799 2073 5855 ad

2182 3177 2400 3231 inimica
2452 3185 2579 3231 sunt
2622 3177 2779 3247 gerit,
2832 3186 2886 3230 et
2916 3176 3219 3231 Ecclesiam
3272 3175 3531 3247 dispergit
3575 3192 3648 3231 ac
3707 3197 3823 3235 va-

2181 3278 2307 3325 stat.
2353 3294 2379 3317 I-

2253 3368 2391 3419 Nota
2434 3380 2584 3434 ergo,
2618 3364 2955 3427 charissime,
3004 3366 3048 3419 si
3097 3381 3224 3419 eum
3255 3380 3416 3436 quem
3445 3367 3616 3431 [forte
3666 3383 3825 3425 eum

2183 3458 2298 3528 qui,
2346 3458 2570 3526 Hann]
2608 3456 2835 3511 amicitia
2877 3460 2957 3512 vel
2998 3458 3269 3529 colloquio
3302 3458 3365 3514 iis
3407 3457 3613 3528 quibus
3654 3477 3829 3535 papa

2184 3568 2280 3621 pro
2319 3552 2526 3606 actibus
2551 3550 2663 3605 suis
2694 3550 2956 3607 adversus
2990 3560 3071 3606 est
3098 3552 3363 3617 sociatur,
3391 3560 3503 3606 tam
3537 3556 3830 3623 graviter

2178 3645 2408 3716 judicat,
2462 3654 2665 3715 quanta
2705 3645 2857 3699 illum
2882 3678 2885 3683 -
2914 3646 3111 3715 ipsum,
3143 3644 3230 3699 cui
3274 3661 3372 3716 pro
3406 3644 3631 3701 actibus
3691 3651 3833 3706 suis

2184 3739 2441 3794 adversus
2487 3748 2591 3806 est,
2647 3738 3118 3794 animadversione
3158 3738 3423 3793 damnat?
3466 3738 3577 3794 Sed
3628 3750 3713 3796 ut
3749 3744 3831 3801 ad

2184 3850 2299 3887 rem
2330 3832 2637 3897 redeamus,
2687 3833 2829 3887 itane
2870 3832 3101 3902 dignitas
3148 3850 3177 3887 a
3221 3831 3574 3888 saecularibus
3618 3837 3834 3895 etiam

2186 3929 2365 3982 Deum
2395 3924 2768 3997 ignorantibus
2813 3926 3033 3980 inventa
3074 3942 3185 3980 non
3228 3926 3552 3997 subjiciatur
3593 3929 3651 3982 ei
3737 3932 3833 3988 di-

2185 4020 2373 4091 gnitati
2444 4035 2609 4091 quam
2680 4018 3074 4089 omnipotentis
3127 4020 3227 4074 Dei
3298 4018 3668 4090 providentia
3753 4027 3835 4083 ad

2185 4112 2453 4169 honorem
2496 4128 2655 4168 suum
2704 4111 2937 4176 invenit,
2988 4111 3307 4184 mundoque
3355 4112 3838 4176 misericorditer

2184 4207 2396 4269 tribuit,
2428 4205 2580 4277 cujus
2608 4206 2792 4273 Filius,
2816 4206 2957 4261 sicut
2996 4209 3147 4261 Deus
3176 4216 3230 4261 et
3254 4206 3424 4261 homo
3457 4207 3839 4269 indubitan-

2183 4308 2264 4355 ter
2301 4298 2559 4363 creditur,
2618 4299 2687 4353 ita
2717 4315 2971 4353 summus
3014 4298 3299 4365 Sacerdos,
3326 4308 3490 4371 caput
3524 4306 3835 4363 omnium

2183 4391 2555 4457 sacerdotum,
2584 4392 2653 4447 ad
2676 4390 2959 4449 dexteram
2992 4392 3163 4447 Patris
3186 4392 3385 4448 sedens
3411 4401 3465 4447 et
3488 4410 3592 4462 pro
3636 4400 3841 4457 nobis

2183 4502 2398 4556 semper
2421 4486 2767 4556 interpellans
2796 4486 3028 4541 habetur
3058 4490 3231 4552 (Rom.
3261 4488 3459 4554 v1u.);
3486 4488 3584 4558 qui
3612 4504 3841 4550 saecu-

2185 4581 2299 4634 lare
2346 4594 2599 4649 regnum,
2641 4578 2786 4634 unde
2822 4580 3006 4634 saeculi
3059 4580 3151 4633 ﬁlii
3210 4588 3453 4647 tument,
3512 4580 3837 4657 despexit,

2186 4682 2240 4728 et
2288 4672 2357 4728 ad
2412 4673 2779 4728 sacerdotium
2830 4672 3008 4728 crucis
3048 4682 3384 4743 spontaneus
3425 4674 3607 4728 venit?
3663 4684 3842 4752 Quis

2184 4767 2387 4823 nesciat
2431 4783 2584 4838 reges
2625 4776 2679 4822 et
2720 4767 2884 4822 duces
2924 4766 2995 4821 ab
3034 4768 3098 4821 iis
3136 4767 3385 4823 habuisse
3427 4768 3838 4843 principium,

2186 4861 2301 4932 qui,
2356 4865 2535 4916 Deum
2588 4860 2922 4931 ignorantes,
2963 4860 3236 4931 superbia,
3280 4860 3503 4932 rapinis,
3553 4867 3839 4932 perﬁdia

2189 4953 2521 5021 homicidiis,
2577 4962 2851 5024 postremo
2908 4954 3176 5009 universis
3245 4972 3379 5026 pene
3448 4955 3837 5032 sceleribus,

2189 5048 2378 5103 mundi
2433 5047 2670 5119 principe
2721 5047 2944 5102 diabolo
2999 5047 3247 5103 videlicet
3297 5049 3565 5120 agitante,
3624 5067 3842 5127 super

2194 5157 2366 5212 pares,
2410 5141 2617 5197 scilicet
2659 5141 2933 5208 homines,
2983 5141 3251 5196 dominari
3302 5157 3443 5197 caeca
3484 5144 3841 5213 cupiditate

2195 5245 2248 5289 et
2322 5235 2645 5290 intolerabili
2702 5236 3131 5305 praesumptione
3183 5235 3617 5292 affectaverunt?
3707 5246 3842 5314 Qui

2193 5328 2459 5395 videlicet,
2517 5327 2653 5383 dum
2696 5328 3009 5385 sacerdotes
3047 5331 3272 5385 Domini
3323 5329 3397 5385 ad
3425 5330 3663 5400 vestigia
3715 5355 3840 5397 sua

2192 5422 2452 5476 inclinare
2520 5421 2881 5491 contendunt,
2966 5424 3052 5478 cui
3121 5424 3323 5479 rectius
3390 5440 3841 5495 comparentur

2190 5530 2351 5585 quam
2381 5516 2426 5569 ei
2455 5517 2547 5586 qui
2593 5525 2677 5571 est
2724 5524 2885 5588 caput
2935 5533 3099 5588 super
3146 5533 3345 5574 omnes
3395 5518 3536 5572 ﬁlios
3596 5536 3839 5595 ευριπ-

2189 5610 2292 5664 hia:
2346 5610 2459 5674 (Job
2510 5611 2657 5681 xu),
2724 5612 2815 5683 qui
2872 5612 3053 5682 ipsum
3125 5628 3407 5668 summum
3462 5614 3831 5683 pontiﬁcem

2185 5702 2526 5758 sacerdotum
2558 5713 2721 5776 caput
2747 5706 3013 5760 Altissimi
3044 5706 3242 5761 Filium
3278 5715 3534 5769 tentans,
3580 5716 3642 5763 et
3680 5729 3837 5772 om.

2185 5798 2272 5854 nia
2313 5799 2387 5855 illi
2433 5799 2621 5854 mundi
2661 5817 2827 5872 regna
2870 5802 3236 5872 promittens,
3267 5806 3390 5859 ait:
3438 5808 3563 5859 ch
3591 5816 3827 5867 omnia
