4044 6186
248 308 348 360 597
900 308 921 325 ‘
1358 304 1554 358 LIBER
1591 304 1920 362 OCTAVUS.
1957 334 2029 349 -ο
2064 304 2273 359 EPIST.
2314 303 2442 358 XXI.
2714 364 2715 369 η
3448 311 3547 363 598

246 433 350 485 tibi
382 432 544 493 dabo,
577 433 631 485 si
664 430 952 502 procidens
983 431 1293 486 adoreum-ris
1326 433 1444 484 me?
1475 431 1686 494 (Matth.
1734 437 1842 495 ιν.)
1870 436 1924 497 Α
1955 430 2136 502 eipum
2183 428 2434 484 submitti
2471 428 2699 499 genibus
2736 429 3109 499 sacerdotum,
3146 440 3201 486 et
3231 434 3542 489 exosculata

243 528 380 599 Quis
403 526 618 583 dubitet
640 525 955 583 sacerdotes
974 525 1167 582 Christi
1186 540 1435 596 regnum,
1458 534 1514 580 et
1532 524 1837 596 principum

242 617 614 688 omniumque
655 616 907 672 ﬁdelium
947 624 1125 686 patres
1168 623 1221 668 et
1262 614 1555 686 magistros
1598 615 1839 669 censeri?

239 708 445 762 Nonne
475 706 800 763 miserabilis
822 704 1045 760 insanias
1066 720 1185 759 esse
1213 704 1581 774 cognoscitur,
1613 704 1657 759 si
1694 703 1840 759 ﬁlius

238 809 491 871 patrem,
536 800 833 869 discipulus
875 798 1204 869 magistrum
1236 796 1335 852 sibi
1388 805 1619 852 conetur
1646 798 1835 867 subju-

232 909 406 965 gare,
450 902 505 949 et
531 892 734 965 iniquis
777 892 1199 963 obligationibus
1228 889 1379 945 illum
1420 891 1675 962 potestati
1723 907 1839 946 sua:

232 987 549 1059 subjicere,
590 1004 623 1042 a
674 1003 785 1058 quo
829 985 1003 1041 credit
1038 1001 1151 1039 non
1191 985 1375 1039 solum
1420 985 1476 1039 in
1516 990 1692 1052 terra,
1742 986 1837 1040 sed

233 1081 404 1136 etiam
453 1082 510 1135 in
543 1080 695 1136 cmlis
721 1096 782 1135 se
820 1079 967 1151 ligari
1002 1094 1157 1148 posse
1182 1087 1236 1133 et
1280 1078 1459 1134 solvi?
1492 1080 1656 1145 Hac,
1699 1080 1839 1135 sicut

232 1173 428 1230 beatus
460 1174 763 1245 Gregorius
792 1173 845 1227 in
879 1172 1107 1243 epistola
1147 1171 1262 1235 (lib.
1300 1187 1383 1240 1v,
1425 1174 1589 1240 epist.
1648 1173 1733 1243 3t)
1770 1173 1839 1228 ad

234 1268 567 1323 Mauricinm
595 1269 982 1338 imperatorem
1010 1265 1213 1320 directa
1238 1274 1660 1333 commemorat,
1690 1268 1839 1320 Con-

234 1363 546 1428 stantinus,
596 1375 833 1431 magnus
887 1360 1203 1430 imperator,
1252 1358 1504 1413 omnium
1544 1374 1737 1429 regum
1785 1369 1841 1414 et

235 1455 554 1526 principum
618 1453 729 1510 fere
790 1453 958 1509 totius
1005 1452 1156 1507 orbis
1211 1451 1500 1520 dominus,
1560 1452 1839 1507 evidenter

232 1548 575 1619 intelligens,
626 1548 682 1603 in
721 1555 909 1603 sancta
954 1546 1173 1602 Nicaena
1222 1544 1434 1617 synodo
1481 1553 1605 1616 post
1647 1562 1840 1601 omnes

233 1645 527 1715 episc0pos
554 1642 780 1697 ultimus
817 1640 1099 1704 residens,
1137 1639 1342 1694 nullam
1380 1638 1571 1710 judicii
1615 1649 1835 1699 senten-

229 1738 371 1793 tiam
410 1752 578 1807 super
618 1751 713 1791 eos
763 1735 893 1790 dare
934 1732 1318 1805 praesumpsit;
1360 1732 1457 1788 sed
1504 1733 1625 1788 illos
1670 1734 1836 1788 etiam

236 1830 376 1885 deos
406 1844 632 1896 vocans,
664 1845 776 1883 non
798 1844 897 1884 suo
924 1826 1126 1883 debere
1145 1826 1367 1882 subesse
1390 1825 1622 1897 judicio,
1649 1842 1843 1883 verum
1870 1794 1917 1857 Β

235 1939 297 1979 se
341 1922 410 1977 ad
456 1923 677 1977 illorum
719 1921 953 1992 pendere
994 1920 1282 1975 arbitrium
1326 1918 1607 1989 judicavit.
1636 1921 1841 1991 Supra-
1875 1957 1878 1961 ι

236 2017 387 2072 dicto
428 2032 648 2088 quoque
686 2014 971 2071 Anastasio
1010 2013 1323 2085 imperatori
1357 2012 1669 2083 prmlibatus
1697 2029 1838 2085 papa

238 2110 499 2166 Gelasius
536 2109 890 2180 persuadens,
936 2123 1005 2163 ne
1045 2108 1134 2162 ille
1176 2106 1484 2161 intimatam
1526 2107 1640 2162 suis
1666 2108 1837 2163 sensi-

238 2204 347 2259 bus
411 2204 696 2258 veritatem
761 2202 1119 2257 arbitraretur
1172 2200 1450 2272 injuriam,
1523 2199 1832 2269 subintulit,

237 2297 431 2352 dicens
478 2316 491 2349 :
549 2316 575 2347 α
617 2299 742 2351 Duo
788 2303 916 2351 sunt
958 2295 1176 2367 quippe,
1227 2294 1523 2365 imperator
1572 2299 1835 2366 Auguste,

239 2390 444 2463 quibus
485 2389 850 2461 principaliter
880 2388 1122 2444 mundus
1161 2387 1252 2442 hic
1288 2387 1515 2459 regitur,
1543 2388 1838 2443 auctoritas

242 2493 454 2539 sacrata
498 2482 822 2554 pontiﬁcum
861 2490 918 2537 et
958 2482 1153 2553 regalis
1204 2489 1475 2551 potestas,
1529 2481 1587 2536 in
1640 2481 1837 2552 quibus

244 2585 395 2631 tanto
440 2577 660 2648 gravius
691 2576 902 2647 pondus
931 2584 1016 2630 est
1044 2574 1392 2629 sacerdotum
1436 2583 1639 2645 quanto
1671 2572 1836 2630 etiam

245 2687 339 2741 pro
388 2670 523 2740 ipsis
551 2670 775 2736 regibus
823 2669 1070 2723 omnium
1099 2668 1154 2721 in
1186 2667 1373 2721 divino
1407 2666 1663 2723 reddituri
1710 2678 1839 2723 sunt

242 2763 497 2819 examine
525 2764 822 2817 rationem.
855 2785 879 2809 ν
911 2764 1003 2828 Et,
1027 2761 1211 2832 paucis
1232 2760 1586 2830 interpositis,
1620 2761 1832 2833 inquit:

249 2878 273 2904 α
312 2857 469 2911 Nosti
492 2856 675 2925 itaque
701 2857 845 2910 inter
875 2854 995 2909 haec
1027 2854 1245 2908 illorum
1272 2861 1325 2907 te
1356 2851 1595 2923 pendere
1609 2852 1836 2925 judicio,

242 2967 351 3006 non
377 2950 496 3005 illos
520 2950 589 3005 ad
612 2960 765 3004 tuam
799 2949 936 3003 velle
967 2946 1139 3019 redigi
1156 2947 1518 3001 voluntatem.
1552 2966 1579 2998 »
1615 2947 1841 3002 Talibus

242 3060 371 3115 ergo
415 3043 678 3098 institutis
723 3042 1031 3113 talibusque
1077 3040 1198 3096 fulti
1242 3039 1677 3106 auctoritatibus,
1728 3041 1841 3111 ple-

1951 540 2144 580 eorum
2186 522 2409 578 dextera
2443 522 2784 577 orationibus
2817 539 3007 578 eorum
3038 525 3264 582 credant
3290 543 3348 581 se
3389 543 3543 583 com-

1948 614 2171 672 muniri.
2195 636 2223 667 »
2250 617 2318 669 Et
2338 625 2461 687 post
2486 632 2655 686 pauca
2685 636 2697 669 :
2735 638 2759 663 α
2787 619 2918 672 Haec
2938 627 3156 687 cuncta,
3184 619 3395 687 fratres,
3418 621 3542 677 ideo

1951 726 2053 766 nos
2080 709 2391 781 promisisse
2417 709 2623 764 debetis
2654 726 2981 781 cognoscere
3020 721 3082 767 ut
3127 714 3543 771 ostenderemus

1951 803 2087 859 nihil
2117 818 2235 857 esse
2275 802 2327 856 in
2371 802 2474 856 hoc
2515 803 2717 858 szeculo
2760 805 3107 861 excellentius
3136 807 3538 870 sacerdotibus.

1952 897 2085 951 nihil
2153 894 2443 950 sublimius
2494 896 2759 967 episcopis
2812 899 3055 969 reperiri.
3122 923 3147 947 υ
3224 900 3542 957 Meminisse

1951 991 2116 1046 etiam
2167 989 2329 1044 debet
2378 986 2681 1043 fraternitas
2741 998 2833 1045 tua
2889 992 3008 1062 quia
3069 993 3249 1065 major
3299 1002 3538 1065 potestas

1950 1084 2237 1139 exorcistae
2275 1081 2612 1147 conceditur,
2646 1098 2773 1137 cum
2814 1083 3109 1153 spiritualis
3138 1087 3440 1157 imperator
3468 1088 3533 1143 ad

1950 1177 2280 1248 abjiciendos
2307 1176 2589 1232 daemones
2614 1176 2983 1243 constituitur,
3027 1194 3191 1249 quam
3233 1180 3389 1235 alicui
3437 1181 3528 1235 lai-

1950 1286 2148 1327 corum
2197 1286 2356 1326 causa
2388 1270 2659 1325 saecularis
2704 1269 3096 1326 dominationis
3135 1272 3299 1327 tribui
3346 1275 3537 1344 possit.

1950 1365 2220 1421 Omnibus
2259 1379 2458 1434 nempe
2502 1363 2723 1433 regibus
2771 1372 2828 1418 et
2871 1363 3199 1435 principibus
3238 1374 3401 1421 terra;
3442 1368 3534 1437 qui

1948 1458 2200 1530 religiose
2241 1472 2355 1514 non
2398 1457 2584 1511 vivunt
2633 1457 2771 1511 etin
2795 1457 3007 1511 actibus
3046 1458 3187 1527 suis,
3242 1462 3445 1527 Deum,
3479 1468 3541 1514 ut

1948 1560 2183 1622 oportet,
2227 1567 2339 1606 non
2367 1556 2641 1615 metuunt,
2687 1549 2999 1618 daemones,
3033 1551 3138 1607 heu
3172 1552 3308 1622 proh
3357 1553 3541 1608 dolor!

1948 1645 2318 1709 dominantur,
2349 1652 2403 1698 et
2448 1644 2644 1698 misera
2680 1644 2937 1698 servitute
2975 1643 3336 1700 confundunt.
3384 1646 3541 1701 Tales

1948 1754 2061 1793 non
2091 1737 2279 1792 divino
2307 1736 2453 1792 ducti
2483 1752 2696 1803 amore,
2743 1736 2884 1791 sicut
2909 1737 3143 1808 religiosi
3187 1737 3537 1806 sacerdotes,

1949 1832 2019 1887 ad
2060 1831 2329 1886 honorem
2376 1828 2475 1884 Dei
2524 1837 2578 1883 et
2619 1828 2904 1884 utilitatem
2950 1830 3258 1885 animarum
3302 1847 3539 1901 praeesse

1949 1925 2191 1997 cupiunt,
2256 1923 2354 1980 sed
2417 1932 2478 1979 ut
2540 1922 2933 1978 intolerabilem
2998 1924 3307 1995 superbiam
3383 1942 3540 1982 suam

1947 2025 2242 2084 ostentent,
2275 2016 2547 2087 animique
2575 2014 2851 2071 libidinem
2881 2015 3151 2086 expleant,
3195 2018 3411 2073 carueris
3437 2006 3539 2098 do;

1948 2112 2143 2167 minari
2185 2109 2465 2167 affectant.
2514 2113 2593 2165 De
2638 2110 2836 2181 quibus
2874 2109 3069 2166 beatus
3099 2112 3443 2182 Augustinus
3482 2114 3538 2167 in

1948 2202 2085 2258 libro
2115 2202 2292 2273 primo
2322 2202 2397 2256 De
2434 2199 2682 2257 doctrina
2709 2199 3017 2256 Christiana
3070 2199 3203 2256 dicit
3242 2219 3256 2255 :
3309 2224 3335 2249 α
3390 2202 3535 2258 Cum

1949 2313 2077 2353 vero
2109 2297 2278 2351 etiam
2309 2295 2386 2350 eis
2412 2294 2503 2365 qui
2533 2294 2635 2349 sibi
2676 2294 2997 2350 naturaliter
3046 2310 3203 2371 pares
3229 2304 3390 2363 sunt,
3430 2296 3534 2352 hoc

1948 2400 2032 2448 est
2070 2389 2401 2452 hominibus,
2435 2387 2661 2459 quilibet
2698 2387 2975 2443 dominari
3003 2387 3249 2455 affectat,
3282 2389 3535 2445 intolera-

1950 2485 2077 2539 bilis
2105 2484 2326 2538 omnino
2370 2481 2620 2552 superbia
2663 2490 2767 2537 est.
2817 2504 2844 2529 ιι
2900 2485 3072 2537 Porro
3118 2484 3426 2550 exorcistae,
3477 2492 3537 2539 ut
3584 2498 3585 2501 ‘

1947 2578 2207 2641 diximus,
2237 2591 2401 2645 super
2429 2574 2714 2630 daemones
2750 2590 2778 2629 a
2806 2578 2922 2630 Deo
2950 2576 3238 2646 imperium
3270 2576 3481 2631 habent
3521 2598 3533 2632 :

1948 2677 2152 2742 quanto
2176 2669 2339 2739 igitur
2369 2670 2542 2738 magis
2568 2683 2733 2738 super
2771 2683 2864 2722 eos
2891 2669 2981 2738 qui
3022 2668 3372 2724 daemonibus
3413 2670 3542 2724 sub-

1944 2763 2068 2835 jecti
2098 2771 2152 2817 et
2174 2761 2422 2816 membra
2452 2769 2583 2815 sunt
2605 2760 2943 2817 daemonum.
2979 2762 3034 2816 Si
3053 2777 3182 2832 ergo
3213 2762 3297 2816 his
3320 2770 3539 2818 tantum

1951 2855 2309 2927 praeeminent
2335 2854 2638 2920 exorcistae,
2670 2861 2876 2924 quanto
2918 2854 3154 2925 amplius
3190 2855 3545 2910 sacerdotes?

1949 2952 2217 3005 Praeterea
2242 2947 2419 3002 omnis
2450 2962 2541 3001 rex
2574 2946 3002 3002 Christianusad
3039 2946 3247 3001 exitum
3287 2948 3534 3015 veniens,

1952 3052 2012 3098 ut
2040 3041 2233 3098 inferni
2260 3055 2539 3097 carcerem
2576 3038 2787 3107 evadat,
2820 3048 2881 3094 ut
2909 3038 2979 3094 de
3001 3039 3244 3094 tenebris
3273 3040 3331 3093 in
3363 3041 3543 3096 lucem

243 3138 396 3209 rique
426 3136 745 3207 pontiﬁcum
785 3135 875 3191 alii
902 3151 1077 3206 reges,
1105 3135 1194 3188 alii
1222 3136 1585 3204 imperatores
1621 3150 1842 3191 excom-
1880 3139 1923 3200 C
1951 3136 2169 3201 tendat,
2204 3144 2264 3189 ut
2310 3133 2380 3189 de
2420 3141 2767 3203 peccatorum
2812 3132 3041 3188 vinculis
3090 3133 3148 3186 in
3186 3133 3291 3188 Dei
3333 3134 3543 3206 judicio

243 3231 675 3285 municaverunt.
712 3232 851 3285 Nam
897 3229 941 3284 si
986 3228 1215 3297 speciale
1242 3226 1465 3298 aliquod
1490 3226 1561 3281 de
1592 3230 1841 3298 personis

246 3325 545 3395 principum
578 3325 891 3394 requiratur
932 3321 1275 3392 exemplum,
1330 3322 1520 3376 beatus
1563 3324 1841 3378 Innocen-

242 3418 345 3473 tius
389 3433 523 3488 papa
552 3416 846 3472 Arcadium
886 3417 1308 3487 imperatorem,
1337 3414 1427 3485 qui
1471 3416 1751 3470 consensit
1781 3424 1841 3470 ut

241 3519 455 3565 sanctus
502 3512 738 3565 Joannes
785 3510 1217 3582 Chrysostomus
1278 3525 1307 3563 a
1354 3506 1483 3565 sede
1530 3508 1834 3579 pelleretur,

240 3603 745 3660 excommunicavit.

306 3698 461 3753 Alius
493 3698 625 3752 item
644 3700 932 3752 Romanus
952 3694 1221 3766 pontifex,
1252 3693 1543 3750 Zacharias
1566 3694 1834 3762 videlicet,

239 3808 419 3862 regem
467 3792 835 3857 Francorum,
890 3806 999 3844 non
1029 3797 1142 3843 tam
1174 3804 1271 3858 pro
1310 3788 1427 3843 suis
1466 3787 1839 3857 iniquitatibus

237 3901 398 3956 quam
437 3902 504 3940 eo
535 3884 683 3956 quod
724 3892 891 3939 tantae
942 3882 1191 3953 potestati
1240 3897 1359 3936 non
1410 3890 1527 3936 erat
1578 3881 1761 3947 utilis,
1805 3898 1835 3937 a

238 3994 400 4049 regno
424 3978 705 4049 deposuit,
732 3986 787 4033 et
816 3976 1131 4047 Pippinum,
1166 3974 1350 4031 Caroli
1394 3974 1575 4046 Magni
1604 3973 1837 4045 impera-

242 4074 370 4127 toris
428 4080 671 4144 patrem,
720 4072 776 4125 in
830 4070 952 4141 ejus
1010 4070 1129 4125 loco
1173 4068 1485 4132 substituit,
1536 4083 1837 4139 omnesque

241 4166 597 4237 Francigenas
636 4181 666 4219 a
707 4165 1028 4235 juramento
1060 4161 1343 4217 ﬁdelitatis
1384 4160 1531 4232 quod
1571 4160 1646 4217 illi
1692 4160 1836 4216 fece-

242 4269 362 4313 rant
399 4258 649 4314 absolvit.
694 4258 854 4326 Quod
885 4258 1051 4312 etiam
1101 4273 1166 4312 ex
1203 4254 1473 4325 frequenti
1516 4255 1838 4311 auctoritate

240 4367 382 4422 saepe
428 4352 539 4423 agit
579 4360 768 4406 sancta
814 4350 1071 4413 Ecclesia,
1122 4365 1252 4404 cum
1296 4348 1498 4403 milites
1529 4348 1761 4404 absolvit
1802 4364 1833 4404 a

240 4444 455 4499 vinculo
476 4444 802 4515 juramenti,
853 4442 1003 4514 quod
1043 4441 1256 4498 factum
1301 4449 1386 4497 est
1437 4441 1519 4497 his
1568 4442 1835 4514 episcopis

1949 3231 2231 3286 absolutus
2292 3236 2583 3299 appareat,
2631 3225 2925 3282 sacerdotis
2976 3241 3137 3297 opem
3198 3226 3426 3297 supplex
3473 3243 3538 3284 ac

1948 3322 2290 3379 miserandus
2325 3321 2573 3392 requirit.
2608 3318 2740 3389 Quis
2780 3326 2964 3374 autem
3011 3335 3124 3374 non
3155 3320 3323 3375 modo
3352 3336 3540 3377 sacer-

1948 3417 2165 3481 dotum,
2205 3430 2395 3469 verum
2434 3414 2600 3469 etiam
2630 3412 2914 3479 laicorum,
2963 3414 3020 3468 in
3049 3414 3304 3469 extremis
3333 3415 3543 3485 positus

1950 3527 2049 3581 pro
2110 3524 2223 3564 sua:
2281 3508 2475 3565 animae
2532 3507 2704 3562 salute
2766 3507 2966 3561 terreni
3028 3507 3170 3578 regis
3235 3507 3544 3578 imploravit

1948 3603 2243 3659 auxilium?
2289 3601 2422 3669 Quis
2468 3616 2594 3656 vero
2638 3615 2825 3672 regum
2873 3599 2953 3655 vel
3002 3599 3396 3671 imperatorum
3440 3602 3539 3657 ali-

1949 3712 2112 3767 quem
2160 3694 2531 3752 Christianum
2584 3710 2655 3753 ex.
2711 3693 2966 3764 imposito
3014 3693 3118 3749 sibi
3167 3694 3346 3749 ofﬁcio
3394 3695 3539 3751 valet

1948 3804 2102 3845 sacro
2146 3788 2472 3859 baptismate
2523 3803 2586 3842 ex
2632 3786 2833 3843 diaboli
2881 3794 3151 3858 potestate
3199 3787 3428 3859 eripere,
3484 3798 3541 3844 et
3628 3776 3643 3787 ’

1948 3885 2088 3939 inter
2130 3883 2275 3938 ﬁlios
2306 3882 2402 3938 Dei
2444 3898 2872 3949 connumerare,
2917 3891 3215 3955 sanctoque
3242 3883 3539 3941 chrismate

1949 3978 2312 4050 prazmunire?
2353 3987 2427 4044 et,
2472 3976 2618 4047 quod
2662 3975 2964 4031 maximum
3008 3985 3091 4032 est
3136 3977 3190 4031 in
3239 3976 3537 4034 Christiana

1948 4072 2228 4144 religione,
2259 4071 2378 4142 quis
2408 4086 2604 4125 eorum
2650 4070 2793 4125 valet
2838 4071 3058 4141 proprio
3102 4086 3197 4125 ore
3234 4086 3436 4142 corpus
3486 4081 3541 4127 et

1948 4166 2271 4236 sanguinem
2297 4164 2529 4219 Domini
2557 4163 2869 4219 conficere?
2910 4163 3018 4230 vel,
3056 4165 3141 4219 cui
3174 4179 3366 4220 eorum
3411 4165 3536 4221 data

1947 4267 2031 4314 est
2062 4266 2301 4329 potestas
2329 4257 2529 4327 ligandi
2556 4256 2909 4328 solvendique
2940 4258 2991 4310 in
3017 4257 3156 4313 cmlo
3185 4266 3239 4312 et
3268 4258 3323 4312 in
3354 4262 3543 4313 terra?

1948 4354 2032 4406 Ex
2073 4350 2270 4421 quibus
2306 4359 2489 4421 aperte
2530 4350 2806 4421 colligitur
2834 4358 3031 4420 quanta
3081 4359 3348 4419 potestate
3394 4368 3533 4421 pra:-

1943 4444 2104 4501 cellat
2132 4443 2361 4515 dignitas
2401 4442 2769 4498 sacerdotum.
2817 4447 2929 4497 Aut
2968 4443 3091 4512 quis
3118 4458 3309 4498 eorum
3353 4454 3537 4515 potest

237 4538 329 4609 qui
360 4538 662 4608 apostolica
700 4537 1023 4592 auctoritate
1058 4552 1089 4591 a
1123 4534 1417 4605 pontiﬁcali
1453 4534 1633 4606 fgradu
1673 4534 1838 4606 depo—
1870 4536 1919 4598 D
1949 4539 2184 4609 aliquem
2251 4537 2512 4593 clericum
2582 4537 2633 4590 in
2685 4545 2869 4590 sancta
2944 4536 3186 4591 Ecclesia
3251 4536 3532 4606 ordinare,

236 4640 462 4685 nuntur.
518 4633 586 4684 Et
628 4630 823 4685 beatus
871 4629 1218 4697 Ambrosius,
1266 4628 1388 4682 licet
1436 4634 1690 4693 sanctus,
1719 4645 1833 4683 non

238 4734 425 4779 tamen
467 4724 799 4779 universalis
845 4723 1106 4778 Ecclesiae
1150 4722 1461 4792 episcOpus,
1517 4737 1616 4791 pro
1672 4721 1831 4792 culpa

218 4833 360 4889 qua
401 4818 517 4873 aliis
558 4816 925 4873 sacerdotibus
967 4832 1081 4870 non
1124 4814 1262 4869 adeo
1303 4813 1481 4884 gravis
1526 4813 1832 4881 videbatur,

240 4910 617 4967 Theodosium
643 4926 915 4982 magnum
943 4909 1333 4979 imperatorem
1356 4908 1833 4962 excommunicans

243 5004 310 5058 ab
362 5005 602 5060 Ecclesia
663 5004 911 5059 exclusit.
969 5002 1075 5071 Qui
1131 5001 1294 5055 etiam
1349 5000 1405 5054 in
1459 5000 1573 5055 suis
1623 5001 1835 5071 scriptis

246 5099 479 5154 ostendit
508 5097 659 5169 quod
695 5112 889 5152 aurum
920 5110 1033 5150 non
1055 5104 1172 5149 tam
1203 5093 1494 5165 pretiosius
1514 5094 1585 5148 sit
1613 5092 1834 5163 plumbo

247 5205 407 5259 quam
436 5193 582 5262 regia
614 5197 887 5261 potestate
905 5188 978 5243 sit
1007 5187 1168 5243 altior
1192 5187 1428 5259 dignitas
1456 5186 1835 5255 sacerdotalis,

250 5282 350 5338 hoc
372 5284 540 5339 modo
569 5284 711 5338 circa
746 5282 1069 5353 principium
1101 5282 1181 5337 sui
1230 5280 1520 5337 Pastoralis
1547 5280 1788 5335 scribens
1820 5300 1831 5334 :

254 5398 276 5421 ει
321 5378 529 5441 Honor,
587 5375 811 5441 fratres,
868 5384 922 5429 et
964 5374 1269 5430 sublimitas
1314 5372 1635 5444 episcOpalis
1674 5373 1837 5428 nullis

254 5471 441 5536 poterit
461 5469 973 5541 comparationibus
997 5468 1295 5540 adaquari.
1325 5467 1380 5523 Si
1418 5482 1604 5539 regum
1635 5465 1835 5539 fulgori

247 5575 543 5634 compares,
591 5571 645 5618 et
686 5563 991 5634 principum
1030 5561 1343 5627 diademati,
1382 5562 1542 5633 longe
1569 5560 1668 5616 erit
1694 5560 1833 5616 infe-

246 5653 355 5711 rius
391 5672 563 5727 quam
609 5657 654 5711 si
703 5655 910 5728 plumbi
954 5655 1237 5711 metallum
1284 5655 1355 5710 ad
1399 5655 1512 5711 auri
1561 5654 1836 5727 fulgorem

241 5762 546 5822 compares.
577 5752 792 5822 Quippe
817 5765 948 5805 cum
973 5749 1154 5806 videas
1185 5765 1378 5820 regum
1420 5751 1559 5807 colla
1604 5758 1659 5805 et
1688 5749 1834 5820 prin-

1943 4640 2148 4703 quanto
2203 4632 2382 4685 minus
2434 4646 2532 4701 pro
2582 4629 2760 4701 aliqua
2822 4630 2980 4700 culpa
3037 4644 3160 4683 eum
3219 4630 3535 4700 deponere?

1942 4728 2190 4794 Namque
2251 4725 2308 4778 in
2371 4722 2746 4778 ecclesiasticis
2812 4722 3099 4777 ordinibus
3162 4724 3385 4795 maioris
3457 4734 3538 4781 est

1943 4812 2219 4883 potestatis
2250 4811 2521 4882 deponere
2569 4826 2736 4882 quam
2777 4810 3051 4866 ordinare.
3104 4813 3359 4884 Episcopi
3391 4816 3533 4869 enim

1944 4914 2179 4977 possunt
2204 4905 2342 4959 alios
2370 4905 2651 4977 episcopos
2696 4904 2969 4973 ordinare,
3021 4906 3117 4962 sed
3164 4908 3314 4961 nullo
3362 4908 3534 4963 modo

1944 5001 2063 5057 sine
2109 5000 2428 5056 auctoritate
2472 5001 2789 5070 apostolicae
2848 4999 2993 5056 sedis
3045 5001 3339 5072 deponere.
3396 5002 3536 5070 Quis

1946 5094 2130 5165 igitur,
2181 5094 2262 5148 vel
2293 5093 2527 5148 tenuiter
2575 5093 2795 5155 sciolus,
2831 5092 3146 5149 sacerdotes
3196 5092 3405 5149 dubitet
3443 5107 3531 5147 re-

1946 5187 2099 5257 gibus
2144 5184 2437 5242 anteferri?
2466 5186 2627 5257 Quod
2671 5188 2715 5241 si
2745 5202 2902 5258 reges
2939 5202 3038 5257 pro
3079 5187 3312 5257 peccatis
3356 5186 3468 5242 suis
3504 5202 3533 5239 a

1945 5279 2319 5337 sacerdotibus
2364 5289 2491 5335 sunt
2507 5279 2811 5351 judicandi,
2852 5296 2881 5334 a
2910 5296 3019 5350 quo
3071 5279 3269 5334 rectius
3310 5295 3474 5350 quam
3505 5296 3532 5333 a

1947 5373 2205 5426 Romano
2236 5368 2489 5440 pontiﬁce
2532 5368 2761 5441 judicari
2798 5368 3038 5423 debent?

2020 5461 2109 5517 Ad
2158 5477 2439 5517 summum
2467 5461 2745 5532 quoslibet
2781 5460 2955 5516 bonos
2996 5460 3328 5516 Christianos
3356 5461 3533 5516 multo

1948 5554 2359 5611 convenientius
2399 5570 2563 5625 quam
2608 5555 2784 5610 malos
2814 5554 3081 5626 principes
3110 5570 3267 5625 reges
3308 5554 3511 5623 intellig

1946 5651 2120 5708 decet.
2174 5651 2265 5706 lsti
2322 5650 2471 5706 enim
2520 5649 2754 5721 gloriam
2822 5648 2924 5704 Dei
2969 5648 3268 5719 quaerendo
3329 5647 3531 5715 seipsos

1944 5756 2163 5805 strenue
2191 5752 2418 5819 regunt;
2449 5753 2506 5801 at
2548 5745 2641 5813 illi,
2673 5761 2784 5801 non
2834 5760 2956 5814 qum
2984 5741 3084 5796 Dei
3126 5749 3255 5796 sunt
3304 5738 3397 5793 sed
3436 5751 3533 5791 sua
