4044 6186
1428 188 1431 191 ’
1487 199 1516 217 α

512 289 614 341 599

1204 284 1259 336 S.
1298 278 1621 335 GREGORII
1656 279 1745 333 νη
1783 279 1974 333 PAP/E
2013 276 2289 331 OPERUM
2328 277 2500 334 PARS
2536 279 2572 331 l.
2614 305 2683 317 -—
2722 277 3120 332 REGISTRUM.

3701 280 3802 331 600

512 419 818 483 qumrentes
867 408 1094 477 (Philip.
1129 410 1222 475 ιι),
1271 406 1492 460 sibimet
1521 404 1706 460 hostes
1752 404 1887 459 alios
1926 413 2106 475 tyran-
2132 406 2191 467 Α
2220 403 2398 459 silicas
2437 419 2531 459 seu
2579 404 2768 459 altaria
2795 403 3054 471 dedicari,
3096 405 3174 459 vel
3213 404 3284 459 ad
3313 419 3505 459 eorum
3534 403 3807 460 honorem

513 507 631 561 uice
681 503 1025 576 opprimunt;
1087 500 1137 554 hi
1191 515 1319 554 vero
1370 498 1516 569 regis
1558 497 1788 567 Christi,
1845 497 1920 552 illi
1973 513 2103 552 vero

513 597 712 654 diaboli
753 611 951 667 corpus
999 601 1146 650 sunt.
1197 590 1294 647 Isti
1323 592 1388 648 ad
1440 592 1544 647 hoc
1595 591 1697 647 sibi
1747 591 2017 662 imperant
2048 599 2107 646 ut

514 708 642 747 cum
685 704 903 745 summo
949 689 1289 758 Imperatore
1334 685 1664 742 aeternaliter
1713 694 1961 756 regnent,
1992 684 2107 740 illo-

513 801 634 840 rum
656 798 783 838 vero
814 781 865 837 id
893 787 1131 853 potestas
1155 781 1268 853 agit
1296 788 1355 834 ut
1381 795 1507 835 cum
1531 779 1878 833 tenebrarum
1907 778 2106 849 princi-

516 895 602 950 pe,
634 878 723 949 qui
746 893 843 931 νεα)
869 880 945 930 est
973 892 1133 946 super
1170 890 1346 928 omnes
1371 875 1507 943 ﬁlios
1533 874 1793 941 superbia
1816 874 1934 936 (Job
1956 875 2104 940 xu),

516 981 720 1026 aeterna
749 969 1101 1026 damnatione
1146 968 1475 1038 dispereant.
1514 968 1625 1021 Nec
1656 965 1807 1021 valde
1836 981 1965 1021 sane
1994 966 2107 1020 mi-

513 1064 749 1120 randum
778 1072 859 1119 est
896 1063 1042 1134 quod
1084 1062 1209 1117 mali
1240 1060 1523 1132 pontiﬁces
1560 1060 1748 1131 iniquo
1776 1060 1909 1131 regi,
1941 1075 2103 1129 quem

517 1158 726 1229 adeptis
764 1157 906 1212 male
934 1172 1030 1228 per
1060 1171 1185 1211 eum
1230 1154 1533 1209 honoribus
1558 1153 1791 1222 diligunt
1830 1160 2106 1208 metuunt-

517 1268 643 1323 que,
674 1250 1035 1314 consentiunt,
1067 1249 1159 1320 qui
1187 1248 1494 1303 Simoniace
1513 1247 1782 1317 quoslibet
1802 1246 2106 1301 ordinando

520 1349 700 1399 Deum
742 1360 840 1416 pro
892 1343 981 1397 vili
1028 1343 1193 1397 etiam
1238 1341 1411 1413 pretio
1461 1341 1723 1396 vendunt.
1776 1343 1917 1395 Nam
1967 1339 2109 1395 sicut

520 1438 675 1494 electi
727 1436 1087 1491 insolubiliter
1114 1451 1214 1490 suo
1245 1434 1417 1505 Capiti
1461 1435 1744 1503 uniuntur,
1793 1434 1864 1488 ita
1918 1442 1975 1488 et
2020 1448 2107 1487 re-

518 1531 672 1603 probi
710 1531 947 1584 maxime
976 1535 1164 1583 contra
1192 1528 1367 1583 bonos
1388 1529 1436 1583 ei
1466 1528 1560 1598 qui
1593 1528 1813 1582 malitiaa
1838 1534 2002 1597 caput
2028 1534 2110 1580 est

521 1622 861 1695 pertinaciter
904 1620 1273 1688 fmderantur;
1319 1630 1511 1675 contra
1539 1637 1677 1692 quos
1708 1620 1953 1692 profecto
1996 1635 2109 1674 non

518 1728 635 1775 tam
685 1714 1067 1770 disserendum
1116 1729 1285 1784 quam
1338 1730 1436 1784 pro
1502 1713 1579 1769 eis
1651 1722 1731 1768 est
1786 1712 2109 1783 lacrymosis

2213 505 2401 553 sancta
2443 498 2683 553 Ecclesia
2735 497 2929 553 missas
2971 498 3157 552 statuit
3202 498 3498 554 celebrari?
3544 498 3806 553 Timeant

2214 606 2367 662 reges
2398 591 2595 663 aliique
2622 591 2912 662 principes,
2940 607 3009 646 ne
3045 600 3248 662 quanto
3276 607 3334 646 se
3373 591 3587 647 caeteris
3616 590 3804 647 homi-

2213 685 2377 740 nibus
2422 684 2479 739 in
2526 683 2625 739 hac
2653 686 2764 739 vita
2795 683 3035 755 praeferri
3078 684 3334 757 gaudent,
3382 692 3537 740 tanto
3568 684 3806 756 amplius

2216 778 2447 853 aeternis
2476 777 2741 833 incendiis
2766 778 3139 849 subjiciantur.
3174 777 3338 834 Unde
3375 778 3638 850 scriptum
3668 787 3754 834 est
3788 799 3801 834 :

2216 876 2454 928 Potentes
2479 877 2720 942 potenter
2741 877 3004 927 tormenta
3021 875 3303 942 patientur
3323 874 3470 943 (Sep.
3496 880 3600 938 vr).
3630 874 3707 927 De
3722 881 3808 929 tot

2215 967 2365 1021 enim
2397 966 2714 1021 hominibus
2742 970 2860 1021 Deo
2890 966 3151 1022 reddituri
3194 974 3323 1021 sunt
3362 966 3637 1021 rationem
3668 975 3811 1037 quot

2214 1076 2327 1115 suae
2354 1059 2712 1114 dominationi
2747 1059 2999 1115 subditos
3021 1058 3345 1114 habuerunt.
3377 1058 3537 1128 Quod
3566 1060 3612 1114 si
3644 1059 3807 1115 alicui

2216 1154 2467 1225 religioso
2498 1154 2710 1225 privato
2754 1168 2865 1208 non
2911 1169 3106 1225 parvus
3138 1153 3292 1208 labor
3322 1162 3405 1208 est
3444 1169 3615 1207 unam
3642 1169 3802 1208 suam

2216 1248 2459 1302 animam
2486 1246 2782 1313 custodire,
2834 1256 3072 1318 quantus
3117 1247 3268 1301 labor
3296 1246 3547 1302 imminet
3598 1248 3803 1318 princi-

2216 1341 2375 1411 pibus
2409 1356 2574 1411 super
2601 1341 2791 1395 multis
2813 1340 3052 1395 millibus
3070 1341 3410 1397 animarum?

2287 1436 2559 1490 Praeterea
2589 1435 2634 1488 si
2670 1434 2945 1505 judicium
2984 1443 3184 1490 sancta:
3208 1434 3462 1490 Ecclesiae
3491 1434 3642 1491 valde
3671 1452 3805 1491 con-

2216 1526 2434 1598 stringit
2491 1534 2835 1597 peccatorem
2895 1542 2991 1597 pro
3048 1528 3207 1583 unius
3271 1528 3511 1583 hominis
3575 1529 3807 1585 interfe-

2217 1620 2425 1688 ctione,
2476 1618 2607 1690 quid
2656 1619 2763 1673 erit
2808 1619 2875 1674 de
2932 1619 2994 1674 iis
3047 1621 3142 1691 qui
3188 1621 3363 1676 multa
3412 1621 3581 1676 millia
3636 1626 3807 1679 morti

2218 1713 2442 1769 tradunt
2488 1728 2586 1784 pro
2636 1713 2799 1785 hujus
2852 1713 3041 1768 mundi
3076 1714 3318 1769 honore?
3362 1716 3487 1786 qui,
3536 1714 3661 1771 licet
3707 1734 3805 1774 ore

521 1807 825 1880 planctibus
872 1806 1278 1878 ingemendum,
1311 1816 1372 1861 ut
1399 1806 1745 1877 omnipotens
1795 1810 1945 1861 Deus
1987 1806 2107 1860 illos
2138 1798 2185 1858 Β
2214 1806 2505 1878 aliquando
2535 1807 2717 1862 dicant
2752 1828 2762 1861 :
2798 1810 2921 1861 Mea
2973 1807 3131 1878 culpa
3182 1824 3281 1879 pro
3327 1808 3625 1864 multorum
3658 1812 3807 1866 occi-

518 1920 547 1957 a
580 1901 787 1973 laqueis
813 1902 1045 1965 Satanae,
1097 1901 1295 1971 quibus
1337 1899 1533 1970 captivi
1585 1908 1857 1966 tenentur,
1892 1900 2106 1971 eripiat,

516 2005 571 2051 et
601 1994 683 2049 vel
709 2003 833 2065 post
855 1993 1095 2063 pericula
1121 1992 1185 2048 ad
1218 1993 1588 2063 cognitionem
1616 1993 1859 2048 veritatis
1886 1992 2107 2047 tandem

517 2088 802 2159 aliquando
847 2087 1129 2157 perducat.
1172 2089 1308 2141 Haec
1351 2086 1418 2141 de
1462 2087 1679 2157 regibus
1724 2094 1779 2141 et
1809 2087 2107 2157 imperato-

518 2182 688 2246 ribus,
719 2180 811 2252 qui
839 2181 1085 2236 saaculari
1114 2180 1283 2251 gloria
1322 2178 1553 2234 nimium
1582 2178 1801 2245 tumidi,
1824 2195 1941 2233 non
1966 2182 2105 2245 Deo,

517 2275 614 2330 sed
645 2274 743 2329 sibi
773 2282 1013 2345 regnant.
1041 2272 1145 2328 Sed
1169 2272 1295 2344 quia
1316 2273 1488 2327 nostri
1512 2281 1595 2327 est
1622 2272 1790 2327 ofﬁcii
1818 2272 2107 2340 unicuique

518 2367 825 2423 secundum
882 2366 1168 2431 ordinem,
1222 2365 1307 2420 vel
1359 2366 1682 2437 dignitatem
1734 2382 1838 2435 qua
1896 2364 2109 2420 videtur

516 2462 714 2532 vigere,
749 2459 1183 2515 exhortationem
1212 2459 1561 2524 distribuere,
1591 2458 2007 2529 imperatoribus
2054 2467 2108 2513 et

516 2554 767 2624 regibus,
817 2553 1136 2623 caeterisque
1177 2552 1537 2623 principibus,
1572 2561 1632 2606 ut
1678 2552 1942 2607 elationes
1989 2568 2105 2607 ma-

519 2649 594 2703 ris
641 2648 806 2709 (Psal.
849 2646 1027 2716 xcu),
1079 2654 1132 2700 et
1182 2645 1448 2716 superbia:
1496 2646 1696 2700 ﬂuctus
1741 2646 2105 2717 comprimere

517 2741 758 2806 valeant,
787 2754 938 2794 arma
967 2738 1285 2793 humilitatis
1308 2780 1323 2805 ,
1370 2742 1488 2793 Deo
1528 2746 1782 2805 auctore,
1823 2739 2105 2809 providere

517 2848 795 2889 curamus.
858 2831 1075 2886 Scimus
1126 2833 1269 2887 enim
1322 2833 1448 2904 quia
1498 2833 1777 2888 mundana
1828 2834 1999 2905 gloria
2052 2843 2107 2889 et

516 2926 789 2983 saecularis
817 2940 949 2979 cura
978 2940 1071 2980 eos
1120 2926 1454 2995 permaxime
1495 2926 1583 2996 qui
1614 2936 1858 2997 praesunt
1902 2926 1968 2982 ad
1999 2927 2105 2982 ela-

513 3020 718 3074 tionem
764 3017 981 3074 trahere
1027 3018 1193 3085 solet,
1251 3034 1358 3089 qua
1405 3034 1638 3089 semper,
1690 3019 1930 3091 neglecta
1996 3019 2105 3075 hu-

514 3112 780 3177 militate,
836 3112 1112 3182 propriam
1178 3111 1473 3181 quaerendo
1532 3112 1795 3183 gloriam,
1843 3111 2102 3167 fratribus

513 3208 732 3275 cupiant
773 3204 1149 3275 praaeminere.
1182 3203 1417 3259 Proinde
1446 3204 1659 3260 videtur
1700 3205 1835 3259 utile
1864 3206 2100 3260 maxime

514 3298 940 3369 imperatoribus
967 3306 1022 3351 et
1066 3297 1288 3369 regibus
1318 3306 1397 3363 ut,
1429 3313 1555 3352 cum
1598 3313 1754 3353 mens
1800 3298 2019 3353 illorum
2049 3314 2107 3354 se

510 3390 579 3446 ad
598 3392 706 3445 alta
735 3391 937 3463 erigere
961 3398 1016 3445 et
1046 3406 1142 3461 pro
1168 3391 1426 3462 singulari
1454 3390 1569 3446 vult
1598 3391 1767 3462 gloria
1797 3391 2105 3459 oblectare,

511 3484 749 3540 inveniat
804 3484 1003 3555 quibus
1061 3500 1121 3540 se
1177 3483 1357 3539 modis
1420 3484 1691 3550 humiliet,
1748 3494 1908 3556 atque
1960 3485 2105 3541 unde

512 3578 744 3650 gaudeat
809 3579 1006 3634 sentiat
1056 3578 1178 3648 plus
1238 3576 1569 3633 timendum.
1624 3580 1920 3649 Perspiciat
1977 3595 2104 3651 ergo

514 3671 801 3741 diligenter
852 3686 1017 3741 quam
1076 3670 1406 3740 periculosa,
1456 3687 1689 3742 quamve
1736 3672 1976 3727 timenda
2037 3673 2111 3728 sit

510 3762 854 3832 imperatoria
900 3762 981 3817 vel
1025 3762 1169 3833 regia
1224 3762 1477 3833 dignitas,
1536 3764 1588 3818 in
1637 3780 1743 3835 qua
1800 3765 2107 3835 paucissimi

511 3856 812 3921 salvantur,
858 3862 916 3910 et
961 3854 1038 3908 illi
1085 3855 1195 3925 qui,
1245 3859 1359 3911 Deo
1401 3856 1717 3923 miserante,
1765 3858 1834 3912 ad
1876 3860 2105 3913 salutem

509 3948 753 4014 veniunt,
806 3962 921 4001 non
969 3961 1145 4016 aeque,
1200 3955 1261 4001 ut
1310 3949 1467 4003 multi
1519 3965 1853 4020 pauperum,
1895 3951 2105 4022 judicio

510 4040 683 4095 sancti
714 4039 964 4111 Spiritus,
999 4040 1055 4093 in
1105 4048 1288 4095 saneta
1343 4041 1581 4097 Ecclesia
1628 4042 2011 4099 clariﬁeantur.
2057 4053 2103 4102 A

509 4133 703 4189 mundi
731 4132 873 4187 enim
898 4132 1161 4203 principio
1184 4149 1358 4204 usque
1386 4134 1451 4189 ad
1479 4134 1597 4190 haec
1618 4144 1807 4191 nostra
1831 4147 2102 4209 tempora,

510 4228 561 4281 in
588 4234 701 4281 tota
730 4224 1049 4281 authentica
1080 4226 1353 4296 Scriptura
1383 4243 1498 4282 non
1528 4228 1838 4285 invenimus
1866 4231 2105 4303 impera-

510 4327 659 4374 tores
689 4319 769 4373 vel
809 4334 999 4390 reges,
1029 4335 1267 4389 quorum
1315 4321 1427 4376 vita
1468 4321 1602 4377 adeo
1634 4321 1796 4377 fuerit
1840 4325 2103 4397 religione

506 4413 775 4484 praecipua
807 4421 862 4467 et
890 4412 1085 4467 virtute
1128 4413 1411 4485 signorum
1439 4414 1693 4470 decorata
1712 4458 1724 4482 ,
1767 4417 1911 4474 sicut
1941 4418 2100 4474 innu-

2217 1902 2387 1968 sione,
2437 1909 2617 1954 tamen
2664 1899 2829 1956 corde
2874 1899 3115 1971 gaudent
3161 1902 3217 1954 in
3265 1902 3345 1957 sui
3375 1903 3526 1973 quasi
3584 1903 3810 1961 honoris

2217 1996 2548 2061 extensione,
2601 1995 2902 2065 noluntque
2946 2011 3057 2049 non
3108 1994 3493 2066 fecissequod
3541 2007 3804 2069 egerunt,

2216 2105 2394 2161 neque
2418 2088 2604 2143 dolent
2624 2088 2772 2159 quod
2801 2087 2993 2143 fratres
3019 2104 3149 2143 suos
3170 2090 3227 2142 in
3257 2092 3547 2145 Tartarum
3581 2107 3810 2163 compu-

2217 2185 2414 2239 lerunt.
2465 2183 2714 2253 Cumque
2762 2197 2827 2236 ex
2880 2189 2999 2236 toto
3053 2182 3217 2237 corde
3264 2197 3358 2237 eos
3403 2199 3515 2238 non
3555 2186 3807 2255 pcenitet,

2217 2292 2393 2347 neque
2442 2276 2634 2330 volunt
2671 2275 2916 2329 humano
2962 2274 3226 2347 sanguine
3263 2276 3525 2346 acquisita
3572 2278 3654 2332 vel
3707 2278 3812 2335 de-

2216 2379 2364 2425 tenta
2398 2369 2676 2435 omittere,
2705 2369 2925 2423 illorum
2958 2368 3269 2439 poenitentia
3296 2369 3440 2439 apud
3484 2374 3661 2425 Deum
3690 2373 3813 2427 sine

2217 2464 2389 2535 digno
2443 2463 2782 2534 poenitentiae
2837 2461 3013 2516 fructu
3064 2471 3264 2517 manet.
3330 2463 3494 2518 Unde
3558 2465 3812 2535 profecto

2218 2557 2371 2613 valde
2408 2565 2491 2611 est.
2531 2555 2869 2619 timendum,
2915 2564 3078 2626 atque.
3123 2556 3187 2609 ad
3237 2557 3562 2611 memoriam
3610 2574 3809 2613 eorum

2215 2650 2406 2705 crebro
2447 2647 2819 2704 revocandum
2862 2648 3030 2720 quod,
3073 2649 3211 2703 sicut
3259 2648 3464 2720 praefati
3514 2666 3738 2719 sumus,
3779 2668 3811 2707 a

2217 2743 2403 2799 mundi
2458 2742 2719 2813 principio
2764 2742 3075 2813 paucissimi
3136 2759 3230 2812 per
3276 2742 3487 2798 diversa
3536 2753 3815 2800 terrarum

2216 2852 2381 2907 regna
2411 2851 2565 2906 reges
2599 2836 2773 2890 sancti
2819 2851 2883 2890 ex
2914 2834 3296 2889 innumerabili
3329 2852 3523 2890 eorum
3562 2837 3817 2893 multitu-

2214 2930 2340 2986 dine
2390 2930 2756 3001 reperiuntur,
2797 2945 2922 2983 eum
2973 2930 3029 2983 in
3071 2946 3177 2983 una
3223 2937 3441 2984 tantum
3488 2931 3817 3001 pontiﬁcum

2214 3024 2451 3078 seriatim
2493 3022 2901 3077 succedentium
2950 3022 3101 3088 sede,
3139 3021 3392 3078 videlicet
3446 3027 3728 3089 Romana,
3782 3041 3819 3079 a

2214 3126 2462 3187 tempore
2507 3116 2653 3169 beati
2704 3116 2843 3170 Petri
2894 3116 3124 3186 apostoli
3173 3115 3349 3171 ferme
3390 3125 3609 3171 centum
3662 3118 3822 3174 inter

2212 3209 2586 3264 sanctissimos
2636 3216 3041 3279 computentur.
3103 3210 3215 3264 Cur
3267 3218 3453 3264 autem
3514 3209 3645 3276 hoc,
3702 3210 3821 3267 nisi

2213 3304 2335 3373 quia
2388 3318 2542 3373 reges
2584 3310 2745 3355 terra:
2794 3308 2849 3357 et
2888 3302 3161 3373 principes
3212 3317 3349 3356 vana
3396 3304 3569 3373 gloria
3612 3305 3819 3375 illecti,

2213 3397 2354 3451 sicut
2401 3395 2751 3467 praelibatum
2798 3402 2909 3459 est,
2961 3410 3083 3466 quae
3114 3410 3209 3450 sua
3256 3403 3385 3450 sunt
3432 3396 3825 3467 spiritualibus

2213 3489 2376 3545 rebus
2404 3487 2739 3560 praeferunt?
2771 3489 3010 3560 religiosi
3047 3496 3235 3543 autem
3273 3488 3559 3559 pontiﬁces
3607 3506 3823 3549 vanam

2213 3585 2445 3656 gloriam
2472 3584 2855 3656 despicientes,
2876 3600 2997 3654 qua:
3031 3585 3128 3639 Dei
3150 3593 3278 3639 sunt
3302 3585 3608 3641 carnalibus
3635 3588 3817 3644 rebus

2216 3686 2560 3749 praeponuut.
2594 3678 2679 3732 Illi
2702 3678 2755 3731 in
2798 3694 2855 3732 se
2881 3676 3256 3749 delinquentes
3283 3677 3444 3732 facile
3472 3679 3821 3751 puniuntur,

2214 3772 2271 3825 in
2305 3774 2484 3825 Deum
2524 3780 2812 3841 peccantes
2844 3786 3001 3841 aaquo
3039 3771 3229 3825 animo
3266 3770 3475 3834 ferunt;
3523 3772 3611 3827 isti
3641 3773 3698 3827 in
3751 3790 3823 3832 se

2216 3864 2563 3935 peccantibus
2621 3863 2729 3936 cito
2794 3864 3111 3934 ignoscunt,
3172 3868 3347 3919 Deum
3402 3863 3824 3926 offendentibus

2213 3973 2322 4011 non
2372 3956 2561 4011 leviter
2613 3965 2857 4027 parcunt.
2910 3957 2992 4011 Illi
3040 3957 3270 4012 terrenis
3318 3958 3530 4013 actibus
3568 3961 3820 4017 nimium

2213 4048 2381 4105 dediti
2434 4049 2733 4120 Spiritualia
2786 4049 3213 4120 parvipendunt;
3269 4050 3354 4105 isti
3407 4052 3647 4106 coelestia
3720 4071 3816 4109 se-

2212 4142 2343 4198 dulo
2366 4142 2688 4197 meditantes
2717 4159 2840 4214 quae
2873 4152 3002 4197 sunt
3030 4149 3242 4198 terrena
3266 4152 3652 4201 contemnunt.

2284 4234 2641 4290 Admonendi
2669 4252 2799 4307 ergo
2828 4244 2959 4291 sunt
2989 4252 3182 4291 omnes
3225 4236 3516 4292 Christiani
3547 4239 3642 4311 qui
3676 4256 3818 4297 cum

2211 4328 2426 4384 Christo
2474 4345 2704 4400 regnare
2751 4330 3009 4400 cupiunt,
3063 4346 3131 4385 ne
3182 4331 3479 4385 ambitione
3528 4334 3823 4391 saecularis

2213 4422 2487 4489 potestatis
2536 4438 2760 4491 regnare
2808 4421 3087 4489 affectent,
3117 4423 3210 4479 sed
3242 4424 3422 4495 potius
3470 4440 3585 4495 prae
3634 4429 3825 4484 oculis

508 4506 783 4561 merabilis
833 4506 1196 4561 multitudinis
1246 4507 1433 4562 saeculi
1473 4516 1944 4579 contemptorum,
1976 4514 2099 4568 licet
2126 4528 2178 4590 D
2213 4515 2448 4569 habeant
2487 4514 2636 4586 quod
2678 4515 2873 4570 beatus
2914 4517 3203 4587 Gregorius
3241 4533 3375 4587 papa
3424 4518 3823 4577 sanctissimus

506 4600 689 4669 plures
714 4614 907 4655 eorum
933 4600 1220 4655 credamus
1249 4599 1393 4671 apud
1437 4602 1872 4672 omnipotentem
1920 4608 2099 4662 Deum

504 4691 897 4747 misericordiae
948 4693 1183 4748 salutem
1233 4693 1517 4750 invenisse.
1570 4697 1853 4767 Namque,
1909 4707 1973 4753 ut
2033 4699 2101 4756 de

509 4783 769 4853 apostolis
794 4792 848 4838 et
875 4785 1205 4858 martyribus
1227 4795 1529 4852 taceamus,
1559 4789 1679 4859 quis
1706 4791 2099 4860 imperatorum

512 4874 591 4929 vel
652 4890 842 4946 regum
889 4892 1045 4947 asque
1087 4887 1149 4932 ut
1191 4879 1384 4935 beatus
1442 4882 1737 4948 Martinus,
1794 4887 2095 4953 Antonius,

508 4967 862 5034 Benedictus,
892 4971 1173 5025 miraculis
1215 4972 1442 5029 claruit?
1472 4975 1602 5041 Quis
1631 4977 1772 5030 enim
1804 4977 2102 5048 imperator

510 5068 604 5114 aut
658 5076 749 5114 rex
803 5070 1056 5117 mortuos
1118 5064 1429 5131 suscitavit,
1479 5066 1723 5135 leprosos
1780 5070 2097 5137 inundavit,

508 5167 683 5208 caecos
699 5152 1057 5208 illuminavit?
1077 5157 1217 5210 Ecce
1236 5158 1663 5213 Constantinum
1688 5160 1789 5229 piae
1816 5165 2098 5219 memoria:

506 5245 929 5315 imperatorem,
961 5247 1334 5304 Theodosium
1365 5258 1420 5304 et
1462 5252 1810 5319 Honorium,
1840 5255 2094 5311 Carolum

506 5348 557 5391 et
600 5338 973 5409 Ludovicum,
1009 5340 1239 5411 justitiae
1268 5350 1573 5407 amatores,
1619 5345 1937 5402 Christianae
1966 5349 2092 5404 reli-

504 5430 678 5502 gionis
706 5441 1114 5504 propagatores,
1147 5436 1512 5491 Ecclesiarum
1542 5436 1875 5507 defensores,
1907 5452 2093 5498 sancta

503 5523 726 5594 quidem
777 5527 1005 5582 Ecclesia
1052 5527 1235 5583 laudat
1282 5538 1337 5584 et
1390 5539 1699 5597 veneratur,
1750 5549 1861 5589 non
1904 5544 2092 5592 tamen

503 5632 598 5672 eos
636 5616 851 5674 fulsisse
876 5628 1026 5674 tanta
1067 5621 1457 5678 miraculorum
1485 5625 1655 5695 gloria
1686 5626 1907 5683 indicat.
1938 5632 2090 5685 Prae-

498 5715 644 5764 terea
682 5708 752 5765 ad
779 5719 916 5782 quot
953 5714 1179 5769 nomina
1226 5731 1415 5785 regum
1447 5718 1527 5772 vel
1560 5718 1952 5789 imperatorum
1998 5721 2087 5777 ba-

2212 4610 2267 4663 iu
2306 4608 2472 4661 Libro
2515 4608 2777 4663 Pastorali
2815 4608 3099 4676 admonet,
3137 4609 3322 4663 dicens
3374 4629 3384 4663 :
3436 4634 3459 4657 ιι
3504 4614 3654 4665 Inter
3708 4614 3826 4670 hoc

2208 4702 2387 4771 itaque
2413 4701 2541 4772 quid
2577 4701 2917 4773 sequendum
2943 4712 3047 4771 est,
3078 4703 3207 4774 quid
3239 4703 3560 4767 tenendum,
3594 4705 3705 4759 nisi
3754 4718 3825 4762 ut

2209 4794 2494 4849 virtutibus
2542 4796 2749 4863 pollens
2797 4805 3018 4849 coactus
3066 4796 3133 4850 ad
3164 4798 3409 4868 regimen
3440 4796 3649 4864 veniat;
3697 4801 3821 4855 vir-

2207 4888 2415 4943 tutibus
2444 4904 2674 4954 vacuus,
2726 4904 2829 4942 nec
2858 4898 3083 4943 coactus
3134 4890 3398 4944 accedat?
3440 4890 3602 4957 Quod
3648 4892 3697 4945 si
3748 4894 3822 4949 ad

2209 4981 2569 5051 apostolicam
2620 4980 2835 5047 sedem,
2891 4981 2943 5034 in
2996 4997 3100 5051 qua
3154 4983 3255 5036 rite
3305 4982 3539 5037 ordinati
3590 4988 3824 5043 meritis

2209 5074 2351 5128 beati
2386 5074 2526 5128 Petri
2557 5074 2782 5143 apostoli
2824 5074 3081 5129 meliores
3121 5074 3457 5142 efﬁciuntur,
3495 5075 3585 5145 qui
3617 5079 3822 5135 Deum

2206 5168 2407 5222 timent
2435 5168 2609 5221 coacti
2649 5182 2773 5221 eum
2816 5182 3015 5237 magno
3058 5168 3260 5222 timore
3298 5169 3562 5236 veniunt;
3604 5168 3675 5223 ad
3732 5189 3826 5228 re»

2206 5261 2294 5329 gni
2350 5259 2550 5315 solium
2606 5275 2733 5315 cum
2789 5270 2993 5330 quanto
3025 5261 3223 5316 timore
3251 5277 3313 5317 ac
3341 5270 3579 5316 tremore
3635 5279 3820 5322 accc-

2202 5352 2442 5407 dendum
2481 5362 2585 5419 est,
2616 5352 2670 5406 in
2698 5368 2806 5423 quo
2836 5355 3000 5409 etiam
3033 5353 3161 5408 boni
3190 5364 3244 5409 et
3283 5354 3519 5409 humiles
3558 5355 3729 5420 (sicut
3758 5361 3820 5414 in

2201 5445 2328 5500 Saul
2376 5452 2430 5500 et
2478 5445 2653 5500 David
2702 5448 3064 5518 cognoscitur)
3109 5447 3407 5503 deteriores
3444 5448 3615 5515 ﬁunt;
3667 5466 3823 5508 nam

2200 5538 2347 5609 quod
2389 5537 2457 5594 de
2487 5539 2783 5609 apostolica
2831 5539 2962 5595 sede
3007 5540 3435 5612 praelibavimus,
3468 5543 3523 5595 in
3554 5541 3820 5601 decretis

2198 5631 2339 5686 beati
2366 5632 2679 5704 Symmachi
2723 5648 2876 5704 papm
2927 5633 3072 5705 (licet
3118 5634 3487 5706 experimento
3534 5636 3817 5701 sciamus)

2197 5725 2274 5780 sic
2300 5726 2617 5783 continetur
2666 5745 2678 5782 :
2732 5726 2823 5781 ille
2865 5726 3069 5782 scilicet
3096 5727 3286 5783 beatus
3555 5728 3817 5801 [Petrus]
