4044 6186
242 265 340 318 601

239 481 445 538 centiae
493 481 637 536 misit
665 478 738 534 ad
770 487 1039 550 posteros.
1075 503 1100 526 ν
1133 481 1203 534 Et
1233 488 1356 551 post
1396 497 1570 552 pauca
1599 499 1611 535 :
1650 505 1672 529 οι
1708 483 1842 552 Quis

232 574 389 630 enim
417 582 676 630 sanctum
705 587 823 628 esse
845 571 1063 628 dubitet
1091 589 1257 644 quem
1284 589 1422 644 apex
1458 582 1625 630 tantae
1666 574 1842 648 digni-

234 669 373 724 tatis
398 668 637 723 attollit?
658 667 712 722 in
732 682 842 738 quo
870 667 917 721 si
945 665 1132 722 desint
1157 667 1308 726 bona.
1321 668 1584 739 acquisita
1610 685 1708 740 per
1730 685 1843 726 me-

234 763 441 825 ritum,
473 760 826 817 sufﬁciuntur
845 775 966 831 quae
992 778 1022 816 a
1059 761 1162 816 loci
1184 761 1468 818 decessore
1492 771 1840 834 praestantur,

237 858 354 912 Aut
398 855 552 911 enim
580 855 758 910 claros
786 853 854 910 ad
893 855 1014 909 haec
1043 854 1251 927 fastigia
1279 855 1458 928 erigit,
1506 865 1602 912 aut
1629 873 1723 912 eos
1747 857 1839 928 qui

238 948 800 1021 erigunturillustrat.
821 972 845 995 ι»
871 949 1218 1020 Quapropter
1233 965 1370 1020 quos
1381 957 1574 1005 sancta
1596 951 1840 1007 Ecclesia

237 1059 336 1098 sua
367 1051 574 1114 sponte
602 1041 668 1098 ad
701 1043 950 1113 regimen
971 1042 1054 1097 vel
1081 1042 1373 1114 imperium
1395 1042 1694 1100 deliberata
1715 1060 1843 1100 con-

239 1138 365 1193 silio
412 1135 668 1203 advocat,
702 1136 832 1204 [iis]
860 1151 970 1191 non
1023 1151 1122 1206 pro
1169 1137 1480 1193 transitoria
1525 1138 1718 1210 gloria,
1748 1138 1844 1194 sed

239 1247 340 1303 pro
371 1229 688 1286 multorum
715 1229 912 1291 salute,
935 1229 1217 1284 humiliter
1243 1229 1526 1298 obediant,
1550 1239 1604 1286 et
1629 1247 1844 1302 semper

237 1332 474 1380 caveant
501 1323 649 1394 quod
671 1322 866 1378 beatus
891 1323 1191 1394 Gregorius
1217 1324 1272 1378 in
1293 1323 1489 1380 eodem
1509 1325 1675 1380 Libro
1708 1326 1840 1380 Pas-

237 1418 404 1474 torali
435 1425 672 1473 testatur
705 1436 717 1472 :
748 1423 1032 1488 Apostata:
1058 1418 1257 1488 quippe
1285 1419 1479 1488 angelo
1504 1419 1698 1474 similis
1727 1418 1844 1474 efﬁ-

237 1514 403 1576 citur,
435 1511 573 1566 dum
606 1511 774 1566 homo
799 1509 1116 1565 hominibus
1149 1527 1266 1565 esse
1291 1511 1450 1566 simul
1483 1512 1584 1582 [f.,
1617 1512 1839 1585 similis]

238 1605 592 1677 dedignatur.
635 1604 725 1660 Sic
775 1603 901 1659 Saul
953 1611 1075 1674 post
1122 1603 1446 1660 humilitatis
1477 1606 1736 1660 meritum
1786 1607 1839 1660 in

238 1708 523 1754 tumorem
552 1696 820 1768 superbiae
856 1697 1094 1752 culmine
1136 1698 1417 1768 potestatis
1445 1699 1702 1754 excrevit.
1735 1681 1838 1753 l’er

239 1761 852 1862 humilitatem'quippe
910 1761 1166 1860 praelatus
1217 1800 1318 1854 est,
1374 1807 1472 1861 per
1524 1793 1833 1862 superbiam
1873 1761 1916 1821 Β

239 1884 587 1954 reprobatus,
610 1884 856 1938 Domino
885 1891 1202 1950 attestante,
1229 1885 1322 1955 qui
1357 1884 1431 1938 ait
1513 1888 1696 1942 Nonne
1723 1903 1840 1940 cum

239 1993 367 2032 esses
410 1979 677 2046 parvulus
706 1979 765 2030 in
801 1977 966 2031 oculis
994 1979 1121 2037 tuis,
1172 1982 1334 2047 caput
1391 1983 1441 2031 te
1486 1981 1743 2034 constitui
1783 1982 1838 2034 in

239 2072 483 2125 tribubus
508 2072 676 2125 Israel
702 2071 786 2136 ?(l
803 2073 928 2138 Reg.
962 2076 1087 2134 xv.)
1112 2072 1176 2124 Et
1208 2071 1367 2141 paulo
1389 2069 1617 2126 inferius
1649 2090 1662 2126 :
1695 2073 1837 2128 Miro

239 2173 419 2219 autem
443 2162 614 2219 modo
639 2179 763 2218 cum
785 2161 932 2234 apud
953 2178 1011 2217 se
1034 2164 1310 2234 parvulus,
1352 2163 1499 2234 apud
1535 2166 1837 2221 Dominum

241 2274 500 2330 magnus;
535 2273 662 2312 cum
697 2273 827 2312 vero
857 2257 1002 2328 apud
1032 2273 1090 2312 se
1124 2273 1356 2329 magnus
1385 2260 1659 2328 apparuit,
1691 2260 1839 2330 apud

241 2353 544 2407 Dominum
568 2351 825 2422 parvulus
851 2350 975 2404 fuit.
1007 2350 1308 2421 Vigilanter
1331 2367 1546 2422 quoque
1567 2355 1838 2408 retineant

244 2446 385 2518 quod
435 2446 722 2501 Dominus
769 2445 824 2498 in
873 2445 1172 2515 Evangelio
1216 2444 1348 2499 dicit
1396 2463 1408 2498 :
1452 2449 1562 2513 Ego
1605 2447 1834 2513 gloriam

245 2557 410 2595 meam
443 2556 551 2594 non
580 2555 762 2608 quaero
813 2543 983 2606 (Joan.
1038 2543 1205 2604 vm);
1235 2547 1289 2592 et
1332 2558 1343 2592 :
1389 2541 1493 2606 Qui
1529 2542 1646 2594 vult
1697 2543 1836 2594 inter

245 2652 327 2690 cos
359 2651 471 2690 esse
485 2639 718 2705 primus,
750 2640 823 2689 sit
847 2637 1082 2711 qmnium
1101 2649 1284 2687 servus
1309 2637 1504 2700 (Marc.
1532 2651 1566 2689 χ
1585 2636 1621 2704 ).
1659 2637 1841 2689 Hono-

245 2744 354 2784 rem
374 2731 479 2784 Dei
512 2745 728 2799 semper
751 2745 853 2783 suo
876 2736 1220 2800 praponant,
1240 2729 1512 2800 justitiam
1541 2729 1836 2800 unicuique

246 2839 398 2878 suum
447 2823 721 2878 servando
748 2822 838 2893 jus
866 2823 1263 2894 amplectantur
1299 2831 1463 2894 atque
1491 2823 1830 2888 custodiant;

245 2933 348 2971 non
376 2925 507 2971 eant
549 2916 603 2970 in
634 2915 866 2970 consilio
905 2915 1233 2986 impiorum,
1264 2916 1360 2972 sed
1391 2916 1657 2987 religiosis
1685 2933 1834 2972 sem-

244 3025 333 3078 per
373 3007 788 3078 acquiescendo
831 3007 996 3062 corde
1043 3007 1385 3076 adhaereant;
1446 3017 1692 3064 sanctam
1741 3013 1840 3066 Ec-

241 3102 457 3156 clesiam
510 3117 625 3156 non
667 3109 917 3172 quaerant
946 3101 1086 3156 sicut
1127 3101 1386 3156 ancillam
1426 3101 1528 3157 sibi
1572 3103 1836 3176 subjicere

240 3196 317 3249 vel
347 3194 667 3265 subjugare,
697 3194 792 3250 sed
823 3195 1161 3265 permaxime
1187 3196 1376 3251 oculos
1419 3196 1561 3262 illos,
1589 3196 1840 3252 videlicet

242 3287 460 3342 Domini
516 3287 844 3353 sacerdotes,
892 3288 1187 3359 magistros
1237 3298 1292 3344 et
1340 3299 1523 3360 patres
1570 3307 1840 3362 recogno-

238 3381 438 3437 scendo
468 3380 722 3436 decenter
746 3380 1000 3436 studeant
1030 3381 1321 3438 honorare.
1353 3385 1494 3439 Nam
1529 3385 1570 3438 si
1598 3386 1839 3440 carnales

237 3485 419 3544 patres
467 3484 524 3530 et
564 3483 770 3530 matres
800 3475 1071 3532 honorare
1112 3477 1386 3548 iubemur,
1419 3488 1625 3549 quanto
1665 3479 1838 3549 magis

234 3570 585 3641 spirituales?
631 3573 699 3625 Et
733 3570 780 3624 si
809 3569 900 3624 ille
946 3571 1038 3641 qui
1085 3571 1286 3625 carnali
1343 3573 1480 3641 patri
1537 3572 1616 3627 vel
1673 3575 1834 3627 matri

237 3663 580 3720 maledixerit
602 3672 784 3718 morte
813 3661 1135 3719 multandus
1158 3673 1261 3730 est,
1287 3664 1412 3735 quid
1438 3665 1528 3719 ille
1551 3666 1642 3735 qui
1669 3667 1837 3720 male-

235 3755 366 3811 dicit
393 3757 669 3827 spirituali
700 3758 841 3826 patri
865 3757 945 3811 vel
977 3758 1143 3812 matri
1170 3764 1446 3814 meretur?
1478 3762 1597 3814 Non
1627 3759 1834 3814 carnali

235 3867 424 3907 amore
470 3851 633 3904 illecti
680 3850 946 3906 studeant
977 3851 1158 3906 ﬁlium
1201 3867 1360 3908 smim
1392 3853 1562 3923 gregi,
1600 3869 1696 3922 pro
1725 3868 1834 3924 quo

234 3946 484 4000 Christus
539 3945 862 4016 sanguinem
930 3960 1095 3999 suum
1159 3944 1331 4009 fudit,
1388 3961 1729 4016 praeponere,
1789 3945 1834 4001 si

237 4040 531 4095 meliorem
551 4038 645 4093 illo
670 4047 724 4093 et
745 4038 1023 4093 utiliorem
1051 4047 1281 4109 possunt
1299 4039 1570 4106 invenire;
1593 4057 1692 4105 ne,
1717 4039 1834 4109 plus

239 4134 352 4186 Deo
394 4131 676 4202 diligendo
719 4131 918 4198 lilium,
967 4131 1277 4186 maximum
1328 4143 1528 4188 sanctae
1578 4133 1834 4188 Ecclesia:

241 4223 479 4279 inferant
493 4224 910 4279 detrimentum.
936 4226 1193 4280 Patenter
1209 4225 1355 4280 enim
1379 4227 1560 4280 Deum
1583 4233 1635 4279 et
1661 4227 1838 4295 proxi-

241 4331 395 4371 mum
447 4317 612 4380 (sicut
635 4317 1007 4373 Christianum
1052 4324 1297 4388 oportet)
1323 4334 1436 4373 non
1475 4334 1659 4373 amare
1703 4335 1836 4374 con-

241 4411 498 4476 vincitur,
557 4411 650 4480 qui
703 4419 872 4467 tanta:
933 4410 1177 4475 utilitati,
1238 4419 1457 4482 tamque
1513 4413 1836 4467 necessaria;

1346 260 1548 317 LIBER
1587 262 1916 318 OCTAVUS.
1957 265 2483 352 —-‘EPIST.‘XXlll.

235 402 544 458 perennem
591 385 916 442 meritorum
954 384 1142 442 dotem
1171 401 1299 441 cum
1332 383 1649 443 haereditate
1687 388 1844 443 inno-
1875 393 1926 456 Α

3441 261 3544 317 602

2455 390 2811 447 .EPISTOLA
2856 390 3044 444 XXII.

2495 510 2574 550 AD
2616 509 2721 549 Α...
2759 508 2998 549 FILIAM.

2559 594 2742 655 (Anno
2763 592 2944 653 1081.)

1954 685 2129 737 Mouet
2183 689 2244 736 ut
2310 688 2517 736 terrena
2575 684 2854 752 despiciat,
2911 683 3243 750 cazlcstiaque
3297 685 3541 749 appetat.

2023 757 2288 808 Hortatur
2338 759 2397 807 ut
2440 756 2578 820 regis
2629 754 2868 822 conjugis
2915 755 3154 806 animum
3199 752 3271 805 ad
3311 767 3544 805 amorem

2021 826 2267 878 divinum
2338 826 2628 886 attrahere,
2689 830 2886 879 sanctae
2955 826 3200 878 Ecclesia:
3279 827 3544 890 quantum

2016 901 2190 965 potest
2215 897 2484 965 prodesse,
2515 898 2798 965 omniaque
2827 896 3113 949 charitatis
3152 910 3313 964 opera
3351 896 3548 948 secta-ri

2021 969 2254 1021 studeat.

2021 1061 2368 1117 Gneoontus
2389 1060 2689 1132 episcopus,
2717 1075 2909 1114 servus
2935 1074 3216 1115 servorum
3249 1058 3372 1124 Dei,
3403 1043 3540 1113 A....

1947 1153 2319 1210 dilectissimaa
2339 1155 2394 1208 in
2417 1154 2636 1211 Christo
2664 1152 2809 1222 tiliae,
2835 1153 3065 1208 salutem
3103 1159 3157 1207 et
3185 1151 3540 1223 apostolicam

1951 1247 2412 1304 benedictionem.

2022 1343 2162 1412 Quia
2219 1343 2289 1397 ob
2343 1341 2704 1396 reverentiam
2757 1341 2904 1396 beati
2963 1339 3111 1396 Petri
3169 1338 3542 1409 apostolorum

1951 1437 2208 1510 principis
2237 1437 2440 1507 rogasti
2469 1444 2529 1490 ut
2553 1434 2759 1491 litteras
2787 1450 2957 1490 manu
2988 1441 3176 1489 nostra
3207 1432 3436 1504 scriptas
3465 1447 3544 1487 ex-

1951 1531 2213 1586 cellentiae
2234 1533 2341 1584 tua:
2369 1528 2674 1597 mittamus,
2695 1527 2974 1582 devotioni
3003 1535 3114 1582 tum
3137 1526 3543 1598 acquievimus.

1951 1625 2051 1678 His
2081 1624 2248 1678 etiam
2271 1630 2324 1677 te
2351 1637 2647 1676 monemus
2674 1630 2736 1676 ut
2764 1636 3113 1690 summopere
3138 1634 3398 1691 procures
3422 1633 3545 1690 quae

1949 1727 2075 1772 sunt
2089 1727 2298 1772 terrena
2321 1724 2376 1771 et
2394 1715 2703 1771 transitoria
2725 1713 3028 1785 despicere,
3057 1719 3114 1767 et
3128 1711 3367 1768 caelestia
3391 1720 3546 1767 ater-

1946 1827 2125 1881 naque
2171 1825 2385 1881 semper
2432 1818 2705 1881 appetere.
2738 1807 2924 1864 Scribe
2959 1809 3011 1862 in
3061 1805 3224 1862 corde
3267 1814 3363 1861 tuo
3415 1806 3543 1877 quia

1947 1919 2160 1959 summa
2183 1903 2369 1974 regina
2391 1902 2536 1968 cmli,
2565 1917 2688 1973 quae
2708 1917 2873 1972 super
2891 1915 3089 1955 omnes
3107 1898 3306 1954 choros
3321 1898 3544 1969 angelo-

1948 2013 2070 2053 rum
2102 1997 2336 2052 exaltata
2365 2011 2485 2052 esse
2510 1995 2774 2057 creditur,
2807 2009 2928 2065 quae
2960 2001 3043 2048 est
3087 1991 3254 2047 decus
3285 1999 3342 2045 et
3369 1991 3544 2062 gloria

1949 2092 2201 2146 omnium
2233 2090 2556 2156 mulierum,
2586 2088 2698 2143 imo
2728 2088 2878 2142 salus
2911 2094 2968 2141 et
3007 2085 3266 2140 nobilitas
3294 2084 3544 2139 omnium

1947 2185 2274 2250 electorum;
2304 2182 2427 2254 quia
2453 2181 2540 2236 illa
2559 2181 2676 2236 sola
2701 2180 2904 2236 meruit
2931 2179 3082 2248 virgo
3108 2187 3162 2233 et
3188 2186 3362 2232 mater
3384 2178 3544 2232 edere

1947 2277 2264 2334 naturaliter
2285 2280 2466 2332 Deum
2488 2285 2544 2331 et
2569 2276 2870 2342 hominem,
2898 2282 3059 2346 caput
3081 2281 3137 2328 et
3161 2273 3268 2327 vita
3289 2273 3542 2328 omnium

1946 2372 2252 2436 bonorum;
2277 2371 2333 2424 in
2373 2369 2537 2425 terris
2567 2385 2680 2423 non
2704 2367 2995 2439 dedignata
3024 2374 3106 2422 est
3145 2381 3440 2438 pauperem
3466 2368 3544 2420 vi-

1947 2477 2059 2522 tam
2087 2482 2292 2537 gerere,
2315 2474 2369 2519 et
2390 2465 2446 2540 in
2460 2465 2610 2519 omni
2633 2472 2822 2518 sancta
2842 2461 3154 2518 humilitate
3167 2477 3224 2516 se
3243 2461 3538 2516 custodire.

1946 2563 2168 2630 Quanto
2191 2559 2336 2613 enim
2355 2558 2516 2628 hujus
2537 2558 2660 2612 vita:
2678 2559 2852 2627 gloria
2877 2557 3160 2627 quaeritur,
3188 2563 3341 2610 tanto
3363 2555 3545 2610 minus

1944 2653 2144 2708 futurae
2167 2651 2521 2706 desideratur.
2543 2652 2637 2706 llla
2655 2650 2799 2705 enim
2830 2651 3024 2704 mulier
3045 2665 3167 2703 vere
3189 2647 3336 2720 apud
3358 2652 3542 2704 Deum

1943 2746 2127 2816 regina
2161 2743 2374 2811 dicitur,
2400 2759 2522 2814 qua:
2550 2759 2735 2799 mores
2763 2759 2892 2798 suos
2921 2743 2972 2798 in
3015 2743 3219 2797 timore
3267 2751 3323 2797 et
3350 2759 3541 2799 amore

1944 2838 2138 2894 Christi
2169 2835 2502 2891 moderatur.
2536 2835 2662 2890 lnde
2685 2835 2744 2890 ﬁt
2784 2844 2846 2889 ut
2875 2843 3081 2890 sancta:
3112 2835 3391 2900 mulieres,
3418 2835 3543 2890 licet

1946 2931 2002 2985 in
2042 2930 2142 2985 hac
2182 2930 2288 2984 vita
2322 2928 2526 2986 fuerint
2561 2928 2928 3000 pauperculae,
2956 2928 3012 2982 in
3046 2927 3185 2982 coelo
3210 2936 3265 2982 et
3299 2927 3355 2981 in
3391 2936 3540 2984 terra

1946 3023 2344 3096 gloriﬁcentur;
2374 3031 2428 3078 et
2461 3023 2651 3076 multa:
2680 3021 2992 3086 szeculares,
3023 3020 3192 3075 etiam
3231 3020 3430 3091 reginae
3443 3021 3536 3089 [vel

1871 3144 1915 3206 Ο
1949 3115 2335 3188 imperatrices,
2367 3115 2510 3187 apud
2533 3118 2708 3170 Deum
2728 3123 2782 3170 et
2807 3114 3060 3169 homines
3087 3128 3188 3168 nec
3216 3111 3421 3167 bonam
3451 3112 3538 3168 fa-

1949 3226 2096 3264 mam
2119 3209 2317 3264 habere
2338 3216 2665 3264 mereantur.
2684 3211 2968 3280 Rogamus
3001 3222 3131 3278 ergo
3153 3215 3205 3261 te
3224 3213 3391 3276 atque
3419 3222 3539 3278 pre-

1945 3303 2186 3372 cipimus
2215 3310 2277 3356 ut
2301 3317 2519 3372 semper
2545 3300 2760 3357 studeas
2783 3301 3030 3355 animum
3057 3299 3260 3355 domini
3284 3299 3365 3354 tui
3395 3300 3538 3370 regis

1945 3395 2254 3450 charissimi
2285 3395 2376 3449 ﬁlii
2405 3395 2577 3450 nostri
2599 3394 2667 3449 ad
2696 3394 2951 3448 timorem
2975 3402 3030 3448 et
3047 3407 3294 3448 amorem
3327 3393 3425 3447 Dei
3455 3400 3537 3446 at-

1944 3489 2179 3556 trahere,
2203 3496 2517 3559 sanctaaque
2541 3486 2792 3542 Ecclesia:
2815 3503 2913 3558 pro
2934 3494 3032 3541 tuo
3062 3501 3222 3557 posse
3253 3477 3532 3556 prodesse,

1944 3598 2230 3654 pauperes,
2259 3581 2558 3651 orphauos,
2589 3579 2800 3646 viduas,
2851 3594 3158 3650 omnesque
3204 3579 3404 3650 injuste
3433 3595 3536 3648 op-

1943 3690 2156 3744 pressos
2183 3673 2492 3738 defendere,
2511 3673 2772 3728 omnibus
2793 3671 3002 3727 clericis
3029 3681 3085 3727 et
3115 3671 3394 3726 monachis
3423 3689 3537 3727 ma-

1941 3769 2090 3824 xime
2118 3768 2389 3839 religiosis
2411 3767 2765 3822 reverentiam
2795 3765 3065 3831 exhibere,
3093 3772 3331 3819 mortem
3355 3765 3536 3820 carnis

1943 3877 2057 3932 prae
2098 3861 2270 3916 oculis
2308 3861 2414 3915 tuis
2453 3875 2670 3929 semper
2715 3857 2934 3924 habere,
2966 3867 3028 3912 ut
3077 3858 3335 3912 timorem
3367 3860 3535 3928 (403)

1940 3957 2139 4011 animae
2169 3953 2617 4018 merearis-(404)
2648 3951 2896 4007 evadere.
2932 3950 3306 4022 Eleemosynis
3334 3960 3387 4006 et
3415 3967 3534 4005 ora-

1939 4049 2181 4104 tionibus
2209 4047 2450 4102 studium
2477 4044 2754 4116 impende,
2771 4053 2827 4100 et
2853 4043 3284 4100 admonitionem
3305 4043 3539 4099 libenter

1942 4143 2146 4213 accipe;
2172 4149 2224 4196 et
2253 4140 2385 4195 illud
2411 4154 2626 4208 semper
2653 4138 2706 4192 in
2728 4136 2891 4192 corde
2917 4146 3013 4192 tuo
3043 4138 3292 4192 revolvo:
3325 4139 3536 4204 Quanto

1944 4249 2167 4302 magnus
2205 4250 2278 4300 es,
2331 4233 2560 4287 humilia
2588 4237 2637 4286 te
2685 4234 2740 4284 in
2766 4233 3006 4286 omnibus
3039 4231 3249 4300 (Ecclei.
3279 4231 3400 4298 Ill);
3428 4238 3482 4284 et
3519 4250 3531 4284 :

1946 4331 2125 4385 Omnis
2155 4331 2253 4396 qui
2286 4343 2340 4381 se
2372 4325 2579 4379 emaltat
2617 4325 3013 4390 humiliabitur;
3066 4329 3116 4378 et
3145 4326 3243 4392 qui
3286 4339 3340 4376 se
3364 4325 3538 4377 humi-

1945 4424 2047 4476 liat
2067 4419 2410 4476 exaltabitur
2424 4421 2576 4483 (Luc.
2593 4422 2742 4481 xlv).
2764 4416 3132 4486 Omnipotens
3156 4425 3212 4470 et
3225 4416 3535 4471 misericors

239 4512 438 4559 sanctae
458 4504 626 4559 matri
651 4505 911 4560 Ecclesiae
931 4508 1127 4575 (prout
1150 4505 1344 4560 melius
1367 4504 1572 4574 potest)
1605 4505 1834 4576 negligit

1951 4519 2112 4579 Deus,
2146 4530 2176 4568 a
2223 4529 2333 4584 quo
2362 4519 2558 4566 cuncta
2586 4509 2732 4565 bona
2763 4508 3082 4578 procedunt,
3126 4507 3333 4562 meritis
3361 4509 3534 4565 beatae

240 4597 543 4666 providere.
593 4599 712 4653 Hac
755 4613 994 4669 namque
1046 4598 1264 4663 virtute,
1318 4597 1374 4652 id
1425 4607 1508 4652 est
1544 4598 1828 4662 charitate,

240 4691 502 4762 neglecta,
529 4691 800 4764 quidquid
847 4692 979 4746 boni
1009 4691 1210 4764 aliquis
1240 4691 1432 4746 fecerit
1461 4693 1612 4747 omni
1645 4693 1831 4748 salutis

244 4783 416 4838 fructu
459 4784 692 4840 carebit.
750 4789 883 4840 Haec
927 4786 1113 4857 itaque
1159 4785 1442 4840 humiliter
1495 4785 1728 4856 agendo,
1777 4795 1834 4842 et

247 4893 483 4934 amorem
529 4880 632 4934 Dei
683 4889 738 4934 et
784 4879 1042 4950 proximi,
1071 4881 1212 4935 sicut
1253 4887 1494 4950 oportet,
1538 4879 1827 4945 servando,

153 5009 177 5033 .
249 4982 575 5039 praesumant
601 4973 667 5028 de
697 4973 842 5028 illius
872 4973 1270 5040 misericordia,
1303 4974 1391 5044 qui
1423 4972 1565 5028 dixit
1597 4992 1608 5027 :
1638 4977 1833 5030 Discite

249 5079 278 5113 α
304 5081 380 5118 me
404 5069 538 5134 quia
581 5068 730 5119 mitis
759 5083 879 5119 sum
910 5070 960 5120 et
988 5066 1205 5120 humilis
1254 5067 1410 5120 corde
1441 5067 1665 5131 (Matth.
1714 5068 1833 5136 x1).

250 5157 414 5226 Quem
444 5159 486 5213 si
511 5159 796 5214 humiliter
818 5158 1022 5213 imitati
1047 5157 1272 5227 fuerint,
1299 5158 1366 5214 de
1385 5175 1554 5230 regno
1575 5159 1752 5214 servili
1779 5167 1834 5213 et

251 5251 533 5306 transituro
565 5251 631 5306 ad
667 5267 904 5322 regnum
933 5266 1074 5307 verae
1103 5250 1371 5307 libertatis
1401 5259 1459 5306 et
1500 5252 1830 5307 mternitatis

248 5345 571 5400 transibunt.

309 5440 444 5494 Data
484 5440 670 5495 idibus
697 5439 902 5494 Martii.

308 5749 322 5800 ξ
333 5745 456 5807 403)
477 5744 825 5799 Scribendum
866 5741 1105 5794 arbitror
1132 5747 1410 5792 tumorem
1442 5739 1661 5790 :omnia
1685 5739 1822 5790 enim

244 5821 460 5880 tergunt
496 5814 570 5867 ad
598 5814 976 5867 humilitatem.

1943 4609 2128 4664 Mariae
2157 4605 2434 4678 genitricis
2477 4603 2598 4670 Dei,
2630 4617 2725 4673 per
2765 4601 3145 4656 auctoritatem
3193 4615 3358 4671 quam
3379 4599 3537 4658 dedit

1939 4703 2097 4757 beato
2127 4704 2292 4755 Petro
2318 4697 2694 4767 apostolorum
2725 4694 2955 4765 principi
2978 4701 3026 4749 te
3052 4709 3082 4748 a
3111 4694 3321 4750 cunctis
3349 4710 3537 4766 pecca-

1937 4796 2007 4850 tis
2037 4794 2148 4848 tuis
2193 4791 2460 4856 absolvat,
2512 4796 2758 4844 mentem
2790 4797 2941 4842 tuam
2984 4803 3198 4859 semper
3240 4789 3532 4853 custodiat,

1940 4901 2173 4958 eamque
2196 4900 2322 4940 vera
2361 4883 2625 4939 charitate
2651 4883 2872 4953 repleat,
2902 4889 2955 4936 et
2982 4881 3051 4938 ad
3081 4882 3244 4938 vitam
3273 4883 3539 4954 perducat

1946 4991 2226 5038 mternam.

2445 5072 2793 5128 EPISTOLA
2818 5073 3034 5127 XXIII.

2016 5195 2094 5234 AD
2137 5191 2486 5234 EPISCOPUH
2533 5189 2960 5239 ALBANBNSE“,
3005 5190 3077 5230 ΕΤ
3119 5189 3463 5231 ΡΒῙΝΩΙΡΕΠ

2488 5262 2864 5302 εΑιεΒΜΤΑδ
2877 5263 2907 5300 ll
2921 5263 2958 5300 Μ
2972 5289 2982 5300 .

2514 5345 2696 5404 (Auno
2747 5346 2902 5394 1081.

2514 5345 2696 5404 (Auno
2747 5346 2902 5394 1081.

1938 5438 2094 5491 Jubet
2151 5437 2318 5494 Gallis
2361 5437 2683 5504 prmeipiant
2720 5441 2779 5487 ut
2818 5344 3156 5503 antiquaque
3207 5434 3395 5487 domus
3430 5447 3531 5501 pro

2003 5733 2151 5804 (404)
2173 5736 2324 5789 Forte
2350 5740 2611 5788 mortem.
2643 5733 2846 5787 Hann.
