4044 6186
463 269 566 324 603

1147 267 1204 323 S.
1245 267 1564 322 GREGORll
1605 267 1694 322 Vll
1731 268 1925 323 ΡΑΡᾹΞ
1963 266 2241 324 OPERUM
2281 243 2453 322 PARS
2485 265 2524 318 l.
2576 288 2638 304 -ο-
2675 259 3078 322 REGISTRUM.

3648 261 3751 316 605

533 409 687 449 censu
708 394 990 448 denarium
1006 406 1169 444 unum
1199 391 1481 444 annuatim
1503 392 1672 444 solvat
1700 393 1846 446 beato
1873 396 2050 457 Petro;
2081 397 2134 459 Α
2164 398 2433 462 gnoscunt
2476 390 2694 443 Patrem
2737 393 2792 439 et
2821 393 3088 455 pastorem
3124 397 3287 438 suum
3325 397 3480 438 more
3505 382 3754 455 antiquo.

533 471 582 520 et
630 467 808 522 Caroli
855 464 1186 532 imperatoris
1232 477 1364 532 erga
1417 465 1712 518 Romanam
1761 464 2050 518 Ecclesium

536 537 956 604 muniﬁcentiam
984 533 1233 588 ostendit.

535 625 1213 696 Gnsoonws‘episcopus,
1239 641 1427 681 servus
1455 641 1742 683 servorum
1774 629 1896 694 Dei,
1928 627 2055 683 dile-

461 722 561 777 ctis
597 721 718 774 ﬁliis
761 719 961 774 nostris
1179 720 1473 775 Albaneusi
1500 721 1775 792 episcopo,
1807 731 1864 776 et

464 813 689 884 principi
718 812 1060 868 Salernitano
1090 812 1276 885 legatis
1319 822 1520 870 nostrae
1549 816 1867 886 apostolicae
1912 815 2057 871 sedis

463 907 517 962 in
546 905 768 974 Gallias,
788 905 1022 961 salutem
1041 914 1095 961 et
1114 907 1470 979 apostolicam
1487 907 1944 964 benedictionem.

532 999 703 1055 Vobis
729 1000 1022 1055 commissa
1051 1003 1270 1073 negotia
1301 1017 1414 1056 non
1441 1001 1611 1057 latent
1638 1003 1808 1058 etiam
1833 1018 1948 1067 vos,
1981 1002 2052 1057 ita

463 1108 526 1148 ac
554 1094 598 1148 si
647 1101 854 1160 nostra,
903 1092 1013 1149 imo
1044 1094 1170 1166 quia
1208 1103 1391 1149 nostra
1437 1095 1509 1149 ibi
1542 1095 1597 1149 in
1637 1096 1794 1151 vobis
1822 1111 2055 1168 praesen-

463 1187 535 1242 tia
563 1195 674 1254 est,
696 1196 889 1242 cuncta
928 1187 1088 1260 digne
1118 1189 1377 1260 peragite.
1411 1189 1716 1244 Dicendum
1757 1198 1940 1244 autem
1972 1198 2055 1244 est

465 1280 723 1334 omnibus
769 1280 956 1348 Gallis,
1001 1289 1056 1335 et
1097 1297 1192 1352 per
1230 1297 1413 1336 veram
1451 1281 1816 1337 obedientiam
1869 1283 2054 1354 praeci-

463 1372 719 1444 piendum
745 1382 804 1428 ut
832 1389 1173 1445 unaquaeque
1213 1374 1412 1431 domus
1439 1375 1631 1430 saltem
1668 1391 1840 1431 unum
1884 1375 2059 1430 dena-

467 1466 609 1521 rium
656 1468 940 1522 annuatim
985 1468 1159 1523 solvat
1210 1469 1369 1524 beato
1422 1471 1602 1534 Petro,
1655 1470 1702 1524 si
1741 1485 1869 1524 eum
1906 1484 2057 1525 reco-

2161 488 2300 541 Nam
2339 483 2565 541 Carolus
2592 482 2889 551 imperator
2934 478 3108 546 (sicut
3136 476 3334 548 legitur
3357 477 3413 531 in
3436 485 3588 532 tomo
3617 477 3753 549 ejus,

2161 579 2255 651 qui
2285 578 2339 633 in
2379 576 2601 632 archivo
2633 572 2878 629 ecclesiae
2915 570 3065 626 Beati
3102 571 3249 626 Petri
3278 569 3541 636 habetur)
3589 572 3644 625 in
3672 571 3761 626 tri-

2163 672 2264 728 bus
2283 671 2417 727 locis
2441 668 2731 725 annuatim
2745 664 3035 738 colligebat
3055 665 3202 720 mille
3227 673 3281 719 et
3303 663 3569 720 ducentas
3597 665 3763 720 libras

2161 765 2232 822 ad
2267 765 2574 824 servitium,
2603 760 2931 832 apostolica)
2978 759 3141 827 sedis,
3187 757 3239 812 id
3275 766 3361 814 est
3406 757 3759 830 Aquisgrani,

2162 859 2308 929 apud
2335 856 2569 914 Podium
2597 858 2814 912 Sanctae
2838 853 3048 919 Mariae,
3067 860 3125 907 et
3149 851 3291 923 apud
3317 852 3599 921 Sanctum]
3615 852 3760 924 Egi-

2161 953 2340 1019 dium;
2373 959 2600 1021 excepto
2629 948 2732 1004 hoc
2757 947 2905 1019 quod
2932 946 3310 1018 unusquisque
3340 946 3560 1016 propria
3588 945 3762 1001 devo—

2161 1047 2308 1102 tione
2337 1044 2637 1102 offerebat.
2676 1044 2832 1100 Idem
2859 1058 2987 1097 vero
3013 1057 3244 1113 magnus
3268 1041 3566 1111 imperator
3590 1043 3766 1096 Saxo-

2162 1143 2310 1198 niam
2339 1141 2536 1198 obtulit
2563 1141 2723 1196 beato
2762 1142 2944 1202 Petro,
2973 1137 3129 1208 cujus
3158 1151 3280 1192 eam
3299 1135 3498 1191 devicit
3537 1135 3768 1208 adjuto-

2161 1236 2263 1304 rio,
2302 1243 2358 1291 et
2399 1236 2581 1306 posuit
2602 1234 2819 1306 signum
2855 1231 3163 1287 devotionis
3201 1216 3264 1285 et.
3297 1229 3583 1298 libertatis,
3618 1230 3771 1285 sicut

2166 1330 2268 1401 ipsi
2299 1331 2540 1386 Saxones
2574 1327 2782 1383 habent
2802 1327 3091 1398 scriptum,
3132 1332 3188 1380 et
3213 1324 3503 1396 prudentes
3535 1324 3767 1379 illorum

2166 1424 2298 1479 satis
2322 1423 2518 1478 sciunt.

1234 1749 1818 1855 -LIBER"“°5’
1890 1764 2279 1856 NONUS
2349 1765 2964 1855 REGISTRI.

934 1955 1279 2010 EPISTOLA
1336 1955 1588 2009 PRIMA.

644 2081 678 2119 Α
690 2079 725 2118 D
767 2078 1313 2120 ARCHIBPISCOPUM
1350 2079 1876 2121 BOTOHAGENSEM.

1069 2167 1248 2238 (Anno
1274 2173 1455 2231 1081.)

472 2272 666 2336 Arguit
706 2270 852 2339 quod
889 2285 980 2324 nec
1016 2272 1130 2340 ipse
1172 2271 1288 2338 ejus
1326 2270 1679 2340 suffraganei,
1736 2272 1810 2324 ad
1851 2276 2060 2340 aposto-

542 2342 708 2394 lorum
768 2343 959 2395 limina
1021 2345 1278 2403 venerint,
1332 2359 1426 2396 nec
1483 2343 1681 2410 legatos
1747 2344 2058 2412 apostolicos

536 2413 788 2479 adierint,
820 2419 871 2466 et
894 2413 1124 2481 pallium
1162 2429 1196 2466 a
1222 2413 1344 2466 sede
1367 2415 1655 2483 apostolica
1688 2429 1791 2467 non
1811 2415 2057 2482 postula-

539 2486 631 2536 rit.
663 2485 839 2550 Quare
857 2484 1125 2553 prohibet,
1157 2499 1222 2537 ne
1258 2484 1502 2553 deinceps
1526 2486 1825 2554 episcopum
1865 2487 1950 2537 vel
1977 2501 2060 2537 sa-

535 2554 796 2626 cerdotem
818 2555 1047 2622 ordinet,
1077 2556 1159 2609 vel
1182 2557 1422 2610 ecclesias
1442 2561 1720 2623 consecret,
1749 2557 1912 2610 donec
1931 2559 2057 2626 pal-

535 2625 673 2680 lium
712 2629 1040 2696 impetrarit.
1542 2645 1548 2650 '

533 2737 810 2793 Gnsoom
822 2752 896 2793 us
912 2737 1219 2809 episcopus,
1237 2752 1428 2792 servus
1448 2752 1736 2793 servorum
1750 2738 1873 2804 Dei,
1897 2741 2059 2793 WIL-

470 2846 669 2888 LELMO
696 2832 1087 2902 Rotomagensi
1118 2830 1542 2902 archiepiscopo,
1585 2832 1812 2886 salutem
1850 2841 1906 2887 et
1932 2848 2058 2902 apo-

463 2926 708 2980 stolicam
751 2923 1205 2980 benedictionem.

534 3019 758 3074 Littera:
774 3033 911 3090 quas
928 3017 1087 3072 nobis
1103 3018 1320 3085 misisti,
1355 3018 1486 3073 satis
1501 3016 1813 3072 devotionis
1831 3027 2055 3088 praeten-

463 3111 622 3179 dunt,
666 3111 764 3167 sed
794 3111 861 3165 ad
888 3126 1076 3165 earum
1108 3109 1270 3168 ﬁdem
1303 3111 1374 3164 rei
1414 3111 1633 3180 penitus
1671 3112 2059 3168 testimonium

461 3204 634 3261 deest.
658 3205 712 3260 Si
728 3205 876 3259 enim
897 3205 969 3258 ita
984 3219 1042 3258 se
1057 3218 1142 3258 res
1159 3203 1406 3268 haberet,
1428 3219 1565 3267 non,
1587 3203 2056 3274 quemadmodum

463 3297 790 3371 suffraganei
817 3299 916 3367 tui,
943 3299 1104 3354 etiam
1131 3307 1191 3354 tu
1222 3299 1337 3370 ipse
1365 3298 1742 3371 apostolorum
1767 3298 1949 3355 limina
1977 3301 2056 3355 vi-
2094 3341 2138 3403 Ο

466 3410 584 3450 sera
631 3403 780 3449 tanto
817 3401 1063 3464 tempore
1113 3393 1558 3465 parvipendisses.
1609 3397 1695 3450 Ex
1747 3411 1858 3467 quo
1909 3397 2055 3451 enim

459 3505 580 3554 nos,
628 3488 755 3544 licet
805 3487 1074 3560 indignos,
1105 3486 1175 3542 ad
1223 3487 1385 3559 hujus
1423 3486 1567 3543 sedis
1597 3501 1784 3543 curam
1813 3487 2058 3560 dignatio

459 3581 638 3636 divina
671 3581 933 3651 provexit,
966 3583 1246 3636 neminem
1270 3589 1511 3636 vestrum
1534 3597 1636 3636 nos
1660 3580 1854 3636 vidisse
1875 3597 2056 3637 recor-

460 3673 675 3728 damur.
707 3673 868 3740 Quod
890 3674 1152 3727 tamenin
1176 3688 1240 3727 eo
1270 3673 1454 3728 minus
1479 3673 1796 3729 mirandum
1822 3675 2053 3740 videtur,

463 3765 593 3835 quia
631 3766 834 3836 legatos
879 3774 1120 3828 nostros,
1168 3765 1263 3836 qui
1316 3766 1540 3836 propius
1568 3769 1674 3836 vos
1719 3777 1868 3832 sunt,
1908 3769 2058 3823 adire

459 3875 572 3913 non
620 3858 856 3913 multum
895 3859 1114 3913 curatis.
1147 3858 1248 3926 Qui
1276 3874 1401 3912 vero
1433 3859 1602 3923 labor,
1637 3866 1732 3915 aut
1764 3877 1886 3931 qua:
1923 3862 2060 3917 dilli-

459 3951 633 4006 cultas
673 3966 785 4021 prae
825 3950 941 4005 aliis
978 3949 1236 4005 dissuasit
1281 3951 1432 4006 vobis
1482 3968 1578 4022 per
1633 3961 1853 4008 tantum
1899 3957 2055 4025 spatii

461 4043 682 4098 beatum
724 4045 950 4096 Petrum
980 4042 1270 4114 negligere,
1312 4058 1437 4097 cum
1463 4044 1532 4098 ab
1562 4043 1695 4114 ipsis
1720 4045 1913 4102 mundi
1936 4046 2060 4101 tini-

461 4135 562 4189 bus
583 4133 747 4190 etiam
770 4142 960 4205 gentes
980 4136 1196 4190 noviter
1219 4135 1284 4189 ad
1307 4134 1475 4191 ﬁdem
1497 4152 1777 4193 conversa:
1801 4139 2060 4195 studeant

460 4243 643 4283 annue
669 4237 786 4282 tam
829 4228 1082 4283 mulieres
1109 4243 1274 4299 quam
1301 4229 1402 4283 viri
1425 4228 1494 4284 ad
1519 4245 1647 4285 eum
1676 4231 1893 4286 venire?
1917 4233 2058 4289 Illud

460 4336 700 4392 quoque,
745 4321 848 4376 nisi
879 4337 979 4376 nos
1021 4321 1317 4392 apostolica
1359 4323 1724 4379 mansuetudo
1762 4323 2056 4396 detineret,

459 4413 704 4486 profecto
733 4416 974 4470 severius
999 4415 1052 4470 in
1077 4424 1130 4469 te
1156 4415 1265 4487 iam
1299 4416 1744 4472 animadversum
1773 4419 2054 4486 sensisses,

457 4508 604 4579 quod
648 4508 753 4564 huc
799 4524 971 4581 usque
999 4509 1310 4580 praeclarius
1347 4517 1459 4564 tua:
1497 4509 1783 4580 dignitatis
1824 4511 2054 4584 insigne,

461 4601 708 4657 videlicet
735 4603 982 4672 pallium,
1007 4602 1075 4656 ab
1095 4602 1390 4673 apostolica
1412 4602 1538 4670 sede
1567 4618 1664 4674 pro
1685 4619 1842 4659 more
1865 4606 2054 4676 acqui—

2089 1959 2290 2020 Btuos
2339 1969 2630 2010 monemus
2681 1961 2746 2009 ut
2801 1952 3084 2025 prazfatam
3137 1953 3358 2022 culpam
3412 1967 3773 2022 summopere

2167 2047 2458 2103 emendare
2497 2048 2817 2118 procuretis,
2860 2062 2949 2113 ne,
3002 2047 3048 2102 si
3091 2045 3442 2119 negligentes,
3491 2053 3554 2100 ut
3582 2045 3775 2102 hacte-

2166 2156 2290 2208 nus,
2329 2142 2381 2195 in
2426 2140 2532 2196 hoc
2567 2141 2910 2207 exstiteritis,
2940 2147 3269 2210 potestatem
3312 2137 3457 2194 beati
3488 2139 3626 2194 Petri
3666 2154 3776 2209 per

2167 2249 2269 2289 nos
2309 2243 2517 2306 quanto
2554 2234 2894 2300 dilatiorem,
2925 2242 3076 2289 tanto
3115 2234 3448 2289 severiorem
3489 2247 3586 2304 pro
3629 2248 3774 2288 con-

2167 2333 2382 2400 temptu
2420 2327 2801 2398 experiamini.

2739 2421 3077 2476 EPISTOLA
3120 2422 3190 2475 ιι.
3357 2479 3363 2488 ,

2416 2531 2497 2571 ΑΙ)
2526 2530 2898 2571 ALPHONSUM
2927 2529 3132 2570 REGE“.
3161 2528 3507 2570 CASTELLE.

2763 2613 2942 2675 (Anno
2982 2608 3164 2678 1081.)

2171 2705 2414 2760 Ostendit
2435 2718 2490 2758 se
2511 2705 2802 2758 multorum
2831 2703 3014 2757 odium
3041 2706 3258 2771 propter
3285 2703 3566 2754 veritatem
3587 2704 3634 2752 et
3651 2699 3766 2771 ju-

2238 2777 2442 2829 stitiam
2478 2777 2780 2838 incurrisse,
2812 2790 2978 2843 eaque
3007 2770 3072 2826 de
3109 2787 3271 2826 causa
3297 2772 3498 2825 eosdem
3532 2771 3635 2824 sibi
3663 2770 3766 2823 de-

2241 2849 2468 2901 trahere.
2499 2847 2710 2902 Laudat
2741 2847 2883 2915 quod
2923 2848 2979 2897 in
3007 2845 3233 2915 ecclesiis
3263 2843 3377 2911 ejus
3401 2844 3556 2909 regni
3579 2856 3773 2915 secun-

2239 2918 2369 2971 dum
2406 2933 2603 2971 morem
2632 2913 2883 2973 Romanis
2925 2917 3167 2971 Ecclesia:
3195 2914 3382 2966 divi-na
3407 2915 3586 2981 ofﬁcia
3625 2913 3774 2966 cele-

2241 2990 2456 3042 branda
2485 2995 2646 3044 curet.
2678 2992 2751 3042 De
2787 2988 2901 3056 ejus
2934 3002 3099 3040 umore
3139 2990 3188 3040 et
3220 2985 3440 3038 abbatia
3464 2985 3649 3039 Sancti
3656 2984 3773 3056 AS43-

2238 3061 2402 3113 eundi
2441 3076 2535 3128 per
2578 3061 2773 3127 legatos
2808 3054 2861 3112 se
2902 3072 3303 3128 responsurum,
3335 3058 3433 3109 ait.
3469 3054 3773 3121 Quemdam

2239 3134 2295 3183 in
2323 3131 2784 3200 archiepiscopum
2813 3131 3117 3196 eligendum
3150 3129 3369 3200 scientia
3394 3131 3660 3200 [carentem
3682 3142 3774 3200 fe-

2238 3205 2405 3271 spuit,
2437 3206 2487 3255 et
2503 3197 2687 3254 alium
2707 3202 2773 3254 de
2795 3202 3011 3254 consilio
3038 3201 3200 3271 legati
3225 3199 3355 3265 eligi
3377 3197 3774 3271 mandatiMo-

2237 3269 2324 3327 net
2363 3289 2426 3326 ne
2469 3275 2525 3326 in
2554 3288 2712 3340 regno
2742 3287 2838 3325 suo
2884 3273 3094 3326 Judceos
3137 3270 3460 3326 Christianis
3489 3269 3775 3321 dominari

2231 3346 2530 3414 permittat.
2582 3348 2656 3399 De
2692 3358 2906 3397 munere
2930 3343 3005 3395 ad
3027 3358 3080 3397 se
3118 3358 3151 3394 a
3181 3356 3301 3408 rege
3340 3343 3504 3394 misso
3547 3340 3770 3414 gratius

2239 3411 2376 3484 agit,
2405 3417 2555 3483 eique
2571 3419 2621 3469 et
2647 3414 2890 3484 ﬁdelibus
2915 3413 3026 3481 ejus
3047 3414 3282 3467 omnium.
3308 3415 3641 3480 peccatorum
3655 3411 3771 3464 ab—

2237 3487 2548 3541 solutionem
2596 3487 2937 3554 impart-itur.

2240 3583 2594 3638 GBEGOBIUS
2632 3579 2938 3650 episcopus,
2971 3591 3156 3632 servus
3194 3589 3480 3631 servorum
3506 3574 3633 3642 Dei,
3658 3578 3772 3630 AI.-

2170 3689 2410 3732 pnonso
2444 3673 2680 3745 glorioso
2706 3672 2818 3744 regi
2847 3669 3152 3742 Hispaniae,
3173 3669 3403 3724 salutem
3426 3677 3481 3724 et
3503 3668 3771 3738 apostoli-

2167 3784 2288 3823 cam
2312 3764 2772 3822 benedictionem.

2232 3864 2353 3916 Non
2373 3859 2590 3930 ignorat
2610 3858 2894 3929 prudentia
2915 3867 3007 3913 tua
3048 3856 3267 3912 mentiri
3297 3862 3577 3927 peccatum
3620 3871 3765 3922 esse,

2166 3954 2209 4008 si
2255 3962 2312 4009 et
2335 3952 2404 4007 de
2447 3953 2628 4008 otioso
2653 3952 2819 4007 verbo
2845 3954 2898 4006 in
2929 3951 3176 4006 districto
3215 3949 3466 4005 examine
3496 3948 3764 4021 exigenda

2167 4054 2252 4100 est
2271 4045 2431 4100 ratio.
2458 4045 2558 4100 Sed
2589 4061 2659 4100 ne
2690 4044 3040 4100 mendacium
3067 4042 3289 4114 quidem
3315 4042 3497 4113 ipsum
3523 4041 3667 4114 quod
3693 4041 3770 4098 ﬁt

2167 4139 2252 4209 pia
2299 4139 2602 4194 intentione
2649 4155 2749 4210 pro
2786 4153 2940 4208 pace,
2995 4151 3025 4190 a
3055 4136 3212 4207 culpa
3245 4132 3460 4205 penitus
3512 4135 3766 4190 immune

2165 4247 2282 4287 esse
2327 4232 2544 4302 probari
2584 4237 2779 4302 potest.
2815 4234 2952 4286 Haec
2993 4229 3198 4284 idcirco
3245 4229 3639 4300 praelibavimus
3673 4238 3762 4295 ut,

2165 4340 2293 4380 cum
2323 4325 2378 4378 in
2404 4325 2616 4380 caeteris
2639 4323 2773 4378 illud
2798 4333 3089 4394 peccatum
3127 4338 3244 4377 esse
3267 4338 3378 4376 non
3404 4321 3762 4386 dubitaveris,

2164 4418 2222 4471 in
2245 4416 2622 4472 sacerdotibus
2645 4417 2803 4488 quasi
2843 4417 3179 4488 sacrilegium
3205 4415 3483 4485 conjicias;
3527 4422 3582 4469 et
3609 4415 3765 4485 quod

2163 4511 2262 4565 tibi
2287 4510 2589 4581 dirigimus,
2625 4509 2694 4564 ita
2717 4511 2772 4564 in
2796 4525 2856 4565 re
2883 4525 3001 4564 esse
3025 4517 3159 4565 teste
3189 4509 3414 4563 veritate
3437 4521 3759 4579 cognoscas.

2163 4604 2283 4659 Non
2301 4618 2402 4658 nos
2432 4603 2563 4657 latet
2585 4603 2757 4659 multa
2782 4602 2852 4658 de
2871 4603 3074 4657 nostris
3097 4601 3254 4657 factis
3273 4617 3335 4656 ac
3353 4601 3510 4656 dictis
3531 4601 3641 4656 tuis
3665 4617 3764 4655 au-

462 4709 585 4748 rere
622 4695 999 4765 postposuisti.
1037 4699 1117 4751 Te
1163 4695 1347 4767 ipsum
1390 4711 1632 4768 namque
1673 4713 1782 4751 non
1813 4698 2061 4769 ignorare
2089 4705 2141 4766 Ῑ)
2169 4695 2322 4751 ribus
2366 4695 2579 4751 sinistra
2621 4696 3064 4767 interpretatione
3107 4693 3326 4750 deferri.
3373 4694 3532 4752 Unde
3558 4703 3611 4748 et
3657 4711 3762 4765 pro

459 4794 739 4859 putamus,
757 4803 922 4858 quam
943 4787 1190 4844 districte
1215 4798 1535 4846 sanctorum
1567 4793 1794 4846 Patrum
1824 4807 2053 4847 censura

457 4881 514 4936 in
530 4896 625 4935 eos
638 4879 1003 4951 jud‘candum
1023 4885 1295 4948 statuerit,
1322 4884 1414 4954 qui
1441 4891 1563 4954 post
1574 4886 2051 4941 consecrationem

457 4987 611 5028 suam
643 4989 739 5043 per
777 4982 886 5028 tres
928 4977 1222 5030 continuos
1249 4991 1466 5031 menses
1500 4977 1746 5047 pallium,
1779 4979 1924 5050 quod
1967 4980 2053 5033 sui

457 5066 529 5120 sit
547 5063 736 5132 ofﬁcii,
763 5065 1012 5121 obtinere
1042 5067 1336 5137 tepuerint.

531 5159 758 5215 Proinde
788 5160 1089 5231 apostolica
1119 5162 1214 5217 tibi
1246 5163 1594 5234 praecipimus
1620 5166 1943 5222 auctoritate
1970 5174 2049 5234 ut,

456 5253 580 5323 quia
620 5262 933 5308 sanctorum
971 5255 1200 5308 Patrum
1249 5264 1452 5311 statuta
1496 5258 1904 5328 parvipendisti,
1937 5262 2054 5314 nul-

457 5348 572 5400 lum
616 5345 866 5416 deinceps
895 5346 1212 5418 episcopum
1261 5349 1340 5402 vel
1381 5347 1727 5404 sacerdotem
1773 5351 2046 5418 ordinare,

455 5453 551 5493 seu
599 5438 852 5493 ecclesias
902 5454 1202 5510 praesumus
1239 5455 1579 5508 consecrare,
1623 5441 1799 5498 donec
1829 5444 2052 5500 honoris

457 5531 535 5587 tui
559 5531 1024 5603 supplementum,
1057 5533 1201 5604 pallii
1228 5533 1476 5590 videlicet
1499 5549 1682 5603 usum,
1699 5536 1767 5591 ab
1793 5536 1894 5592 hac
1923 5537 2051 5594 sede

457 5625 831 5698 impetraveris
846 5668 860 5683 .
885 5629 969 5682 De
985 5635 1183 5682 caetero
1210 5635 1325 5683 tam
1347 5635 1400 5682 te
1420 5643 1585 5698 quam
1605 5637 1659 5684 et
1677 5629 2052 5703 suffraganeos

2162 4791 2323 4845 nobis
2359 4790 2415 4844 in
2446 4790 2698 4845 notitiam
2723 4790 3030 4844 dilectionis
3058 4797 3165 4844 tute
3191 4789 3630 4844 obtrectantibus
3667 4802 3758 4841 re-

2163 4883 2432 4954 spondere
2475 4899 2588 4937 non
2637 4883 2874 4938 alienum
2915 4883 3244 4952 putavimus.
3283 4884 3634 4937 Peccatorem
3667 4895 3763 4936 me

2163 4992 2302 5042 esse,
2319 4976 2459 5032 sicut
2482 4991 2673 5031 verum
2695 4985 2796 5040 est,
2825 4973 3072 5031 conﬁteri
3105 4975 3333 5030 minime
3360 4975 3762 5045 piget-Verum

2161 5070 2204 5125 si
2234 5085 2396 5124 causa
2435 5068 2542 5124 odii
2573 5069 2653 5124 vel
2682 5069 3039 5124 detractionis
3067 5085 3264 5124 eorum
3293 5068 3384 5140 qui
3413 5069 3469 5123 iu
3515 5084 3616 5123 nos
3639 5066 3763 5123 fre-

2163 5171 2346 5229 munt,
2385 5162 2658 5217 subtiliter
2684 5163 3062 5233 investigetur,
3091 5161 3335 5232 profecto
3363 5176 3479 5216 non
3517 5169 3632 5215 tam
3668 5160 3765 5214 ali-

2163 5257 2317 5326 cujus
2362 5255 2665 5324 iniquitatis
2727 5270 2862 5311 meae
2911 5255 3131 5316 intuitu.
3185 5271 3350 5326 quam
3396 5269 3465 5309 ex
3511 5254 3762 5309 veritatis

2159 5349 2479 5410 assertione,
2513 5347 2899 5420 injustitiaaque
2929 5348 3385 5416 contradictione,
3418 5348 3545 5402 illos
3569 5347 3622 5402 in
3652 5362 3762 5401 nos

2160 5442 2422 5497 exarsisse
2467 5442 2686 5514 patebit.
2729 5445 2976 5513 Quorum
3014 5441 3236 5513 quidem
3287 5442 3507 5496 servitia
3547 5450 3603 5496 et
3645 5441 3759 5496 lar-

2161 5536 2379 5609 gissima
2421 5551 2642 5591 munera
2671 5551 2771 5590 nos
2798 5536 2928 5590 satis
2965 5535 3328 5590 abundantius
3368 5535 3557 5590 multis
3598 5542 3762 5590 ante-

2161 5631 2468 5686 cessoribus
2488 5631 2691 5686 nostris
2713 5629 2912 5685 habere
2943 5630 3242 5699 potuimus,
3267 5630 3333 5696 si,
3357 5628 3426 5684 ad
3451 5629 3756 5700 periculum

535 5797 684 5863 (405)
715 5798 853 5852 Cum
881 5797 1060 5853 desint
1085 5797 1412 5855 indictiones
1431 5807 1485 5855 et
1508 5798 1625 5856 dies
1650 5802 1946 5868 mensium,
1967 5800 2056 5855 vix
2081 5807 2232 5856 certo
2260 5808 2438 5872 potest
2461 5815 2638 5857 anno
2665 5799 2954 5870 designari.
