4044 6164
222 278 308 331 605

1383 285 1579 344 LIBER
1617 289 1854 346 NONUS.
1896 319 1964 332 —-
2003 292 2211 347 EPIST.
2257 293 2341 346 lll.

3401 301 3504 354 606

219 400 428 454 illorum
475 409 533 456 et
572 409 851 470 nostrum,
902 403 1186 462 verit'atem
1215 408 1375 465 silere
1427 411 1799 486 malitiamque
1829 423 1883 490 Α
1911 433 2158 472 exercere
2221 415 2482 482 ulterius,
2530 416 2841 474 nullatenus
2917 419 3079 476 sinas.
3145 419 3293 493 Quid
3357 422 3506 484 enim

217 495 452 564 ipsorum
485 494 833 552 dissimulare
866 499 1266 556 maluissemus.
1297 505 1375 558 At
1404 519 1505 559 nos
1551 508 1696 563 certe
1736 524 1800 564 ex

214 586 369 659 hujus
397 589 526 644 vita
565 590 822 658 termino,
867 600 922 647 et
960 597 1341 664 temporalium
1382 601 1801 658 commodorum

213 677 464 754 qualitate
505 683 903 754 perpendentes
933 702 1212 759 nunquam
1242 691 1438 747 melius
1464 709 1800 766 quemquam

210 791 364 846 posse
409 777 727 847 episcopum
765 779 1066 847 nominari,
1106 797 1270 852 quam
1316 800 1443 840 cum
1473 789 1802 856 persecutio-

207 884 326 924 nem
350 871 561 940 patitur
581 879 807 942 propter
823 871 1097 942 justitiam
1121 879 1338 942 (Matth.
1361 880 1435 948 v),
1457 879 1801 938 decrevimus

209 963 387 1033 potius
428 961 628 1017 divinis
676 965 948 1021 mandatis
1008 967 1440 1040 obtemperando
1508 989 1799 1043 pravorum

206 1057 516 1112 inimicitias
546 1057 838 1126 incurrere,
868 1076 1032 1132 quam
1061 1062 1167 1117 illis
1197 1066 1338 1120 male
1368 1067 1632 1136 placendo
1659 1068 1798 1125 iram

209 1152 304 1206 Dei
325 1165 648 1221 provocare.
671 1154 829 1207 Nunc
855 1153 924 1209 ad
954 1155 1280 1212 industriam
1310 1167 1460 1214 tuam
1483 1175 1797 1218 sermonem

205 1245 482 1310 vertimus,
525 1245 848 1301 charissima
895 1247 992 1303 ﬁli.
1038 1251 1270 1305 Noverit
1316 1253 1633 1311 excellentia
1683 1264 1795 1323 tua,

204 1336 580 1404 dilectissime,
608 1335 739 1393 illud
776 1355 952 1395 unum
981 1341 1279 1398 admodum
1310 1346 1491 1415 nobis,
1537 1349 1650 1403 imo
1693 1350 1798 1404 cle-

205 1431 423 1486 mentia
459 1431 680 1499 divina,
711 1433 943 1504 placere,
970 1435 1117 1506 quod
1149 1437 1204 1492 in
1242 1439 1484 1495 ecclesiis
1523 1443 1676 1512 regni
1715 1445 1796 1498 tui

203 1526 392 1580 matris
419 1525 670 1580 omnium
700 1536 904 1583 sancta
934 1533 1200 1587 Romana
1255 1534 1515 1590 Ecclesia
1544 1536 1794 1592 ordinem

205 1619 388 1689 recipi,
419 1627 473 1674 et
501 1635 564 1674 ex
595 1620 823 1692 antiquo
853 1637 1005 1678 more
1032 1624 1296 1680 celebrari
1319 1626 1586 1684 effeceris.
1621 1631 1793 1684 Deni-

203 1729 298 1784 que
342 1714 399 1767 in
435 1713 529 1767 illo
554 1729 718 1784 quem
760 1714 1023 1772 hactenus
1056 1719 1297 1775 tenuisse
1328 1721 1613 1790 videmini,
1656 1725 1796 1779 sicut

1914 519 1996 566 est
2023 509 2230 566 Judais
2257 509 2592 565 Christianos
2644 526 2970 583 supponere,
3015 529 3080 569 ac
3130 513 3500 572 hos‘illorum
3569 533 3573 536 ·

1906 602 2114 674 judicio
2143 602 2432 673 subjicere,
2475 603 2577 657 nisi
2620 604 2918 660 Ecclesiam
2951 606 3050 660 Dei
3078 608 3430 678 opprimere,-
3453 615 3506 662 et

1913 696 2128 750 Satanae
2156 710 2484 766 synagogam
2515 695 2782 764 exaltare;
2831 705 2884 752 et
2911 697 3046 753 dum
3076 698 3316 754 inimicis
3347 698 3504 756 Chri-

1911 788 1976 843 sti
2009 788 2138 844 velis
2180 789 2412 857 placere,
2445 789 2627 859 ipsum
2674 789 2951 846 Christum
2973 792 3376 861 ﬁcontemnere?
3407 794 3506 849 Ca-

1911 897 2040 937 veas
2075 882 2276 952 itaque,
2297 882 2394 948 ﬁli,
2424 881 2530 937 hoc
2553 881 2731 938 facere
2757 885 2995 939 Domino
3027 893 3081 940 et
3109 886 3355 942 Creatori
3381 895 3502 954 tuo,

1910 975 2058 1047 quod
2087 991 2199 1030 non
2245 975 2466 1044 impune
2496 976 2608 1030 fieri
2663 975 2755 1031 tibi
2797 979 3089 1034 sustineres
3133 996 3168 1039 a
3195 996 3352 1038 servo
3380 989 3502 1036 tuo.

1908 1072 2188 1125 Memento
2218 1069 2444 1124 honoris
2470 1078 2525 1124 et.
2553 1069 2744 1141 gloria
2783 1087 2944 1142 quam
2986 1073 3086 1127 tibi
3117 1088 3286 1144 super
3311 1090 3504 1129 omnes

1909 1164 2187 1234 Hispania
2208 1179 2362 1235 reges
2391 1163 2766 1220 misericordia
2789 1165 2990 1221 Christi
3020 1168 3322 1236 concessit;
3341 1177 3504 1238 atque

1909 1257 2053 1312 illius
2094 1257 2432 1312 voluntatem
2473 1258 2576 1313 tuis
2608 1260 2819 1314 actibus
2857 1261 3013 1332 quasi
3058 1259 3300 1316 formam
3343 1261 3502 1316 adhi-

1909 1351 2109 1418 bendo,
2134 1359 2384 1406 mutuam
2407 1353 2580 1408 vicem
2599 1353 2654 1408 in
2673 1354 2888 1409 cunctis
2903 1356 2950 1410 ei
2974 1353 3274 1426 rependere
3303 1355 3495 1410 stude:

1907 1444 2040 1510 imo,
2071 1453 2131 1500 ut
2155 1445 2245 1500 hic
2268 1447 2397 1500 etin
2426 1444 2612 1501 futuro
2643 1447 2867 1501 exaltari
2898 1449 3185 1514 merearis,
3218 1448 3352 1503 tein
3376 1464 3500 1503 om-

1904 1537 2068 1593 nibus
2119 1539 2192 1593 illi
2253 1539 2577 1594 submittere
2640 1555 2853 1611 semper
2927 1542 3266 1596 memiueris.
3333 1540 3502 1597 Valde

1904 1633 2106 1703 quippe
2151 1632 2442 1704 indignum
2472 1640 2556 1688 est
2606 1634 2656 1688 ei
2689 1650 2860 1688 unum
2912 1634 3221 1704 hominem,
3251 1635 3503 1690 videlicet

1904 1726 2164 1796 teipsum,
2195 1725 2432 1798 perfecte
2458 1743 2572 1782 non
2601 1727 2896 1797 subjicere,
2929 1729 3025 1799 qui
3053 1727 3152 1783 tibi
3181 1728 3322 1782 ultra
3355 1728 3503 1784 mille

209 1807 611 1877 suggerentibus
649 1808 919 1878 religiosis
983 1811 1118 1866 viris
1178 1811 1493 1882 didicimus,
1537 1816 1789 1886 quadam
1817 1809 1866 1880 Β
1902 1819 2188 1875 hominum
2219 1820 2395 1874 millia
2424 1819 2673 1890 subjecit,
2732 1829 2785 1874 et
2825 1819 3036 1891 judicio
3067 1829 3162 1875 tuo
3200 1820 3502 1876 commisit.

215 1908 385 1954 contra
424 1899 748 1955 catholicam
780 1900 940 1957 fidem
971 1903 1173 1960 inserta
1217 1922 1334 1962 esse
1369 1909 1554 1978 patulo
1583 1912 1800 1965 convin-

215 2001 414 2048 cuntur.
435 1995 571 2062 Qua
588 2010 716 2050 cum
737 1995 1064 2068 relinquere,
1088 2007 1142 2054 et
1160 1999 1228 2055 ad
1245 2002 1482 2070 priscam
1499 2012 1798 2060 consuetu-

219 2084 404 2154 dinem,
451 2087 658 2142 scilicet
685 2087 849 2159 hujus
896 2091 1188 2161 Ecclesia,
1232 2095 1424 2150 reverti
1463 2094 1796 2164 deliberasti,

219 2194 313 2234 non
338 2180 495 2235 dubie
541 2190 593 2236 te
635 2182 855 2237 beatum
901 2186 1124 2240 Petrum
1155 2195 1446 2258 patronum
1485 2197 1695 2260 optare,
1744 2200 1798 2245 et

223 2274 538 2330 subditorum
577 2284 799 2332 tuorum
850 2279 1109 2347 salutem,
1156 2281 1367 2336 caelesti
1412 2284 1583 2353 gratia
1632 2283 1799 2355 inspi-

139 2445 146 2452 _
224 2375 381 2435 raute,
408 2368 551 2424 sicut
590 2385 776 2440 regem
807 2371 981 2439 decet,
1016 2389 1209 2428 curare
1238 2377 1579 2431 monstrasti.
1631 2377 1795 2448 Quod

226 2467 384 2516 tamen
412 2461 680 2534 gaudium
711 2462 782 2518 de
821 2466 1089 2535 sapientia
1119 2475 1208 2522 tua
1239 2469 1416 2524 multo
1463 2469 1796 2525 cumulatius

223 2553 504 2622 referimus,
549 2572 677 2611 cum
721 2565 831 2614 tua:
889 2558 1216 2615 humilitatis
1265 2562 1535 2618 illustrem
1583 2562 1793 2620 famam

223 2650 482 2705 memoria
508 2650 786 2706 interdum
807 2652 1142 2720 reducimus,
1164 2663 1217 2708 et
1235 2671 1354 2710 eam
1383 2658 1640 2712 virtutem
1672 2673 1794 2728 qua

220 2756 329 2796 cum
364 2743 506 2814 regia
543 2747 788 2813 potentia
822 2747 912 2800 vix
951 2756 1045 2802 aut
1081 2749 1363 2804 rarissime
1391 2751 1512 2820 capi
1545 2750 1647 2805 sub
1684 2767 1793 2806 uno

221 2832 470 2892 domicilio
499 2839 805 2905 consuevit,
831 2841 889 2894 iu
913 2839 1076 2895 corde
1108 2849 1205 2896 tuo
1235 2841 1520 2897 immorari
1545 2844 1795 2899 conside-

221 2943 403 2984 ramus.
429 2932 707 2986 Caterum
753 2931 902 3003 quod
931 2932 998 2988 de
1044 2950 1214 2990 uxore
1242 2943 1338 2990 tua
1368 2945 1422 2990 et
1465 2936 1532 2991 de
1575 2937 1832 2992 abbatia-

219 3023 380 3079 Sancti
414 3025 656 3080 Secundi
685 3027 991 3095 postulasti,
1034 3029 1433 3099 competentius
1473 3031 1792 3102 responderi

220 3131 302 3184 per
325 3116 492 3173 lilium
519 3127 773 3174 nostrum
799 3120 1140 3176 Richardum
1167 3131 1370 3178 sancta
1391 3127 1660 3180 Romana
1690 3129 1788 3180 Ec-

220 3209 376 3266 clesia
402 3211 735 3268 eardinalem
766 3223 819 3268 et
840 3214 1104 3286 legatum,
1136 3224 1193 3270 et
1221 3216 1443 3272 fratrem
1474 3218 1786 3275 Simeonem
1822 3186 1866 3248 Ο

221 3304 538 3375 episcopum,
565 3306 812 3362 arbitrati
841 3323 1061 3374 sumus;
1092 3309 1159 3364 de
1197 3310 1287 3364 illa
1329 3320 1514 3368 autem
1559 3328 1790 3382 persona

217 3413 327 3467 qua
351 3398 402 3452 in
424 3394 895 3471 archiepiscopum
926 3399 1103 3458 fuerat
1132 3403 1404 3475 eligenda,
1436 3405 1674 3461 dicimus
1698 3425 1709 3461 :
1735 3407 1792 3461 li-

218 3499 293 3545 cet
314 3493 438 3549 satis
464 3494 704 3565 prudens
728 3503 782 3549 et
811 3495 1045 3551 liberalis
1072 3496 1338 3563 videatur,
1369 3507 1556 3554 tamen
1582 3505 1793 3571 (quem-

219 3583 498 3642 admodum
550 3587 712 3643 nobis
755 3596 952 3644 notum
1007 3598 1118 3657 est,
1181 3599 1237 3645 et
1277 3591 1470 3646 littera
1510 3601 1621 3647 tua
1678 3610 1792 3648 non

219 3691 404 3752 negant
455 3682 763 3754 disciplina
823 3683 1203 3754 fundamento,
1267 3686 1516 3743 videlicet
1586 3688 1790 3744 littera-

222 3772 279 3827 lis
331 3777 570 3832 scientia
643 3777 858 3847 peritia,
917 3779 1146 3851 indiget.
1198 3781 1335 3850 Qua
1395 3781 1568 3836 virtus
1628 3799 1792 3854 quam

219 3868 281 3920 sit
335 3885 440 3924 non
487 3868 661 3926 modo
703 3872 996 3942 episcopis,
1051 3889 1239 3928 verum
1281 3874 1448 3930 etiam
1495 3876 1791 3931 sacerdoti-

219 3957 306 4014 bus
341 3963 660 4031 necessaria,
713 3963 828 4034 ipse
881 3966 1018 4020 satis
1078 3966 1349 4037 intelligis,
1415 3983 1544 4022 cum
1611 3969 1794 4024 nullus

217 4053 321 4110 sine
379 4072 436 4111 ea
499 4065 596 4112 aut
653 4058 789 4112 alios
836 4057 1035 4113 docere
1083 4067 1180 4114 aut
1229 4075 1346 4115 sese
1389 4062 1562 4131 possit
1611 4061 1794 4117 defen-

217 4145 349 4203 dere.
381 4153 723 4222 QuaprOpter
749 4152 1101 4207 serenitatem
1143 4160 1294 4208 tuam
1323 4153 1549 4210 studere
1579 4164 1792 4226 oportet

217 4247 270 4294 ut
293 4258 412 4299 cum
435 4246 667 4301 consilio
705 4245 918 4316 pralati
943 4247 1110 4318 legati
1141 4247 1313 4303 nostri
1354 4247 1618 4304 Richardi
1647 4251 1792 4304 Mas-

219 4334 436 4394 siliensis
475 4338 688 4394 abbatis
724 4339 1070 4412 aliorumque
1116 4342 1500 4414 religiosorum
1541 4343 1790 4398 virorum

221 4427 424 4500 eligatur
461 4431 606 4499 inde,
639 4433 685 4488 si
715 4433 945 4488 inveniri
973 4443 1179 4505 potest;
1225 4435 1312 4491 siu
1340 4445 1548 4504 autem,
1577 4437 1792 4492 aliunde

1911 1917 1992 1968 De
2007 1921 2204 1969 catero
2219 1913 2386 1984 regia
2405 1913 2805 1970 muniﬁcentia
2832 1921 2942 1969 tua
2968 1914 3324 1984 gratulamur,
3342 1914 3499 1985 cujus

1909 2006 2078 2062 animi
2105 2006 2455 2062 devotionem
2476 2006 2530 2060 in
2557 2022 2620 2061 eo
2652 2006 2809 2078 plane
2841 2006 2991 2062 satis
3014 2007 3387 2078 agnoscimus,
3413 2014 3494 2062 at-

1909 2115 2019 2171 que
2044 2109 2404 2170 agnoscentes
2432 2100 2848 2171 amplectimur,
2878 2099 3025 2172 quod
3056 2100 3246 2171 quanti
3273 2100 3500 2155 beatum

1909 2197 2130 2248 Petrum
2171 2192 2358 2249 fecerit
2397 2209 2462 2248 ex
2506 2193 2656 2249 dono
2697 2201 2945 2264 patenter
2973 2192 3258 2248 ostendere
3306 2193 3501 2248 voluit.

1908 2289 1976 2342 Et
2001 2295 2148 2342 certe
2189 2303 2316 2342 cum
2359 2287 2436 2341 tui
2480 2286 2659 2342 cordis
2687 2302 2939 2342 amorem
2987 2302 3187 2342 munus
3239 2286 3371 2342 illud
3403 2303 3505 2358 per

1906 2396 1964 2435 se
2003 2382 2136 2436 satis
2176 2380 2513 2436 sufﬁcienter
2558 2380 2830 2448 ostendat,
2875 2389 2998 2435 tum
3027 2380 3194 2435 etiam
3228 2387 3340 2436 tua
3371 2380 3498 2435 fidei

1905 2474 2164 2528 meritum
2194 2474 2326 2528 illud
2369 2473 2550 2545 ipsum
2583 2483 2775 2530 mutua
2805 2475 2922 2530 vice
2966 2475 3132 2544 longe
3159 2488 3290 2529 vero
3321 2473 3496 2546 magis

1906 2566 2284 2632 commendat,
2334 2568 2629 2638 multisque
2667 2567 2918 2638 gentibus
2973 2547 3008 2620 ἑ
3048 2566 3260 2622 cunctis
3305 2567 3497 2622 mundi

1905 2659 2146 2729 partibus
2174 2658 2242 2713 ad
2261 2659 2537 2729 gremium
2559 2659 2752 2714 matris
2779 2668 2982 2714 sancta
3013 2663 3287 2715 Romana
3313 2660 3499 2715 Eccle-

1903 2751 2001 2807 sia
2029 2751 2373 2806 venientibus
2401 2751 2470 2806 ad
2491 2751 2761 2806 honorem
2791 2760 2950 2806 tuum
2970 2753 3117 2806 clare
3148 2752 3492 2808 manifestat.

1908 2847 1975 2899 Et
2003 2843 2226 2915 quidem
2258 2844 2388 2899 licet
2407 2842 2543 2898 illud
2572 2860 2772 2899 munus
2796 2853 2910 2899 tam
2938 2844 3190 2915 amplum
3213 2852 3272 2899 et
3289 2847 3500 2916 magni-

1904 2935 2070 2992 ﬁcum
2117 2937 2306 3003 fuerit,
2337 2945 2400 2992 ut
2443 2945 2498 2992 et
2538 2945 2592 2992 te
2638 2952 2827 3008 regem
2869 2936 3020 3004 dare,
3063 2946 3118 2992 et
3159 2941 3226 2992 B.
3275 2941 3497 2993 Petrum

1904 3031 2149 3102 recipere
2179 3030 2569 3086 convenienter
2601 3029 2876 3098 decuerit;
2905 3039 3090 3085 tamen
3121 3030 3179 3084 in
3207 3030 3297 3085 illo
3327 3031 3496 3086 animi

1904 3125 1983 3180 tui
2031 3124 2382 3180 devotionem
2449 3125 2623 3180 multo
2667 3124 2839 3195 magis
2897 3123 3305 3195 amplectimur,
3371 3139 3498 3194 qua

1902 3220 2087 3288 quanti
2136 3219 2360 3274 beatum
2404 3221 2623 3273 Petrum
2673 3216 2862 3273 fecerit
2919 3233 2987 3272 ex
3050 3216 3197 3272 dono
3245 3224 3499 3288 patenter

1901 3311 2160 3367 ostendit.
2197 3315 2276 3366 Eo
2306 3311 2490 3382 igitur,
2523 3319 2585 3366 ut
2609 3310 2843 3382 dignum
2872 3319 2976 3377 est,
3020 3309 3275 3366 decenter
3303 3325 3495 3365 susce-

1901 3413 2016 3474 pto,
2049 3404 2258 3460 donum
2305 3404 2471 3478 quod,
2519 3405 2756 3460 Domino
2802 3404 3088 3475 largiente,
3131 3402 3288 3459 sedes
3333 3401 3499 3459 habet

1845 3533 1854 3543 -
1901 3497 2227 3569 apostolica,
2259 3497 2492 3553 sincera
2514 3505 2624 3554 tua
2653 3496 2928 3552 devotioni
2959 3497 3210 3552 remittit.

1972 3590 2337 3662 Omnipotens
2367 3594 2541 3658 Deus,
2573 3590 2823 3646 omnium
2866 3607 3050 3646 rerum
3087 3597 3304 3646 creator
3326 3598 3380 3646 et
3402 3606 3498 3646 rc-

1901 3693 2040 3752 ctor,
2071 3685 2430 3756 omniumque
2477 3684 2809 3754 dignitatum
2840 3683 3138 3740 ineffabilis
3180 3684 3495 3755 dispositor,

1901 3778 1993 3848 qui
2019 3776 2115 3833 dat
2134 3778 2370 3833 salutem
2398 3778 2643 3849 regibus,
2677 3779 2890 3834 meritis
2929 3778 3213 3834 altissima
3243 3778 3497 3834 domina

1901 3870 2178 3943 genitricis
2196 3871 2297 3926 Dei
2321 3872 2530 3939 Maria,
2554 3871 2915 3943 omniumque
2935 3880 3272 3939 sanctorum,
3295 3880 3494 3926 aucto-

1901 3964 2066 4020 ritate
2112 3965 2400 4021 beatorum
2439 3966 2821 4038 apostolorum
2861 3966 3007 4020 Petri
3049 3973 3106 4020 et
3145 3965 3294 4020 Pauli
3335 3965 3497 4020 nobis

1874 4057 2027 4118 licet
2071 4058 2306 4130 indignis
2365 4075 2460 4130 per
2518 4075 2612 4115 eos
2653 4059 3016 4130 qualicunque
3067 4059 3386 4126 commissa,
3440 4066 3495 4112 te

1901 4160 2139 4224 tuosque
2165 4153 2350 4209 fideles
2385 4153 2443 4208 in
2477 4153 2696 4208 Christo
2726 4154 2793 4207 ab
2823 4152 3084 4208 omnibus
3126 4152 3364 4224 peccatis
3396 4151 3498 4206 ab-

1901 4247 2098 4314 solvat,
2139 4246 2340 4320 detque
2369 4247 2466 4302 tibi
2498 4246 2780 4302 victoriam
2809 4246 2877 4301 de
2923 4246 3160 4301 inimicis
3190 4244 3498 4300 visibilibus

1902 4347 1956 4394 et
1983 4339 2359 4396 invisibilibus.
2392 4342 2634 4395 Mentem
2666 4348 2819 4393 tuam
2847 4354 3066 4409 semper
3089 4337 3379 4405 illuminet,
3413 4345 3494 4404 ut,

1901 4432 2020 4504 ejus
2047 4432 2367 4502 bonitatem:
2395 4441 2450 4489 et
2484 4433 2785 4488 humanam
2822 4431 3171 4502 fragilitatem
3212 4429 3497 4501 diligenter

224 4531 481 4592 expetatur
535 4526 661 4580 talis
723 4542 952 4598 persona
1006 4528 1162 4599 cujus
1211 4529 1404 4601 religio
1449 4539 1501 4585 et
1544 4529 1790 4587 doctrina
1824 4567 1873 4628 Β
1904 4526 2301 4597 perspiciendo,
2329 4525 2522 4582 mundi
2549 4525 2780 4597 gloriam
2805 4523 3092 4595 despicias,
3134 4531 3191 4578 et
3218 4521 3288 4576 ad
3317 4532 3491 4578 ater-

223 4615 462 4674 Ecclesia
491 4628 687 4675 vestra
712 4630 765 4675 et
790 4637 957 4692 regno
991 4619 1255 4677 decorem
1284 4621 1532 4679 conferat
1568 4634 1623 4679 et
1650 4627 1793 4681 salu-

223 4715 343 4767 tem.
384 4715 574 4785 Neque
603 4730 731 4770 vero
759 4723 814 4769 te
859 4715 1039 4786 pigeat
1087 4724 1185 4771 aut
1231 4716 1431 4787 pudeat
1473 4726 1794 4775 extraneum

219 4799 366 4871 forte,
391 4807 469 4862 vel
496 4807 726 4864 humilis
765 4808 1040 4880 sanguinis
1081 4810 1284 4875 virum,
1337 4809 1644 4867 dummodo
1675 4813 1790 4869 ido-

218 4911 342 4953 neus
389 4900 488 4969 sit,
533 4901 602 4957 ad
635 4903 890 4958 Ecclesia
935 4911 1043 4958 tua
1071 4903 1347 4975 regimen,
1393 4905 1541 4976 quod
1569 4909 1790 4978 proprie

218 4988 374 5049 bonos
417 5003 658 5066 exoptat,
704 4996 946 5066 adscire,
991 5013 1120 5052 cum
1167 5000 1418 5053 Romana
1466 5000 1790 5073 respublica,

217 5091 270 5136 ut
311 5103 644 5158 paganorum
691 5097 961 5160 tempore,
1010 5090 1085 5145 sic
1132 5099 1185 5146 et
1229 5091 1330 5146 sub
1374 5092 1791 5149 Christianitatis

221 5176 374 5235 titulis
401 5181 528 5238 inde
578 5183 834 5246 maxime,
868 5187 989 5238 Deo
1015 5183 1254 5250 favente,
1287 5187 1610 5254 excreverit,
1639 5189 1790 5259 quod

221 5285 317 5326 non
340 5281 450 5330 tam
469 5277 687 5348 generis
704 5284 801 5332 aut
817 5277 1006 5347 patria
1026 5278 1402 5347 nobilitatem,
1437 5295 1601 5350 quam
1619 5282 1788 5336 animi

220 5372 268 5417 et
290 5372 527 5440 corporis
556 5369 786 5426 virtutes
813 5370 1224 5441 perpendendas
1251 5373 1603 5443 adjudicavit.
1638 5376 1786 5443 Quo-

217 5456 348 5515 niam
377 5472 560 5519 autem
591 5463 738 5519 sicut
763 5462 831 5519 de
870 5463 1028 5518 bouis
1070 5463 1260 5534 gloria
1290 5475 1400 5521 tua
1427 5467 1629 5522 merito
1659 5484 1789 5524 con-

219 5555 479 5624 gratulari,
512 5557 585 5612 ita
633 5564 688 5612 et
730 5555 799 5611 de
844 5556 930 5612 his
959 5572 1084 5628 qua
1143 5573 1253 5613 non
1282 5561 1621 5616 conveniunt
1677 5570 1791 5617 ate

219 5643 324 5701 fieri
357 5650 561 5717 dolere,
589 5667 654 5706 ac
682 5667 749 5706 ex
774 5652 976 5706 merito
1001 5651 1247 5708 inhibere
1275 5655 1679 5726 compellimur,
1711 5656 1792 5711 di-

217 5735 492 5798 lectionem
523 5752 670 5799 tuam
719 5759 1018 5800 monemus
1047 5753 1108 5801 ut
1152 5745 1206 5800 in
1254 5755 1397 5801 terra
1427 5755 1518 5802 tua
1566 5747 1791 5804 Iudaeos

216 5831 529 5891 Christianis
590 5837 890 5903 dominari,
944 5839 1021 5894 vel
1069 5855 1232 5911 supra
1301 5856 1395 5896 eos
1463 5851 1791 5912 potestatem

1903 4635 2029 4675 nam
2060 4621 2218 4676 beato
2246 4624 2406 4675 Petro
2435 4619 2574 4676 duce
2604 4619 2907 4690 pervenias.

2460 4723 2810 4778 EPISTOLA
2834 4723 2938 4775 Ill.

1901 4843 1968 4879 AD
2000 4843 2286 4880 EPISCOPUM
2303 4842 2665 4880 PATAYIENSEH
2685 4840 2752 4879 ΕΤ
2776 4837 3023 4877 ΑΒΒΑΤΕΜ
3045 4838 3490 4876 ΗῙΒΞΑΠΟῙΕΝΞΕΜ.

2501 4920 2684 4990 (Anno
2715 4921 2893 4983 1081).

1897 5027 2180 5096 Signiﬁcat
2199 5025 2451 5092 defuncto
2476 5022 2765 5092 Rodulpho
2795 5037 2914 5089 rege
2936 5035 3111 5096 omnes
3140 5020 3248 5096 sibi
3262 5035 3494 5096 persua-

1970 5095 2097 5151 dere
2128 5103 2194 5151 ut
2223 5099 2517 5151 Henricum
2560 5098 2618 5149 in
2663 5095 2899 5163 gratiam
2932 5095 3183 5162 recipiat.
3217 5095 3397 5148 Monet
3424 5097 3485 5144 ut

1971 5168 2289 5224 Mathildem
2318 5170 2591 5222 certiorem
2620 5168 2832 5234 faciant
2860 5181 2932 5219 an
2961 5165 3029 5218 ab
3059 5167 3132 5217 eis
3170 5163 3496 5234 praesidium

1970 5245 2153 5294 contra
2203 5243 2486 5295 IIenricu-m
2557 5243 2864 5307 exspectare
2919 5237 3146 5301 debeat;
3209 5242 3265 5288 et
3312 5235 3495 5288 ducem

1978 5313 2316 5380 Welphonem
2342 5312 2582 5378 aliosque
2611 5313 2855 5362 moneant
2888 5313 2948 5360 ut
2973 5307 3131 5376 fidem
3162 5307 3311 5380 beato
3338 5308 3495 5380 Petro

1969 5379 2200 5449 servet-tt,
2232 5387 2392 5451 atque
2419 5396 2594 5434 omnes
2627 5382 2910 5433 hortentur
2932 5394 2997 5431 ne
3027 5379 3174 5446 regis
3204 5379 3493 5451 electiorte-

1967 5470 2111 5507 mere
2153 5457 2270 5522 ﬁat,
2300 5450 2412 5508 sed
2457 5457 2622 5506 Deum
2675 5456 2894 5522 exorent
2931 5454 2994 5503 ut
3040 5451 3255 5522 inimici
3298 5450 3497 5516 resipi-

1970 5521 2225 5590 scant,’et
2252 5527 2497 5580 Ecclesia
2543 5540 2654 5578 sua:
2685 5521 3019 5596 defensorem
3050 5521 3272 5596 tribuat.
3302 5521 3368 5574 In
3395 5535 3496 5574 sa—

1971 5597 2205 5649 cerdotes
2238 5597 2360 5650 belli
2403 5601 2640 5665 tempore
2675 5594 2908 5661 rigorem
2938 5594 3254 5646 canonicum
3293 5597 3494 5665 tempe-

1971 5666 2207 5720 randum
2251 5682 2360 5721 esse
2383 5669 2483 5721 ait.
2511 5664 2579 5721 In
2606 5665 2811 5737 synodo
2836 5680 2890 5717 se
2919 5679 3094 5736 omnes
3126 5664 3494 5714 excommuni-

1971 5743 2115 5790 catos
2145 5741 2338 5793 ite-rum
2368 5739 2866 5793 emcommunicasse.

1972 5845 2327 5900 Gnncouws
2368 5842 2671 5912 episcopus,
2717 5853 2903 5892 servus
2933 5848 3216 5894 servorum
3254 5835 3376 5901 Dei,
3409 5836 3501 5892 di-
