4044 6186
486 229 488 238 ί
540 238 642 290 607

1215 233 1270 286 S.
1311 230 1630 285 GREGORII
1668 230 1757 283 Vll
1799 230 1993 284 ΡΑΡΑΞ
2031 229 2307 285 OPEBUM
2346 229 2519 284 PARS
2557 232 2599 286 Ι.
2637 257 2708 270 -
2746 229 3147 284 REGISTRUM.
3247 275 3254 282 .

3715 233 3816 287 608

535 361 678 416 lecto
725 359 779 414 in
836 357 1054 414 Christo
1103 355 1252 410 fratri
1315 362 1368 409 et
1409 353 1768 424 coepiscOpo,
1815 353 2122 408 Pataviensi
2153 362 2201 420 Α
2237 363 2458 426 propter
2522 353 2818 410 fundenda
2858 361 2987 409 sunt
3045 352 3494 426 frequentissima
3527 356 3820 423 orationes,

778 460 833 508 et
858 449 1144 507 venerabili
1171 447 1546 518 Hirsaugiensi
1579 447 1760 503 abbati
1791 449 1999 502 W......
2032 462 2120 503 sa-

539 548 708 605 lutem
733 554 789 600 et
815 541 1172 614 apostolicam
1201 540 1663 597 benedictionem.
1691 594 1697 598 _

604 636 916 695 Prudentia
964 643 1158 690 vestra
1189 650 1252 690 ex
1283 633 1386 689 hoc
1414 635 1546 689 satis
1573 635 1939 706 gratulamur,
1978 634 2124 706 quia,

534 733 671 787 sicut
723 729 1034 800 oportebat,
1090 728 1346 784 nuntiare
1397 727 1558 784 nobis
1609 743 1731 784 vera
1775 743 2126 799 summopere

533 823 838 890 studuistis,
871 821 1177 894 prasertim
1198 837 1325 876 cum
1342 821 1512 876 multa
1539 830 1592 877 et
1619 823 1759 879 varia
1789 837 1854 876 ex
1879 821 2127 893 partibus

532 916 728 972 vestris
756 916 903 988 apud
931 931 1034 971 nos
1075 914 1401 970 referantur.
1434 915 1794 971 Notiﬁcamus
1822 924 2006 971 autem
2035 915 2126 971 di-

532 1009 746 1066 lectioni
785 1018 998 1076 vestra,
1033 1024 1171 1081 pene
1203 1023 1395 1063 omnes
1434 1017 1656 1064 nostros
1687 1008 1892 1078 ﬁdeles,
1939 1009 2121 1064 audita

533 1119 667 1158 voce
700 1108 846 1171 (406)
872 1101 1156 1173 Rodulphi
1195 1101 1369 1158 beata
1396 1103 1683 1158 memoria
1721 1103 1890 1173 regis,
1921 1103 2023 1157 niti
2055 1103 2120 1157 ad

533 1197 637 1253 hoc
648 1213 750 1252 nos
766 1195 969 1251 crebris
991 1196 1462 1251 adhortationibus
1480 1197 1718 1262 ﬂectere,
1737 1204 1800 1251 ut
1823 1196 2122 1251 Hentzicum

533 1290 881 1361 iampridem,
909 1289 1051 1345 sicut
1079 1289 1244 1355 scitis,
1273 1290 1427 1358 plura
1456 1288 1636 1344 facere
1662 1289 1818 1344 nobis
1847 1299 2121 1361 paratum,

531 1384 618 1438 cui
651 1382 829 1439 ferme
867 1399 1059 1438 omnes
1086 1383 1253 1438 Italici
1285 1381 1492 1447 favent,
1526 1383 1580 1436 in
1612 1384 1843 1455 gratiam
1874 1392 2120 1439 nostram

530 1477 852 1548 recipiamus
879 1495 892 1531 :
935 1476 1275 1547 adjicientes,
1306 1475 1350 1531 si
1377 1475 1469 1530 ille
1497 1475 1550 1530 in
1598 1476 1830 1543 Italiam,
1860 1492 1961 1547 pro
1986 1479 2122 1533 velle

531 1578 586 1624 et
612 1578 815 1624 conatu
855 1585 956 1624 suo
998 1585 1108 1623 non
1138 1569 1322 1623 valens
1354 1568 1644 1624 nobiscum
1674 1568 1876 1625 habere
1905 1587 2119 1641 pacem,

530 1670 718 1717 contra
759 1670 1006 1716 sanctam
1039 1661 1344 1717 Ecclesiam
1377 1662 1606 1726 venerit,
1638 1677 1701 1717 ex
1733 1662 1884 1718 vobis
1925 1663 2120 1718 frustra

2236 457 2289 502 et
2315 449 2638 519 largissima
2665 447 2862 504 danda
2890 447 3270 519 eleemosyua,
3307 448 3669 520 omnibusque
3696 465 3820 504 mo-

2233 540 2322 597 dis
2352 542 2690 613 Redemptor
2733 550 2923 596 noster
2964 541 3267 596 exorandus
3295 549 3358 596 ut
3394 541 3596 597 inimici
3627 543 3819 608 nostri,

2235 651 2374 707 quos
2402 652 2500 690 suo
2531 643 2804 707 pracepto
2833 634 3131 706 diligimus,
3157 635 3492 706 resipiscant,
3523 643 3578 689 et
3605 635 3674 691 ad
3700 651 3819 707 gre-

2235 729 2411 784 mium
2434 737 2637 785 saneta
2658 728 2914 784 Ecclesia
2943 728 3188 796 redeant,
3211 743 3432 799 suaque
3462 743 3694 798 sponsa,
3723 745 3822 800 pro

2235 839 2339 893 qua
2367 822 2503 878 mori
2532 822 2784 895 dignatus
2822 829 2928 889 est,
2957 819 3300 877 defensorem
3325 829 3380 876 et
3422 830 3716 889 rectorem,
3741 823 3818 878 sic

2232 923 2290 970 ut
2339 931 2460 971 eam
2515 914 2690 981 decet,
2749 915 3051 970 clementer
3095 913 3318 969 tribuat.
3386 913 3503 969 Nisi
3551 915 3698 970 enim
3746 916 3821 971 ita

2232 1007 2496 1064 obediens
2545 1016 2598 1064 et
2628 1009 2834 1063 sancta
2883 1007 3138 1063 Ecclesia
3179 1006 3463 1062 humiliter
3503 1006 3730 1063 devotus
3758 1024 3822 1063 ac

2232 1102 2402 1171 utilis,
2432 1100 2902 1173 quemadmodum
2931 1099 3304 1156 Christianum
3344 1115 3529 1171 regem
3585 1110 3825 1172 oportet,

2231 1205 2288 1250 et
2329 1195 2468 1250 sicut
2510 1195 2578 1251 de
2623 1193 2920 1264 Rodulpho
2969 1194 3336 1264 speravimus,
3401 1192 3587 1261 fuerit,
3636 1197 3822 1265 procul

2229 1288 2398 1344 dubio
2419 1290 2466 1342 ei
2491 1304 2604 1342 non
2641 1287 2808 1342 modo
2839 1296 3024 1342 sancta
3065 1287 3297 1342 Ecclesia
3329 1302 3440 1341 non
3477 1284 3699 1354 favebit,
3730 1287 3824 1342 sed

2230 1383 2397 1437 etiam
2419 1379 2785 1436 contradicet.
2807 1384 2890 1436 De
2916 1379 3176 1451 pradicto
3207 1379 3349 1434 enim
3372 1378 3671 1450 Rodulplio
3699 1395 3828 1451 rege

2230 1475 2363 1546 quid
2400 1483 2585 1528 sancta
2638 1477 2888 1529 Romana
2943 1473 3182 1528 Ecclesia
3229 1473 3544 1544 speraverit,
3583 1482 3639 1528 et
3693 1474 3827 1544 quid

2227 1569 2313 1622 ille
2339 1567 2709 1638 promittebat,
2741 1576 2799 1622 tu
2831 1567 2962 1637 ipse,
2991 1566 3159 1622 frater
3185 1565 3534 1634 charissime,
3563 1567 3696 1620 satis
3728 1582 3826 1622 co-

2231 1661 2464 1732 gnoscis.
2502 1660 2903 1716 Providendum
2932 1668 3171 1731 estergo
3208 1667 3271 1713 ut
3307 1676 3416 1714 non
3456 1659 3636 1714 minus
3659 1659 3728 1713 ab
3763 1676 3828 1714 eo

528 1755 862 1826 sperandum
902 1753 1022 1809 fore
1069 1754 1348 1810 auxilium.
1397 1756 1556 1826 Quod
1600 1755 1826 1826 quidem
1871 1757 1912 1810 si
1944 1757 2121 1823 nobis,
2150 1737 2198 1798 Β
2234 1755 2325 1826 qui
2357 1763 2438 1808 est
2467 1753 2754 1825 eligendus
2784 1755 2839 1808 in
2871 1769 3077 1825 regem,
3108 1753 3249 1808 inter
3272 1759 3352 1808 tot
3385 1753 3614 1823 pericula
3659 1761 3711 1806 et
3742 1754 3826 1807 la-

529 1848 623 1919 qui
669 1848 816 1903 illius
860 1847 1172 1918 superbiam
1217 1848 1681 1918 parvipendimus,
1733 1849 1968 1916 deficiat,
2008 1866 2122 1905 non

529 1940 666 1996 adeo
713 1957 875 2012 grave
915 1940 1151 1996 videtur.
1186 1941 1240 1995 Si
1287 1957 1412 1996 vero
1442 1941 1567 1997 ﬁlia
1611 1951 1812 1997 nostra
1841 1942 2118 2008 Mathildi,

529 2034 686 2105 cujus
725 2035 962 2089 militum
990 2034 1208 2089 animos
1225 2021 1339 2106 ipsi
1371 2034 1728 2106 perpenditis,
1758 2052 1786 2090 a
1816 2036 1972 2092 vobis
2001 2036 2120 2092 suf—

527 2125 798 2198 fragatum
826 2143 936 2182 non
965 2126 1150 2195 fuerit,
1183 2127 1317 2199 quid
1339 2126 1703 2195 aliud-restat,
1747 2129 1847 2184 nisi
1879 2137 1960 2197 ut,
1990 2146 2117 2184 cum

525 2221 610 2275 sui
640 2220 893 2275 resistere
935 2222 1335 2288 recusaverint,
1387 2235 1549 2290 quam
1595 2221 1779 2292 utique
1821 2221 1921 2276 hac
1962 2223 2019 2277 in
2060 2238 2116 2278 re

530 2329 629 2383 pro
660 2313 846 2368 insana
894 2311 1123 2380 habent,
1174 2313 1287 2383 ipsa
1316 2314 1395 2368 vel
1443 2322 1632 2369 coacta
1672 2315 1787 2384 paci
1831 2314 1977 2370 illius
2025 2332 2120 2370 ac-

528 2407 791 2477 quiescat,
833 2413 925 2460 aut
971 2404 1239 2478 quidquid
1279 2405 1558 2477 possidere
1603 2407 1820 2462 videtur
1863 2409 2120 2463 amittat?

529 2499 896 2568 Quamobrem
912 2514 1265 2570 summopere
1285 2499 1385 2553 niti
1412 2514 1508 2555 vos
1528 2508 1746 2572 Oportet
1765 2516 1885 2556 eam
1915 2512 2119 2556 certam

524 2590 754 2648 reddere
798 2608 868 2646 an
899 2608 966 2648 ex
998 2592 1152 2647 vobis
1183 2591 1495 2662 prasidium
1523 2601 1841 2665 exspectare
1888 2595 2122 2650 ﬁrmiter

526 2684 739 2741 debeat.
771 2687 822 2740 Si
869 2686 1135 2740 Henricus
1164 2685 1306 2741 forte
1353 2686 1788 2757 Longobardiam
1817 2688 2118 2752 intraverit,

525 2777 829 2833 admonere
856 2778 1026 2834 etiam
1055 2788 1132 2844 te,
1152 2778 1474 2834 charissime
1498 2778 1714 2844 fratrer,
1746 2781 2000 2836 volumus
2021 2782 2116 2836 du-

525 2887 647 2926 cem
675 2871 1041 2942 Welphonem
1073 2880 1134 2926 ut
1177 2871 1500 2927 ﬁdelitatem
1530 2873 1688 2928 beato
1731 2876 1892 2929 Petro
1934 2873 2113 2940 faciat,

524 2965 670 3019 sicut
696 2967 882 3020 eoram
913 2965 1253 3036 imperatrice
1283 2969 1491 3037 Agnete
1516 2975 1571 3020 et
1596 2966 1851 3037 episcopo
1871 2967 2116 3022 Cumano

526 3073 746 3113 mecum
790 3057 1060 3128 disposuit
1086 3073 1346 3112 concesso
1394 3057 1496 3111 sibi
1525 3068 1648 3128 post
1677 3067 1914 3113 mortem
1946 3061 2116 3130 patris

524 3151 642 3221 ejus
686 3151 973 3206 beneﬁcio.
1009 3151 1170 3206 lllum
1207 3151 1352 3204 enim
1401 3159 1583 3205 totum
1632 3151 1685 3204 in
1715 3152 1924 3222 gremio
1971 3153 2113 3208 beati

526 3245 675 3300 Petri
717 3245 1090 3300 desideramus
1131 3244 1418 3311 collocare,
1458 3252 1514 3298 et
1557 3244 1625 3299 ad
1674 3244 1793 3315 ejus
1834 3245 2115 3301 servitium

523 3337 837 3408 specialiter
867 3352 1178 3408 provocare.
1211 3339 1386 3406 Quam
1410 3338 1743 3393 voluntatem
1775 3337 1820 3393 si
1844 3339 1897 3392 in
1923 3355 2010 3408 eo,
2034 3341 2116 3395 vel

524 3430 768 3486 etiamin
816 3430 936 3486 aliis
983 3430 1298 3502 potentibus
1338 3430 1464 3485 viris
1509 3447 1697 3486 amore
1725 3432 1787 3485 Β.
1836 3433 1980 3487 Petri
2020 3449 2117 3503 pro

523 3539 749 3579 suorum
779 3533 1132 3594 peccatorum
1162 3523 1507 3580 absolutione
1532 3523 1727 3593 ductis,
1761 3525 2080 3596 cognoveris
2099 3565 2115 3589 ,

525 3624 584 3672 ut
613 3616 900 3688 perﬁciant
931 3617 1172 3682 elabora,
1201 3633 1411 3688 nosque
1439 3625 1619 3673 certos
1648 3618 1874 3674 reddere
1901 3619 2121 3690 diligen-

524 3717 606 3762 ter
635 3724 883 3778 procura.
918 3711 1036 3764 Hac
1077 3710 1230 3764 enim
1260 3709 1486 3777 ﬁducia,
1516 3717 1579 3764 ut
1603 3711 1773 3765 Italici
1811 3712 2008 3766 remoti
2051 3711 2118 3766 ab

524 3800 762 3854 Henrico
807 3800 989 3868 nobis,
1041 3802 1152 3856 imo
1196 3804 1257 3855 B.
1295 3803 1459 3856 Petro
1511 3801 1742 3857 ﬁdeliter
1779 3803 2115 3872 adhareant,

519 3887 640 3947 Deo
671 3891 978 3964 adjuvante,
1023 3892 1238 3948 efﬁcere
1284 3894 1578 3949 credimus.
1619 3898 1887 3950 Praterea
1917 3896 2119 3952 admo-

522 3985 684 4041 nendi
716 3994 846 4041 sunt
883 4001 1077 4040 omnes
1120 3987 1174 4041 in
1222 3987 1464 4057 partibus
1505 3987 1693 4041 vestris
1724 3988 2024 4043 Dominum
2053 3990 2118 4044 ti-

524 4088 758 4144 mentes,
790 4094 854 4134 ac
895 4094 1110 4149 sponsa
1151 4078 1347 4134 Christi
1381 4078 1686 4135 libertatem
1725 4080 2028 4152 diligentes,
2059 4092 2120 4138 ut

525 4189 636 4227 non
680 4171 859 4242 aliqua
910 4171 1083 4243 gratia
1125 4172 1391 4228 suadente
1419 4182 1513 4228 aut
1541 4173 1655 4228 ullo
1686 4183 1838 4230 metu
1867 4184 2116 4247 cogente,

525 4273 815 4337 properent
841 4280 961 4320 eam
992 4273 1199 4320 temere
1225 4281 1523 4336 personam
1548 4266 1777 4338 eligere,
1803 4267 1962 4340 cujus
1992 4285 2115 4324 mo-

526 4375 609 4414 res
633 4368 689 4414 et
713 4367 913 4414 catera
944 4374 1069 4429 qua
1098 4358 1212 4430 regi
1253 4368 1472 4430 oportet
1509 4359 1686 4415 inesse
1711 4377 1743 4415 a
1773 4361 2119 4432 suscipienda

2229 1849 2392 1903 bores
2419 1863 2636 1918 sperare
2658 1846 2978 1902 debeamus.
3015 1847 3134 1915 Qua
3163 1845 3229 1900 de
3259 1861 3318 1900 re
3347 1845 3476 1917 quid
3511 1846 3830 1916 promissio-

2227 1941 2312 1996 nis
2332 1941 2646 2012 juramento
2675 1949 2857 1996 sancta
2879 1944 3130 1996 Romana
3160 1939 3391 1994 Ecclesia
3424 1939 3490 1994 ab
3519 1938 3608 1993 illo
3637 1940 3829 2010 requi-

2226 2043 2330 2102 rat,
2357 2035 2408 2088 in
2438 2033 2686 2104 sequenti
2716 2033 3110 2105 signiﬁcamus.

2730 2129 2762 2182 J
2770 2133 3112 2182 ammentum
3124 2129 3283 2196 V'regis
3292 2170 3304 2181 .

2302 2245 2327 2271 ‹‹
2371 2223 2453 2278 Ab
2485 2223 2584 2278 hac
2613 2223 2746 2277 hora
2788 2230 2842 2276 et
2870 2221 3128 2291 deinceps
3172 2220 3345 2275 ﬁdelis
3374 2235 3467 2274 ero
3497 2236 3591 2290 per
3613 2229 3828 2276 rectam

2227 2315 2390 2370 ﬁdem
2446 2317 2602 2371 beato
2641 2319 2804 2371 Petro
2850 2315 3097 2384 apostolo
3149 2315 3374 2385 ejusque
3421 2313 3618 2368 vicario
3669 2329 3830 2383 papa

2227 2409 2492 2480 Gregorio
2544 2410 2635 2479 qui
2665 2425 2813 2464 nunc
2861 2409 2912 2462 in
2955 2423 3119 2462 carne
3150 2408 3275 2461 vivit
3305 2427 3317 2459 :
3371 2415 3426 2461 et
3458 2406 3831 2477 quodcunque

2227 2503 2365 2557 mihi
2396 2503 2508 2572 ipse
2534 2519 2668 2574 papa
2699 2501 3037 2572 praceperit,
3069 2499 3170 2554 sub
3215 2499 3296 2554 his
3324 2499 3568 2554 videlicet
3598 2500 3784 2554 verbis
3816 2521 3828 2554 :

2226 2598 2324 2651 Per
2359 2612 2542 2650 veram
2567 2597 2942 2656 obedientiam,
2973 2593 3230 2660 ﬁdeliter,
3261 2594 3397 2648 sicut
3426 2600 3634 2663 oportet
3662 2592 3831 2648 Chri-

2227 2689 2470 2744 stianum
2500 2687 2821 2744 observabo.
2870 2691 2951 2742 De
3002 2687 3343 2742 ordinatione
3400 2701 3528 2740 vero
3569 2686 3829 2740 ecclesia.

2226 2798 2370 2850 rum,
2402 2791 2458 2837 et
2497 2781 2564 2837 de
2589 2782 2748 2836 terris
2774 2780 2854 2836 vel
2884 2795 3049 2835 censu
3079 2795 3202 2850 qua
3231 2778 3616 2834 Constantinus
3644 2778 3833 2848 impe—

2227 2883 2394 2943 rator,
2444 2876 2525 2930 vel
2576 2874 2826 2942 Carolus,
2865 2882 3054 2927 sancto
3104 2875 3268 2927 Petro
3316 2871 3612 2939 dederunt,
3655 2879 3707 2925 et
3761 2871 3834 2927 de

2227 2968 2480 3022 omnibus
2529 2967 2774 3022 ecclesiis
2817 2967 2899 3020 vel
2947 2965 3160 3036 pradiis
3190 2979 3312 3036 qua
3358 2964 3673 3036 apostolica
3702 2965 3830 3019 sedi

2227 3063 2294 3114 ab
2321 3061 2595 3130 aliquibus
2611 3061 2736 3114 viris
2751 3059 2830 3114 vel
2863 3058 3182 3113 mulieribus
3207 3058 3390 3129 aliquo
3415 3066 3666 3128 tempore
3687 3067 3829 3112 sunt

2228 3153 2407 3208 oblata
2448 3152 2529 3207 vel
2568 3168 2843 3216 concessa,
2872 3161 2926 3206 et
2977 3153 3034 3205 in
3081 3167 3202 3206 mea
3233 3159 3361 3205 sunt
3385 3151 3465 3205 vel
3495 3148 3692 3205 fuerint
3717 3166 3831 3220 po-

2225 3255 2440 3312 testate,
2468 3246 2541 3299 ita
2565 3247 2888 3300 conveniam
2915 3261 3040 3300 cum
3063 3261 3220 3316 papa,
3249 3253 3309 3298 ut
3336 3243 3632 3313 periculum
3655 3245 3832 3299 sacri-

2226 3340 2349 3412 legii
2383 3348 2439 3393 et
2474 3338 2839 3409 perditionem
2869 3339 3064 3393 anima
3105 3353 3242 3392 mea
3285 3353 3397 3392 non
3424 3337 3733 3403 incurram;
3774 3346 3833 3392 et

2226 3435 2343 3488 Deo
2391 3441 2692 3504 sanctoque
2738 3433 2922 3497 Petro,
2967 3429 3257 3500 adjuvante
3301 3429 3543 3494 Christo,
3590 3428 3830 3501 dignum

2226 3526 2498 3581 honorem
2523 3535 2578 3580 et
2603 3525 2893 3580 utilitatem
2923 3524 3271 3594 impendam;
3304 3532 3359 3578 et
3388 3538 3452 3577 eo
3483 3522 3567 3578 die
3597 3523 3830 3594 quando

2229 3619 2383 3674 illum
2413 3619 2668 3689 primitus
2697 3617 2896 3680 videro,
2930 3617 3158 3672 ﬁdeliter
3181 3632 3275 3687 per
3304 3631 3501 3671 manus
3525 3631 3682 3671 meas
3717 3619 3831 3671 mi-

2228 3713 2302 3767 les
2333 3711 2500 3766 sancti
2530 3712 2670 3766 Petri
2692 3720 2748 3766 et
2777 3711 2920 3765 illius
2942 3709 3168 3766 efﬁciar.
3193 3734 3216 3757 ιι
3239 3713 3444 3764 Verum
3466 3709 3727 3780 quoniam
3747 3727 3832 3766 re

2227 3804 2495 3875 ligionem
2520 3813 2671 3858 tuam
2701 3803 3021 3874 apostolica
3051 3803 3161 3858 sedi
3193 3801 3412 3858 ﬁdelem
3441 3811 3497 3857 et
3537 3802 3831 3873 promissis

2226 3905 2482 3952 tenemus
2510 3906 2564 3952 et
2591 3897 2977 3968 experimentis
3023 3912 3135 3951 non
3171 3896 3510 3958 dubitamus,
3550 3895 3618 3950 de
3648 3895 3732 3950 his
3778 3896 3826 3951 si

2225 3990 2355 4062 quid
2382 3989 2744 4046 minuendum
2781 3993 2862 4045 vel
2892 3989 3208 4061 augendum
3243 3988 3546 4054 censueris,
3588 4004 3700 4043 non
3729 3996 3828 4044 ta-

2225 4099 2354 4139 men
2379 4084 2970 4155 pratermissointegro
2991 4081 3269 4137 ﬁdelitatis
3293 4081 3480 4146 modo,
3503 4081 3830 4137 etobcdien.

2224 4176 2314 4232 tia
2345 4176 2724 4247 promissione,
2757 4177 3006 4248 petestati
3035 4185 3170 4242 tua,
3204 4184 3258 4230 et
3285 4173 3408 4229 ﬁdei
3455 4189 3628 4244 quam
3661 4174 3824 4229 beato

2226 4272 2388 4324 Petro
2415 4268 2611 4336 debes,
2643 4269 3063 4326 committimus.
3096 4267 3258 4336 Quod
3283 4283 3413 4321 vero
3444 4267 3510 4321 de
3531 4267 3827 4323 sacerdoti-

2224 4361 2328 4416 bus
2374 4361 2763 4432 interrogastis,
2806 4360 2979 4431 placet
3003 4361 3161 4415 nobis
3187 4369 3246 4414 ut
3292 4359 3822 4429 imprasentiarum,

522 4451 846 4509 Christiana
875 4451 1156 4523 religionis
1184 4451 1504 4508 defensione
1533 4462 1588 4508 et
1615 4469 1744 4508 cura
1775 4453 2110 4511 discordent.
2144 4469 2194 4530 D
2223 4462 2342 4509 tum
2359 4463 2586 4525 propter
2606 4454 2935 4524 populorum
2958 4453 3325 4519 turbationes,
3343 4461 3464 4507 tum
3494 4453 3657 4507 etiam
3687 4468 3825 4522 pro-

526 4546 723 4601 Melius
769 4546 964 4616 quippe
998 4544 1115 4600 fore
1163 4545 1498 4601 arbitramur
1527 4554 1588 4601 ut
1633 4546 1812 4616 aliqua
1844 4563 1995 4602 mora
2028 4564 2113 4603 se-

525 4638 770 4693 cundum
820 4639 1131 4693 Dominum
1177 4638 1246 4694 ad
1307 4638 1574 4695 honorem
1604 4649 1806 4695 sancta
1865 4641 2119 4696 Ecclesia

525 4730 877 4800 provideatur
914 4729 1166 4799 idoneus,
1210 4748 1378 4802 quam
1431 4733 1663 4787 nimium
1706 4731 2020 4788 festinando
2062 4734 2119 4788 in

523 4839 708 4895 regem
754 4823 948 4894 aliquis
994 4825 1277 4880 ordinetur
1319 4825 1587 4896 indignus.
1641 4827 1856 4882 Scimus
1896 4827 2120 4898 quidem

522 4916 672 4987 quod
718 4915 914 4971 fratres
965 4917 1135 4971 nostri
1199 4918 1362 4989 longo
1411 4919 1717 4973 certamine
1782 4919 2120 4992 diversisque

524 5008 1024 5080 perturbationibus
1083 5007 1414 5080 fatigantur;
1466 5011 1704 5065 nobilius
1755 5020 1947 5067 tamen
2002 4999 2119 5069 esse

519 5102 861 5175 dignoscitur
909 5101 1082 5156 multo
1143 5109 1390 5172 tempore
1438 5118 1536 5172 pro
1601 5102 1850 5158 libertate
1918 5114 2118 5160 sancta

521 5196 777 5252 Ecclesia
805 5194 1107 5262 decertare,
1153 5211 1317 5266 quam
1349 5195 1560 5250 misera
1589 5211 1652 5251 ac
1684 5195 1969 5252 diabolica
1999 5214 2112 5254 ser-

521 5288 678 5342 vituti
709 5288 1010 5359 subjacere.
1071 5289 1297 5343 Certant
1341 5304 1574 5359 namque
1633 5289 1843 5354 miseri,
1909 5292 2118 5348 scilicet

519 5381 768 5436 membra
795 5381 1021 5449 diaboli,
1049 5389 1108 5435 ut
1128 5381 1379 5453 ejusdem
1409 5381 1608 5438 misera
1639 5384 1898 5439 servitute
1928 5387 2113 5456 oppri-

519 5483 759 5530 mantur.
788 5475 1012 5530 Certant
1040 5483 1261 5530 econtra
1291 5475 1537 5531 membra
1568 5476 1769 5532 Christi
1799 5487 1859 5532 ut
1885 5478 2111 5534 eosdem

519 5568 754 5623 miseros
791 5567 861 5622 ad
899 5569 1263 5625 Christianam
1295 5569 1597 5625 libertatem
1647 5570 1928 5627 reducant.
1960 5575 2112 5643 Qua-

2223 4556 2343 4619 pter
2367 4547 2641 4603 bonorum
2664 4547 2931 4618 inepiam,
2961 4546 3164 4602 scilicet
3201 4546 3323 4617 quia
3345 4545 3662 4615 paucissimi
3693 4555 3829 4601 sunt

2225 4641 2317 4713 qui
2346 4640 2594 4696 ﬁdelibus
2622 4639 2946 4695 Christianis
2974 4638 3152 4694 ofﬁcia
3184 4637 3459 4711 religionis
3489 4638 3824 4708 persolvant,

2226 4750 2323 4806 pro
2351 4742 2601 4806 tempore
2621 4733 2864 4805 rigorem
2883 4733 3208 4788 canonicum
3225 4730 3606 4803 temperando,
3624 4731 3826 4787 debea-

2225 4828 2292 4883 tis
2319 4825 2571 4883 sufferre.
2626 4829 2707 4881 De
2747 4826 2831 4881 his
2874 4841 3108 4896 namque
3139 4824 3284 4896 pacis
3311 4833 3367 4880 et
3408 4824 3829 4895 tranquillitatis

2225 4929 2496 4992 tempore,
2522 4918 2692 4991 quod,
2711 4918 2948 4974 Domino
2963 4918 3280 4985 miserante,
3307 4918 3413 4974 cito
3431 4916 3682 4973 futurum
3704 4934 3825 4974 cre-

2224 5014 2428 5079 dimus,
2457 5013 2867 5069 convenientius
2899 5011 3119 5066 tractari
3143 5011 3458 5082 pleniusque
3485 5011 3686 5082 poterit
3719 5028 3822 5067 ca-

2222 5108 2452 5162 nonicus
2491 5105 2630 5162 ordo
2658 5105 2885 5160 servari.
2923 5105 3195 5160 Caterum
3223 5103 3292 5160 de
3336 5105 3620 5176 Buggone,
3651 5105 3820 5177 cujus

2223 5201 2490 5255 malitiam
2535 5198 2900 5270 signiﬁcastis,
2929 5198 3169 5254 necdum
3225 5205 3440 5253 tantam
3485 5205 3821 5268 potestatem

2223 5293 2474 5350 videlicet
2503 5291 2817 5346 absolvendi
2875 5291 2978 5346 sibi
3040 5300 3154 5346 tam
3197 5300 3404 5346 temere
3445 5291 3817 5356 commisisse,

2219 5402 2322 5442 nec
2345 5385 2510 5440 etiam
2555 5383 2906 5440 recordamur
2932 5401 3036 5440 nos
3065 5383 3359 5456 aliquando
3406 5399 3533 5439 eum
3577 5383 3661 5438 vel
3691 5399 3818 5438 ser-

2220 5495 2384 5534 mone
2409 5478 2489 5534 vel
2519 5478 2631 5532 visu
2655 5485 2849 5533 notum
2878 5478 3150 5534 habuisse.
3177 5482 3242 5532 In
3263 5487 3451 5533 sancta
3478 5476 3702 5549 quidem
3723 5493 3811 5548 sy-

2219 5572 2364 5628 nodo
2406 5588 2570 5643 quam
2606 5588 2780 5643 nuper
2811 5576 2923 5627 Deo
2954 5580 3176 5628 auctore
3213 5570 3640 5636 celebravimus,
3690 5585 3815 5624 om-

589 5757 733 5827 (406)
766 5760 915 5826 Nece,
955 5763 1123 5816 morte
1164 5759 1444 5815 Marianus
1479 5761 1675 5814 Scotus
1715 5767 1769 5814 et
1800 5759 2107 5828 Bertoldus,
2135 5775 2280 5816 anno
2315 5765 2470 5815 1080.
