4044 6164
80 5596 87 5637 l

66 5640 83 5731 ί

222 260 302 313 609

1377 228 1574 343 uasa
1611 267 1849 327 NONUS.
1890 296 1959 308 —
1998 269 2202 325 EPIST.
2226 270 2308 321 xv.

3387 282 3489 335 610

217 397 296 437 nes
331 381 841 439 excommunicatos
880 399 1050 456 usque
1087 385 1159 442 ad
1191 386 1527 459 condignam
1557 389 1779 447 satisfa-
1806 397 1860 458 Α
1889 392 1960 447 sit
1977 391 2225 449 obtinere
2245 400 2585 463 perpetuam.
2604 396 2689 449 De
2715 394 2872 450 novis
2900 395 3328 455 ultramontanis
3344 399 3490 455 nihil

215 475 435 530 ctionem
464 490 655 530 rursus
678 478 1296 547 excommunicavimus,
1313 489 1367 536 et
1393 481 1628 539 fratrum
1644 484 1785 539 mul-

212 566 489 623 titudinem
519 568 612 640 qui
633 563 865 625 aderant
892 573 1226 642 rogavimus,
1261 583 1322 629 ut
1347 576 1783 633 misericordiam

210 659 293 716 Dei
314 661 562 733 quotidie
581 671 830 731 exorent,
854 673 1125 735 quatenus
1154 666 1277 722 illos
1298 684 1394 739 per
1408 685 1594 731 veram
1616 670 1786 741 ραξηὶ-

208 756 419 810 tentiam
437 754 506 811 ad
524 756 799 827 gremium
823 766 1026 813 sanctae
1048 760 1240 814 matris
1259 761 1521 818 Ecclesiae
1541 763 1783 832 reducat,
1826 825 1830 829 ,

207 848 375 919 eisque
397 849 458 903 in
472 849 623 905 bono
647 852 1111 919 perseverantiam
1138 854 1366 910 tribuat.
1393 855 1611 910 Nullius
1631 857 1785 911 enim

204 939 425 996 hominis
436 942 807 1012 perditionem
828 945 1152 1016 quaerimus,
1174 947 1269 1003 sed
1285 947 1535 1004 omnium
1553 950 1786 1005 salutem

205 1035 251 1088 in
273 1034 495 1091 Christo
521 1035 929 1094 desideramus.

747 1140 1098 1195 EPISTOLA
1136 1142 1228 1197 IV.

548 1254 632 1295 AD
670 1257 961 1298 ABBATEM
1000 1259 1432 1301 CASSINENSBM.

780 1336 967 1406 (Anno
1019 1343 1197 1404 1081).

200 1431 262 1483 Ut
285 1429 532 1498 exploret
556 1444 637 1483 an
672 1429 931 1485 Robertus
959 1431 1075 1484 dua:
1098 1433 1396 1501 apostolica:
1412 1432 1552 1487 sedis
1579 1434 1786 1487 auxilio

252 1506 516 1574 venturus
536 1503 629 1562 sit,
659 1505 711 1554 et
738 1517 819 1574 an,
837 1502 1307 1574 quadragesimali
1334 1509 1587 1572 tempore,
1620 1521 1721 1574 quo
1749 1521 1785 1558 α

250 1572 462 1625 militia
507 1587 701 1625 vacare
742 1572 965 1636 solebat,
1027 1574 1250 1643 aliquod
1288 1576 1594 1643 apostolica:
1625 1572 1783 1630 sedis
1831 1631 1837 1637 ,

252 1644 524 1712 oppidum
553 1644 611 1696 in
639 1644 824 1711 ofﬁcio
864 1645 1128 1699 continere
1166 1646 1314 1699 velit.
1348 1650 1545 1701 Ducem
1577 1649 1803 1701 moneri

247 1715 390 1775 vult,
422 1719 486 1767 ut
513 1718 754 1783 nepotem
787 1730 942 1769 suum
957 1716 1027 1770 ab
1056 1718 1330 1772 inuasione
1354 1722 1628 1772 terrarum
1655 1734 1779 1772 san-

245 1787 320 1838 cti
354 1788 512 1840 Petri
533 1791 839 1855 compescat.

248 1886 608 1942 Gnaeonws
627 1886 931 1959 episcopus,
955 1904 1146 1944 servus
1169 1905 1457 1946 servorum
1482 1890 1596 1957 Dei,
1620 1907 1780 1947 vene-

183 1979 335 2035 rabili
367 1979 556 2034 abbati
596 1980 911 2036 Cassinensi
1156 1986 1175 2051 [
1202 1983 1511 2053 Desiderio,
1538 2000 1615 2039 szc
1644 1990 1695 2038 et
1722 1988 1779 2039 in

189 2074 297 2127 cod.
355 2071 579 2146 Mutin.]
634 2074 872 2130 salutem
918 2082 975 2130 et
1031 2076 1397 2147 apostolicam
1442 2077 1777 2133 benedictio-

190 2181 309 2222 nem
316 2207 333 2221 .

249 2260 393 2317 Satis
422 2261 580 2317 novit
606 2260 826 2319 dilectio
854 2270 951 2319 tua
968 2272 1240 2335 quantum
1271 2265 1553 2320 commodi
1580 2264 1646 2321 dc
1676 2282 1776 2337 pa-

187 2356 395 2412 catione
419 2357 579 2412 ducis
596 2358 823 2413 Roberti
849 2367 1038 2414 sancta
1058 2361 1311 2414 Romana
1327 2360 1562 2415 Ecclesia
1593 2377 1775 2430 spera-

188 2450 337 2517 verit,
380 2459 763 2521 quantumque
805 2467 871 2506 ex
912 2451 1016 2507 hoc
1051 2450 1257 2507 inimici
1299 2452 1418 2524 ejus
1454 2453 1771 2520 timuerint;

182 2559 351 2616 neque
373 2544 546 2601 etiam
575 2554 627 2600 te
648 2544 815 2600 latere
844 2553 1124 2616 putamus,
1161 2546 1287 2602 huic
1310 2548 1630 2617 apostolicae
1657 2549 1774 2606 sedi

180 2652 242 2692 ex
271 2645 429 2708 parte
450 2638 598 2692 illius
631 2638 762 2708 quid
793 2639 1044 2694 utilitatis
1073 2641 1387 2695 accesserit.
1418 2640 1605 2707 Unde,
1645 2642 1774 2713 quia

172 2731 543 2801 plurimorum
569 2730 812 2787 ﬁdelium
833 2748 1000 2803 super
1019 2748 1083 2788 eo
1113 2749 1256 2805 spes,
1278 2733 1420 2788 sicut
1448 2734 1631 2804 palam
1653 2750 1774 2790 cer-

172 2824 355 2890 nitur,
379 2824 665 2895 hucusque
677 2840 795 2880 non
815 2826 1102 2896 processit,
1135 2828 1390 2882 volumus
1410 2835 1469 2881 ut
1485 2827 1553 2882 de
1572 2835 1774 2883 caetero

166 2921 426 2977 animum
449 2922 624 2993 ipsius
642 2922 882 2994 qualiter
896 2939 955 2978 se
969 2924 1114 2979 circa
1135 2927 1450 2980 Romanam
1470 2925 1774 2981 Ecclesiam

164 3013 379 3072 haheat
402 3017 674 3072 veraciter
692 3017 996 3089 intelligere
1013 3018 1254 3074 studeas.
1282 3018 1563 3090 Praecipue
1584 3027 1775 3074 autem

1890 487 2022 542 certi
2044 486 2331 555 habemus,
2357 496 2584 559 excepto
2604 488 2752 558 quod
2778 490 3083 547 Henricum
3105 508 3395 564 nunquam
3426 508 3483 549 se

1895 578 2167 634 infelicius
2201 578 2459 635 habuisse
2500 596 2636 652 pene
2682 597 2879 639 omnes
2930 583 3079 641 illinc
3127 585 3482 645 advenientes
3548 614 3553 625 ι

1891 671 2192 731 afﬁrmant.

2459 796 2809 852 EPISTOLA
2853 798 2922 852 V.

2111 924 2194 965 AD
2234 924 2543 967 HUGONEM
2582 927 2857 969 DlENSEM
2896 930 3264 974 EPISCOPUM.

1896 1025 2031 1080 Cum
2064 1027 2273 1095 legatus
2292 1030 2559 1104 episcopos
2590 1031 2966 1095 Nortmannos,
2999 1035 3133 1102 quia
3168 1036 3369 1104 synodo
3410 1036 3485 1090 ad

1965 1113 2132 1174 quam
2156 1099 2485 1174 vocabuntur
2505 1107 2700 1174 prmsto
2728 1116 2833 1156 non
2867 1099 3110 1173 fuerant,
3131 1099 3480 1174 deposuisset,

1962 1171 2217 1247 praecipit
2244 1173 2294 1224 ei
2314 1176 2375 1223 ut
2403 1170 2796 1247 eos__restituat,
2824 1190 2886 1229 ne
2914 1170 3102 1243 regem'
3131 1170 3360 1245 Anglice,
3387 1181 3487 1247 qui

1968 1241 2026 1293 in
2068 1240 2247 1295 sedem
2290 1242 2632 1310 apostolicam
2678 1259 2796 1312 prce
2824 1240 3026 1300 caeteris
3069 1240 3284 1315 regibus
3329 1240 3478 1303 obse-

1967 1314 2221 1387 quentior
2246 1318 2384 1387 erat,
2419 1320 2730 1383 exasperet;
2757 1319 2810 1369 et
2839 1316 2995 1385 jubet
3036 1322 3097 1371 ut
3136 1333 3265 1387 erga
3306 1335 3482 1375 omnes

1971 1382 2088 1458 ejus
2134 1384 2377 1458 subditos
2415 1386 2606 1438 mitius
2649 1392 2797 1458 agat.
2842 1382 2996 1454 Quod
3022 1388 3171 1442 idem
3196 1382 3314 1444 7vult
3352 1406 3482 1458 erga

1966 1456 2164 1509 milites
2179 1456 2461 1525 quosdam,
2492 1458 2594 1524 qui
2630 1457 2704 1510 ad
2726 1458 3047 1513 Simoniacos
3089 1465 3139 1513 et
3158 1456 3481 1526 fornicarios

1965 1526 2177 1609 clericos
2226 1527 2529 1582 coercendos
2571 1528 2849 1582 auxilium
2890 1531 3070 1598 legato
3108 1531 3346 1587 tulerant
3388 1532 3479 1587 ob-

1962 1611 2185 1653 servari.

1961 1712 2325 1771 Gnaeonms
2353 1713 2658 1787 episcopus,
2681 1731 2871 1772 servus
2896 1733 3183 1775 servorum
3202 1719 3327 1788 Dei,
3352 1718 3484 1777 dile-

1889 1807 1990 1861 ctis
2014 1808 2065 1861 in
2094 1807 2313 1864 Christo
2344 1808 2611 1865 fratribus
2629 1811 2874 1867 Hueom
2900 1812 3085 1867 Diensi
3115 1812 3393 1885 episcopo,
3425 1822 3481 1869 et

1888 1906 2004 1956 A...
2035 1902 2269 1957 salutem
2298 1910 2355 1958 et
2381 1904 2739 1974 apostolicam
2760 1903 3226 1963 benedictionem.

1956 1996 2235 2051 Perlatum
2286 1998 2451 2059 nobis
2488 2008 2572 2055 est
2622 2000 2776 2071 quod
2830 2001 3022 2071 religio
3055 2010 3236 2059 vestra
3284 2018 3478 2060 omnes

1857 2092 2364 2147 Nortmannorum
2395 2093 2697 2164 pontiﬁces,
2728 2092 2926 2165 praeter
2947 2094 3478 2167 Rothomagensem,

1887 2184 2171 2256 ipsumque
2208 2186 2600 2243 Culturensem
2627 2187 2907 2255 abbatem,
2959 2205 3129 2261 quem
3168 2205 3273 2246 nos
3313 2191 3481 2247 resti-

1886 2278 2115 2345 tuimus,
2146 2280 2215 2334 ad
2244 2281 2543 2336 concilium
2570 2282 2829 2338 invitatos
2851 2282 3157 2354 suspendit.
3209 2285 3363 2354 Quos
3391 2293 3477 2341 ta-

1886 2387 2034 2438 men,
2058 2372 2197 2427 sicut
2224 2372 2381 2428 nobis
2400 2383 2717 2447 suggestum
2746 2382 2851 2441 est,
2872 2391 2987 2431 non
3013 2384 3130 2431 tam
3158 2376 3481 2433 inobedien-

1882 2466 1956 2520 tia
1988 2482 2155 2537 quam
2196 2476 2378 2523 metus
2404 2468 2548 2539 regis
2585 2471 2944 2537 Francorum,
2978 2470 3184 2525 scilicet
3224 2470 3355 2542 quia
3385 2485 3476 2526 se-

1882 2575 2012 2615 cure
2054 2560 2237 2615 venire
2274 2561 2598 2631 nequibant,
2647 2562 2937 2618 subtraxit.
2986 2566 3104 2635 Qua
3144 2564 3202 2618 in
3246 2579 3302 2620 re
3341 2580 3477 2635 pru—

1882 2651 2187 2730 dentia'tua
2209 2654 2341 2725 quid
2367 2655 2525 2709 nobis
2554 2655 2801 2711 videatur
2829 2656 3097 2712 advertat.
3131 2662 3250 2714 Rex
3274 2660 3478 2731 Anglo-

1885 2762 2009 2801 rum
2030 2746 2154 2803 licet
2174 2747 2233 2800 in
2260 2746 2585 2817 quibusdam
2608 2764 2722 2803 non
2750 2747 2825 2803 ita
2844 2749 3122 2820 religiose,
3152 2750 3301 2806 sicut
3322 2761 3477 2823 cpta-

1882 2854 2028 2903 mus,
2058 2854 2116 2893 se
2136 2837 2333 2893 habeat
2361 2841 2539 2908 (407);
2568 2847 2754 2894 tamen
2792 2841 2852 2894 in
2894 2839 2998 2896 hoc
3042 2841 3191 2911 quod
3222 2843 3478 2898 ecclesias

1883 2932 1981 2986 Dei
2016 2947 2133 2986 non
2158 2930 2393 2987 destruit
2418 2946 2596 3003 neque
2627 2931 2831 3000 vendit,
2861 2940 2918 2987 et
2955 2948 3146 3003 pacem
3171 2933 3476 3006 justitiam-

1882 3039 1989 3095 qne
2010 3024 2065 3079 in
2081 3024 2314 3080 subditis
2340 3024 2452 3080 suis
2474 3024 2752 3081 moderari
2782 3033 3069 3096 procurat;
3100 3035 3157 3082 et
3182 3026 3309 3099 quia
3344 3043 3475 3083 con-

158 3108 284 3180 ejus
321 3109 670 3165 voluntatem
699 3111 758 3165 in
775 3110 862 3165 his
891 3127 1188 3183 agnoscere
1209 3110 1504 3184 diligenter
1530 3120 1587 3167 te
1609 3111 1769 3183 cupi-
1800 3138 1845 3201 C
1883 3129 1964 3174 ira
1991 3119 2350 3191 apostolicam
2375 3119 2582 3188 sedem,
2620 3127 2847 3192 rogatus
2872 3136 2903 3175 a
2929 3120 3259 3192 quibusdam
3285 3121 3472 3177 inimi-

157 3216 316 3268 mus,
352 3203 573 3259 scilicet
616 3203 663 3258 si
705 3204 1019 3259 necessaria
1067 3204 1230 3259 nobis
1267 3205 1543 3276 expeditio
1582 3203 1769 3273 fuerit,

160 3304 292 3364 post
332 3296 566 3364 Pascha,
598 3313 671 3351 an
700 3313 798 3368 per
827 3313 906 3363 se,
949 3297 1030 3352 vel
1055 3298 1350 3368 perﬁlium
1390 3315 1553 3355 suum
1587 3286 1646 3355 se
1674 3297 1775 3355 de-

164 3398 356 3446 center
395 3407 788 3447 succursurum
820 3390 1148 3447 ﬁducialiter
1176 3390 1519 3463 polliceatur.
1556 3393 1615 3448 Si
1647 3408 1772 3452 vero

164 3482 279 3539 hoc
297 3501 415 3540 non
432 3486 699 3556 potuerit,
720 3494 857 3558 quot
878 3486 1086 3541 milites
1117 3495 1242 3558 post
1268 3486 1521 3558 paschale
1544 3484 1772 3554 festum,

164 3585 229 3631 ut
266 3578 325 3633 in
348 3578 607 3634 familiari
637 3579 838 3635 militia
865 3579 1015 3634 beati
1040 3580 1190 3635 Petri
1220 3580 1352 3648 sint,
1381 3596 1438 3634 se
1466 3578 1773 3636 destinatu-

164 3686 297 3727 rum
322 3672 706 3729 indubitanter
736 3673 1040 3745 promittat.
1064 3676 1187 3729 Hoc
1216 3673 1384 3729 etiam
1412 3674 1639 3729 solerter
1654 3689 1773 3745 pro-

167 3779 331 3822 cures
345 3767 631 3823 advertere
650 3783 719 3823 an
745 3768 867 3823 illos
898 3768 1040 3837 dies,
1064 3768 1319 3824 videlicet
1332 3769 1776 3841 quadragesima-

166 3856 275 3928 les,
295 3861 496 3932 quibus
518 3863 850 3918 Nortmanni
867 3863 1048 3920 solent
1070 3879 1248 3936 pugna
1272 3879 1487 3931 vacare,
1514 3861 1772 3935 praefatus

165 3948 284 4006 dux
309 3956 577 4011 assentiat
605 3956 709 4011 hoc
739 3964 900 4027 pacto
929 3959 1049 4012 Deo
1078 3956 1304 4024 offerre,
1336 3965 1399 4012 ut
1421 3973 1531 4013 una
1565 3958 1646 4012 vel
1674 3972 1772 4012 no-

169 4042 390 4103 biscum
404 4049 483 4104 vel
508 4065 641 4105 cum
660 4058 855 4107 nostro
877 4051 1062 4122 legato
1087 4048 1160 4105 ad
1188 4050 1401 4121 aliquas
1429 4058 1605 4106 terras
1624 4050 1770 4105 beati

166 4137 343 4209 Petri,
360 4157 469 4213 quo
488 4142 751 4199 invitatus
771 4140 959 4208 fuerit,
972 4150 1349 4213 competenter
1370 4143 1674 4198 instructus
1684 4158 1772 4197 ac-

170 4230 363 4300 cedat;
386 4244 663 4306 quatenus
691 4234 797 4291 hoc
821 4235 903 4292 sui
926 4235 1175 4307 obsequii
1198 4234 1406 4303 studio,
1429 4242 1485 4290 et
1510 4235 1689 4290 bonos
1717 4234 1771 4289 in

172 4329 470 4395 apostolica
498 4329 764 4385 ﬁdelitate
793 4329 1103 4399 conﬁrmet,
1135 4337 1191 4386 et
1226 4329 1456 4384 rebelles
1478 4344 1544 4384 ac
1572 4336 1768 4384 contu-

174 4429 367 4473 maces
399 4421 464 4476 ad
509 4421 757 4478 debitam
785 4431 994 4478 sanctae
1024 4426 1295 4479 Romanae
1326 4422 1584 4479 Ecclesiae
1611 4437 1764 4478 reve-

1881 3213 1961 3267 cis
1987 3213 2162 3268 crucis
2190 3212 2387 3269 Christi
2431 3221 2657 3283 pactum
2704 3213 2867 3280 inire,
2911 3215 3233 3269 consentire
3260 3214 3468 3283 noluit;

1880 3306 2226 3378 presbyteros
2257 3321 2475 3372 uxores,
2505 3305 2670 3361 laicos
2686 3305 2930 3361 decimas
2962 3320 3102 3377 quas
3125 3305 3470 3376 detinebant,

1881 3398 2384 3470 etiamjuramento
2399 3398 2676 3454 dimittere
2696 3398 2990 3470 compulit;
3013 3400 3229 3456 caeteris
3258 3399 3476 3473 regibus

1882 3507 1941 3547 se
1969 3492 2103 3547 satis
2134 3490 2557 3563 probabiliorem
2579 3507 2643 3546 ac
2671 3491 2848 3563 magis
2874 3490 3265 3549 honorandum
3293 3501 3476 3549 osten-

1880 3583 1966 3640 dit
1998 3604 2010 3639 :
2038 3584 2185 3641 unde
2225 3600 2339 3639 non
2373 3583 2665 3656 indignum
2691 3584 2854 3640 debet
2883 3585 3191 3641 existimari
3224 3594 3472 3658 potesta-

1878 3686 1995 3733 tem
2022 3678 2167 3734 illius
2194 3677 2383 3734 mitius
2419 3693 2537 3734 esse
2582 3676 2952 3745 tractandam,
2983 3685 3164 3750 atque,
3212 3688 3466 3751 respectu

1878 3772 2185 3841 probitatis,
2216 3771 2387 3843 ipsius
2405 3770 2757 3827 subditorum
2784 3780 2841 3827 et
2878 3786 3074 3828 eorum
3104 3787 3245 3843 quos
3270 3772 3497 3845 diligit,_

1877 3864 2233 3938 negligentias
2260 3880 2326 3920 ex
2371 3872 2519 3935 parte
2567 3862 2687 3919 fore
2716 3862 3038 3936 portandas.
3069 3865 3323 3937 Denique
3350 3880 3473 3921 me-

1876 3958 2102 4015 minisse
2129 3966 2309 4029 potest
2334 3956 2558 4014 dilectio
2588 3965 2769 4013 vestra
2792 3957 3025 4029 qualiter
3051 3967 3107 4013 et
3136 3958 3332 4014 beatus
3359 3960 3472 4015 Leo

1877 4067 2012 4123 papa
2040 4050 2368 4124 neophytos,
2399 4060 2454 4106 et
2474 4051 2662 4107 beatus
2688 4050 2985 4122 Gregorius
3014 4051 3345 4107 Venantium
3373 4067 3470 4107 ex-

1877 4144 2192 4216 patricium,
2221 4158 2386 4215 quem
2412 4159 2544 4199 suus
2567 4144 2852 4216 episcopus
2880 4143 3082 4216 injuste
3105 4145 3468 4217 corripuerat,

1873 4237 2173 4294 sustinuit:
2207 4244 2263 4292 et
2284 4235 2753 4308 quemadmodum
2791 4237 3083 4293 clementia
3106 4238 3336 4294 Domini
3368 4240 3469 4293 Jo-

1875 4328 2073 4401 saphat
2126 4329 2245 4402 regi
2273 4329 2436 4395 Juda,
2482 4329 2573 4400 qui
2602 4328 2776 4400 impio
2802 4328 2994 4385 Achab
3035 4330 3300 4386 auxilium
3337 4346 3470 4402 prm-

1872 4422 2010 4479 bens
2036 4422 2178 4478 iram
2207 4422 2452 4480 divinam
2490 4430 2786 4489 meruerat,
2830 4420 3072 4477 indulsit.
3111 4424 3291 4491 Quare
3318 4424 3468 4479 volu-

174 4516 413 4569 rentiam
438 4523 603 4589 atque
633 4515 916 4572 servitium
947 4516 1030 4571 vel
1072 4524 1283 4572 terrore
1320 4524 1538 4572 revocet
1572 4516 1653 4571 vel
1684 4515 1757 4583 vi,
1795 4518 1848 4581 D
1878 4532 2001 4572 mus
2028 4524 2091 4573 ut
2128 4515 2440 4572 fraternitas
2462 4522 2639 4571 vestra
2667 4530 2827 4585 supra
2851 4514 3174 4570 memoratis
3202 4515 3469 4588 episcopis

174 4605 381 4678 talique
404 4610 572 4666 modo
601 4626 713 4667 suae
736 4615 855 4667 Deo
872 4611 1082 4669 militiae
1096 4627 1299 4669 munus
1319 4612 1617 4683 gratuitum
1637 4609 1769 4667 offe-

181 4707 289 4755 rat.
312 4704 587 4761 Praaterea
610 4704 678 4762 de
694 4714 896 4776 nepote
924 4722 1023 4762 suo
1048 4704 1295 4762 Roberto
1323 4705 1389 4760 de
1416 4705 1677 4760 Loritello
1702 4705 1770 4762 ad

182 4790 352 4861 ipsius
377 4796 528 4854 ducis
557 4799 885 4855 memoriam
916 4814 1141 4856 revoces
1177 4798 1409 4871 qualiter
1436 4797 1505 4854 de
1532 4798 1628 4853 illo
1661 4813 1771 4853 no-

184 4882 264 4940 bis
299 4890 574 4959 promisit,
600 4891 853 4948 videlicet
891 4893 1041 4965 quod
1068 4891 1215 4948 idem
1259 4907 1445 4948 comes
1492 4906 1550 4947 se
1589 4899 1767 4947 terras

186 4984 489 5049 apostolicae
514 4983 687 5053 sedis,
714 4994 912 5058 praeter
930 5002 1066 5058 quas
1094 4985 1353 5048 habebat,
1395 4986 1626 5041 ulterius
1654 5000 1769 5041 non

191 5070 498 5135 invasurum
532 5077 834 5151 spopondit
874 5099 887 5135 :
923 5095 1063 5152 quas
1102 5088 1293 5136 tamen
1332 5095 1432 5151 pro
1466 5094 1627 5149 posse
1666 5094 1767 5134 suo

194 5163 451 5241 invadere,
481 5173 625 5229 sicut
662 5169 969 5229 audivimus
994 5172 1176 5229 adhuc
1214 5188 1325 5229 non
1356 5171 1587 5230 desistit.
1637 5173 1769 5228 Sua-

195 5255 319 5317 dens
353 5265 516 5336 igitur
544 5263 848 5322 admoneas
872 5281 1003 5323 eum
1022 5274 1085 5322 ut
1109 5267 1405 5322 memorati
1443 5265 1660 5337 nepotis
1683 5266 1769 5321 sui

196 5354 496 5429 sacrilegam
523 5366 842 5430 compescat
878 5358 1183 5427 audaciam,
1215 5366 1378 5431 atque
1414 5358 1669 5415 hortetur
1696 5357 1767 5413 il-

200 5442 300 5502 lum
315 5452 583 5520 praeterita
600 5451 949 5524 corrigendo,
981 5460 1037 5507 et
1056 5452 1115 5507 in
1136 5450 1320 5513 futuro
1347 5450 1768 5528 seabstinendo,

204 5534 403 5600 beatum
432 5548 657 5602 Petrum
683 5546 988 5618 propitium
1015 5544 1115 5602 sibi
1136 5544 1336 5614 facere,
1366 5546 1424 5602 in
1461 5545 1619 5618 cujus
1647 5544 1769 5601 irri-

202 5633 385 5694 tatione
406 5637 646 5710 ruinam,
674 5647 732 5697 et
758 5640 816 5696 in
842 5638 1020 5713 gratia
1044 5640 1212 5699 vitam
1228 5649 1283 5699 et
1302 5638 1628 5699 felicitatem
1646 5654 1765 5712 pos-

1878 4618 1934 4665 et
1978 4608 2295 4678 abbatibus,
2338 4625 2452 4665 non
2492 4608 2857 4680 pratermisso
2889 4607 3205 4664 Culturensi
3242 4607 3464 4679 abbate,

1879 4718 2019 4775 quos
2053 4702 2431 4774 suspendistis,
2472 4716 2573 4772 per.
2614 4701 2972 4772 praesentium
3012 4700 3333 4772 portitorem
3378 4717 3468 4759 re-

1879 4795 2179 4852 stitutionis
2208 4795 2414 4850 litteras
2442 4793 2648 4862 mittat,
2672 4802 2726 4849 et
2741 4791 3035 4865 praefatum
3064 4809 3251 4867 regem
3270 4795 3330 4850 in
3351 4795 3472 4853 tali«

1876 4889 1980 4945 bus
1998 4887 2222 4944 ulterius
2246 4888 2364 4944 sine
2380 4902 2605 4943 assensu
2623 4896 2817 4943 nostro
2846 4903 2963 4944 non
2980 4897 3281 4960 exasperet.
3308 4889 3470 4947 Vide-

1877 4992 1966 5039 tur
1989 4981 2140 5038 enim
2162 4980 2323 5037 nobis
2351 4981 2528 5037 multo
2566 4981 2761 5037 melius
2795 4990 2962 5055 atque
2986 4980 3198 5039 facilius
3233 4982 3470 5040 lenitatis

1878 5074 2167 5133 dulcedine
2183 5091 2248 5131 ac
2266 5074 2494 5131 rationis
2512 5074 2847 5144 ostensione,
2864 5091 3035 5148 quam
3053 5077 3373 5133 austeritate
3384 5077 3468 5133 vel

1878 5170 2058 5243 rigore
2095 5168 2327 5242 justitias
2354 5167 2512 5224 illum
2541 5170 2664 5225 Deo
2700 5168 2925 5236 lucrari,
2956 5176 3013 5224 et
3043 5168 3113 5225 ad
3141 5178 3468 5241 perpetuum

1875 5263 2018 5320 beati
2044 5263 2193 5321 Petri
2222 5277 2469 5320 amorem
2494 5276 2652 5333 posse
2679 5261 2988 5333 provocari.
3010 5263 3283 5319 Praeterea
3309 5263 3467 5320 inno-

1873 5357 1981 5413 tuit
2006 5356 2174 5423 nobis
2201 5354 2350 5429 quod
2377 5356 2585 5412 multos
2610 5354 2812 5411 milites
2834 5355 2926 5428 qui
2956 5355 3105 5427 prius
3141 5354 3212 5412 ad
3241 5356 3469 5429 presby-

1880 5458 2028 5508 teros
2056 5448 2384 5506 fornicarios
2411 5456 2467 5504 et
2489 5448 2836 5505 Simoniacos
2853 5448 3190 5507 coercendos
3216 5447 3469 5507 favorem

1875 5552 1933 5600 et
1959 5542 2231 5599 auxilium
2261 5540 2415 5597 vobis
2436 5540 2846 5611 impenderent,
2877 5552 3168 5615 propterea
3196 5541 3347 5613 quod
3375 5541 3469 5598 de-

1875 5638 2048 5695 cimas
2084 5634 2363 5693 dimittere
2393 5632 2679 5701 nolebant,
2716 5633 3251 5698 excommunicando
3292 5634 3472 5690 tul-ba.

260 5815 392 5882 (407)
417 5811 749 5872 Guillelmus
769 5812 1056 5889 Neubrig.,
1074 5820 1273 5879 Rerum
1288 5818 1648 5890 Anglican
1664 5811 1769 5889 lib;
1804 5828 1846 5884 1,
1872 5828 1997 5888 cap.
2027 5816 2080 5868 ί.
