4044 6186
518 232 614 325 δὴ

1202 262 1259 317 s.
1302 236 1622 316 unseen”
1661 258 1748 311 vn
1789 244 1983 310 eam;
2022 231 2127 309 ΟΡ]

2236 253 2297 307 IM
2336 240 2508 309 PARS
2548 246 2601 308 ιλ
2627 283 2699 294 -
2734 216 3133 310 REGISTnuM.

3704 256 3806 309 612

512 391 704 449 veritis
733 409 746 446 :
777 388 965 463 quales
984 400 1093 463 nos
1130 383 1308 441 adhuc
1331 382 1700 443 anathematis
1724 380 1961 437 ‘vinculis
1984 378 2103 436 alli-
2134 381 2189 443 Α
2214 380 2344 447 rint,
2378 387 2558 437 vestra
2609 379 2882 453 vigilantia
2921 388 2977 435 et
3009 378 3196 435 labore
3254 377 3633 459 conferantur.
3665 378 3808 435 Prte-

519 502 649 559 gare
689 482 937 556 synodali
972 478 1171 552 iudicio
1207 494 1304 547 per
1336 476 1733 533 discretionem
1772 473 2107 530 distulimus.

520 581 694 652 Super
716 577 802 631 his
830 575 997 647 igitur
1011 571 1348 628 consulimus
1372 580 1537 642 atque
1562 570 1848 625 hortamur
1874 576 1936 624 ut
1965 583 2113 623 nunc

522 688 620 746 pro
664 680 913 740 tempore
961 667 1291 724 canonicum
1328 666 1569 737 rigorem
1616 671 1795 719 vestra
1847 660 2110 734 sapientia

519 770 804 836 temperet,
834 770 1000 835 atque
1033 761 1134 817 hac
1160 758 1835 829 turbationistempestate
1857 755 2114 828 quaedam

519 856 815 930 parcendo,
838 855 1097 911 nonnulla
1115 852 1545 917 dissimulando,
1574 853 1652 907 ita
1680 849 1898 907 studeat
1927 847 2114 905 mode-

521 951 654 1020 rari,
687 959 749 1007 ut
767 966 878 1006 non
897 965 964 1005 ex
989 947 1278 1004 severitate
1301 945 1529 1018 justitiae
1560 943 1927 1000 deteriorandi
1956 958 2115 999 occa-

521 1042 735 1101 sionem
765 1051 1006 1110 sumant,
1030 1040 1145 1108 sed,
1177 1055 1444 1111 suspenso
1465 1054 1611 1094 nunc
1621 1037 1845 1110 judicio,
1875 1036 2115 1108 spatium

522 1135 949 1210 recognoscendi
976 1135 1296 1207 aequitatem
1335 1133 1623 1198 habentes,
1653 1129 2007 1203 postmodum
2038 1128 2117 1185 fa-

521 1231 680 1287 cilius
708 1212 1065 1301 acquiescant
1097 1245 1113 1282 :
1142 1236 1205 1283 ut
1232 1227 1464 1283 demum
1508 1226 1562 1281 in
1588 1241 1684 1281 eos
1710 1222 2117 1296 tranquillitatis

522 1334 796 1396 tempore,
823 1321 992 1394 quod,
1022 1325 1141 1377 Deo
1168 1329 1471 1388 annuente,
1498 1320 1608 1376 cito
1638 1319 1885 1375 futurum
1935 1332 2117 1391 spera-

523 1434 671 1486 mus,
715 1417 769 1474 id
797 1415 947 1487 quod
994 1432 1140 1471 nunc
1185 1414 1499 1487 apostolicae
1548 1413 1691 1470 sedis
1719 1412 1975 1469 discretio
2024 1426 2116 1483 pa-

523 1512 724 1569 tienter
739 1509 953 1581 differt,
989 1509 1205 1582 justitia
1227 1508 1494 1566 dirimens
1522 1507 1593 1565 ad
1621 1515 1825 1569 statum
1850 1522 2015 1562 suum
2036 1520 2118 1561 re-

525 1613 753 1661 stauret.
1385 1623 1389 1628 '

1073 1728 1430 1788 EPISTOLA
1467 1730 1562 1786 VI.

860 1881 944 1922 AD
983 1880 1275 1923 ΔΒΒΔΤΒΜ.
1314 1877 1779 1923 ΜΑεειιιΕΝεΕιί.

1129 1985 1317 2049 (Anno
1358 1981 1536 2051 1081.)

533 2098 893 2166 Quorumdam
940 2099 1408 2159 monasteriorum,
1457 2111 1576 2166 quia
1612 2096 1710 2150 sub
1752 2092 2125 2150 Romance'Ec-

601 2170 769 2224 clesia:
804 2169 980 2223 tutela
1006 2170 1300 2223 constituta
1328 2174 1475 2230 sunt,
1509 2182 1697 2221 curam
1725 2168 1801 2220 eis
1820 2167 2123 2219 committit.

600 2244 709 2297 Dat
736 2242 1059 2307 facultatem
1076 2239 1352 2309 repetendi
1374 2238 1645 2308 quidquid
1679 2239 1754 2291 ad
1789 2238 1978 2292 eadem
2017 2251 2126 2289 mo-

601 2314 845 2366 nasteria
855 2313 1132 2382 pertinens
1161 2311 1231 2365 ab
1251 2312 1375 2366 aliis
1400 2309 1602 2381 injuste
1634 2309 1922 2364 detinetur.

603 2450 958 2507 Gnaeonms
1000 2448 1312 2519 episcopus,
1354 2462 1543 2503 servus
1577 2462 1862 2502 servorum
1893 2445 2013 2511 Dei,
2044 2444 2125 2501 di-

532 2544 673 2601 lecto
700 2543 761 2598 in
783 2542 1003 2600 Christo
1019 2541 1134 2598 filio
1150 2545 1479 2599 thnanno
1503 2548 1705 2596 sanctae
1734 2542 2005 2595 Romana:
2034 2541 2127 2594 Ec-

531 2636 716 2693 clesiae
741 2636 1033 2703 cardinali,
1063 2634 1335 2691 sacerdoti
1363 2641 1528 2706 atque
1557 2632 1744 2689 abbati
1772 2632 2124 2699 Massiliensi,

531 2730 753 2801 suisque
798 2728 1205 2784 successoribus
1258 2728 1585 2800 regulariter
1630 2724 2025 2800 promovendis
2072 2726 2127 2781 in

533 2831 882 2896 perpetuum,
903 2830 1008 2878 etc.
1046 2826 1049 2829 ’

602 2917 761 2972 Licet
784 2915 1070 2987 apostolici
1100 2931 1203 2971 nos
1230 2914 1399 2986 apicis
1437 2930 1565 2970 cura
1598 2931 1697 2986 pro
1727 2915 1942 2970 cunctis
1972 2929 2130 2986 gene-

537 3009 724 3065 raliter
763 3007 1025 3064 Ecclesiis
1065 3007 1318 3078 vigilare,
1357 3023 1420 3063 ac
1449 3023 1549 3077 pro
1578 3007 1830 3062 omnium
1869 3014 2013 3062 statu
2041 3006 2124 3061 vel

534 3102 884 3174 reparatione
942 3100 1206 3157 sollicitos
1250 3115 1368 3156 esse
1419 3100 1735 3167 admoneat,
1784 3099 1889 3154 illis
1939 3108 2125 3155 tamen

445 3204 451 3211 '
533 3195 807 3270 praecipue
834 3195 966 3251 locis
1015 3204 1267 3250 nostram
1309 3209 1501 3249 curam
1551 3193 1841 3264 specialius
1864 3191 2125 3248 exhiben-
2155 3224 2200 3288 C

534 3289 663 3347 dam
690 3287 1099 3361 perpendimus,
1137 3303 1283 3359 quae,
1322 3286 1435 3342 sub.
1459 3284 1735 3343 Romanae
1771 3286 1942 3343 tutela
1984 3286 2129 3344 sedis

535 3382 858 3450 constituta,
894 3381 1103 3461 scimus
1131 3389 1309 3438 status
1340 3381 1425 3437 sui
1455 3380 1967 3451 confirmationem,
1998 3396 2129 3452 aug-

537 3484 792 3534 mentum
833 3475 914 3531 vel
954 3474 1365 3531 restitutionem
1407 3475 1476 3530 ab
1520 3474 1625 3531 hac
1664 3473 2012 3547 potissimum
2041 3490 2128 3530 ec-

536 3569 704 3627 clesia
741 3569 897 3642 cujus
918 3568 1059 3641 juris
1089 3576 1217 3624 sunt
1244 3576 1578 3639 exspectare.
1620 3569 1757 3639 Quia
1805 3582 1935 3640 ergo
1976 3583 2128 3639 quae-

537 3661 670 3718 dam
733 3660 1086 3727 monasteria,
1146 3661 1383 3716 alterum
1430 3662 1487 3715 in
1539 3662 1829 3732 provincia
1881 3661 2131 3718 videlicet

531 3747 720 3811 Sancti
742 3753 907 3818 Petri,
935 3752 1084 3824 quod
1119 3751 1322 3809 dicitur
1354 3753 1424 3808 ad
1464 3758 1718 3811 Montem
1751 3754 2045 3827 Majorem,
2078 3763 2133 3810 et

537 3847 770 3903 alterum
801 3846 859 3901 in
887 3846 1229 3901 Narbonensi
1255 3845 1727 3918 archiepiscopatu
1769 3850 1981 3904 Sancta:
2010 3850 2129 3903 Ma-

538 3940 635 3995 riae
658 3937 727 3994 de
756 3940 969 4005 Crassa,
1001 3953 1125 4009 quae
1148 3937 1217 3994 ad
1246 3937 1407 4010 hujus
1436 3937 1583 3994 sedis
1602 3937 1983 3996 defensionem
2014 3956 2133 4011 per-

537 4032 736 4099 tinere,
778 4030 1094 4103 propriique
1118 4030 1264 4103 juris
1300 4030 1418 4102 ejus
1458 4047 1577 4088 esse
1628 4040 1957 4100 noscuntur,
1989 4034 2133 4107 jam-

537 4124 749 4183 dudum
784 4123 1135 4181 saecularium
1163 4123 1566 4182 monachorum
1603 4126 1764 4199 culpa
1793 4143 1824 4183 a
1857 4126 2131 4199 religionis

539 4218 762 4275 tramite
785 4216 1034 4273 deviasse
1059 4216 1461 4287 intelleximus;
1496 4234 1560 4275 ea
1581 4218 1891 4277 reformare“
1910 4220 1979 4277 ad
1996 4220 2130 4292 lapsi

539 4311 752 4369 decoris
789 4311 1062 4384 specimen
1088 4310 1247 4369 valde
1282 4328 1401 4369 esse
1435 4314 1810 4371 necessarium
1848 4314 2127 4371 duximus.

540 4406 656 4463 Scis
702 4405 874 4474 enim,
908 4405 1189 4463 decentius
1223 4416 1392 4480 atque
1426 4407 1841 4464 convenientius
1870 4424 1989 4465 esse
2032 4408 2131 4465 de-

540 4500 783 4556 cernitur
826 4499 1103 4556 destructa
1145 4508 1442 4566 restruere,
1494 4509 1553 4556 et
1589 4500 1659 4556 ad
1688 4500 1922 4572 gradum
1974 4518 2133 4557 suum

2218 484 2384 541 terea,
2439 475 2655 547 quoties
2695 490 2886 530 eorum
2932 482 3176 530 rectores
3228 472 3481 539 obierint,
3535 472 3695 528 vestri
3742 472 3813 527 sit

2217 568 2383 625 studii
2420 569 2558 624 alios
2598 585 2728 624 cum
2783 584 3051 624 consensu
3092 566 3520 638 probabiliorum
3576 564 3811 620 fratrum

2221 661 2290 718 de
2326 663 2520 719 eadem
2546 662 2985 735 congregatione,
3015 662 3063 717 si
3088 661 3207 717 ﬁeri
3239 667 3446 733 potest;
3475 659 3559 713 sin
3606 668 3809 723 autem,

2218 756 2440 813 aliunde
2473 754 2779 812 secundum
2817 760 2999 812 Deum
3042 763 3096 811 et
3125 754 3371 826 regulam
3427 752 3596 808 sancti
3634 754 3814 807 Bene-

2221 851 2350 907 dicti
2399 850 2621 906 abbates
2667 850 2867 921 eligere
2920 849 3100 920 ibique
3151 848 3507 916 substituere,
3555 861 3693 919 quos
3743 847 3811 901 ab

2222 945 2316 1001 illo
2367 945 2619 1015 episcopo
2669 944 2722 998 in
2754 942 2905 1015 cujus
2951 941 3173 999 dimcesi
3203 941 3427 1008 fuerint,
3486 940 3531 995 si
3586 941 3654 997 ab
3709 939 3813 995 hac

2223 1037 2349 1095 sede
2394 1037 2904 1095 excommunicatus
2947 1037 3029 1093 vel
3078 1036 3406 1092 Simoniacae
3436 1033 3709 1090 haereseos
3732 1034 3819 1088 in-

2221 1132 2387 1188 famia
2415 1140 2638 1188 notatus
2681 1147 2798 1187 non
2845 1130 2969 1198 erit,
3003 1129 3338 1186 ordinandas
3375 1128 3741 1185 decrevimus.
3767 1127 3821 1183 Si

2224 1242 2352 1282 vero
2390 1226 2625 1282 alterum
2672 1225 2872 1281 horum
2927 1224 3223 1293 obstiterit,
3282 1221 3450 1278 abbas
3486 1237 3515 1277 a
3560 1224 3821 1277 Romano

2223 1320 2481 1393 pontifice
2533 1335 2689 1375 suam
2736 1318 3209 1375 consecrationem
3260 1323 3555 1388 exspectet,
3602 1324 3698 1371 aut
3752 1313 3826 1370 ad

2224 1429 2607 1487 quemcunque
2685 1414 3003 1485 episcopum
3058 1412 3149 1467 ille
3209 1410 3531 1483 praeceperit
3597 1424 3825 1481 pergere

2225 1525 2324 1581 pro
2355 1510 2441 1565 sui
2469 1508 2812 1564 ordinatione
2849 1506 3129 1562 licentiam
3158 1505 3357 1581 habeat
3384 1522 3399 1559 :
3443 1503 3599 1575 cujus
3624 1503 3825 1559 nihilo-

2224 1602 2406 1659 minus
2444 1602 2653 1658 abbatis
2698 1616 2882 1658 mores
2927 1610 2983 1656 et
3010 1600 3177 1655 vitam
3206 1599 3348 1656 sicut
3378 1607 3439 1654 et
3471 1596 3828 1654 subditorum

2224 1713 2457 1753 suorum
2502 1696 2788 1762 discutere,
2846 1709 3205 1766 excessusque
3255 1692 3557 1766 corrigere‘,
3626 1699 3829 1747 vestrae

2155 1799 2204 1862 Β
2230 1791 2582 1864 potissimum
2617 1788 2975 1861 providentiae
2998 1788 3271 1844 attinebit.
3321 1786 3484 1859 Quod
3523 1786 3573 1841 si
3600 1784 3744 1842 forte
3776 1785 3829 1840 in

2228 1884 2453 1957 aliquod
2480 1884 2695 1940 crimen
2735 1882 3079 1955 depositione
3119 1881 3350 1954 dignum
3394 1880 3565 1937 fuerit
3596 1879 3827 1960 ‘lapsus,

2229 1988 2475 2034 vestrum
2521 1978 2624 2033 erit
2666 1976 2734 2033 ad
2777 1977 3133 2048 apostolicam
3179 1974 3521 2031 audientiam
3574 1972 3831 2041 deferre;

2230 2081 2498 2145 quatenus
2525 2080 2620 2126 aut
2646 2071 2729 2127 hic
2771 2069 3145 2126 damnationis
3191 2085 3307 2126 suae
3353 2066 3683 2125 sententiam
3733 2084 3835 2139 per

2230 2167 2552 2222 Romanum
2580 2164 2893 2237 pontiﬁcem
2927 2163 3179 2237 excipiat,
3219 2163 3430 2236 autfper
3466 2160 3836 2235 apostolicum

2231 2260 2474 2333 legatum
2501 2259 2570 2315 ad
2626 2259 2679 2315 id
2710 2258 3073 2330 peragendum
3105 2258 3248 2315 serio
3303 2257 3558 2324 missum,
3598 2256 3836 2328 dignum

2236 2354 2346 2410 suis
2373 2352 2589 2409 meritis
2612 2352 2873 2425 judicium
2902 2352 3114 2408 subeat.

2306 2448 2611 2505 Statuimus
2640 2447 2805 2503 etiam
2841 2455 2903 2502 ut
2948 2444 3230 2519 quidquid
3248 2444 3318 2502 ad
3337 2444 3532 2502 eadem
3554 2453 3837 2500 monaste-

2223 2537 2315 2598 ria
2364 2540 2632 2613 pertinere
2681 2540 3048 2612 cognoscitur,
3097 2539 3143 2595 si
3179 2539 3247 2595 ab
3293 2538 3561 2612 aliquibus
3612 2538 3838 2594 irratio-

2234 2635 2488 2691 nabiliter
2512 2634 2815 2705 detinetur;
2841 2650 2904 2690 ex
2953 2634 3059 2690 hac
3086 2642 3278 2689 nostra
3315 2634 3633 2691 auctoritate
3664 2648 3839 2702 repe—

2236 2728 2389 2785 tendi
2408 2728 2768 2801 exigendique
2789 2743 2851 2784 ac
2879 2726 3190 2784 vindicandi
3214 2727 3465 2783 habeatis
3494 2743 3587 2799 per
3614 2725 3833 2793 omnia,

2237 2825 2356 2878 Deo
2374 2823 2618 2894 juvante,
2644 2821 2952 2890 licentiam;
2980 2821 3111 2893 quia
3140 2820 3371 2894 dignum
3399 2828 3482 2876 est
3508 2829 3569 2874 ut
3590 2834 3839 2890 quorum

2238 2928 2426 2971 curam
2486 2916 2673 2989 geritis
2738 2916 2903 2971 rebus
2955 2915 3109 2971 nullo
3162 2914 3331 2971 modo
3407 2912 3838 2970 defraudemini.

2234 3008 2469 3066 Praefato
2496 3010 2664 3082 igitur
2689 3009 2854 3065 modo
2879 3017 3087 3079 nostrae
3113 3006 3465 3080 providentiae
3494 3023 3559 3063 ac
3600 3005 3843 3078 disposi-

2234 3102 2397 3159 tionis
2420 3101 2851 3159 vicissitudinem
2903 3102 3046 3157 circa
3101 3117 3247 3174 saepe
3300 3100 3447 3157 dicta
3498 3101 3842 3156 monasteria

2234 3196 2331 3252 tibi
2365 3196 2587 3268 tuisque
2633 3195 3062 3264 successoribus,
3092 3203 3153 3251 ut
3185 3194 3617 3269 praelibavimus,
3669 3209 3843 3267 regu-

2236 3289 2421 3347 lariter
2466 3289 2854 3361 promovendis
2920 3289 3317 3357 concedentes,
3354 3287 3731 3344 interdicimus
3778 3296 3845 3343 ut

2234 3382 2416 3440 nullus
2455 3399 2832 3440 successorum
2884 3391 3227 3452 nostrorum,
3263 3383 3347 3438 vel
3399 3381 3845 3454 archiepiscopo-

2235 3494 2362 3534 rum
2405 3486 2500 3535 aut
2525 3478 2931 3551 episcoporum,
2963 3485 3017 3533 et
3048 3493 3214 3533 nemo
3253 3475 3515 3532 clericalis
3536 3492 3633 3531 seu
3671 3474 3843 3531 laica-

2236 3573 2368 3628 calis
2409 3571 2639 3640 ordinis,
2660 3572 2862 3628 audeat
2891 3571 3035 3627 hanc
3062 3578 3396 3643 potestatem
3422 3568 3712 3641 praesentis
3734 3567 3843 3625 de-

2237 3666 2369 3722 creti
2398 3666 2725 3722 auctoritate
2751 3665 3028 3721 ﬁrmatam
3048 3665 3208 3722 vobis
3244 3663 3460 3720 auferre
3490 3663 3571 3719 vel
3604 3670 3834 3735 pertur-

2236 3758 2388 3827 bare,
2419 3758 2515 3815 sed
2560 3774 2622 3815 ea
2650 3759 2809 3827 (sicut
2847 3757 3135 3830 praeﬁxum
3157 3762 3261 3824 est)
3310 3758 3366 3813 in
3419 3765 3599 3812 vestra
3629 3755 3839 3812 salubri

2238 3852 2581 3909 ordinatione
2607 3868 2670 3910 ac
2693 3852 3057 3925 dispositione
3072 3851 3129 3908 in
3151 3859 3479 3925 perpetuum
3520 3849 3843 3907 inconvulsa

2239 3955 2612 4018 permaneant.

2775 4058 3132 4115 EPISTULA
3170 4059 3295 4113 VII.

2597 4177 2679 4219 AD
2698 4175 3039 4219 UNIVBBSOS
3054 4173 3478 4218 CHRISTIANOS.

2826 4258 3014 4321 (Anno
3067 4259 3250 4319 1081.)

2240 4356 2506 4426 Praecipit
2527 4373 2590 4412 ne
2612 4360 2898 4427 quisqu
2929 4361 3197 4414 ecclesiam
3222 4359 3409 4415 Sancti
3428 4357 3604 4421 Petri,
3645 4354 3845 4410 invitia

2314 4428 2664 4483 Mascharans
2691 4431 2879 4494 sitam,
2921 4431 3102 4485 tutelae
3154 4429 3453 4501 apostolica:
3505 4427 3647 4483 sedis
3697 4443 3844 4482 com-

2312 4501 2531 4553 missam
2572 4501 2811 4568 infestet.

539 4593 777 4665 collapsa
805 4592 1091 4659 reducere,
1134 4608 1301 4663 quam
1349 4592 1409 4647 in
1447 4592 1743 4651 dilatandis
1795 4596 1877 4651 vel
1918 4595 2135 4652 noviter
2163 4582 2213 4647 D
2314 4603 3200 4678 Gnnoonwsepiscopus,servus
3216 4602 3637 4671 servorumDei,
3663 4602 3849 4657 omni-

541 4685 869 4743 aediﬁcandis
904 4700 1125 4756 operam
1167 4685 1317 4743 dare.
1370 4689 1716 4761 Quapropter
1752 4688 1820 4745 ad
1850 4689 2131 4762 praedicto-

540 4794 664 4835 rum
719 4778 973 4835 locorum
1017 4779 1479 4837 restaurationem
1522 4782 1803 4855 religionis
1843 4790 1955 4840 tuae
2005 4796 2136 4857 pru-

540 4871 782 4929 dentiam
807 4872 1094 4944 perutilem
1121 4872 1468 4943 arbitrantes,
1492 4875 1615 4931 licet
1643 4885 1725 4942 tu,
1758 4876 2133 4949 quorumdam

542 4965 844 5037 proborum
887 4965 1135 5021 virorum
1162 4966 1420 5038 precibus
1448 4966 1791 5039 adhortatus,
1840 4954 2136 5043 absque'li-

540 5058 724 5116 centia
773 5066 963 5114 nostra
988 5057 1057 5114 de
1085 5073 1281 5115 eorum
1307 5076 1441 5116 cura
1490 5070 1543 5117 te
1572 5062 1813 5118 nolueris
1854 5062 2134 5121 intromit-

540 5159 682 5223 tere,
707 5167 810 5208 nos
839 5159 1029 5207 tamen
1067 5152 1380 5209 censuimus
1410 5168 1506 5225 per
1533 5162 1691 5211 tuam
1732 5171 2139 5214 successorum-

542 5260 648 5317 que
674 5253 902 5301 tuorum
939 5245 1217 5303 solertiam
1243 5245 1503 5302 fratribus
1540 5247 1597 5303 in
1622 5248 1828 5305 eisdem
1865 5252 2138 5309 ccenobiis

543 5338 800 5411 deinceps
822 5328 1102 5395 mansuris
1128 5347 1449 5412 perpetuam
1468 5341 1734 5412 regularis
1762 5345 1889 5402 vitae
1917 5344 2140 5403 circum-

542 5433 880 5504 spectionem
933 5426 1237 5506 providere.
1284 5433 1521 5490 Proinde
1567 5435 1711 5492 circa
1750 5438 1978 5509 praefata
2021 5456 2138 5496 mo-

544 5525 781 5583 nasteria
807 5526 1191 5583 sollicitudinis
1209 5536 1414 5584 nostrae
1432 5527 1607 5585 vicem
1626 5528 1913 5589 dilectioni
1944 5542 2139 5590 vestra:

544 5618 978 5686 committentes,
1009 5620 1267 5677 volumus
1308 5630 1472 5692 atque
1506 5623 1852 5696 prmcipimus
1882 5636 1944 5681 ut
1969 5627 2029 5682 in
2058 5628 2136 5683 eis

543 5726 668 5786 quae
692 5713 1028 5786 amputanda
1054 5723 1184 5771 sunt
1213 5716 1530 5787 amputetis,
1556 5732 1787 5790 quaeque
1812 5699 2136 5790 corrigenda

545 5814 674 5864 sunt
692 5807 1001 5882 eorrigatis,
1043 5815 1100 5866 et
1125 5822 1252 5881 qua:
1275 5805 1379 5865 illis
1401 5806 1701 5880 disciplina:
1730 5817 1926 5866 tenore
1951 5810 2136 5870 defue-

2244 4694 2348 4752 bus
2367 4698 2485 4753 Deo
2513 4707 2572 4753 et
2597 4698 2761 4755 beato
2786 4700 2947 4756 Petro
2969 4697 3238 4767 ﬁdelibus,
3273 4700 3505 4755 salutem
3533 4703 3588 4752 et
3617 4702 3849 4768 aposto-

2244 4788 2406 4846 licam
2446 4789 2902 4849 benedictionem.

2314 4886 2523 4940 Notum
2546 4886 2615 4942 sit
2641 4886 2799 4943 vobis
2826 4903 2928 4943 nos
2956 4884 3242 4943 ecclesiam
3272 4882 3463 4943 Sancti
3489 4883 3640 4940 Petri
3674 4881 3853 4940 sitam

2245 4977 2300 5034 in
2336 4978 2472 5035 villa
2499 4994 2620 5051 quae
2635 4979 2836 5039 dicitur
2862 4981 3229 5047 Mascharans,
3255 4980 3356 5037 sub
3372 4979 3465 5052 jus
3483 4987 3538 5035 et
3565 4976 3852 5035 defensio-

2245 5087 2378 5127 nem
2401 5074 2715 5144 apostolicae
2756 5073 2901 5131 sedis
2924 5075 2993 5131 ab
3022 5075 3194 5146 ipsius
3218 5072 3606 5132 fundatoribus
3643 5079 3852 5144 sponte

2244 5166 2508 5223 traditam
2539 5168 2859 5238 suscepisse,
2880 5169 2951 5225 ob
2981 5168 3137 5241 cujus
3152 5167 3478 5225 donationis
3511 5165 3852 5222 memoriam

2247 5267 2513 5331 perpetuo
2547 5259 2917 5329 retinendam,
2945 5262 3377 5333 constituerunt,
3407 5267 3462 5316 et
3503 5258 3854 5315 devoverunt

2248 5366 2307 5407 se
2334 5351 2429 5420 illi,
2458 5352 2551 5423 qui
2590 5352 2733 5408 circa
2758 5353 3016 5415 eumdem
3054 5354 3239 5411 locum
3269 5360 3493 5425 propter
3522 5367 3776 5409 amorem
3794 5359 3853 5406 et

2249 5443 2479 5499 tutelam
2508 5443 2653 5500 beati
2680 5446 2825 5502 Petri
2878 5447 2987 5503 sibi
3036 5447 3331 5515 aediﬁcant,
3378 5462 3476 5517 pro
3520 5459 3852 5517 unaquaque

2249 5535 2419 5592 domo
2463 5553 2690 5594 censum
2739 5540 3054 5596 annualiter
3093 5548 3218 5596 octo
3255 5555 3522 5597 nummos
3564 5538 3853 5595 Pictaven-

2251 5629 2396 5684 sium
2427 5631 2819 5702 persoluturos.
2866 5635 3213 5705 Quapropter
3263 5630 3563 5705 apostolica
3605 5629 3848 5689 auctori-

2249 5731 2366 5779 tate
2387 5724 2738 5799 praeeipimus
2757 5734 2819 5781 ut
2840 5742 3005 5782 nemo
3026 5725 3317 5798 praefatum
3335 5727 3520 5783 locum
3543 5723 3846 5798 apostolica

2234 5814 2485 5874 'tditione
2504 5819 2788 5877 munitum
2806 5817 3058 5892 deinceps
3101 5818 3363 5877 infestare
3390 5825 3724 5892 praesumat;
3747 5815 3850 5874 sed
