4044 6186
245 249 345 303 613

1432 258 1629 322 LIBER
1666 264 1908 325 NONUS.
1947 300 2018 311 —
2056 276 2262 333 EPIST.
2304 280 2366 335 Χ.

3436 301 3537 356 614

234 371 337 425 sub
381 371 705 431 defensione
748 378 893 434 beati
918 382 1087 449 Petri,
1125 385 1284 457 cujus
1301 386 1449 459 juris
1486 401 1589 458 est,
1613 394 1829 463 quietus
1855 399 1910 460 Α
1938 399 2272 460 nobilissimo
2303 408 2527 477 comiti,
2571 409 2805 467 salutem
2837 421 2891 468 et
2941 417 3289 485 apostolicam
3317 420 3538 479 benedi-

228 472 286 518 et
308 480 538 521 securus
553 469 622 523 ab
649 472 799 526 omni
829 476 1237 543 perturbatione
1266 493 1600 550 permaneat.
1632 486 1686 542 Si
1712 490 1834 558 quis

229 574 365 629 ergo
396 569 592 617 contra
618 563 739 620 haec
758 576 948 624 nostra
978 571 1237 627 mandata
1255 586 1627 635 memoratum
1653 582 1835 638 locum

223 655 527 722 vexaverit,
581 656 897 716 admonitus
926 666 1117 730 semel,
1174 667 1403 739 iterum,
1449 688 1622 743 usque
1649 677 1832 741 tertio,

225 762 323 818 per
362 750 758 807 convenientes
786 754 1056 823 inducias,
1088 759 1130 814 si
1179 776 1291 816 non
1342 764 1653 835 resipuerit,
1699 769 1835 825 sciat

222 854 280 893 se
301 854 331 894 a
363 842 543 911 gratia
589 844 733 900 beati
758 848 901 903 Petri
932 861 1273 920 separatum;
1308 865 1381 924 et,
1410 859 1516 913 nisi
1559 850 1835 917 satisfece-

219 932 289 986 rit
338 937 713 994 anathematis
752 941 984 999 vinculis
1028 944 1407 1005 innodandum
1455 969 1468 1005 :
1522 954 1833 1026 quicunque

220 1042 350 1081 vero
396 1039 618 1099 pr0pter
658 1036 1019 1104 apostolicam
1062 1044 1431 1099 reverentiam
1483 1046 1551 1100 ab
1600 1047 1831 1104 infesta-

218 1118 373 1174 tione
404 1121 576 1192 ipsius
620 1124 719 1180 loci
751 1136 806 1182 et
850 1128 1097 1199 laesione,
1129 1133 1269 1190 sicut
1296 1136 1681 1195 Christianum
1730 1143 1828 1199 de-

215 1221 321 1279 cet,
352 1229 415 1269 se
451 1206 815 1289 continuerit,
836 1238 1074 1295 eumque
1093 1226 1349 1298 adjuvare
1380 1232 1687 1301 studuerit,
1742 1252 1831 1291 ve-

218 1305 366 1361 niam
398 1319 747 1379 peccatorum
774 1330 1026 1382 suorum,
1055 1328 1111 1375 et
1131 1322 1367 1392 gratiam
1392 1324 1529 1380 beati
1561 1328 1711 1382 Petri
1738 1371 1752 1397 ,
1783 1329 1829 1385 si

214 1397 270 1453 in
292 1399 457 1457 bonis
468 1409 913 1475 perseveraverit,
925 1426 982 1466 se
994 1416 1365 1482 promerituru
1376 1433 1430 1473 m
1464 1435 1579 1476 non
1590 1420 1825 1479 dubitet.

750 1513 1112 1571 EPISTOLA
1153 1519 1298 1576 VIII.

801 1623 886 1663 AD
961 1624 1249 1669 VENETOS.

812 1703 998 1770 (Anno
1063 1709 1240 1777 1081.)

212 1789 464 1864 llortatar
500 1796 561 1844 ut
593 1793 660 1845 ab
699 1801 1170 1855 excommunicatis
1201 1810 1437 1858 caveant.
1486 1809 1722 1862 Earcusat
1762 1824 1817 1864 se

275 1862 420 1929 quod
444 1878 625 1917 eorum
645 1869 902 1933 petitioni
930 1871 993 1923 in
1019 1876 1274 1939 praesenti
1294 1891 1397 1929 non
1422 1884 1653 1941 annuat;
1689 1896 1810 1948 pro-

273 1936 490 1988 mittens
541 1939 719 1989 tamen
760 1954 813 1992 se
861 1936 1162 2016 opportuno
1188 1950 1419 2015 tempore
1454 1936 1813 2016 postulationi

272 2019 459 2058 eorum
488 2022 763 2061 assensum
786 2012 1169 2079 prcebz‘turum.

269 2096 635 2155 GREGOBIUS
656 2101 963 2174 episc0pus,
997 2121 1183 2163 servus
1209 2125 1489 2167 servorum
1545 2116 1665 2182 Dei,
1695 2115 1806 2187 glo-

208 2190 344 2244 rioso
385 2190 519 2246 duci
552 2195 780 2266 etfgenti
814 2200 1170 2266 Venetorum,
1218 2201 1303 2258 his
1342 2213 1531 2261 tamen
1559 2208 1650 2279 qui
1693 2225 1803 2264 non

207 2286 619 2341 communicant
645 2294 1159 2363 excommunicatis,
1189 2296 1421 2354 salutem
1467 2307 1524 2354 et
1550 2302 1805 2372 apostoli-

208 2391 318 2430 cam
345 2376 820 2437 benedictionem.

269 2471 555 2538 Quantum
583 2489 686 2529 nos
707 2491 773 2529 ex
801 2476 966 2549 longo
1006 2488 1260 2552 tempore
1319 2500 1414 2539 vos
1462 2493 1515 2541 et
1571 2488 1803 2558 patriam

210 2571 439 2618 vestram
485 2563 857 2637 dilexerimus,
908 2588 1019 2627 non
1065 2576 1448 2634 existimamus
1516 2580 1801 2637 scientiam

208 2664 440 2711 vestram
462 2657 645 2715 latere.
682 2662 893 2718 Verum
939 2675 1230 2737 postquam
1273 2687 1375 2726 nos
1404 2673 1804 2743 omnipotentis

206 2749 294 2803 Dei
315 2748 563 2820 dignatio
606 2753 675 2809 ad
700 2754 751 2809 id
792 2758 1047 2826 provexit
1075 2760 1266 2830 ofﬁcii,
1298 2779 1405 2818 non
1445 2764 1800 2823 dilectionem

204 2857 263 2895 ex
309 2844 492 2912 vobis,
542 2848 764 2918 qualem
802 2852 1115 2920 Oportebat,
1156 2857 1499 2925 agnovimus.
1531 2860 1634 2915 Sed
1670 2860 1800 2916 licet

202 2936 420 2992 antehac
464 2954 551 2993 res
585 2940 659 2994 ita
704 2956 824 2996 sese
874 2942 1145 3013 habuerit,
1202 2955 1393 3005 tamen
1460 2952 1584 3022 quia
1648 2960 1797 3011 sanat

200 3030 390 3086 mentis
427 3032 657 3088 consilio
698 3044 933 3092 matrem
964 3047 1223 3109 vestram,
1263 3044 1619 3115 apostolicam
1649 3048 1797 3104 vide-

1944 496 2206 553 ctianem.

2013 592 2667 660 Quonianﬁdevotionem
2688 608 2844 656 tuam
2871 618 2996 674 erga
3041 620 3392 665 communem
3416 627 3531 667 ma-

1942 692 2104 752 trem,
2149 688 2470 744 Romanam
2508 690 2755 748 videlicet
2790 697 3105 765 Ecclesiam,
3135 699 3456 759 ﬁdissimam
3478 706 3531 760 in

1942 778 2219 847 omnibus,
2274 783 2461 837 multis
2502 794 2557 839 et
2606 787 2844 855 probatis
2874 789 2999 844 viris
3034 796 3437 864 attestantibus,
3477 807 3533 853 et

1943 869 2177 926 maxime
2220 874 2549 931 charissimo
2606 878 2769 935 fratre
2826 891 3018 938 nostro
3068 887 3301 957 Hugone
3351 890 3539 947 Diensi

1941 964 2193 1036 episcopo
2225 967 2489 1024 referente
2517 975 2930 1042 cognoscimus,
2957 977 3112 1033 valde
3148 981 3417 1051 laetamur,
3477 993 3535 1040 et

1941 1058 2344 1129 omnipotentis
2377 1063 2479 1118 Dei
2513 1080 2764 1135 supernae
2790 1068 3091 1126 clementiae
3119 1084 3298 1143 grates
3344 1077 3531 1133 referi-

1940 1166 2085 1207 mus.
2128 1155 2367 1211 Oramus
2409 1157 2577 1213 etiam
2619 1168 2699 1232 ut_
2731 1160 2914 1217 divina
2958 1175 3235 1233 praeeunte
3286 1169 3530 1226 clemen-

1938 1244 2015 1299 tia
2062 1246 2142 1301 sic
2191 1256 2433 1319 cmptum
2482 1251 2690 1307 bonum
2757 1254 2825 1308 ad
2864 1254 3028 1311 ﬁnem
3080 1274 3255 1329 usque
3328 1262 3529 1331 perdu-

1938 1354 2061 1406 cas;
2091 1350 2358 1411 quatenus
2400 1344 2488 1398 ille
2536 1345 2690 1416 cujus
2730 1346 2938 1417 judicio
2985 1350 3231 1406 ﬁdelium
3285 1356 3528 1410 Ecclesia

1938 1431 2139 1488 Christi
2182 1437 2474 1493 commissa
2503 1447 2605 1507 est,
2647 1449 2993 1511 peccatorum
3030 1445 3260 1501 nexibus
3307 1446 3527 1505 absolu-

1932 1527 2132 1582 tumin
2162 1530 2458 1586 electorum
2492 1539 2545 1587 te
2596 1532 2754 1589 faciat
2781 1544 2929 1591 sorte
2970 1540 3267 1595 conscribi.
3302 1543 3379 1596 Te
3425 1542 3527 1598 ita-

1934 1636 2062 1692 que,
2090 1621 2402 1679 charissime
2431 1624 2527 1693 ﬁli,
2578 1627 2868 1685 hortamur
2894 1638 2953 1685 ut
2980 1640 3087 1687 tuae
3116 1634 3316 1689 mentis
3335 1636 3527 1692 oculos

1929 1713 1990 1768 in
2018 1717 2210 1771 mterni
2240 1718 2378 1789 regis
2404 1735 2595 1775 amore
2620 1729 2675 1776 et
2716 1738 2812 1792 spe
2838 1723 3215 1781 indesinenter
3259 1727 3421 1799 ﬁgas;
3457 1746 3524 1785 ne
3578 1730 3587 1737 ’

1926 1807 2186 1865 nobilitas
2234 1820 2324 1866 tua
2367 1811 2435 1867 ab
2474 1813 2615 1869 illius
2650 1814 2928 1872 divinitate
2958 1834 3071 1887 prae
3112 1822 3323 1876 caeteris
3381 1823 3522 1878 exal-

1919 1909 2054 1970 tata,
2080 1905 2310 1960 terrenis
2333 1906 2786 1965 sollicitudinibus
2814 1918 2870 1965 et
2914 1911 3287 1982 voluptatibus
3333 1918 3512 1972 emol-

1917 1995 2033 2063 lita,
2065 1997 2174 2052 vim
2201 1998 2497 2069 spiritualis
2519 2000 2776 2058 desiderii
2806 2004 3044 2059 amittat.
3077 2007 3318 2079 Dignum
3354 2026 3520 2065 nam-

1915 2105 2021 2158 que
2053 2098 2134 2145 est
2168 2100 2229 2146 ut
2260 2092 2351 2162 qui
2382 2102 2478 2149 tuo
2514 2095 2671 2150 nutui
2706 2105 2914 2152 tantam
2941 2096 3228 2154 hominum
3272 2102 3519 2158 multitu-

1914 2181 2097 2238 dinem
2128 2186 2436 2256 supposuit,
2469 2180 2607 2243 hanc
2645 2188 2693 2244 ei
2723 2189 3154 2247 vicissitudinem
3194 2209 3519 2266 recompen-

1912 2290 2020 2341 ses,
2068 2286 2129 2331 ut
2167 2294 2339 2334 unum
2387 2281 2707 2349 hominem,
2773 2283 3018 2339 videlicet
3067 2286 3325 2357 teipsum,
3377 2304 3511 2358 pura

1912 2384 2130 2440 semper
2150 2380 2332 2428 mente
2349 2374 2454 2428 sibi
2483 2383 2539 2430 et
2573 2376 2738 2431 corde
2770 2392 3081 2433 conserves.
3126 2381 3210 2434 De
3236 2396 3400 2436 causa
3434 2382 3516 2437 vi-

1908 2461 2105 2518 delicet
2186 2467 2729 2524 excomunicatorum
2786 2486 2951 2542 super
2992 2488 3095 2543 qua
3173 2474 3510 2544 consuluisti,

1913 2555 2043 2610 nihil
2083 2557 2203 2625 tibi,
2244 2569 2440 2629 praeter
2493 2562 2641 2631 quod
2684 2563 2823 2617 sacri
2882 2580 3120 2620 canones
3163 2568 3510 2639 praecipiunt,

1910 2649 2244 2719 respondere
2276 2667 2592 2722 possumus,
2637 2655 2841 2711 scilicet
2872 2665 2932 2712 ut
2980 2657 3295 2715 abstineatis
3339 2677 3435 2716 vos
3475 2678 3502 2716 a

1909 2744 2295 2799 communione
2346 2746 2612 2816 ipsorum,
2658 2758 2821 2818 prout
2873 2752 3017 2807 Deus
3060 2755 3409 2822 concesserit,
3449 2764 3505 2810 et

1909 2844 2083 2891 vestra
2112 2838 2399 2908 prudentia
2430 2840 2651 2910 poterit.
2678 2842 2793 2897 Nec
2830 2843 2976 2897 enim
3024 2860 3217 2915 parum
3246 2854 3300 2901 te
3320 2863 3348 2901 a
3384 2848 3507 2903 tali-

1906 2929 2011 2986 bus
2047 2930 2369 2989 abstinendo
2402 2933 2680 2989 existimes
2724 2951 2911 3007 agere;
2948 2937 3059 2991 imo
3090 2938 3280 2994 credas
3309 2941 3505 2997 certis-

1904 3024 2067 3090 sime,
2119 3027 2384 3096 quoniam
2424 3027 2481 3083 in
2530 3026 2708 3083 futura
2758 3029 3097 3085 beatitudine
3155 3032 3429 3102 geminam
3473 3050 3505 3090 a

198 3121 315 3177 licet
341 3124 557 3195 sedem,
586 3141 1068 3199 recognoscentes,
1114 3149 1242 3190 eam
1288 3136 1530 3207 incipitis
1563 3156 1810 3210 quaerere
1846 3118 2185 3213 CDOHT'tnO,
2229 3136 2512 3189 coronam’
2574 3121 2896 3178 Obed'em‘a}
2943 3124 3146 3179 sc'l'cet
3190 3140 3253 3179 ac
3306 3135 3505 3183 ⁸³³⁸⁸³³

194 3223 246 3268 et
270 3220 545 3284 venerari;
580 3236 700 3287 nos,
734 3222 831 3293 qui
864 3223 1025 3295 huius
1061 3227 1228 3296 sedis,
1271 3233 1520 3301 quamvis
1563 3234 1799 3306 indigni,

194 3308 626 3367 sollicitudinem
660 3316 928 3387 gerimus,
961 3319 1230 3379 honorem
1276 3334 1523 3381 vestrum
1576 3336 1689 3383 tam
1746 3332 1804 3385 in

194 3406 448 3471 praesenti
495 3422 663 3476 quam
704 3408 763 3463 in
785 3410 968 3467 futuro
1019 3416 1322 3473 secundum
1352 3423 1533 3476 Deum
1579 3423 1801 3495 diligere

189 3505 241 3551 et
265 3514 487 3554 servare
524 3500 669 3557 haud
703 3520 870 3571 secus
913 3516 1192 3579 optamus.
1230 3512 1396 3568 Unde
1443 3523 1670 3584 paterno
1704 3534 1800 3573 vos

188 3588 389 3646 affectu
426 3591 805 3664 adhortantes,
838 3614 902 3654 ex
934 3611 1087 3672 parte
1131 3603 1276 3659 beati
1333 3608 1475 3662 Petri
1505 3625 1800 3667 monemus

189 3693 350 3757 atque
392 3690 741 3761 prmoipimus
781 3703 841 3749 ut
910 3712 1128 3753 summa
1158 3699 1448 3773 diligentia
1488 3713 1543 3760 et
1588 3707 1796 3763 cautela

187 3795 281 3836 vos
327 3782 397 3837 ab
442 3789 935 3847 excommunicatis
972 3794 1247 3851 custodire
1287 3800 1509 3867 curetis,
1561 3816 1625 3856 ac
1672 3818 1794 3873 per-

188 3877 429 3933 maxime
462 3882 689 3938 caveatis
715 3885 1011 3942 amicitiam
1034 3886 1172 3945 forte
1202 3891 1287 3946 vel
1310 3894 1795 3965 gratiamiljorum

184 3972 456 4042 captando
484 3975 677 4032 iisdem
730 3995 826 4035 vos
854 3981 1063 4053 laqueis
1089 3984 1464 4044 damnationis
1490 3988 1790 4046 innectere.

184 4064 348 4132 Quod
378 4075 563 4125 autem
590 4072 839 4142 petitioni
882 4084 1088 4133 vestrae
1138 4079 1208 4135 ad
1251 4096 1493 4151 praesens
1536 4083 1590 4138 in
1621 4084 1793 4140 adim-

182 4159 387 4227 plendo
426 4176 547 4217 eam
578 4181 689 4220 non
720 4167 972 4225 videmur
998 4186 1266 4241 annuere,
1294 4190 1408 4229 non
1438 4184 1551 4231 tam
1584 4186 1787 4234 nostrae

179 4252 329 4307 velut
354 4254 602 4324 incuriae,
622 4275 789 4330 quam
804 4270 1115 4333 temporum
1139 4266 1597 4340 incommoditati,
1616 4271 1792 4327 velitis

177 4347 473 4405 ascribere.
504 4353 759 4425 Denique
787 4371 915 4411 cum
946 4364 1164 4430 tempus
1190 4372 1565 4433 opportunum
1593 4365 1785 4436 (quod,

175 4441 416 4496 Domino
454 4442 695 4512 favente,
731 4449 844 4503 cito
876 4448 1127 4508 futurum
1151 4458 1459 4529 speramus)
1486 4457 1779 4527 advenerit,

1916 3210 2334 3281 praedicationis,
2361 3215 2615 3285 accipies.
2651 3218 2805 3271 Bona
2836 3232 3077 3287 namque
3119 3227 3204 3272 est
3231 3234 3331 3273 vox
3366 3235 3502 3291 prae-

1908 3302 2195 3361 dicationis
2223 3323 2353 3362 cum
2392 3323 2576 3378 opere,
2604 3308 2701 3365 sed
2730 3325 2843 3364 non
2873 3325 3037 3380 parva
3063 3320 3147 3365 est
3187 3310 3331 3367 bona
3363 3313 3500 3369 actio

1909 3396 2024 3452 sine
2048 3414 2198 3453 voce.
2229 3401 2417 3471 Neque
2454 3416 2557 3455 nos
2586 3400 2740 3456 alicui
2773 3402 3049 3483 licentiam
3076 3404 3332 3474 peccandi
3368 3405 3501 3461 dare

1909 3505 2200 3559 possumus
2215 3501 2311 3547 aut
2335 3492 2623 3558 debemus,
2649 3510 2776 3549 cum
2795 3510 2895 3551 nos
2922 3495 3022 3567 ipsi
3050 3495 3189 3551 hanc
3218 3498 3499 3555 licentiam

1904 3598 2017 3638 non
2044 3583 2370 3653 habeamus;
2422 3586 2516 3642 sed
2552 3588 2903 3658 peccantibus
2938 3589 3232 3661 apostolica
3260 3592 3498 3648 auctori-

1906 3684 2018 3733 tate
2046 3678 2329 3736 subvenire
2360 3696 2470 3735 non
2497 3680 2854 3752 denegamus,
2882 3690 2937 3737 et
2992 3698 3221 3739 manum
3248 3684 3500 3743 salutaris

1903 3772 2107 3827 consilii
2145 3758 2420 3845 porrigere
2466 3773 2873 3831 desideramus.
2926 3776 3062 3831 Illud
3105 3792 3322 3849 quoque
3365 3795 3495 3851 pru-

1903 3863 2147 3920 dentiam
2190 3874 2344 3921 tuam
2409 3867 2846 3925 animadvertere
2901 3869 3177 3939 volumus,
3231 3870 3404 3943 quod,
3450 3872 3495 3927 si

1902 3957 2189 4029 quisquam
2245 3960 2463 4016 illorum
2512 3962 3125 4020 excommunicatorum
3154 3972 3208 4022 te
3260 3964 3498 4038 graviter

1901 4049 2223 4118 offenderet,
2254 4053 2321 4109 ab
2351 4052 2568 4111 illorum
2591 4056 2831 4113 amicitia
2872 4072 3045 4130 usque
3078 4057 3148 4114 ad
3176 4058 3493 4116 satisfactio-

1898 4160 2026 4200 nem
2066 4154 2121 4201 te
2162 4147 2531 4203 submoveres.
2578 4150 2742 4221 Quod
2776 4151 2820 4206 si
2854 4152 2958 4207 hoc
3007 4165 3104 4222 pro
3148 4160 3244 4207 tuo
3286 4152 3493 4210 honore

1900 4237 2118 4307 faceres,
2167 4240 2297 4311 quid
2353 4257 2450 4311 pro
2481 4245 2600 4297 Deo
2650 4243 2831 4298 facere
2876 4244 3045 4299 debes
3094 4245 3485 4303 animadverte.

1897 4331 2241 4403 Quapropter
2269 4349 2560 4389 monemus
2604 4343 2676 4398 te,
2704 4336 3022 4391 charissime
3065 4336 3162 4400 ﬁli,
3200 4347 3261 4393 ut
3284 4340 3431 4409 quod
3460 4357 3491 4396 a

1894 4424 2154 4495 subjectis
2188 4425 2286 4481 tibi
2313 4428 2391 4482 vis
2417 4428 2550 4494 ﬁeri,
2581 4443 2695 4483 non
2723 4428 2960 4499 negligas
2986 4444 3083 4500 pro
3111 4430 3254 4485 illius
3298 4447 3489 4487 amore

172 4535 604 4604 postulationem
652 4549 889 4598 vestram
938 4554 1089 4601 recte
1144 4547 1379 4619 efﬁcere,
1415 4567 1481 4606 ac
1517 4551 1780 4609 honorem
1813 4521 1863 4582 D
1899 4533 2059 4619 agere
2118 4536 2208 4591 qm
2263 4529 2316 4575 te
2344 4521 2428 4619 ,δᾶ
2482 4537 2648 4619 Silam.
2691 4536 2980 4593 Imaginem
3021 4518 3246 4591 cream’
3296 4532 3353 4579 et
3386 4539 3485 4580 suo

173 4636 421 4685 vestrum
462 4632 608 4687 salva
649 4634 861 4706 justitia
891 4654 1109 4695 servare
1137 4643 1462 4712 (Opitulante
1487 4647 1773 4703 clementia

169 4720 373 4788 divina)
404 4740 518 4779 non
558 4726 957 4798 pigritabimur.
991 4734 1146 4789 Sicut
1184 4737 1335 4791 enim
1377 4738 1433 4793 in
1463 4750 1643 4796 sancta
1676 4743 1774 4797 Ec-

169 4814 335 4871 clesia
380 4816 616 4874 cbaritas
658 4823 802 4878 circa
849 4840 1040 4882 omnes
1067 4829 1390 4898 generaliter
1420 4834 1659 4889 tenenda
1697 4836 1775 4891 di-

170 4909 473 4979 gnoscitur,
513 4913 586 4968 ita
635 4930 797 4971 suum
849 4918 1196 4989 quibuslibet,
1246 4922 1460 4994 justitia
1512 4926 1771 4994 dictante,

168 4999 441 5059 honorem
482 5007 795 5077 specialiter
830 5026 944 5067 non
973 5011 1357 5086 denegandum
1384 5016 1523 5087 fore,
1551 5019 1648 5077 sed
1672 5020 1774 5076 ha-

170 5091 415 5152 bendum
443 5102 860 5171 perpendimus.

233 5191 383 5245 Data
418 5201 572 5249 sexto
595 5194 723 5251 Idus
754 5198 980 5268 Aprilis.

720 5300 1070 5357 EPISTOLA
1123 5298 1222 5359 IX.

595 5405 679 5445 AD
720 5407 995 5449 cornum
1013 5411 1338 5462 QUEMDAM.

763 5488 950 5552 (Anno
1002 5495 1182 5555 1081.)

170 5573 496 5659 Gratatatur
523 5576 591 5659 de
634 5577 746 5659 ejus
775 5595 897 5649 erga
926 5584 1222 5638 Romanam
1267 5581 1560 5659 Ecclesium
1590 5588 1766 5646 obser-

236 5648 459 5709 vantia;
482 5652 647 5716 utque
680 5652 734 5702 in
768 5667 827 5704 ea
846 5659 1163 5723 perseveret,
1189 5661 1239 5711 et
1260 5658 1327 5711 ab
1352 5667 1769 5720 ewcommuntca-

156 5726 163 5731 '
238 5721 415 5770 torum
443 5723 800 5797 communione
812 5738 866 5777 se
885 5731 1118 5794 separet,
1145 5721 1410 5786 hortatur.

238 5808 597 5867 Gnaeoains
621 5813 929 5886 episcopus,
949 5832 1139 5875 servus
1164 5834 1447 5880 servorum
1464 5826 1763 5895 Dei,T.....

1890 4613 2131 4684 pretioso
2161 4613 2430 4686 sanguine
2448 4613 2696 4669 redemit.

1952 4710 2093 4763 Data
2147 4708 2464 4771 Lateranis,
2506 4716 2700 4778 quarto
2738 4709 3021 4766 Kalendas
3047 4710 3199 4769 Maii.

2424 4816 2764 4871 EPISTOLA
2799 4820 2874 4873 Χ.

2203 4939 2286 4979 ΔΙ)
2327 4937 2421 4980 ΒΡ]
2431 4935 2666 4981 SCOPUM
2710 4940 2906 4981 PATAV
2918 4941 2935 4981 l
2945 4941 3161 4982 ENSEM.

2488 5022 2670 5086 (Anno
2717 5021 2893 5090 1081.)

1881 5118 2055 5172 Monet
2096 5123 2157 5171 ut
2186 5120 2280 5186 qui
2310 5120 2533 5173 Henrico
2572 5119 2935 5185 adhaeserant,
2968 5120 3017 5173 si
3046 5123 3362 5190 resipiscam
3399 5122 3480 5176 be-

1954 5192 2114 5257 nigne
2139 5191 2419 5259 suscipiat,
2455 5192 2728 5259 praecipue
2781 5205 2905 5245 vero
2946 5192 3265 5260 Burgensem
3291 5198 3482 5263 ϐρίδοοδ

1946 5277 2101 5329 pum.

1952 5364 2304 5419 Gaeoonws
2334 5364 2645 5436 episcopus,
2674 5379 2862 5421 servus
2884 5380 3170 5421 servorum
3200 5368 3325 5435 Dei,
3350 5368 3479 5424 dile«

1879 5460 1969 5511 cto
1998 5456 2053 5510 in
2077 5457 2294 5512 Christo
2325 5455 2482 5513 fratri
2754 5458 3063 5515 Pataviensi
3096 5460 3368 5532 episcopo,
3394 5476 3478 5516 sa-

1876 5548 2050 5604 lutem
2094 5558 2150 5604 et
2190 5550 2559 5621 apostolicam
2588 5550 3047 5607 benedictionem.

1948 5643 2092 5714 Quia
2124 5644 2299 5699 vicem
2327 5652 2578 5700 nostram
2602 5642 2661 5699 in
2687 5644 3009 5700 Teutonicis
3052 5645 3301 5716 partibus
3344 5660 3473 5717 pru~

1876 5735 2075 5794 dentiae
2104 5744 2214 5793 tuae
2234 5738 2637 5803 commisimus,
2668 5735 3055 5795 discretionem
3078 5746 3226 5793 tuam
3248 5737 3476 5807 diligeno

1875 5838 1961 5887 ter
1989 5845 2301 5899 monemus,
2328 5830 2464 5888 sicut
2478 5829 2594 5902 jam
2635 5828 2755 5886 aliis
2782 5828 2977 5886 litteris
2994 5828 3063 5886 ad
3092 5836 3146 5887 te
3160 5827 3463 5899 destinatis,
