4044 6164
609 265 712 317 615

1287 260 1342 316 s.
1383 261 1707 316 cascoan
1744 262 1832 314 vn
1871 260 2069 315 mea;
2109 239 2394 314 creanti“
2424 261 2594 316 rans
2633 262 2672 314 ι.
2712 290 2785 299 -
2821 261 3224 340 REGISTRUM.
3627 259 3649 274 ‘
3747 269 3820 322 ue

610 387 659 442 si
706 386 1076 458 pervenerint,
1115 382 1364 451 fecimus,
1413 393 1494 451 ut,
1539 385 1776 440 consilio
1804 383 1990 440 fratris
2039 383 2211 439 nostri
2239 387 2298 452 Α
2323 383 2429 440 hoc
2448 383 2615 456 quod,
2649 384 3120 456 quemadmodum
3152 403 3181 440 a
3226 384 3574 441 familiaribus
3591 386 3731 456 ipsius
3752 406 3824 459 pro

608 479 1040 552 Saltzburgensis
1073 478 1483 550 archiepiscopi,
1505 487 1560 534 et
1591 479 1825 534 aliorum
1858 477 2195 534 confratrum

607 581 925 629 nostrorum
961 571 1366 644 episcoporum,
1394 588 1487 627 eos
1515 589 1654 644 quos
1688 571 2016 628 adhaerendo
2053 573 2193 634 11...,

611 666 899 738 [Heurico,
947 668 1038 720 sic.
1059 670 1108 720 et
1135 668 1194 720 in
1223 667 1336 720 cod.
1374 664 1598 737 Mntin.]
1629 681 1660 720 a
1695 665 1977 736 proposito
1997 664 2192 719 verita-

604 760 677 816 tis
712 775 918 816 errasse
959 759 1306 831 cognoscitis,
1361 759 1607 814 studiose
1647 758 1945 824 revocetis;
2005 766 2061 812 et
2097 757 2193 828 qui

603 852 780 909 redire
800 853 1069 909 voluerint
1096 852 1337 908 fraterne
1374 851 1702 922 suscipiatis,
1734 859 1788 906 et
1825 851 2060 906 maxime
2087 851 2193 905 Os-

602 946 1006 1019 naburgensem
1036 945 1372 1016 episcopum,
1398 961 1568 1016 quem
1605 944 1764 998 nobis
1794 945 1928 999 velle
1959 943 2194 999 ﬁdeliter

602 1040 884 1096 adhaerere
911 1039 1241 1105 audivimus,
1257 1038 1486 1109 benigne
1506 1037 1834 1108 suscipiatis,
1865 1046 1920 1092 et
1947 1035 2192 1092 fraterno

601 1134 803 1190 auxilio
826 1141 1018 1188 contra
1049 1131 1351 1203 quamlibet
1378 1131 1634 1202 injuriam
1658 1129 1999 1186 inferendam
2022 1131 2070 1185 ei
2097 1146 2192 1186 oc-

600 1242 839 1292 currere,
877 1225 968 1281 ubi
1019 1233 1390 1295 opportunum
1435 1223 1621 1290 fuerit,
1664 1240 1780 1279 non
1823 1223 2113 1291 haesitetis;
2139 1231 2195 1279 et

601 1318 752 1373 litem
789 1333 954 1388 quam
981 1317 1049 1373 de
1073 1317 1433 1372 decimatione
1458 1317 1698 1372 ecclesiae
1732 1332 1846 1372 sua:
1875 1316 2041 1372 habet
2063 1333 2190 1371 cum

597 1410 940 1482 Corbegense
977 1411 1122 1481 (408)
1151 1411 1364 1477 abbate,
1402 1411 1484 1466 vel
1528 1411 1671 1482 juste
1717 1421 1842 1466 ante
1883 1427 1980 1466 vos
2010 1411 2192 1466 termi-

600 1510 746 1571 nate,
766 1512 860 1558 aut
877 1503 1084 1575 absque
1115 1503 1337 1560 laesione
1364 1520 1480 1560 suae
1509 1503 1757 1560 ecclesia:
1792 1511 2006 1560 certum
2055 1512 2191 1558 tem-

601 1613 701 1668 pus
740 1596 903 1668 ipsius
931 1606 1058 1652 ante
1103 1613 1206 1653 nos
1247 1597 1612 1654 terminanda:
1655 1613 1720 1654 ex
1753 1605 1983 1668 utraque
2039 1606 2190 1668 parte

600 1691 846 1747 statuite.
873 1691 1027 1747 Vale.

1131 1807 1483 1862 EPISTOLA
1541 1807 1641 1860 ΧΙ.

722 1933 820 1992 ἈΒ
854 1931 1257 1984 οΕεωΒιιῐυΜ,
1289 1931 1579 1973 ΔΒΒΔΤΕΜ
1620 1932 2047 1973 CASSINENSEM.

1189 2024 1370 2085 (Anno
1409 2025 1593 2086 1081.)

595 2130 879 2182 Henricum
926 2143 1102 2195 regem
1146 2131 1370 2182 Romam
1415 2143 1532 2180 cum
1575 2129 1764 2196 paucis
1795 2129 1962 2196 captis
2013 2131 2192 2181 ventu-

663 2215 784 2251 rum
796 2201 1088 2266 significat,
1104 2214 1278 2267 quem,
1311 2201 1361 2250 si
1383 2199 1499 2266 ejus
1527 2200 1796 2251 voluntati
1813 2200 1994 2264 favere
2016 2200 2188 2260 vellet,

665 2271 1037 2337 obsequentem
1071 2269 1185 2322 sibi
1222 2269 1592 2331 haberet;sed
1625 2284 1679 2322 se
1710 2272 1851 2322 mori
1885 2272 2064 2338 potius
2089 2286 2189 2339 pa-

662 2345 848 2393 ratum
869 2343 1084 2405 asserit,
1108 2355 1278 2408 quam
1307 2339 1422 2408 ejus
1445 2341 1717 2408 impietati
1747 2355 2028 2394 assensum
2051 2357 2188 2409 pra:-

669 2412 806 2465 bere.
839 2414 1015 2465 Monet
1058 2417 1117 2464 ut
1148 2411 1256 2464 sibi
1281 2413 1336 2462 in
1366 2410 1674 2476 defensione
1714 2412 1961 2465 Ecclesia:
2003 2412 2187 2465 adlue-

663 2487 804 2549 reat.
861 2484 1141 2550 Signiﬁcat
1183 2498 1251 2534 ccc
1321 2481 1602 2537 Mathildce
1660 2483 1853 2535 litteris
1896 2485 2192 2550 cognovisse

662 2554 806 2622 quod
839 2569 938 2606 rea:
969 2569 1086 2607 cum
1115 2553 1338 2607 Roberto
1379 2552 1509 2606 duce
1536 2553 1715 2618 fredus
1742 2555 1944 2619 inierit,
1994 2555 2058 2608 de
2083 2570 2187 2622 quo

661 2625 798 2692 quid
821 2629 1004 2678 actum
1026 2626 1098 2677 sit
1129 2624 1196 2677 ab
1220 2638 1276 2676 eo
1303 2624 1418 2677 vult
1434 2625 1658 2692 inquiri.
1688 2627 1949 2678 Romanos
1969 2625 2042 2678 ad
2066 2640 2188 2694 apo-

661 2697 859 2750 stolica:
883 2695 1027 2749 sedis
1049 2695 1356 2763 obsequium
1398 2699 1625 2763 paratos
1649 2695 1900 2748 ostendit.

658 2797 1017 2852 Gneeosms
1040 2795 1349 2866 episcopus,
1368 2810 1555 2849 servus
1570 2811 1853 2850 servorum
1875 2796 1998 2862 Dei,
2032 2796 2188 2851 Dasi-

586 2903 793 2957 nsnio,
835 2887 1125 2944 venerabili
1171 2886 1433 2943 cardinali
1485 2888 1670 2944 Sancti
1721 2889 1866 2944 Petri
1901 2897 1955 2943 et
2001 2889 2185 2946 abbati

588 2981 926 3050 Cassinensi,
948 2982 1184 3037 salutem
1211 2989 1266 3036 et
1317 2982 1674 3053 apostolicam
1723 2981 2182 3038 benedictionem.

655 3075 1076 3130 Fraternitatem
1171 3083 1343 3138 tuam,
1423 3073 1797 3141 dilectissime,
1852 3090 2183 3146 cognoscere

2308 487 2456 534 certo
2486 479 2766 551 cognovit,
2798 479 3060 549 praefatus
3081 495 3175 534 rex
3205 478 3465 549 placitum
3493 496 3609 534 cum
3634 481 3824 538 Roberto

2305 570 2444 628 duce
2476 572 2699 639 habeat,
2730 572 2981 628 videlicet
2999 573 3125 638 hoc,
3146 572 3354 627 utﬁlius
3374 572 3513 645 regis
3540 573 3827 644 ﬁliamipsius

2306 665 2458 722 ducis
2486 666 2734 737 accipiat,
2761 675 2816 721 et
2843 682 2937 720 rex
2975 666 3101 722 duci
3142 665 3437 722 Marchiam
3481 665 3682 721 tribuat.
3708 669 3828 737 Quod

2311 761 2550 816 Romani
2573 760 2727 814 facile
2745 759 2989 825 credent,
3012 760 3058 814 si
3086 758 3319 814 viderint
3339 758 3534 814 ducem
3559 759 3829 831 adjutorium

2310 853 2470 919 (sicut
2509 853 2818 924 iuramento
2861 853 3140 908 ﬁdelitatis
3189 853 3347 907 nobis
3379 853 3636 923 promisit)
3662 853 3831 908 subtra-

2308 945 2458 1002 here.
2499 947 2602 1002 Sed
2633 945 2918 1018 prudentia
2958 955 3051 1001 tua
3097 946 3325 1001 sollicite
3357 946 3608 1018 invigilat,
3651 955 3697 1001 et
3737 947 3833 1018 quid
3904 926 3910 936 ’

2305 1056 2468 1110 super
2494 1039 2594 1094 hac
2614 1055 2673 1095 re
2695 1049 2879 1096 actum
2907 1040 2979 1094 sit
3001 1039 3244 1111 diligenti
3277 1039 3662 1095 examinatione
3679 1055 3834 1110 cogno-

2302 1142 2437 1189 scat.
2476 1136 2561 1189 Tu
2614 1134 2727 1205 ipse
2789 1133 2952 1188 etiam
3000 1133 3321 1204 quantocius
3365 1133 3436 1188 ad
3491 1149 3590 1188 nos
3631 1149 3835 1204 propera.

2301 1227 2451 1282 Scias
2471 1236 2730 1298 praeterea
2750 1226 2901 1298 quod
2926 1226 3185 1294 Romani,
3214 1235 3268 1281 et
3295 1226 3387 1297 qui
3409 1226 3547 1281 circa
3588 1242 3682 1281 nos
3722 1234 3834 1290 sunt,

2303 1319 2408 1376 ﬁde
2443 1329 2497 1376 et
2535 1329 2791 1391 prompto
2823 1320 3008 1375 animo
3037 1320 3136 1374 Dei
3172 1327 3228 1374 et
3253 1319 3434 1375 nostri
3466 1319 3672 1374 servitio
3703 1318 3832 1390 parati

2301 1429 2398 1484 per
2425 1413 2614 1469 omnia
2650 1414 2917 1469 existunt.

2833 1523 3176 1579 EPISTOLA
3215 1522 3353 1578 XII.

2805 1641 2896 1680 AD
2938 1640 3389 1682 VALVBNSES.

2896 1723 3081 1786 (Anno
3127 1723 3314 1784 1081.)

2234 1778 2281 1840 Β
2379 1812 2577 1867 Eadem
2621 1828 2740 1881 quae
2769 1815 2828 1866 in
2875 1778 3101 1882 epistola
3147 1778 3356 1867 decima
3385 1813 3574 1882 quinta
3606 1811 3719 1865 libri
3731 1824 3830 1866 vni.

2444 1885 2821 1938 Jul-amentum
2863 1887 3162 1940 Bertranni
3185 1886 3398 1938 comitis
3440 1885 3727 1940 Prouincia.

2375 2004 2404 2036 ‹‹
2443 1987 2557 2055 Ego
2574 1988 2910 2040 Bertrannus
2949 1983 3046 2040 Dei
3077 1985 3250 2056 gratia
3282 2000 3472 2039 comes
3497 1981 3761 2038 Provincim
3783 1980 3832 2034 ab

2299 2077 2404 2133 hac
2423 2078 2559 2134 hora
2589 2087 2642 2133 et
2681 2078 2930 2150 deinceps
2959 2079 3057 2133 tibi
3086 2077 3319 2134 domino
3357 2094 3476 2134 meo
3512 2092 3653 2148 papa
3674 2076 3834 2144 Grego-

2297 2171 2382 2226 rio
2421 2180 2474 2227 et
2495 2172 2700 2227 cunctis
2742 2172 3148 2228 successoribus
3188 2172 3338 2236 tuis,
3371 2171 3462 2244 qui
3513 2187 3602 2241 per
3631 2169 3835 2224 meliores

2294 2264 2596 2321 cardinales
2631 2274 2833 2322 sanctae
2867 2269 3137 2322 Romana
3167 2265 3436 2321 Ecclesia:
3463 2263 3612 2319 electi
3652 2261 3831 2326 fuerint,

2296 2358 2473 2414 ﬁdelis
2497 2375 2611 2425 ero,
2642 2368 2696 2414 et
2721 2359 2983 2430 quidquid
3010 2357 3378 2426 credideritis,
3417 2359 3472 2413 in
3504 2357 3735 2413 damnum
3770 2368 3836 2406 ve-

2295 2459 2470 2506 strum
2496 2467 2582 2506 me
2602 2451 2804 2507 sciente
2827 2468 2935 2507 non
2972 2450 3368 2507 manifestabo.
3393 2451 3478 2507 Sic
3500 2466 3585 2505 me
3615 2453 3737 2504 Deus
3759 2444 3832 2501 ad-

2294 2545 2463 2616 juvet,
2489 2555 2541 2600 et
2569 2544 2685 2602 haec
2699 2555 2884 2600 sancta
2908 2545 3224 2616 Evangelia.
3256 2570 3280 2593 »

2646 2640 2819 2695 Aliud
2862 2641 3238 2709 juramentum
3281 2641 3539 2710 ejusdem.

2369 2755 2392 2779 ιι
2436 2735 2552 2804 Ego
2573 2735 2901 2788 Bertrannus
2922 2733 3021 2788 Dei
3041 2733 3210 2805 gratia
3235 2749 3433 2790 comes
3452 2729 3728 2794 Provinciae,
3751 2739 3828 2795 pro

2293 2827 2614 2881 remissione
2656 2835 3004 2897 peccatorum
3037 2841 3287 2881 meorum
3322 2837 3383 2882 Εἰ
3408 2835 3680 2899 parentum
3711 2832 3826 2874 Μεθ’

2292 2935 2414 2973 rum
2432 2919 2626 2987 oﬂero,
2657 2919 2922 2987 concedo,
2949 2918 3096 2973 dono
3123 2935 3352 2975 omnem
3382 2921 3632 2975 honorem
3669 2926 3828 2974 meum,

2291 3021 2557 3083 quantum
2609 3012 2682 3069 ad
2711 3028 2799 3067 me
2836 3017 2967 3082 jure
3011 3020 3303 3083 parentum
3342 3014 3588 3085 pertinet,
3632 3006 3828 3076 omnipo-

2287 3104 2423 3159 tenti
2448 3107 2586 3171 Deo,
2630 3113 2685 3159 et
2698 3105 2900 3161 sanctis
2924 3105 3185 3176 apostolis
3239 3109 3405 3162 Petro
3430 3115 3484 3161 et
3511 3103 3684 3169 Paulo,
3703 3108 3747 3154 et
3761 3097 3830 3153 do.

580 3169 839 3270 volumus
867 3167 1012 3270 quod
1041 3168 1207 3270 (sicut
1241 3183 1338 3270 pro
1368 3175 1517 3270 certo
1547 3167 1858 3232 didicimus)
1905 3168 2177 3270 Henricus
2214 3193 2261 3257 ρ
2291 3197 2445 3252 mino
2468 3167 2591 3252 me")
2631 3199 2897 3270 Gregorio
2920 3167 3068 3270 pépa,
3094 3199 3357 3270 septimo,
3389 3209 3445 3255 et
3469 3167 3698 3255 omnibus
3733 3206 3826 3247 suc.

580 3261 758 3317 dictus
802 3278 896 3328 rex
922 3261 980 3316 in
1013 3259 1338 3316 suburbanis
1402 3263 1689 3316 Ravenna:
1759 3268 2028 3327 moratur,
2057 3261 2176 3317 dis-

581 3369 805 3422 ponens,
855 3353 897 3407 si
936 3353 1158 3424 poterit,
1199 3355 1438 3408 Romam
1489 3353 1629 3408 circa
1702 3353 2058 3408 Pentecosten
2090 3370 2178 3408 ve-

580 3447 702 3502 nire
729 3447 901 3517 (409).
932 3448 1113 3518 Quem
1145 3447 1452 3502 certissime
1481 3447 1687 3502 scimus
1716 3462 1780 3502 ex
1813 3447 2175 3502 ultramonta-

577 3539 662 3595 nis
690 3548 745 3595 et
775 3540 1162 3610 Longobardis
1193 3555 1416 3610 parvam
1437 3553 1668 3595 manum
1701 3539 1920 3594 habere.
1957 3539 2175 3595 Audivi-

578 3648 700 3688 mus
728 3641 912 3687 autem
941 3633 1108 3704 quod,
1139 3648 1206 3687 ex
1233 3632 1317 3686 his
1345 3631 1437 3704 qui
1465 3632 1611 3687 circa
1635 3636 1960 3688 Ravennam
2005 3634 2086 3688 vel
2117 3633 2172 3687 in

575 3723 818 3779 Marchia
847 3734 1156 3789 morantur,
1183 3733 1338 3794 putet
1361 3725 1664 3780 exercitum
1691 3741 1817 3780 cum
1847 3743 1958 3798 quo
1995 3727 2173 3781 veniat

576 3815 858 3886 colligere;
882 3816 1030 3886 quod
1059 3816 1175 3871 ﬁeri
1199 3816 1424 3871 minime
1453 3817 1761 3885 credimus,
1787 3819 2052 3890 quoniam
2073 3835 2173 3873 nec

577 3907 742 3962 etiam
785 3906 975 3962 focum
1018 3908 1087 3963 ab
1118 3907 1200 3963 his
1230 3924 1325 3979 per
1371 3923 1510 3979 quos
1539 3909 1830 3963 transitum
1873 3910 2039 3965 habet
2070 3910 2171 3965 ha-

575 3999 703 4055 bere
726 4007 919 4071 potest.
955 4003 1040 4056 Tu
1073 4016 1197 4056 vero
1228 4001 1362 4070 ipse,
1394 4000 1635 4056 amande
1667 4000 1853 4068 frater,
1883 4003 2171 4075 cognoscis

573 4093 702 4164 quia
726 4093 773 4148 si
796 4109 898 4148 nos
922 4108 1081 4149 amor
1096 4093 1326 4164 justitiae
1355 4101 1411 4148 et
1427 4093 1652 4149 honoris
1675 4105 1884 4151 sanctae
1911 4096 2170 4154 Ecclesia

573 4201 686 4241 non
704 4194 941 4252 teneret,
971 4194 1200 4258 tamque
1222 4202 1402 4257 pravas
1419 4187 1700 4243 .voluntati
1727 4203 1792 4243 ac
1805 4188 2062 4260 nequitiae
2081 4206 2167 4246 re-

573 4279 652 4352 gis
669 4287 725 4334 et
752 4295 984 4336 suorum
1006 4279 1268 4335 vellemus
1287 4277 1488 4348 favere,
1510 4281 1690 4336 nullus
1707 4281 2003 4354 aliquando
2025 4299 2167 4355 prae-

570 4372 918 4429 decessorum
963 4381 1282 4428 nostrorum
1338 4373 1409 4430 ab
1454 4375 1886 4431 antecessoribus
1927 4378 2164 4448 regibus,

571 4482 667 4522 seu
695 4467 862 4522 etiam
899 4465 1346 4538 archiepiscopis,
1394 4475 1515 4522 tam
1544 4467 1790 4539 amplum
1820 4476 1877 4524 et
1904 4468 2165 4526 devotum

2285 3291 2590 3346 cessoribus
2634 3291 2770 3363 ejus,
2821 3291 2894 3346 ita
2929 3299 2990 3346 ut
3015 3291 3278 3364 quidquid
3327 3291 3586 3364 placuerit
3620 3288 3828 3352 deinceps

2284 3382 2509 3438 domino
2530 3399 2684 3456 papae
2719 3384 2984 3456 Gregorio
3004 3384 3073 3441 de
3093 3401 3182 3440 me
3201 3394 3254 3440 et
3283 3385 3356 3441 de
3382 3395 3498 3442 toto
3513 3385 3698 3439 honore
3714 3392 3824 3438 meo,

2283 3478 2400 3532 sine
2438 3477 2546 3531 ullo
2569 3477 2910 3533 contradicto
2961 3476 3140 3532 faciat.
3184 3479 3457 3534 Ecclesias
3475 3486 3645 3534 autem
3680 3482 3827 3527 omnes

2281 3586 2404 3640 qua:
2442 3571 2501 3624 in
2554 3586 2681 3626 mea
2718 3579 2985 3642 potestate
3025 3579 3173 3638 sunt,
3216 3571 3448 3642 praefato
3488 3569 3694 3627 domino
3735 3575 3825 3618 meo

2283 3663 2554 3734 Gregorio
2586 3679 2738 3734 papae
2763 3664 2991 3719 omnino
3024 3665 3247 3720 dimitto
3285 3673 3344 3720 et
3377 3663 3626 3722 omnibus
3649 3669 3826 3716 succes-

2283 3755 2497 3810 soribus
2524 3756 2667 3824 suis;
2711 3764 2769 3810 et
2807 3755 2875 3811 ad
2913 3755 3242 3812 ordinandas
3287 3773 3384 3815 eas
3403 3759 3548 3832 juste
3579 3765 3631 3812 et
3667 3763 3822 3808 secun-

2280 3848 2416 3904 dum
2432 3850 2613 3906 Deum
2643 3866 2740 3921 pro
2766 3865 2924 3921 posse
2945 3866 3072 3906 meo
3103 3850 3335 3907 ﬁdeliter
3364 3849 3640 3924 adiuvabo.
3660 3871 3683 3895 ιο

2722 3958 3072 4012 EPISTOLA
3103 3959 3246 4014 XIII
3274 3959 3453 4028 (410).

2491 4070 2574 4110 an
2613 4068 2940 4112 BOBBBTUM
2979 4071 3258 4112 COMITEM
3295 4057 3647 4114 πωπω.

2881 4149 3065 4220 (Anno
3099 4155 3278 4216 1081.)

2277 4254 2526 4328 Praecipit
2570 4257 2632 4328 ut
2666 4258 2850 4308 ratum
2895 4253 3091 4328 habeat
3130 4255 3408 4323 quidquid
3457 4271 3490 4309 a
3520 4239 3828 4328 Lugdtlmnif

2349 4325 2740 4394 archiepiscopo
2751 4340 2912 4394 super
2931 4327 3174 4380 electione
3187 4326 3610 4381 Tervannnensis
3625 4324 3825 4394 epist

2346 4399 2432 4469 sta
2447 4393 2624 4447 tutum
2670 4393 2874 4463 fuerit,
2902 4401 2954 4451 et
2990 4402 3052 4450 ut
3088 4398 3291 4451 clericis
3344 4400 3449 4466 qui
3484 4398 3576 4451 hac
3603 4393 3662 4447 de
3695 4396 3825 4469 οςψδξι

2347 4467 2570 4520 Romam
2589 4459 3104 4522 venerant'nullam
3135 4459 3408 4522 (uisionem
3433 4469 3550 4538 ﬁeri
3565 4459 3822 4535 permittat.

568 4560 873 4628 servitium,
903 4561 1048 4616 sicut
1072 4576 1174 4615 nos
1189 4558 1256 4614 ab
1277 4559 1381 4615 hoc
1408 4575 1536 4632 rege
1560 4569 1615 4615 et
1637 4559 1705 4616 ab
1735 4561 2167 4635 archiepiscopo,
2201 4559 2251 4621 D
2351 4567 2708 4625 Gascoams
2732 4570 3041 4642 episcOpus,
3064 4584 3250 4625 servus
3275 4585 3558 4626 servorum
3582 4563 3691 4629 Dei.
3729 4561 3822 4614 Ριο·

571 4651 770 4707 habere
796 4662 1112 4723 potuerunt.
1135 4655 1345 4709 Verum
1371 4653 1638 4726 quoniam
1660 4653 1881 4710 illorum
1903 4656 2087 4712 minas
2110 4666 2166 4712 et

568 4744 834 4800 savitiam
865 4762 964 4815 pro
995 4746 1165 4801 nihilo
1187 4746 1466 4815 ducimus,
1488 4748 1687 4818 magis,
1719 4748 1764 4802 si
1796 4764 2016 4806 necesse
2052 4748 2166 4805 fue-

566 4838 658 4906 rit,
692 4846 930 4893 mortem
961 4839 1234 4909 suscipere
1255 4840 1429 4911 parati
1468 4842 1677 4896 erimus
1712 4857 1882 4913 quam
1903 4843 2161 4914 impieta-

567 4931 718 4986 tibus
750 4947 944 4986 eorum
977 4946 1262 4987 assensum
1294 4932 1559 5003 praebere,
1592 4942 1688 4989 aut
1704 4935 1976 5007 justitiam
2005 4938 2163 4993 relin-

567 5039 752 5095 quere.
805 5025 1155 5095 Quapropter
1218 5040 1479 5098 rogamus
1524 5034 1687 5099 atque
1735 5045 2026 5086 monemus
2080 5040 2158 5100 ut,

565 5117 1037 5190 quemadmodum
1059 5126 1113 5174 te
1142 5117 1320 5186 decet,
1350 5119 1426 5174 ita
1471 5120 1630 5176 nobis
1667 5121 1947 5178 adhaerens
1975 5132 2160 5195 quate-

564 5227 671 5266 nus
687 5220 891 5267 sanctaa
916 5212 1112 5266 matris
1129 5220 1237 5266 tua:
1254 5214 1524 5269 Romana:
1541 5214 1796 5271 Ecclesiae
1821 5215 2017 5283 honor,
2035 5234 2158 5289 quae

563 5303 630 5360 de
653 5312 708 5360 te
735 5305 974 5360 multum
1006 5304 1255 5373 conﬁdit,
1303 5321 1451 5361 nunc
1494 5315 1548 5362 et
1576 5323 1790 5379 semper
1815 5310 1982 5366 robur
2012 5311 2156 5367 obti-

563 5405 711 5454 neat.
743 5399 864 5454 Hoc
902 5398 1073 5455 etiam
1108 5406 1163 5454 te
1213 5399 1356 5455 scire
1404 5400 1660 5455 volumus
1699 5401 1846 5472 quod
1874 5402 2154 5460 comitissa

562 5490 846 5548 Mathildis
888 5491 1097 5549 litteras
1135 5491 1205 5548 ad
1241 5507 1342 5549 nos
1369 5492 1584 5564 direxit,
1613 5493 1812 5566 quibus
1842 5497 2155 5554 continetur

634 5656 781 5724 (408)
828 5653 1076 5727 Corbeiaz
1104 5653 1384 5710 Saxonicae
1424 5653 1495 5710 ad
1524 5654 1830 5727 Visurgim.
1876 5658 1985 5726 FL;
2030 5657 2152 5714 cod.

559 5730 755 5784 Mutin.
800 5725 1149 5782 Corbeiense.

631 5797 772 5868 (409)
809 5797 1088 5856 Marianas
1110 5799 1327 5867 Scotus,
1373 5803 1430 5855 et
1452 5796 1761 5864 Bertoldus,
1792 5811 1941 5854 anno
1988 5805 2147 5856 1081.

2272 4674 2464 4716 Βητο
2501 4661 2669 4716 nobili
2707 4661 3123 4718 Flandrensium
3166 4663 3376 4730 comiti,
3410 4664 3631 4719 salutem
3653 4663 3820 4722 etapo'

2271 4754 2518 4810 stolicam
2547 4754 3006 4810 benedictionem.

2342 4847 2619 4904 Perlatum
2651 4849 2808 4903 nobis
2854 4857 2938 4904 est
2965 4847 3117 4920 quod
3154 4848 3554 4906 Tervannensis
3597 4835 3819 4899 archidia-

2269 4957 2460 5008 conus,
2485 4941 2577 5012 qui
2609 4941 2756 5012 prius
2782 4957 2910 4997 cum
2944 4940 3186 5013 quadam
3209 4951 3361 5014 parte
3387 4941 3512 4998 cleri
3717 4943 3820 4985 con-

2268 5041 2351 5089 tra
2387 5034 2748 5090 Lambertum
2800 5035 3111 5091 invasorem
3141 5037 3396 5108 elegerat,
3437 5048 3580 5090 nunc
3609 5027 3700 5084 sibi
3733 5019 3816 5093 ipsi

2267 5127 2595 5195 contrarius,
2651 5136 2865 5184 mutato
2903 5130 3159 5196 consilio,
3215 5131 3451 5186 alterum
3497 5113 3815 5197 supposuerit.

2268 5221 2448 5290 Quam
2501 5236 2724 5275 causam
2777 5219 2932 5277 fratri
2980 5229 3167 5278 nostro
3204 5219 3553 5294 Lugdunensi
3585 5205 3814 5278 archiepi-

2264 5329 2430 5384 sc0po
2705 5313 3100 5386 [Humberto],
3131 5315 3421 5386 diligenter
3453 5303 3814 5386 procurandam

2264 5405 2456 5461 litteris
2475 5406 2676 5461 nostris
2701 5407 3100 5475 commisimus,
3136 5417 3228 5477 ut,
3256 5407 3365 5465 nisi
3390 5407 3534 5480 prior
3557 5400 3729 5460 electio
3748 5407 3815 5448 ca-

2263 5499 2456 5555 nonice
2499 5497 2666 5555 fuerit
2709 5499 3038 5572 improbata,
3068 5485 3288 5559 nullum
3332 5501 3410 5558 illi
3442 5499 3553 5554 sedi
3609 5495 3812 5550 alterum

2262 5658 2678 5744 Letolqstie‘nsis
2706 5659 2903 5744 lib._1t,
2938 5677 3056 5744 cap.
3084 5669 3176 5720 49.
3417 5732 3428 5744 .
3472 5737 3512 5744 μ
3560 5727 3568 5736 _

2333 5733 2480 5802 (410)
2524 5733 2656 5787 Haec
2692 5723 2915 5802 epistola
2965 5723 3055 5789 hic
3096 5749 3287 5789 errore
3326 5727 3600 5802 scriptoris
3635 5723 3805 5778 locata.

2261 5799 2486 5858 inferius
2513 5799 2762 5874 ponenda
2788 5811 2929 5859 erat.
