4044 6164
201 267 303 318 617

1366 264 1562 320 LIBER
1597 260 1839 320 NONUS.
1880 287 1950 303 -
1988 264 2193 321 EPIST.
2236 266 2344 321 XV.

3396 274 3497 327 618

195 378 481 458 subroget.
511 384 785 459 Quidquid
809 402 940 459 ergo
970 388 1086 460 ipse
1112 402 1276 460 super
1299 388 1404 445 hoc
1429 390 1648 462 negotio
1674 388 1791 444 fue-
1826 392 1878 454 Α
1906 389 2094 460 gavisi,
2120 390 2193 445 ita
2223 405 2447 461 quoque
2473 386 2783 446 studiorum
2812 388 3258 463 probitatumque
3296 402 3501 450 vestra-

194 482 267 536 rit
299 489 611 543 exsecutus,
656 480 780 552 quia
811 481 944 537 certi
980 497 1172 537 sumus
1207 497 1335 538 eum
1384 483 1649 555 ajustitia
1686 499 1797 538 non

192 572 548 631 recessurum
574 573 850 629 nobilitati
882 582 994 631 tuae
1026 576 1377 647 praecipimus
1402 583 1464 631 ut
1493 585 1672 632 ratum
1699 577 1797 632 ﬁr-

195 683 471 740 mumque
521 676 710 723 tenere
757 668 1062 725 nullenatus
1108 678 1328 737 renuat;
1379 670 1476 726 sed
1517 670 1667 742 quod
1708 671 1825 726 ille‘

192 760 482 829 statuerit,
517 760 669 833 quasi
704 770 977 831 nostrum,
1006 778 1102 818 vos
1125 764 1444 831 observare,
1476 764 1799 836 caaterisque

191 871 273 912 ne
295 854 667 911 contradicere
694 855 930 911 audeant
957 872 1056 928 pro
1079 858 1243 913 vestri
1281 856 1661 929 magnitudine
1694 858 1801 913 im-

186 948 430 1005 minete.
459 950 681 1021 Insuper
703 949 955 1005 volumus
976 958 1142 1022 atque
1170 965 1464 1006 monemus
1485 958 1545 1005 ut
1566 951 1796 1020 clericis,

186 1041 285 1113 qui
328 1050 555 1113 propter
590 1040 695 1097 hoc
730 1043 1017 1114 negotium
1053 1042 1241 1099 sedem
1270 1043 1629 1114 apostolicam
1663 1045 1798 1115 peti-

186 1143 417 1203 verunt,
468 1135 677 1193 nullam
713 1134 907 1192 exinde
949 1136 1233 1193 laesionem
1273 1135 1507 1206 faciatis,
1558 1137 1640 1193 vel
1681 1136 1799 1194 ﬁeri

188 1229 551 1299 permittatis.

730 1339 1088 1395 EPISTOLA
1127 1338 1278 1395 XIV.

578 1464 661 1505 AD
703 1465 896 1507 BBGBS
938 1463 1417 1506 WISIGOTHORUM
1429 1492 1440 1503 .

798 1557 979 1621 (Anno
1025 1558 1206 1621 1081.)

186 1657 529 1713 Gratulatur
553 1655 621 1710 de
655 1657 827 1725 gentis
846 1672 1026 1711 eorum
1064 1658 1220 1724 regni
1252 1656 1327 1709 ad
1345 1656 1505 1724 ﬁdem
1531 1656 1800 1711 Christia-

260 1742 403 1781 nam
442 1731 790 1782 conversione.
838 1728 929 1783 Ad
974 1730 1110 1782 bona
1157 1742 1317 1797 opera
1355 1728 1622 1780 hortatur.
1671 1727 1801 1781 Vult

255 1799 481 1853 clericos
531 1814 670 1867 saepe
705 1799 778 1853 ad
802 1814 856 1853 se
882 1801 1108 1853 mittant
1142 1802 1241 1867 qui
1279 1802 1532 1854 Romana:
1562 1799 1804 1853 Ecclesia:
1833 1800 1881 1862 Β

260 1872 529 1924 instituta
550 1872 717 1925 edocti
745 1886 826 1925 eos
846 1875 1034 1940 postea
1073 1872 1333 1924 instruere
1359 1872 1586 1938 possint.

251 1981 623 2037 Gnsoonms
640 1980 944 2051 episcopus,
963 1995 1152 2035 servus
1170 1995 1455 2037 servorum
1480 1980 1601 2048 Dei,
1636 1980 1803 2036 Wisi-

180 2072 493 2144 gotharum
527 2074 779 2146 gloriosis
804 2074 1019 2145 regibus
1260 2082 1316 2130 et
1537 2082 1592 2130 et
1633 2090 1803 2146 popu-

181 2167 273 2237 lis,
311 2167 558 2223 salutem
585 2176 639 2223 et
671 2167 1032 2239 apostolicam
1059 2167 1515 2224 benedictionem.

242 2263 457 2317 Frater
501 2270 685 2318 noster
726 2262 1014 2334 episcopus
1068 2260 1370 2334 [episcopus
1406 2265 1493 2329 ἢ]
1521 2269 1700 2317 vester
1737 2260 1804 2317 ad

178 2354 575 2425 apostolorum
607 2355 794 2410 limina
836 2356 1057 2411 veniens
1085 2356 1357 2427 suggessit
1387 2354 1542 2409 nobis
1571 2353 1639 2409 de
1664 2369 1806 2409 nova

178 2448 371 2519 gentis
413 2456 609 2505 vestrm
654 2449 1026 2516 conversione,
1072 2448 1277 2504 scilicet
1333 2448 1565 2520 qualiter
1614 2447 1807 2502 relicto

178 2540 509 2612 gentilitatis
536 2556 721 2597 errore
756 2540 826 2598 ad
852 2541 1187 2598 Christianae
1215 2540 1346 2597 ﬁdei
1383 2540 1665 2595 veritatem
1698 2554 1809 2609 per-

180 2635 420 2692 venerit.
454 2634 618 2691 Unde
661 2635 959 2706 plurimum
991 2634 1046 2690 in
1076 2635 1316 2690 Domino
1349 2633 1543 2699 laetati,
1583 2632 1811 2687 misera-

177 2729 286 2785 tori
324 2728 588 2784 omnium
618 2728 811 2784 intimo
841 2729 1005 2785 corde
1030 2730 1236 2801 gratias
1272 2728 1507 2800 agimus,
1544 2726 1639 2796 qui
1660 2740 1811 2785 men-

180 2830 260 2878 tes
288 2830 512 2877 vestras
537 2822 748 2879 lumine
776 2837 876 2879 suo
913 2823 1153 2889 visitare,
1186 2830 1239 2878 et
1266 2821 1335 2878 de
1364 2819 1607 2876 tenebris
1634 2818 1701 2873 ad
1734 2823 1812 2871 lu-

182 2931 335 2984 cem,
368 2914 442 2971 de
466 2924 647 2972 morte
670 2915 741 2971 ad
764 2915 934 2972 vitam
965 2916 1226 2988 dignatus
1252 2923 1334 2972 est
1358 2930 1453 2969 vos
1474 2922 1679 2970 aeterna
1710 2925 1806 2964 sua

181 3008 531 3080 benignitate
551 3008 838 3065 reducere.
870 3010 1046 3065 Simul
1076 3009 1239 3065 etiam
1262 3008 1434 3079 ipsius
1463 3003 1808 3061 ineffabilem

183 3101 636 3159 misericordiam
678 3102 951 3172 deprecati
990 3117 1204 3171 sumus,
1253 3101 1574 3172 assidueque
1612 3108 1805 3171 postu-

1908 483 2238 555 rum:0pinio
2268 498 2371 539 nos
2391 483 2461 539 de
2492 498 2572 551 se,
2594 484 2733 540 sicut
2757 492 3029 555 optamus,
3069 485 3332 541 laztiﬁcet.
3361 487 3499 554 Quia

1906 593 2035 632 vero
2063 578 2278 632 noviter
2316 576 2384 632 ad
2425 577 2708 633 Christum
2738 594 3033 634 conversos
3072 580 3319 635 nondum
3349 579 3502 636 Chri-

1908 671 2100 726 stianae
2130 669 2253 727 ﬁdei
2290 678 2345 726 et
2371 671 2646 743 religionis
2675 671 2981 727 doctrinam
3024 672 3362 729 sufﬁcienter
3402 689 3500 729 vos
3542 724 3549 729 ,

1906 763 2202 835 sumpsisse
2228 772 2505 835 putamus,
2539 765 2792 821 volumus
2820 776 2883 822 ut
2917 763 3235 837 frequenter
3259 767 3327 822 ad
3358 766 3502 823 banc

1905 858 2093 914 sedem
2136 859 2362 913 clericos
2406 866 2615 914 vestros
2649 860 2896 928 mittatis,
2950 859 3195 931 talesque
3240 876 3501 930 personas

1908 950 2235 1022 provideatis
2264 950 2336 1007 ad
2360 968 2464 1007 nos
2487 951 2782 1017 destinare,
2800 954 2974 1025 quiet
2995 962 3201 1009 sach
3230 956 3499 1011 Romanis

1909 1045 2162 1101 Ecclesiae
2191 1045 2443 1101 moribus
2479 1046 2690 1117 plenius
2728 1047 2956 1113 instrui,
3002 1056 3059 1102 et
3106 1047 3357 1103 instructi
3404 1064 3499 1102 va-

1908 1138 2057 1194 leant
2100 1137 2169 1193 ad
2210 1154 2305 1195 vos
2349 1138 2507 1195 docte
2548 1139 2943 1211 salubriterque
2972 1155 3097 1211 qua:
3143 1148 3271 1196 sunt
3297 1140 3499 1213 agenda

1909 1230 2129 1289 referre.

2454 1350 2797 1406 EPISTOLA
2835 1351 2961 1406 XV.

2136 1493 2218 1532 AD
2261 1492 2559 1533 HUGONEM
2601 1491 2872 1533 DIBNSEM
2909 1490 3280 1536 BPISCOPUM.

2505 1598 2688 1659 (Anno
2732 1597 2911 1654 1081.)

1908 1714 2188 1781 Signiﬁcat
2229 1715 2589 1769 Parisiensem
2622 1718 2671 1766 et
2718 1714 3092 1769 Carnotensem
3132 1716 3397 1783 episcopos
3438 1714 3506 1768 de

1980 1800 2041 1838 eo
2072 1785 2221 1854 apud
2238 1800 2291 1838 se
2309 1800 2415 1839 esse
2442 1789 2653 1854 questos
2679 1784 2821 1853 quod
2854 1784 3094 1839 eumdem
3121 1785 3505 1841 Carnotensem

1980 1872 2085 1909 non
2146 1857 2393 1909 canonice
2440 1860 2751 1909 accusatum
2799 1857 3315 1927 excommunicatum
3354 1857 3505 1925 depo—

1982 1928 2170 1989 suerit,
2200 1943 2292 1981 nec
2321 1927 2436 1994 ejus
2471 1927 2834 1992 defensionem
2859 1926 3168 1987 admiserit,-
3205 1943 3312 1996 qua
3348 1926 3412 1980 de
3439 1942 3496 1980 re

1984 2013 2103 2051 cum
2126 2013 2181 2053 se
2198 2000 2470 2052 certiorem
2495 2013 2598 2051 non
2632 1999 2861 2063 fecisset,
2886 1997 3044 2065 jubet
3072 2003 3154 2064 ut,
3184 2000 3253 2052 iis
3282 2000 3504 2052 interim

1982 2072 2162 2125 Roma
2192 2074 2496 2137 exspectare
2517 2068 2711 2138 jussis,
2738 2071 2855 2139 ipse
2882 2074 2979 2123 aut
3005 2070 3207 2132 veniat,
3240 2072 3336 2123 aut
3364 2085 3501 2124 nun-

1984 2142 2119 2193 tium
2157 2143 2362 2194 mittat.

1983 2266 2347 2323 Gnsconws
2363 2267 2670 2337 episcopus,
2696 2282 2885 2322 servus
2909 2282 3196 2324 servorum
3220 2266 3345 2334 Dei,
3369 2266 3503 2323 dile-

1915 2368 2005 2414 cto
2032 2361 2089 2414 in
2108 2360 2327 2416 Christo
2348 2359 2462 2415 ﬁlio
2486 2362 2738 2417 HUGONI
2763 2359 2945 2415 Diensi
2971 2360 3248 2432 episcopo,
3270 2360 3507 2416 salutem

1916 2461 1971 2509 et
2012 2454 2371 2524 apostolicam
2402 2453 2865 2510 benedictionem.

1987 2547 2178 2601 Frater
2202 2555 2257 2601 et
2274 2546 2625 2617 coepiscopus
2652 2554 2844 2602 noster
2869 2546 3187 2601 Parisiensis
3214 2561 3341 2603 cum
3373 2549 3505 2604 Car-

1917 2639 2128 2694 notensi
2177 2638 2246 2695 ad
2288 2639 2649 2709 apostolicam
2696 2638 2881 2695 sedem
2918 2646 3201 2707 venerunt,
3239 2655 3355 2695 non
3392 2641 3507 2696 sine

1916 2728 2089 2787 multa
2098 2730 2343 2802 quidem,
2362 2732 2504 2787 sicut
2521 2731 2624 2802 ipsi
2649 2730 2979 2798 referebant,
3007 2739 3065 2787 et
3085 2732 3169 2787 sui
3191 2730 3505 2803 fatigatione

1917 2833 1973 2880 et
1999 2840 2185 2880 rerum
2214 2840 2436 2880 suarum
2461 2824 2674 2895 jactura
2703 2825 2760 2879 in
2789 2825 3120 2895 quibusdam
3159 2824 3312 2891 locis,
3337 2826 3507 2882 etiam

1917 2918 2085 2990 capti,
2113 2934 2216 2973 nec
2242 2918 2358 2973 sine
2386 2916 2763 2988 redemptione
2802 2918 2885 2973 sui
2923 2916 3148 2972 dimissi.
3191 2917 3505 2975 Clamorem

1917 3012 2098 3084 itaque
2117 3011 2185 3067 ad
2214 3019 2462 3067 nostram
2491 3010 2827 3067 audientiam
2851 3010 3097 3066 tulerunt
3120 3010 3265 3081 quod
3292 3009 3347 3065 in
3370 3010 3505 3068 alto-

1916 3122 2041 3161 rum
2075 3120 2270 3161 eorum
2288 3146 2302 3168 ,
2339 3104 2594 3161 videlicet
2620 3106 3018 3160 Carnotensem
3047 3104 3385 3176 episcopum,
3412 3112 3509 3161 tua

184 3197 303 3252 lare
327 3204 591 3267 optamus
613 3204 675 3252 ut
704 3212 824 3261 vos,
856 3204 971 3251 tam
994 3196 1118 3253 ﬁdei
1144 3196 1317 3268 gratia
1343 3211 1514 3268 quam
1546 3203 1600 3251 et
1630 3194 1800 3250 bono—
1837 3221 1881 3285 ρ
1910 3196 2221 3259 fraternitas
2246 3198 2626 3270 praeiudicium
2656 3196 2878 3265 fecerit,
2911 3207 2965 3254 et
2991 3212 3106 3252 non
3135 3197 3392 3253 canonice
3421 3212 3509 3253 ac—

184 3304 321 3346 rum
372 3304 606 3361 operum
652 3288 937 3353 fructibus,
971 3298 1029 3345 et
1065 3290 1119 3344 in
1153 3290 1255 3345 hac
1284 3289 1393 3345 vita
1425 3290 1603 3360 vigere
1644 3296 1697 3343 et
1741 3288 1799 3343 in

188 3381 381 3440 futura
428 3392 745 3439 sanctorum
784 3383 1019 3439 coetibus
1053 3382 1219 3439 faciat
1251 3383 1621 3439 adnumerari.
1662 3384 1800 3437 Pro-

190 3476 349 3541 inde,
397 3475 708 3532 cbarissimi
754 3475 877 3541 ﬁlii,
923 3476 1244 3532 auctoritate
1287 3484 1491 3531 sanctae
1534 3480 1801 3531 Romanis

188 3568 479 3634 Ecclesia,
507 3569 622 3625 vice
651 3570 945 3625 beatorum
975 3570 1350 3639 apostolorum
1383 3568 1528 3624 Petri
1554 3577 1611 3623 et
1647 3568 1799 3625 Pauli

189 3662 380 3730 nobis,
409 3662 535 3719 licet
562 3663 817 3736 indignis,
841 3678 1124 3732 concessa,
1159 3677 1255 3719 vos
1286 3662 1675 3729 admonemus,
1718 3670 1796 3729 ut,

195 3754 375 3827 hujus
399 3753 635 3828 fugitivae
664 3757 791 3813 vitae
833 3756 1273 3813 incertitudinem
1315 3772 1378 3812 ac
1415 3755 1800 3827 temporalium

196 3863 399 3905 rerum
448 3858 499 3905 et
544 3851 874 3923 gaudiorum
915 3851 1329 3908 instabilitatem
1381 3849 1800 3923 perpendentes,

194 3950 576 4012 contemnere,
607 3953 663 3999 et
699 3945 769 4001 ad
795 3945 883 4000 illa
931 3960 1054 4016 quae
1088 3945 1206 4000 sine
1235 3945 1343 4000 ﬁne
1366 3959 1625 4000 mansura
1653 3951 1799 4015 sunt,

196 4050 437 4109 queque
484 4036 707 4093 humani
746 4052 940 4094 sensus
976 4053 1040 4093 ac
1073 4036 1327 4094 desiderii
1364 4038 1641 4109 angustias
1680 4053 1801 4093 am-

194 4130 468 4202 plitudine
514 4132 943 4200 suaexcedunt,
972 4130 1345 4187 memineritis
1388 4131 1564 4187 aciem
1604 4130 1803 4187 mentis

199 4237 433 4296 semper
458 4224 788 4294 extendere;
816 4224 1170 4281 concordiam
1208 4232 1262 4279 et
1285 4223 1637 4280 dilectionem
1681 4232 1800 4279 stu-

199 4314 383 4373 deatis
406 4316 476 4374 ad
504 4318 737 4374 invicem
760 4318 1139 4374 indeﬁcienter
1168 4317 1398 4385 habere,
1430 4316 1671 4373 ecclesiis
1699 4316 1801 4373 ho-

199 4425 420 4479 norem,
444 4411 771 4483 pauperibus
795 4412 879 4468 vel
901 4408 1123 4467 afﬁictis
1144 4410 1603 4482 compassionem,
1631 4426 1804 4466 sacer-

198 4502 445 4572 dotibus,
477 4505 858 4577 prrecipueque
886 4505 1177 4577 episcopis,
1208 4505 1565 4561 reverentiam
1588 4513 1643 4560 et
1671 4505 1804 4561 obe-

1910 3300 2159 3348 cusatum
2179 3291 2768 3350 excommunicationis
2797 3307 2859 3346 ac
2888 3290 3250 3362 depositionis
3279 3298 3507 3346 senten-

1908 3387 1999 3442 tiae
2037 3385 2367 3442 subdiderit.
2404 3390 2478 3441 At
2519 3384 2626 3441 hoc
2665 3385 2831 3442 etiam
2873 3384 3189 3441 maximum
3216 3399 3510 3456 gravamen

1910 3479 2114 3534 factum
2151 3494 2269 3534 esse
2306 3478 2590 3550 conquesti
2630 3487 2762 3535 sunt
2807 3477 2977 3551 quod,
3023 3493 3151 3533 cum
3196 3478 3321 3533 talis
3362 3486 3509 3534 esset

1907 3573 2202 3639 accusatio,
2232 3580 2286 3627 et
2318 3572 2369 3629 in
2400 3570 2711 3628 defensione
2740 3572 2886 3627 illius
2914 3571 3206 3643 praedictus
3234 3570 3507 3627 Parisien-

1908 3666 1983 3721 sis
2021 3666 2338 3736 episcopus,
2381 3664 2477 3736 qui
2522 3680 2641 3720 rem
2683 3680 2908 3721 omnem
2953 3662 3358 3720 constitutionis
3389 3664 3508 3735 ejus

1908 3759 2061 3814 novit
2083 3767 2139 3814 et
2166 3757 2327 3826 fecit,
2370 3766 2425 3814 et
2454 3758 2800 3814 Belvacencis
2822 3758 3090 3825 absolute,
3132 3756 3242 3813 duo
3268 3772 3396 3813 vero
3421 3772 3507 3813 ar-

1910 3851 2265 3923 chiepiscOpi,
2307 3850 2501 3922 aliique
2540 3851 2652 3907 duo
2685 3851 2925 3923 episcopi
2974 3851 3067 3922 qui
3096 3865 3207 3906 non
3243 3849 3509 3907 interfue-

1909 3954 2057 4014 runt,
2090 3944 2532 4001 conditionaliter
2567 3944 2836 4013 videlicet,
2879 3960 2939 4001 se
2981 3944 3297 4011 scientibus,
3322 3944 3510 4015 jurare

1914 4039 2208 4104 voluerint,
2242 4046 2464 4112 propter
2496 4039 2600 4095 hoc
2627 4047 2811 4094 tamen
2840 4039 3019 4095 solum
3057 4037 3205 4110 quod
3231 4037 3507 4094 conditio-

1913 4149 2038 4189 nem
2061 4134 2145 4189 isti
2170 4142 2403 4205 quatuor
2427 4132 2775 4204 apponebant
2804 4129 3134 4187 defensionis
3152 4131 3392 4201 recipere
3410 4130 3504 4202 ju-

1912 4235 2223 4283 ramentum
2257 4227 2516 4283 nolueris.
2564 4228 2772 4281 Verum
2818 4241 2949 4280 cum
2991 4224 3059 4280 de
3100 4224 3386 4295 prudentia
3415 4232 3509 4279 tua

1910 4319 2043 4375 nihil
2072 4321 2433 4393 incongruum
2461 4327 2662 4374 temere
2691 4316 3030 4373 credendum
3067 4317 3228 4372 nobis
3253 4332 3372 4372 esse
3404 4333 3504 4387 pu-

1908 4422 2110 4481 temus,
2140 4412 2442 4484 pragsertim
2476 4411 2605 4483 quia
2646 4418 2760 4466 tam
2789 4410 2903 4465 viva
2935 4425 3068 4466 voce
3096 4425 3263 4481 quam
3313 4409 3509 4465 litteris

1912 4524 1976 4564 ex
2005 4508 2163 4563 nobis
2190 4516 2244 4563 te
2266 4522 2430 4579 super
2448 4505 2554 4561 hac
2580 4521 2641 4561 re
2670 4504 3077 4561 commonitum
3100 4519 3218 4559 esse
3246 4503 3504 4559 memini-

199 4595 490 4669 dientiam,
519 4600 675 4671 quasi
696 4599 959 4671 patribus,
995 4599 1303 4670 procuretis
1323 4599 1670 4671 impendere;
1703 4613 1803 4653 nec
1836 4594 1885 4656 Ι)
1913 4617 2059 4668 mus,
2090 4610 2151 4657 ut
2186 4599 2452 4673 quidquid
2501 4600 2561 4655 in
2587 4598 2812 4672 synodis
2850 4612 3036 4670 ageres
3064 4597 3347 4668 diligenter
3375 4611 3508 4652 con-

198 4708 321 4748 non
361 4701 414 4749 et
440 4694 705 4761 decimas,
754 4711 876 4766 quae
903 4694 971 4750 ad
1015 4710 1180 4749 usum
1214 4703 1328 4750 tam
1354 4693 1593 4764 ipsorum
1630 4709 1799 4764 quam

201 4786 554 4843 ecclesiarum
584 4797 638 4844 et
667 4804 967 4860 pauperum
997 4787 1307 4859 proﬁciant,
1327 4787 1460 4843 dare
1486 4787 1696 4859 totique
1719 4803 1801 4842 re-

203 4895 320 4951 gno
338 4879 589 4939 indicere.
610 4882 770 4951 Quod
784 4882 1005 4954 quidem
1021 4881 1157 4937 nulli
1170 4881 1332 4937 debet
1346 4896 1506 4953 grave
1520 4881 1687 4937 videri
1702 4897 1800 4951 pro

202 4973 419 5030 meliori
440 4985 606 5047 parte,
632 4975 881 5032 videlicet
909 4990 1127 5046 semper
1146 4975 1358 5030 victura
1378 4975 1585 5043 anima,
1604 4990 1797 5046 quem-

206 5080 321 5137 que
334 5065 598 5126 decimam
617 5071 736 5125 Deo
762 5068 965 5125 offerre
978 5107 993 5134 ,
1019 5084 1144 5124 cum
1166 5082 1267 5139 pro
1284 5068 1552 5123 morituro
1571 5084 1801 5138 corpore

208 5160 460 5230 plurimae
501 5171 693 5235 gentes
721 5162 1046 5234 conjugibus
1066 5162 1182 5218 suis
1206 5161 1423 5217 tertiam
1453 5177 1639 5216 rerum
1670 5161 1799 5233 legi-

209 5250 324 5309 bus
360 5256 752 5328 compellantur
776 5255 1073 5311 exsolvere.
1108 5258 1372 5312 Prteterea
1397 5255 1463 5311 ad
1500 5255 1605 5310 hoc
1642 5270 1799 5310 sum-

208 5345 320 5401 mis
346 5349 510 5406 animi
542 5349 745 5406 viribus
770 5349 1043 5406 enitimini
1075 5357 1136 5405 ut
1176 5349 1268 5419 qui
1297 5349 1443 5404 velut
1468 5349 1524 5404 in
1571 5349 1677 5404 ﬁne
1706 5365 1800 5405 or-

209 5438 319 5505 bis,
346 5441 414 5498 ita
459 5454 515 5500 ct
571 5445 924 5513 saeculorum,
965 5444 1030 5499 ad
1072 5442 1435 5499 laborandum
1483 5443 1539 5498 in
1587 5442 1799 5499 vineam

210 5534 553 5593 Dominicam
607 5538 890 5606 introistis,
948 5540 1090 5593 inter
1152 5538 1358 5608 primos
1410 5537 1802 5593 remunerandi

210 5628 465 5687 eumdem
496 5632 787 5689 denarium
828 5631 1133 5688 undecimae
1175 5640 1491 5704 operatores
1531 5632 1801 5703 percipere

207 5718 445 5781 debeatis
474 5726 689 5796 (Matth.
711 5733 834 5792 xx).
866 5726 1025 5797 Agite
1052 5727 1215 5782 etiam
1245 5730 1305 5781 ut
1332 5723 1800 5797 quemadmodum

209 5812 286 5868 de
310 5818 722 5885 praedecessoris
752 5819 912 5875 vestri
950 5818 1202 5879 laudabili
1250 5817 1401 5877 fama
1431 5818 1588 5876 valde
1610 5834 1807 5876 sumus

494 5910 724 5966 Ριτηοι..
764 5910 1023 5964 CXLVIII.

1905 4696 2170 4767 scriptum
2205 4693 2366 4750 nobis
2405 4693 2694 4763 dirigeres;
2740 4706 3059 4763 quanquam
3110 4705 3169 4746 se
3212 4690 3507 4746 adventum

1909 4805 2073 4845 suum
2102 4789 2201 4843 tibi
2230 4787 2540 4842 notiﬁcasse
2572 4793 2964 4852 memorarent,
3010 4799 3114 4839 nos
3150 4792 3334 4839 tamen
3362 4799 3503 4839 nun-

1908 4884 2050 4938 tium
2078 4890 2233 4937 tuum
2259 4887 2635 4952 exspectantes
2657 4888 2753 4935 aut
2782 4879 3012 4945 litteras,
3050 4878 3197 4945 illos,
3236 4887 3299 4933 ut
3325 4892 3506 4934 causa

1907 4992 2021 5033 suae
2042 4974 2423 5031 difﬁnitionem
2445 4974 2808 5045 perciperent,
2834 4988 2928 5043 per
2951 4971 3067 5028 dies
3092 4972 3405 5042 aliquantos
3418 4969 3509 5026 de-

1909 5070 2201 5137 tinuimus;
2231 5085 2294 5125 ac
2326 5075 2447 5140 post
2476 5068 2779 5140 ingressum
2810 5066 2979 5123 Urbis
3018 5066 3121 5121 sub
3162 5081 3226 5121 ea
3266 5080 3361 5135 spe
3392 5063 3508 5135 plu-

1909 5180 1999 5219 res
2029 5179 2194 5235 quam
2220 5162 2413 5236 viginti
2448 5160 2570 5217 dies
2595 5168 2723 5216 sunt
2749 5160 3042 5217 demorati.
3074 5157 3183 5213 Ubi
3214 5173 3345 5213 vero
3380 5156 3505 5223 illis,

1911 5265 1968 5313 et
2008 5257 2190 5313 labore
2236 5246 2473 5324 itineris,
2508 5264 2563 5310 et
2603 5270 2787 5310 rerum
2836 5252 3138 5326 dispendiis
3183 5250 3507 5323 magnisque

1910 5350 2220 5422 sumptibus
2252 5349 2502 5422 fatigatis,
2536 5364 2636 5404 nec
2665 5347 2917 5404 nuntium
2942 5363 3042 5402 nec
3070 5344 3278 5401 litteras
3306 5352 3509 5400 vestras

1910 5443 2238 5513 accepimus,
2287 5442 2547 5499 fratribus
2588 5456 2809 5513 quoque
2854 5440 3057 5495 nostris
3102 5437 3260 5493 valde
3294 5453 3509 5510 compa.

1911 5537 2175 5594 tientibus
2204 5544 2369 5606 atque
2408 5533 2851 5607 adjudicantibus
2892 5533 3055 5588 nimis
3088 5531 3368 5604 indignum
3392 5546 3507 5589 esse

1911 5630 2213 5703 apostolica
2244 5629 2662 5686 mansuetudine
2693 5637 2753 5683 ut
2776 5626 2849 5681 illi
2879 5628 2994 5682 sine
3018 5624 3391 5683 consolatione
3422 5641 3506 5681 re-

1911 5726 2187 5793 cederent,
2221 5725 2583 5797 praecepimus
2608 5723 2687 5777 eis
2717 5728 2776 5776 ut
2803 5720 2993 5776 tandiu
3016 5720 3197 5777 adhuc
3223 5726 3509 5785 exspecta-

1911 5828 2034 5878 rent
2078 5817 2251 5875 doncc
2277 5834 2345 5874 ex
2377 5817 2531 5873 vobis
2572 5827 2895 5886 responsum
2937 5814 3327 5884 reciperemus.
3377 5811 3509 5868 Fra-

3081 5903 3148 5954 20
