4044 6186
511 278 612 332 619

1194 273 1248 328 S.
1289 272 1610 345 GREGQRH
1651 271 1738 324 Vll
1776 269 1972 324 PAPIE
2010 267 2286 322 OPERUM
2323 264 2496 320 PARS
2536 265 2577 316 l.
2615 290 2683 302 -—
2707 257 3124 316 'REGlSTRUM.
3215 314 3223 324 _

3696 253 3802 306 620

505 401 744 458 teruitati
781 401 964 471 itaque
1014 405 1124 453 tuae
1158 395 1411 466 iubemus
1441 401 1504 450 ut
1539 402 1633 449 aut
1660 402 1719 448 tu
1761 394 1896 464 ipse,
1939 391 2089 464 quod
2119 398 2172 458 Α
2270 390 2558 471 ’νίτριεῖηίλζαςι
2580 392 2632 442 et
2658 386 2944 471 promissis
2969 380 3594 471 satisfactertsultomanw
3617 377 3808 432 Eccle-

507 495 688 566 magis
730 501 1004 564 optamus,
1030 489 1098 545 de
1124 489 1228 543 hoc
1271 497 1326 543 et
1354 488 1421 543 de
1443 487 1566 542 aliis
1605 486 1901 558 majoribus
1933 501 2096 557 nego-

500 583 599 642 'tiis
649 586 931 641 nobiscum
980 589 1315 638 tractaturus
1370 579 1655 647 advenias,
1703 588 1797 636 aut
1837 579 2098 634 idoneum

505 679 759 752 nuntium
786 691 914 731 cum
942 674 1133 729 litteris
1179 689 1344 744 super
1372 672 1474 727 hac
1511 689 1570 728 re
1613 672 1962 742 compositis,
2003 671 2098 742 qui

500 757 618 835 ieas,
661 769 705 824 si
733 769 807 824 sit
844 767 1232 834 necessarium,
1273 767 1588 837 juramento
1633 765 1976 836 comprobet,
2021 764 2098 821 di-

506 864 669 934 rigas.

576 961 721 1011 Data
746 954 1052 1022 Lateranis,
1078 953 1320 1010 secundo
1348 967 1524 1008 nonas
1560 951 1890 1008 Decembris.

1028 1065 1388 1121 EPISTOLA
1426 1064 1580 1119 XVI.

639 1184 722 1225 AD
758 1181 1005 1225 CLEBUH
1055 1182 1128 1223 ΕΤ
1166 1181 1460 1223 POPULUM
1501 1180 1965 1223 CARNOTENSEM.

1103 1272 1288 1339 (Anno
1326 1268 1502 1338 1081.)

509 1375 763 1444 Praecipit
805 1377 866 1427 ut
903 1374 1201 1442 episcopum
1231 1387 1388 1426 suum
1419 1371 1483 1424 de
1509 1372 1654 1438 falso
1699 1371 1953 1426 Simonta:
1999 1373 2102 1425 cri-

581 1443 731 1500 mine
763 1449 1066 1514 purgatum
1108 1443 1280 1498 debito
1316 1445 1510 1497 honore
1531 1444 1848 1512 suscipiant,
1874 1444 2023 1512 eique
2041 1446 2104 1497 ut

576 1519 804 1590 proprio
835 1520 1049 1585 pastori
1093 1515 1356 1570 obediant.

575 1628 932 1685 GBEGOBIUS
949 1627 1258 1698 episcopus,
1289 1643 1477 1683 servus
1501 1641 1783 1682 servorum
1807 1626 1935 1693 Dei,
1959 1625 2102 1680 clero

503 1728 558 1778 et
577 1720 779 1794 populo
809 1720 1165 1776 Carnotensis
1196 1721 1470 1789 Ecclesiae,
1499 1720 1734 1777 salutem
1763 1727 1820 1776 et
1841 1719 2103 1791 apostoli-

503 1830 626 1870 cam
668 1812 1128 1869 benedictionem.

577 1908 741 1979 Quod
787 1908 1107 1980 episcopum
1155 1916 1397 1964 vestrum
1423 1908 1618 1965 tandiu
1650 1908 1796 1980 apud
1824 1923 1925 1963 uos
1961 1907 2104 1964 deti-

505 2004 748 2070 nuimus,
791 2001 974 2058 sciatis
1008 2017 1110 2057 nos
1152 2000 1359 2057 idcirco
1394 2003 1572 2073 egisse
1601 2011 1662 2057 ut
1690 2017 1912 2058 causam
1941 2001 2105 2071 ipsius

508 2097 736 2168 pleuiter
772 2095 1122 2152 discutientes
1162 2088 1535 2150 irretractabili
1586 2095 1692 2151 ﬁne
1745 2095 2104 2150 concludere-

509 2206 653 2247 mus.
689 2190 824 2244 lnde
843 2191 1006 2244 etiam
1038 2188 1229 2244 litteris
1254 2189 1457 2244 nostris
1477 2188 1547 2244 ad
1574 2189 1816 2261 legatum
1849 2196 2104 2244 nostrum

469 2357 471 2359 ι
508 2284 828 2356 episcopum
852 2282 1114 2338 Diensem
1139 2281 1359 2337 directis
1386 2282 1767 2338 mandavimus
1787 2293 1848 2337 ut
1875 2291 1970 2337 aut
1994 2282 2105 2352 ipse

509 2380 579 2437 ad
607 2396 708 2435 nos
737 2381 965 2447 veniret,
995 2387 1091 2435 aut
1126 2379 1379 2435 nuntium
1429 2395 1589 2435 suum
1628 2396 1756 2435 cum
1787 2379 1974 2434 litteris
2002 2380 2106 2434 hu-

502 2473 595 2546 jus
617 2475 821 2545 negotii
848 2473 1040 2528 seriem
1059 2472 1468 2528 continentibus
1497 2473 1656 2527 nobis
1686 2473 2100 2528 transmitteret.

510 2570 715 2623 Verum
750 2565 993 2638 apicibus
1027 2565 1172 2621 illius
1199 2567 1466 2637 susceptis
1512 2567 1812 2637 reperimus
1853 2581 1983 2621 eum
2013 2567 2105 2621 ali-

509 2661 832 2731 quantulum
876 2664 910 2714 a’
943 2658 1119 2713 verbis
1163 2659 1414 2714 avunculi
1465 2658 1649 2731 hujus,
1690 2660 1898 2715 scilicet
1951 2661 2102 2714 Pari-

508 2751 700 2808 siensis
734 2753 994 2823 episcopi,
1031 2752 1344 2807 dissentire.
1387 2752 1494 2807 Sed
1525 2752 1897 2808 diversitatem
1930 2752 2107 2823 ipsam

508 2832 930 2918 diligentissime
945 2845 1360 2916 perspicientes,
1383 2846 1742 2918 cognovimus
1759 2845 2105 2916 praalibatum

507 2939 808 3012 negotium,
864 2939 1125 2994 inviolata
1175 2939 1415 3010 justitia,
1463 2956 1576 2994 non
1632 2942 1948 3011 incongrue
1980 2955 2106 2994 cum

510 3032 879 3088 misericordia
919 3048 1076 3103 posse
1106 3032 1353 3088 tractari.
1392 3035 1742 3102 Quapropter
1768 3033 1950 3087 divino
1979 3031 2105 3087 freti

509 3125 730 3191 auxilio,
788 3125 1102 3181 censuimus
1131 3140 1200 3180 ne
1244 3124 1469 3178 ulterius
1513 3124 1659 3178 hanc
1703 3123 1827 3178 falsi
1857 3125 2105 3179 criminis

2279 453 2372 518 sile
2407 461 2478 516 ab
2506 453 2735 516 Henrico
2781 461 2990 512 vexata:
3027 456 3106 509 sit
3143 453 3375 508 auwitio.

2282 583 2647 637 Gneoomus
2671 577 2961 647 episcopus
2985 588 3172 630 servus
3199 585 3482 628 servorum
3521 566 3646 634 Dei,
3676 570 3810 624 Ro-

2209 688 2408 730 nsu'ro
2449 672 2690 744 glorioso
2723 669 2868 737 duci,
2903 668 3133 724 salutem
3171 674 3229 722 et
3254 661 3605 736 apostolicam
3633 661 3810 717 bene-

2209 768 2520 824 dictionem.

2280 861 2440 930 Quod
2486 858 2622 932 gesti
2674 857 2802 914 belli
2831 862 3165 927 proventum
3207 861 3263 909 et
3309 851 3517 924 adeptae
3557 849 3811 907 victoriae

2210 957 2450 1027 palmam
2477 952 2638 1009 nobis
2660 960 2715 1007 et
2739 949 3005 1008 Romanis
3026 945 3342 1014 notiﬁcasti,
3363 945 3420 1002 id
3444 943 3592 1016 quod
3620 943 3812 1000 decuit

2212 1047 2461 1120 prudenti
2492 1046 2722 1103 consilio
2771 1060 2904 1100 usus
2933 1042 3116 1115 egisti,
3159 1051 3221 1096 ut
3247 1054 3335 1096 res
3375 1053 3544 1110 quam
3575 1053 3643 1093 ex
3675 1047 3809 1092 voto

2212 1143 2519 1198 amicorum
2552 1139 2787 1213 gloriose
2813 1137 3146 1204 obtinueras,
3174 1135 3423 1205 ipsorum
3445 1129 3806 1203 congratula-

2211 1235 2451 1291 tionibus
2491 1233 2782 1307 gloriosior
2811 1231 2907 1287 tibi
2937 1229 3257 1287 redderetur
3284 1234 3448 1298 atque
3478 1223 3804 1297 jucundior.

2211 1331 2439 1400 Oportet
2477 1328 2684 1382 interea
2729 1333 2784 1381 te
2808 1324 2959 1380 illum
3001 1323 3108 1380 alta
3150 1318 3419 1377 memoria
3458 1317 3620 1389 ﬁgere
3650 1317 3807 1386 cuius

2214 1423 2398 1479 favore
2435 1431 2488 1478 et
2525 1419 2722 1476 auxilio
2750 1435 2862 1476 non
2896 1417 3128 1490 ambigis
3171 1430 3262 1472 res
3305 1423 3430 1470 tuas
3467 1410 3804 1484 jamdudum

2209 1516 2526 1589 procedere.
2555 1519 2696 1570 Nam
2721 1514 2866 1588 sicut
2889 1509 3228 1583 ingratitudo
3258 1514 3515 1578 provocat
3544 1504 3804 1576 indigna-

2209 1614 2442 1678 tionem,
2466 1609 2538 1666 ita
2560 1608 2777 1664 devotio
2801 1607 3184 1661 incunctanter
3212 1600 3521 1658 accumulat
3547 1597 3804 1672 gratiam.

2213 1708 2557 1778 Quapropter
2582 1702 2810 1758 beatum
2829 1702 3077 1766 Petrum,
3102 1697 3262 1769 cujus
3285 1695 3385 1751 tibi
3404 1692 3594 1750 adesse
3620 1699 3805 1763 patro-

2138 1809 2185 1868 B
2214 1800 2412 1857 ciuium
2452 1795 2685 1869 grandia
2715 1792 2859 1850 facta
2908 1799 3198 1856 testantur,
3243 1804 3359 1860 pra
3401 1787 3573 1843 oculis
3599 1784 3804 1840 habere

2214 1909 2431 1964 semper
2459 1889 2790 1955 memineris,
2823 1886 3049 1959 ejusque
3087 1881 3384 1948 beneﬁciis,
3415 1895 3543 1937 cum
3584 1893 3806 1935 necesse

2213 1995 2313 2055 est,
2338 1993 2549 2058 gratam
2575 1983 2750 2039 vicem
2774 1980 3082 2053 rependens
3099 1979 3278 2049 ipsum
3307 1975 3378 2032 de
3399 1983 3617 2040 cetero,
3651 1971 3802 2028 velut

2212 2080 2536 2147 debitorem,
2565 2077 2779 2134 efﬁcere
2807 2074 2904 2131 tibi
2940 2081 3265 2146 procurate;
3301 2070 3370 2127 de
3398 2085 3507 2143 quo
3529 2067 3806 2124 nimirum

2213 2192 2279 2232 eo
2313 2175 2489 2246 magis
2525 2185 2857 2244 praesumere
2889 2169 3089 2240 poteris
3116 2182 3226 2240 quo
3263 2165 3501 2236 amplius
3527 2159 3809 2232 obsequiis

2212 2269 2364 2325 illum
2408 2267 2503 2323 tibi
2557 2266 2710 2338 quasi
2754 2262 3053 2320 obnoxium
3106 2258 3444 2316 astrinxeris.
3517 2258 3806 2311 Memento

2213 2363 2394 2432 itaque
2411 2361 2605 2415 matris
2629 2367 2741 2414 tum
2759 2365 2964 2413 sancta;
2989 2357 3259 2410 Romanae
3277 2350 3557 2415 Ecclesiae,
3583 2363 3705 2420 quae
3735 2346 3808 2403 de

2212 2463 2265 2510 te
2293 2456 2436 2510 inter
2471 2462 2700 2508 caeteros
2738 2450 3009 2522 principes
3036 2446 3340 2518 specialiter
3373 2443 3601 2500 conﬁdit
3636 2449 3694 2498 et
3715 2455 3810 2512 pe-

2212 2548 2492 2604 culiariter
2521 2544 2717 2618 diligit.
2759 2547 3034 2599 Memento
3066 2537 3213 2612 quod
3241 2539 3346 2596 sibi
3390 2536 3722 2610 promisisti;
3754 2545 3812 2594 et

2213 2641 2360 2715 quod
2383 2641 2650 2713 pollicitus
2669 2655 2726 2694 es
2751 2638 2858 2710 (cui
2883 2637 3054 2692 etiam
3071 2650 3184 2691 non
3205 2633 3533 2704 promittens
3548 2671 3563 2696 ,
3592 2646 3655 2686 ex
3677 2629 3811 2699 jure

2213 2734 2638 2792 Christianitatis
2691 2731 2858 2786 debes
2903 2727 3242 2799 adimplere),
3288 2742 3418 2781 cum
3459 2721 3805 2796 promiseris,

2213 2845 2324 2884 non
2348 2828 2576 2883 ulterius
2604 2824 2853 2880 differas.
2876 2825 3000 2879 Non
3027 2822 3176 2877 enim
3206 2821 3426 2892 ignoras
3451 2825 3649 2890 quanta
3677 2828 3809 2886 per-

2214 2921 2452 2978 turbatio
2475 2929 2662 2976 coutra
2685 2934 2808 2974 eam
2833 2933 2927 2988 per
2953 2916 3261 2972 Henricum
3283 2913 3492 2970 dictum
3521 2926 3706 2983 regem
3731 2909 3814 2964 sit

2215 3024 2356 3083 orta,
2404 3021 2777 3086 quantumque
2809 3019 2925 3078 tuo,
2980 3010 3072 3082 qui
3102 3024 3235 3064 suus
3280 3023 3339 3063 es
3387 3005 3550 3073 ﬁlius,
3604 3002 3812 3058 auxilio

2215 3109 2473 3180 indigeat.
2505 3110 2623 3178 Age
2652 3121 2802 3177 ergo,
2833 3113 2898 3160 ut
2924 3110 3192 3175 quantum
3222 3100 3405 3156 studet
3441 3098 3583 3153 ﬁlius
3607 3096 3814 3166 iniqui-

509 3219 644 3274 tanti
687 3219 977 3274 dilaniaret
1004 3215 1249 3284 infamia,
1296 3225 1356 3271 ut
1399 3216 1811 3287 praisentialiter
1856 3233 1950 3288 per
1973 3233 2030 3272 se
2055 3227 2102 3272 et

2217 3201 2342 3256 tatis
2369 3199 2666 3265 adversari,
2696 3213 2808 3253 non
2835 3197 3022 3252 minus
3050 3196 3244 3252 debeat
3271 3193 3339 3250 de
3361 3201 3474 3249 tuae
3497 3189 3814 3247 devotionis

506 3313 836 3368 avunculum
865 3327 1027 3366 suum
1048 3353 1061 3379 ,
1092 3310 1218 3367 dato
1254 3326 1415 3382 supra
1447 3310 1883 3366 sacratissimum
1909 3327 2108 3382 corpus

507 3405 650 3460 beati
698 3405 844 3460 Petri
891 3405 1267 3475 apostolorum
1317 3404 1580 3476 principis
1623 3405 1938 3475 juramento
1988 3421 2109 3460 sese

507 3508 783 3572 purgaret.
815 3500 935 3554 Non
964 3499 1113 3554 enim
1142 3507 1235 3552 aut
1261 3497 1550 3570 cujuslibet
1574 3513 1825 3568 personae
1848 3499 2104 3569 gratiam,

506 3602 601 3649 aut
641 3593 776 3647 lucri
817 3593 1134 3664 temporalis
1167 3589 1418 3646 ardorem
1444 3599 1662 3646 tantum
1700 3593 1882 3647 valere
1929 3591 2107 3647 credi-

507 3685 692 3740 dimus
715 3693 778 3740 ut
803 3685 998 3756 aliquis
1027 3700 1177 3739 sana:
1209 3685 1412 3739 mentis
1440 3685 1536 3751 vir,
1568 3686 1867 3754 praesertim
1893 3686 2105 3756 episco-

508 3791 633 3847 pus,
671 3785 853 3847 spreto
900 3777 1064 3831 divini
1097 3777 1324 3831 horrore
1361 3776 1582 3848 judicii,
1608 3779 1754 3832 ultro
1800 3778 2105 3849 perjurium

506 3876 625 3923 tam
677 3883 836 3940 grave
883 3869 1012 3923 velit
1039 3877 1273 3939 patrare.
1325 3868 1591 3937 Quocirca
1632 3869 1982 3926 dilectionem
2014 3887 2103 3926 ve-

506 3969 683 4017 stram
729 3969 1034 4027 monentes,
1066 3977 1133 4016 ex
1177 3969 1329 4031 parte
1361 3961 1507 4015 beati
1536 3961 1682 4016 Petri
1711 3962 1863 4017 vobis
1910 3963 2104 4033 praeci-

504 4055 688 4126 pimus
716 4061 780 4109 ut
803 4053 1092 4125 praefatum
1118 4054 1435 4125 episcOpum
1460 4063 1701 4108 vestrum
1725 4063 1951 4124 paterna
1977 4072 2104 4111 cum

503 4148 855 4203 veneratione
877 4147 1211 4218 suscipiatis,
1241 4148 1396 4219 eique
1425 4146 1677 4202 debitum
1702 4147 1975 4204 honorem
2005 4149 2102 4205 de-

427 4285 432 4290 .
504 4239 766 4308 ferentes,
799 4240 937 4296 sicut
958 4241 1161 4310 pastori
1185 4239 1478 4296 obediatis.
1511 4243 1784 4298 Praeterea
1809 4243 2104 4313 apostolica

504 4334 890 4391 interdictione
905 4333 1223 4390 inhibemus
1243 4349 1314 4390 ne
1333 4344 1462 4390 eum
1483 4349 1647 4406 super
1664 4335 1758 4390 illo
1774 4335 2103 4393 Simoniacaa

503 4429 898 4495 infamatiouis,
947 4443 1055 4500 quo
1094 4444 1152 4482 se
1195 4429 1465 4500 purgavit,
1500 4429 1685 4484 aliisve
1724 4427 1877 4484 falsis
1922 4431 2105 4486 crimi-

505 4524 690 4594 nibus,
722 4523 981 4595 deinceps
1026 4523 1240 4594 agitari,
1272 4537 1408 4578 neve
1448 4523 1651 4593 ipsum,
1691 4523 1832 4577 sicut
1868 4539 1992 4579 mos
2021 4533 2102 4580 est

2215 3294 2576 3366 opitulatione
2608 3300 2785 3347 mater
2819 3291 3061 3347 Ecclesia
3101 3287 3378 3361 gratulari.
3417 3284 3815 3341 Dubitavimus

2214 3388 2303 3443 hic
2349 3387 2584 3459 sigillum
2628 3385 2951 3456 plumbeum
2980 3397 3204 3454 ponere,
3246 3395 3316 3436 ue
3346 3379 3395 3435 si
3430 3376 3561 3434 illud
3601 3374 3814 3432 inimici

2215 3489 2499 3552 caperent,
2529 3479 2597 3537 de
2634 3491 2701 3534 eo
2737 3477 3033 3533 falsitatem
3071 3475 3316 3547 aliquam
3344 3471 3618 3529 facerent.

2715 3583 3067 3674 EQPISTOLA
3105 3615 3314 3673 xvm.

2782 3735 2972 3801 (Anno
3024 3735 3204 3795 1081.)

2223 3871 2292 3925 Ut
2319 3869 2378 3921 in
2419 3865 2767 3935 Lugdunenst
2800 3864 3036 3919 Ecclesia
3067 3860 3514 3935 archiepiscopum
3551 3856 3814 3935 idoneum

2282 3931 2652 3993 ordinaridum
2681 3940 2862 4001 curet;
2881 3935 3040 4004 quod
3060 3934 3169 3987 nisi
3189 3934 3292 3986 cito
3318 3931 3652 4000 reperiatur,
3694 3931 3815 3998 ipse

2284 4013 2402 4080 ejus
2434 4010 2674 4066 Ecclesia
2701 4009 2941 4075 regimen
2967 4006 3246 4075 suscipiat.

2285 4144 2635 4200 Gascomus
2698 4140 3006 4210 episcopus,
3084 4149 3270 4192 servus
3329 4145 3615 4189 servorum
3673 4131 3807 4196 Dei,

2213 4240 2351 4293 V....
2399 4241 2543 4304 (411)
2582 4234 2782 4290 dilecto
2821 4233 2880 4286 in
2909 4230 3132 4287 Christo
3171 4227 3331 4284 fratri
3378 4233 3432 4282 et
3458 4226 3810 4297 coepiscopo.

2211 4331 2444 4386 salutem
2474 4338 2527 4384 et
2567 4325 2926 4397 apostolicam
2951 4322 3415 4379 benedictionem.

2283 4426 2644 4491 Summopere
2682 4415 3091 4490 procurandum
3122 4415 3221 4471 tibi
3274 4423 3356 4470 est
3397 4420 3459 4469 ut
3506 4413 3564 4466 in
3603 4427 3815 4482 magna

2210 4517 2336 4573 sede
2370 4513 2718 4585 Lugdunensi
2747 4528 2862 4567 non
2891 4511 2984 4566 diu
3032 4507 3320 4565 differatur
3353 4505 3590 4563 ordinari
3619 4504 3815 4560 archi—

504 4617 892 4688 quorumdam,
921 4617 1171 4689 praelatos
1195 4615 1501 4671 criminosis
1530 4615 1928 4686 suspicionibus
1950 4633 2098 4672 com-
2135 4607 2187 4669 D
2214 4611 2520 4682 episcopus,
2554 4607 2644 4679 qui
2697 4621 2880 4661 revera
2920 4605 3009 4672 siti
3027 4603 3192 4659 miles
3228 4600 3429 4657 Christi
3468 4607 3522 4655 et
3551 4597 3818 4654 defensor

505 4713 813 4778 maculare,
880 4713 1109 4766 ulterius
1170 4711 1369 4782 injuste
1419 4710 1702 4765 sollicitari
1754 4709 2097 4781 permittatis,

502 4805 600 4860 sed
628 4820 779 4871 eum,
807 4812 870 4858 ut
902 4805 1380 4876 praesignavimus,
1412 4804 1554 4859 sicut
1601 4813 1813 4875 patrem
1840 4805 2097 4876 spiritua-

504 4899 614 4953 lem
651 4879 990 4966 venerantes,
1024 4898 1320 4953 ostendatis
1359 4913 1457 4952 vos
1485 4907 1539 4952 et
1581 4898 1890 4968 apostolicis
1931 4899 2100 4970 jussis

504 4991 873 5048 obedientiam
913 5007 1116 5062 gerere,
1169 4999 1223 5046 et
1251 4997 1314 5046 ut
1341 4991 1678 5046 Christianos
1707 4999 1924 5062 oportet
1974 4995 2098 5048 ani-

503 5099 723 5141 marum
763 5093 1070 5140 vestrarum
1110 5099 1302 5139 curam
1344 5083 1565 5139 habere.

1019 5196 1356 5274 El’lSTOLA
1395 5195 1573 5250 xvn.

933 5315 1013 5354 AD
1055 5313 1395 5353 ROBEhTUM
1424 5293 1672 5352 nucum.

1109 5391 1291 5463 (Anno
1316 5390 1493 5462 1081
1615 5370 1618 5374 ”

506 5499 634 5550 Cum
664 5495 920 5550 Bobertus
945 5496 1200 5564 adeptum
1236 5509 1288 5548 se
1323 5496 1602 5548 victoriam
1638 5496 1890 5563 pontiﬁci
1912 5499 1963 5548 et
2003 5497 2096 5549 Ro-

570 5569 746 5621 manis
779 5569 1098 5632 nuntiasset,
1127 5568 1380 5620 hortatur
1421 5572 1480 5618 ut
1516 5567 1654 5618 beati
1691 5569 1837 5620 Petri
1886 5567 2094 5619 (ium-ilio

571 5644 906 5694 consecutum
924 5655 982 5693 se
1005 5654 1118 5692 eam
1143 5653 1251 5692 esse
1274 5641 1644 5704 reminiscens,
1671 5639 1909 5692 debitam
1925 5639 2093 5690 vicem

2199 4699 2458 4771 justitim;
2486 4712 2584 4767 pro
2607 4712 2712 4768 qua
2743 4711 2856 4750 non
2883 4693 3062 4750 solum
3098 4691 3367 4757 laborare,
3394 4687 3492 4744 sed
3513 4687 3679 4743 etiam
3707 4701 3814 4756 pro

2211 4809 2276 4848 eo
2306 4790 2580 4848 desideret
2606 4798 2843 4844 mortem
2867 4787 3047 4843 carnis
3066 4784 3269 4840 subire.
3303 4781 3463 4852 Quod
3481 4781 3527 4836 si
3551 4780 3663 4835 cito
3690 4794 3814 4833 non

2210 4894 2388 4957 potest
2414 4883 2667 4954 reperiri,
2699 4897 2764 4937 ex
2795 4879 3092 4951 apostolica
3121 4877 3216 4933 tibi
3238 4874 3582 4948 przecipimus
3606 4879 3814 4928 aucto-

2208 4981 2362 5034 ritate
2388 4986 2453 5034 ut
2488 4984 2714 5049 rogatus
2735 4990 2764 5030 a
2791 4973 3054 5029 fratribus
3087 4971 3213 5039 tuis,
3239 4978 3297 5026 et
3321 4967 3526 5027 electus
3552 4965 3623 5022 ab
3651 4966 3810 5038 ejus-

2206 5075 2336 5129 dem
2386 5071 2639 5126 Ecclesise
2703 5068 2842 5134 ﬁliis,
2909 5065 3281 5122 indubitanter
3339 5075 3680 5134 praeminens
3737 5059 3815 5116 de

2206 5166 2480 5239 adjutorio
2510 5163 2714 5219 caelesti
2742 5163 2811 5217 ad
2842 5161 3086 5232 regimen
3124 5157 3401 5230 prmdictae
3428 5153 3814 5228 Lugdunensis

2211 5269 2410 5315 sancta:
2433 5256 2663 5312 accedas
2689 5255 2972 5319 Ecclesiae,
3003 5251 3271 5308 imitando
3296 5249 3601 5312 dominum,
3627 5253 3685 5303 et
3710 5261 3809 5318 pa-

2208 5362 2346 5408 trem
2388 5359 2641 5406 uostrum
2685 5348 2907 5403 beatum
2943 5351 3165 5404 Petrum
3207 5345 3542 5415 apostolum,
3591 5341 3685 5412 qui
3733 5339 3808 5395 de

2207 5445 2400 5501 minori
2427 5442 2666 5499 Ecclesia
2694 5441 3034 5497 Antiochena
3059 5439 3368 5496 .translatu
3392 5445 3476 5493 est
3503 5435 3563 5491 in
3590 5437 3806 5490 Roma-

2206 5555 2355 5594 nam.

2274 5636 2411 5686 Data
2437 5645 2587 5686 nono
2625 5628 2899 5686 Kalendas
2923 5627 3270 5685 Novembris.

574 5823 722 5883 (411)
749 5818 895 5886 Quid
925 5819 971 5873 si
1011 5819 1232 5890 Hugom'
1263 5817 1354 5889 qui
1397 5817 1650 5872 Gebuino
1690 5815 1950 5870 successit
1993 5813 2060 5870 ad
2105 5813 2314 5868 multos
2341 5813 2554 5866 annos?
2579 5813 2658 5865 ita
2679 5815 2732 5866 et
2769 5811 3054 5868 inllfutt'a.
