4044 6186
223 303 318 355 62f

751 423 1100 486 EPISTOLA
1129 423 1294 482 XIX.
1357 477 1360 482 .
1431 471 1438 484 τ
1533 483 1536 486 .

444 531 527 572 ΑΙ)
549 529 1086 575 ΔΒΟΗῘΕΡῙΒΩΟΡΙΙΜ
1118 533 1608 578 LUGDUNENSBM.

828 613 1010 683 (Anno
1047 618 1229 680 1081.)

225 707 657 762 Terminandam
687 709 738 762 ei
754 711 1040 763 committit
1067 725 1287 764 causam
1319 709 1556 777 abbatis,
1582 712 1672 763 cui
1704 708 1826 776 ofﬁ-

293 782 437 832 cium
486 783 712 849 propter
763 783 1168 847 contumaciam,
1221 782 1579 836 excusabilem
1626 786 1824 846 tamen,

295 851 708 915 interdixerat;
731 851 871 921 quod
898 855 1118 906 interim
1139 853 1224 906 illi
1239 853 1397 906 reddi
1416 853 1554 906 vult.
1575 855 1827 921 Prwcipit

294 928 356 976 ut
374 922 686 991 privilegio,
723 924 868 991 quod
891 924 960 977 ab
982 924 1315 978 aduersariis
1334 923 1446 992 ejus
1467 926 1738 978 monachis
1757 925 1826 978 ab

293 994 621 1048 Alexandro
635 997 890 1063 pontiﬁce
902 995 1214 1064 subreptum
1233 996 1528 1058 dicebatur,
1551 998 1604 1050 si
1619 998 1702 1049 ita
1721 1011 1777 1050 es
1785 1001 1825 1059 t,

297 1071 541 1128 cassato,
588 1081 852 1134 causaque
897 1066 1169 1135 discussa,
1217 1067 1508 1122 secundum
1545 1069 1827 1123 veritatem

286 1135 568 1204 judicium
597 1151 757 1207 super
775 1153 836 1191 ea-
859 1139 1142 1206 proferat.

296 1233 470 1287 Gnsc
482 1247 659 1288 onws
672 1232 983 1304 episcopus,
997 1248 1478 1289 servusservorum
1491 1234 1826 1302 Dei,dilecto

227 1325 276 1379 in
319 1326 552 1381 Christo
607 1324 760 1380 fratri
994 1325 1278 1399 [HUGONI,
1312 1331 1387 1382 sic
1430 1333 1479 1383 et
1521 1331 1578 1382 in
1608 1331 1828 1398 Mutin.]

225 1418 584 1490 Lugdunensi
631 1419 1064 1492 archiepiscopo,
1109 1423 1340 1476 salutem
1370 1430 1424 1476 et
1467 1422 1826 1494 apostolicam

224 1513 686 1568 benedictionem.

295 1606 492 1661 Abbas
518 1607 871 1678 przesentium
901 1607 1043 1663 lator
1069 1609 1257 1665 retulit
1276 1609 1436 1665 nobis
1461 1608 1706 1665 officium
1727 1609 1826 1665 sibi

223 1701 588 1775 ecclesiaeque
616 1717 730 1757 suae
763 1718 791 1756 a
819 1700 1159 1758 fraternitate
1187 1713 1279 1758 tua
1304 1720 1427 1760 esse
1455 1703 1826 1772 interdictum,

223 1805 522 1869 propterea
569 1797 715 1867 quod
766 1796 884 1852 loco
932 1798 1001 1852 ad
1043 1798 1312 1870 justitiam
1344 1797 1486 1853 inter
1537 1799 1719 1869 ipsum
1772 1791 1894 1852 etB

222 1888 486 1946 abbatem
526 1890 594 1943 de
635 1891 772 1946 Casa
803 1891 902 1944 Dei
931 1889 1356 1946 discernendam
1399 1892 1696 1946 constituto
1725 1890 1826 1946 ad-

219 1985 476 2039 monitus
509 2001 620 2040 non
649 1984 932 2055 interfuit;
963 1985 1029 2040 ad
1067 2002 1264 2058 quem,
1319 1986 1464 2041 sicut
1501 1985 1615 2056 ipse
1661 1985 1824 2056 dicit,

220 2078 411 2132 venire
432 2093 552 2132 non
571 2078 931 2149 contempsit,
954 2079 1048 2134 sed
1075 2087 1302 2150 propter
1321 2078 1646 2134 discordiam
1663 2121 1676 2143 ,
1701 2094 1826 2150 quas

221 2170 363 2226 inter
385 2170 626 2226 comites
648 2171 792 2226 illius
809 2173 998 2243 patria:
1014 2171 1133 2239 fuit,
1157 2189 1267 2228 non
1289 2189 1453 2228 ausus
1471 2182 1569 2228 est.
1596 2173 1831 2231 Proinde

221 2266 346 2338 quia
399 2281 510 2320 nos
558 2266 704 2321 illius
750 2282 974 2321 causam
1023 2282 1127 2322 nec
1167 2267 1402 2338 pleniter
1445 2268 1680 2337 scimus,
1726 2284 1828 2322 nec

224 2360 453 2415 absente
481 2359 649 2414 altera
679 2367 831 2430 parte
861 2359 1112 2432 judicare
1137 2359 1437 2430 debemus,
1474 2377 1591 2416 eam
1635 2360 1826 2417 frater-

223 2453 378 2508 nitati
425 2461 544 2508 tua:
583 2453 1007 2519 committimus,
1057 2460 1123 2508 ut
1169 2462 1376 2509 statuto
1420 2454 1636 2525 utrique
1688 2453 1827 2525 parti

227 2564 477 2618 congruo
529 2548 649 2602 loco
692 2557 749 2603 et
776 2547 1030 2610 termino,
1076 2547 1144 2602 ad
1191 2547 1356 2602 finem
1407 2563 1570 2618 quem
1618 2548 1826 2620 justitia

229 2640 516 2696 dictaverit
550 2655 742 2696 eorum
766 2656 987 2696 causam
1028 2638 1315 2712 perducas.
1345 2641 1616 2696 Volumus
1644 2650 1828 2696 tamen

231 2743 290 2790 ut
329 2751 434 2808 pro
465 2751 657 2790 amore
687 2734 828 2791 beati
858 2735 1035 2800 Petri,
1068 2751 1099 2790 a
1153 2751 1264 2807 quo
1310 2734 1426 2789 sine
1455 2734 1827 2790 misericordia

232 2843 393 2884 nemo
410 2825 632 2900 regredi
659 2827 843 2897 debet,
865 2827 917 2882 in
938 2835 1208 2899 quantum
1229 2843 1353 2882 cum
1373 2826 1584 2898 justitia
1607 2827 1826 2898 poteris,

233 2923 394 2977 istum
419 2921 858 2978 misericorditer
887 2929 1110 2990 tractes,
1142 2925 1304 2994 atque
1333 2921 1389 2976 in
1418 2921 1830 2978 mansuetudine

236 3024 325 3072 tua
369 3016 418 3072 is
456 3017 658 3072 sentiat
698 3032 757 3072 se
793 3034 903 3072 non
960 3016 1165 3072 frustra
1215 3025 1426 3071 tantum
1466 3017 1710 3072 laborem
1763 3015 1831 3072 ad

236 3109 590 3181 apostolicam
609 3108 798 3165 sedem
819 3109 1138 3181 sumpsisse.
1165 3108 1389 3163 Interim
1409 3107 1575 3164 etiam
1597 3108 1829 3182 dignum

235 3203 475 3270 videtur,
501 3211 556 3260 et
585 3204 838 3259 volumus
867 3212 946 3270 ut,
971 3203 1076 3258 nisi
1107 3202 1212 3258 hoc
1255 3201 1324 3258 ad
1361 3203 1633 3274 justitiam
1675 3219 1828 3258 exse-

233 3298 508 3368 quendam
565 3297 956 3369 impediturum
1005 3312 1123 3352 esse
1158 3312 1257 3368 pro
1301 3303 1452 3352 certo
1490 3297 1832 3368 cognoveris,

237 3389 488 3447 ofﬁcium
535 3391 639 3446 sibi
671 3406 891 3462 suaeque
937 3391 1180 3446 ecclesiae
1211 3389 1439 3456 reddas;
1468 3399 1735 3463 quatenus
1776 3391 1832 3446 in

234 3483 342 3540 hoc
371 3499 603 3557 quoque
629 3484 941 3556 apostolica:
984 3483 1126 3540 sedis
1153 3484 1418 3540 auxilium
1463 3484 1680 3554 petiisse
1721 3501 1834 3539 non

235 3593 362 3633 eum
413 3579 705 3650 paeniteat.
769 3579 1038 3634 Praeterea
1097 3577 1244 3634 idem
1291 3578 1389 3632 iste
1436 3577 1603 3633 frater
1648 3579 1838 3634 retulit

171 3747 182 3751 _
233 3672 400 3728 nobis
446 3687 509 3728 se
548 3687 792 3744 causam,
825 3689 994 3744 quam
1024 3688 1152 3728 cum
1197 3671 1523 3743 quibusdam
1555 3673 1837 3730 monachis

233 3765 497 3830 habebat,
541 3764 612 3822 ad
655 3763 993 3821 audientiam
1040 3773 1192 3821 tuam
1220 3765 1510 3832 detulisse;
1563 3767 1716 3838 cujus
1757 3766 1836 3822 rei

229 3860 727 3929 examinationem,
759 3861 1024 3933 quoniam
1072 3859 1280 3931 praefati
1323 3859 1584 3916 monachi
1622 3860 1836 3932 privile-

227 3955 389 4025 gium
423 3953 740 4010 venerandae
771 3953 1052 4011 memoria:
1077 3953 1370 4009 Alexandri
1413 3953 1840 4026 prae-decessoris

229 4047 414 4103 nostri
463 4047 892 4118 praetendebant,
942 4046 1183 4102 nolueris
1229 4045 1432 4124 facere.
1489 4048 1840 4118 QuaprOpter

233 4140 366 4211 quia
430 4140 718 4212 praalibato
759 4139 1093 4197 antecessori
1137 4148 1327 4196 nostro
1368 4121 1655 4195 al‘malitia
1701 4155 1838 4212 quo-

230 4232 527 4302 rumdam,
569 4235 709 4291 sicut
743 4236 858 4308 ipse
893 4235 1060 4302 nosti,
1084 4250 1484 4306 nonnunquam
1521 4235 1842 4306 subreptum

235 4337 344 4396 est,
377 4328 625 4400 religioni
655 4338 764 4385 tuae
792 4329 1137 4401 pracipimus
1165 4337 1228 4384 ut
1245 4328 1602 4385 nihilominus
1621 4343 1846 4384 causam

233 4423 421 4496 ipsam
448 4421 731 4490 discutias,
771 4430 846 4491 et,
897 4423 940 4478 si
970 4423 1308 4496 privilegium
1340 4432 1530 4479 contra
1578 4422 1846 4496 justitiam

236 4516 455 4572 factum
501 4532 622 4572 esse
669 4516 1124 4588 deprehenderis,
1168 4533 1234 4573 eo
1285 4526 1525 4586 cassato,
1580 4516 1806 4589 quidqui

239 4611 474 4684 aequitas
506 4610 861 4682 postulaverit
905 4609 1125 4683 exsequi
1153 4619 1341 4666 nostra
1378 4611 1697 4666 auctoritate
1746 4609 1848 4665 ful-

234 4716 330 4763 tus
359 4722 478 4762 non
516 4705 755 4762 dubites.
787 4704 1067 4778 Quidquid
1111 4713 1296 4763 autem
1337 4721 1501 4775 super
1531 4704 1613 4760 his
1648 4704 1844 4761 difﬁni-

235 4801 408 4865 veris,
452 4811 657 4857 nostra:
691 4799 1067 4871 intelligentiae
1103 4799 1326 4855 studeas
1367 4797 1626 4855 indicare.

788 4905 1142 4960 EPISTOLA
1171 4905 1308 4959 ΧΧ.

529 5013 614 5054 ΑΒ
653 5012 994 5054 ΕΡιεεοΡυιιι
1025 5011 1562 5053 CANTUABIBNSEM.

838 5093 1018 5158 (Anno
1055 5095 1239 5156 1081.)

239 5184 644 5240 Cantuariensi
666 5186 927 5254 episcopo,
956 5201 1073 5238 cum.
1103 5187 1319 5240 Romam
1347 5198 1486 5252 saepe
1509 5187 1722 5237 vocatus
1752 5198 1846 5236 nec

306 5258 565 5318 venisset,
621 5273 715 5311 nec
764 5258 1157 5310 accusationem
1221 5257 1529 5309 canonicam
1591 5255 1843 5316 haberet,

304 5329 562 5398 praei-pit
599 5333 656 5382 ut
705 5328 857 5380 intra
886 5334 1115 5394 quatuor
1145 5342 1344 5380 menses
1381 5329 1603 5398 Romam
1631 5328 1843 5387 veniat,

311 5397 560 5467 alioquin
587 5414 712 5453 eum
734 5399 805 5453 ab
833 5400 1013 5466 ofﬁcio
1039 5399 1327 5467 episcopali
1365 5397 1665 5467 suspendit.

319 5497 365 5552 G
380 5509 696 5552 nnconws
717 5494 1026 5568 episcopus,
1047 5509 1234 5550 servus
1245 5509 1527 5549 servorum
1540 5494 1662 5559 Dei,
1684 5495 1772 5548 L..

238 5590 685 5656 [LANFBANCO,
707 5591 781 5644 sic
813 5591 872 5643 in
899 5589 1124 5654 Mutin.]
1149 5587 1572 5644 Cantuariorum
1597 5587 1851 5659 archiepi-

239 5693 442 5749 sc0po,
479 5679 718 5734 salutem
757 5687 812 5732 et
846 5676 1210 5749 apostolicam
1246 5675 1705 5734 benedictionem.

313 5773 476 5842 Saepe
505 5771 911 5829 fraternitatem
951 5780 1105 5828 tuam
1129 5773 1424 5844 apostolica
1467 5771 1737 5845 legatione
1763 5771 1853 5828 in-

235 5865 546 5921 vitavimus
566 5869 806 5923 Romam
831 5867 1016 5924 venire
1038 5866 1204 5924 etiam
1231 5881 1330 5938 pro
1358 5865 1487 5923 ﬁdei
1503 5875 1558 5925 et
1578 5866 1854 5940 religionis

1382 301 1576 355 LIBER
1613 301 1857 357 NONUS.
1893 328 1962 339 —
2001 299 2206 355 EPIST.
2247 298 2374 352 XXI.

3416 306 3521 360 622

1845 432 1896 491 Α
1925 423 2248 481 Christianae
2298 419 2786 493 comprobatione;
2839 423 2988 493 quod
3035 424 3338 500 hucusque,
3385 429 3524 484 sicut

1931 526 2187 588 apparet,
2218 524 2315 571 aut
2339 513 2575 586 superbe
2603 523 2697 570 aut
2719 516 3056 587 negligenter
3073 528 3259 576 nostra
3294 522 3525 578 abutens

1928 610 2184 680 patientia
2217 609 2493 676 distulisti,
2523 624 2652 664 cum
2672 625 2776 664 nec
2804 610 2968 666 etiam
2997 614 3319 671 canonicam
3355 631 3523 672 excu-

1930 703 2196 758 sationem
2224 702 2594 772 praatenderis.
2617 705 2740 758 Non
2765 704 2914 760 enim
2936 705 3090 762 labor
3113 715 3208 763 aut
3233 708 3524 767 difficultas

1929 797 2144 854 itineris
2173 805 2227 853 te
2254 795 2597 852 sufﬁcienter
2637 808 2887 868 excusat,
2917 816 3045 856 cum
3070 801 3203 858 satis
3233 810 3428 858 notum
3454 803 3526 859 sit

1931 891 2137 948 multos
2173 891 2336 964 longe
2360 899 2634 960 remotos,
2667 891 2792 948 licet
2818 909 3046 964 corpore
3069 894 3338 952 invalidos
3361 904 3415 953 et
3441 896 3524 952 in-

1931 984 2152 1051 firmos,
2185 992 2243 1040 et
2287 1001 2318 1040 a
2372 983 2580 1040 lectulis
2627 982 2712 1038 vix
2759 985 3000 1043 valentes
3040 1002 3279 1060 surgere,
3334 997 3524 1047 tamen

1931 1079 2071 1135 beati
2099 1080 2242 1136 Petri
2274 1095 2464 1136 amore
2488 1079 2784 1151 ﬂagrantes
2809 1079 2879 1135 ad
2907 1079 3024 1151 ejus
3045 1081 3241 1139 limina
3263 1082 3525 1140 vehiculis

1931 1188 2240 1244 properare.
2285 1174 2465 1243 Quare
2504 1171 2804 1244 apostolica
2842 1172 2943 1228 tibi
2984 1175 3303 1232 auctoritate
3334 1177 3523 1247 prisci-

1932 1267 2110 1338 pimus
2146 1276 2206 1322 ut
2243 1267 2537 1339 postposita
2571 1267 2857 1323 occasione
2885 1267 2966 1323 vel
3017 1267 3168 1324 inani
3209 1268 3523 1337 formidine,

1930 1359 2071 1418 datis
2117 1361 2344 1417 induciis
2393 1369 2630 1432 quatuor
2689 1360 2996 1430 mensium,
3054 1369 3344 1434 postquam
3409 1363 3526 1420 haec

1933 1463 2122 1512 nostra
2165 1455 2423 1511 mandata
2469 1455 2537 1512 ad
2574 1455 2833 1510 notitiam
2868 1462 3021 1512 tuam
3060 1457 3440 1526 pervenerint,
3473 1456 3528 1514 in

1933 1550 2216 1623 praesentis
2268 1550 2394 1606 anni
2446 1548 2588 1605 festo
2643 1552 2908 1605 Omnium
2949 1551 3276 1606 Sanctorum
3329 1553 3528 1608 Romae

1932 1644 2119 1700 adesse
2174 1659 2432 1714 procures
2476 1651 2529 1698 et
2592 1651 2837 1714 satagas,
2879 1651 2936 1698 et
2980 1642 3361 1699 inobedientia:
3412 1652 3526 1701 tua:

1931 1747 2144 1793 reatum
2172 1754 2266 1808 per
2285 1746 2500 1792 tantum
2526 1735 2794 1808 temporis
2817 1743 3202 1808 supportatum
3233 1736 3526 1796 emendare

1936 1847 2049 1886 non
2071 1831 2302 1887 ulterius
2329 1830 2585 1902 negligas.
2611 1830 2772 1900 Quod
2797 1830 2841 1885 si
2869 1845 2968 1885 nec
2998 1830 3176 1886 adhuc
3195 1839 3250 1886 te
3268 1831 3529 1888 mandata

1933 1925 2232 1995 apostolica
2261 1924 2552 1992 moverint,
2577 1923 2674 1980 sed
2711 1939 2774 1980 ea
2800 1923 3152 1980 dissimulans
3190 1925 3250 1982 in
3279 1934 3527 1982 contem-

1935 2029 2046 2092 ptu-
2090 2020 2290 2075 durare
2341 2019 2622 2085 malueris,
2675 2027 2734 2074 et
2786 2019 3090 2090 periculum
3140 2018 3529 2076 inobedientim

1938 2113 2217 2170 incurrere
2243 2129 2356 2169 non
2384 2113 2683 2181 erubueris,
2711 2111 2863 2184 quod
2899 2121 2984 2168 est
3014 2113 3168 2184 quasi
3197 2113 3376 2170 celu
3415 2113 3531 2170 ido-

1936 2205 2185 2275 lolatriae,
2223 2205 2654 2275 testantebeato
2679 2205 2930 2262 Samuele
2954 2208 3001 2271 (1
3015 2209 3144 2275 Reg.
3172 2211 3299 2274 xv),
3325 2223 3356 2262 a
3380 2205 3530 2264 beati

1937 2301 2083 2356 Petri
2125 2299 2294 2371 gratia
2318 2300 2459 2357 scias
2500 2307 2558 2355 te
2591 2298 2978 2371 proculdubio
3019 2300 3446 2370 removendum,
3475 2311 3535 2358 et

1937 2394 2058 2464 ejus
2085 2395 2406 2450 auctoritate
2427 2387 2670 2464 iomnin'o
2700 2393 3026 2463 feriendum,
3068 2393 3141 2452 ita
3175 2395 3427 2453 videlicet
3471 2404 3536 2453 ut

1939 2487 1987 2544 si
2019 2487 2158 2544 infra
2182 2489 2508 2560 pradietum
2538 2488 2776 2560 spatium
2817 2487 2886 2544 ad
2908 2503 3016 2545 nos
3042 2504 3157 2546 non
3182 2489 3420 2558 veneris,
3460 2490 3533 2547 ah

1941 2581 2093 2636 omni
2115 2580 2190 2636 sis
2208 2581 2390 2639 ofﬁcio
2411 2579 2706 2653 episcopali
2728 2595 3042 2651 suspensus.

2470 2673 2822 2729 EPISTOLA
2850 2674 3014 2728 XXI.

2356 2782 2440 2823 AD
2474 2780 2813 2824 UNIVBRSOS
2841 2780 3111 2824 FIDBLBS.

2531 2859 2720 2921 (Anno
2754 2859 2935 2919 1081.)
3396 2891 3400 2898 ι

2045 2953 2312 3006 Hortatur
2339 2951 2414 3005 ad
2431 2951 2821 3021 persecutiones
2840 2950 3123 3019 patienter
3147 2951 3426 3018 ferendas.

2011 3045 2370 3102 GBEGOBIUS
2385 3045 2696 3116 episcopus,
2713 3059 2906 3100 servus
2918 3059 3206 3101 servorum
3222 3044 3346 3112 Dei,
3364 3045 3540 3102 omni-

1943 3135 2046 3193 bus
2061 3137 2329 3209 episcopis
2343 3179 2359 3206 ,
2385 3136 2670 3193 abbatibus
2685 3178 2699 3202 ,
2721 3137 2928 3193 clericis
2942 3144 2999 3192 et
3016 3136 3167 3193 laicis
3182 3177 3199 3204 ,
3220 3138 3538 3209 apostolica

1940 3231 2052 3288 sedi
2073 3231 2344 3301 ﬁdelibus,
2364 3233 2597 3290 salutem
2619 3239 2678 3287 et
2699 3231 3055 3302 apostolicam
3068 3220 3535 3290 benedictionem.

2015 3325 2252 3393 Scimus,
2294 3325 2490 3384 fratres
2533 3327 2872 3394 charissimi,
2915 3327 3042 3398 quia
3073 3326 3540 3385 tribulationibus

1945 3426 2000 3474 et
2043 3419 2307 3490 angustiis
2334 3419 2539 3475 nostris
2567 3419 2970 3491 eompatimini,
3004 3427 3061 3476 et
3101 3419 3156 3475 in
3186 3419 3388 3475 vestris
3416 3435 3540 3476 ora-

1945 3513 2184 3570 tionibus
2211 3520 2338 3569 ante
2385 3494 2694 3570 Dominum
2741 3513 3069 3569 memoriam
3096 3513 3273 3570 nostri
3303 3512 3536 3569 habetis.

1945 3608 2102 3679 Quod
2129 3608 2272 3664 idem
2302 3624 2404 3664 nos
2433 3624 2559 3680 erga
2579 3623 2676 3663 vos
2702 3622 2862 3680 agere
2889 3623 3002 3662 non
3034 3607 3317 3676 dubitetis,
3342 3614 3398 3662 et
3417 3621 3542 3662 me-

1944 3703 2082 3770 rito;
2131 3718 2259 3757 nam
2287 3701 2581 3773 Apostolus
2608 3701 2742 3757 dicit
2791 3721 2804 3756 :
2852 3703 2916 3756 Si
2931 3704 3148 3772 patitur
3171 3717 3341 3756 unum
3367 3717 3535 3756 mem-

1951 3799 2103 3852 brum
2139 3799 2539 3867 compatiuntur
2567 3803 2622 3851 et
2649 3803 2847 3852 caetera
2899 3796 3135 3851 membra
3169 3795 3220 3867 (Ι
3251 3796 3370 3854 Cor.
3411 3801 3540 3861 xu).

1949 3895 2013 3948 In
2043 3892 2148 3948 hoc
2184 3892 2348 3946 etiam
2375 3891 2648 3948 credimus
2685 3891 3007 3947 charitatem
3047 3889 3148 3946 Dei
3193 3887 3460 3946 diffusam
3489 3889 3546 3944 in

1949 3985 2204 4066 cordibus
2227 3985 2448 4054 nostris,
2481 3983 2604 4056 quia
2641 3999 2835 4041 omnes
2859 3999 3036 4040 unum
3060 3984 3342 4053 volumus,
3373 3999 3546 4040 unum

1949 4079 2322 4137 desideramus
2342 4087 2395 4135 et
2416 4078 2484 4135 ad
2515 4095 2686 4135 unum
2714 4077 3011 4136 tendimus.
3040 4079 3234 4134 Unum
3265 4077 3545 4147 volumus,

1951 4173 2203 4230 videlicet
2230 4182 2292 4228 ut
2314 4188 2511 4230 omnes
2530 4173 2679 4243 impii
2699 4172 3038 4244 resipiscant,
3060 4181 3117 4228 et
3135 4170 3205 4228 ad
3230 4173 3549 4228 Creatorem

1951 4283 2114 4324 suum
2164 4275 2545 4331 revertantur;
2597 4282 2772 4321 unum
2817 4266 3207 4333 desideramus,
3254 4264 3458 4321 scilicet
3485 4273 3549 4321 ut

1955 4369 2138 4418 sancta
2167 4361 2433 4428 Ecclesia,
2447 4376 2546 4432 per
2573 4368 2754 4416 totum
2775 4359 2971 4415 orbem
2989 4359 3312 4415 conculcata
3333 4365 3390 4413 et
3409 4373 3544 4413 con-

1959 4455 2099 4520 fusa,
2144 4463 2202 4511 et
2253 4472 2350 4527 per
2384 4454 2629 4511 diversas
2657 4461 2839 4525 partes
2866 4453 3112 4521 discissa,
3158 4451 3228 4507 ad
3253 4449 3551 4522 pristinum

1812 4513 1844 4615 _d
1876 4537 1926 4598 Ῑ)
1955 4513 2209 4606 decorem
2239 4513 2296 4604 et
2332 4513 2674 4606 soliditatem.
2689 4547 2913 4615 redeat;
2943 4545 3015 4604 ad
3052 4513 3225 4601 unum
3252 4513 3548 4612 tendimus,

1956 4642 2081 4716 quia
2109 4651 2170 4700 ut
2197 4647 2347 4699 Deus
2378 4642 2720 4714 glori'ficetur
2750 4641 2808 4696 in
2835 4639 3013 4706 nobi,
3043 4647 3101 4695 et
3131 4653 3238 4694 nos
3276 4652 3407 4694 cum
3434 4635 3555 4693 fras

1955 4737 2129 4794 tribus
2151 4737 2372 4807 nostris,
2412 4736 2576 4792 etiam
2604 4750 2732 4791 cum
2762 4734 2849 4789 his
2875 4733 2965 4805 qui
2989 4748 3092 4789 nos
3126 4738 3560 4804 persequuntur,—

1955 4832 2022 4887 ad
2039 4831 2210 4887 vitam
2228 4839 2494 4887 aeternam
2513 4828 2800 4900 pervenire
2818 4841 3152 4893 mereamur,
3179 4831 3509 4896 exoptamus
3533 4841 3548 4880 :

1956 4927 2127 4984 Nolite
2164 4927 2379 4994 mirari,
2399 4924 2612 4994 fratres
2639 4921 2964 4983 charissimi,
2985 4921 3037 4975 si
3058 4919 3175 4975 odit
3198 4932 3291 4973 vos
3319 4919 3550 4973 mundus

1955 5023 2004 5086 (ι
2023 5023 2176 5075 Joan.
2207 5025 2319 5086 ιιι),
2357 5017 2482 5090 quia
2509 5026 2563 5073 et
2603 5032 2704 5073 nos
2732 5015 2832 5087 ipsi
2863 5031 2990 5070 eum
3015 5020 3211 5070 contra
3238 5011 3549 5068 nos-irrita.

1956 5129 2100 5184 mus,
2133 5112 2226 5185 qui
2251 5111 2394 5168 illius
2424 5110 2697 5168 desiderio
2726 5109 2883 5166 valde
2921 5107 3356 5166 contradicentes
3383 5120 3549 5178 opera

1955 5208 2100 5264 illius
2134 5207 2588 5264 condemnemus.
2635 5205 2780 5276 Quid
2828 5212 3015 5260 autem
3053 5203 3264 5258 mirum
3307 5202 3354 5256 si
3393 5200 3546 5272 prin-

1957 5302 2100 5374 cipes
2133 5300 2329 5358 mundi
2349 5309 2404 5357 et
2430 5308 2680 5374 potentes
2701 5297 2883 5356 saeculi
2918 5313 3023 5354 nos
3051 5310 3320 5370 pauperes
3351 5293 3551 5352 Christi

1959 5395 2311 5469 pravitatibus
2349 5395 2570 5451 illorum
2620 5393 2925 5461 obviantes,
2954 5391 3171 5460 odiunt,
3205 5398 3261 5448 et
3313 5388 3551 5461 quadam

1958 5488 2326 5561 indignatione
2353 5497 2547 5545 contra
2577 5503 2681 5546 nos
2708 5486 3036 5554 desaeviunt,
3072 5501 3202 5542 cum
3228 5481 3393 5554 aliqui
3422 5482 3552 5538 sub-

1951 5582 2109 5654 jecti,
2152 5582 2236 5638 vel
2263 5582 2429 5637 etiam
2458 5581 2621 5650 servi,
2669 5580 2806 5653 jussi
2855 5595 2980 5635 suas
3031 5579 3344 5650 iniquitates
3390 5575 3553 5632 relin-

1959 5693 2147 5750 quere,
2201 5685 2473 5732 conantur
2515 5674 2943 5748 praepositorum
2974 5686 3206 5727 suorum
3249 5670 3422 5725 vitam
3450 5684 3549 5726 au-

1961 5770 2128 5840 ferre,
2158 5779 2212 5826 et
2239 5780 2425 5827 tamen
2451 5768 2629 5849 adipe
2656 5783 2830 5839 usque
2860 5766 2932 5824 ad
2973 5764 3298 5836 sanguinem
3327 5761 3437 5815 rari
3482 5775 3550 5816 ex

1963 5863 2172 5922 nostris.
2215 5865 2398 5937 impiis
2451 5863 2792 5928 restiterunt,
2835 5867 2909 5925 et,
2957 5855 3106 5927 quod
3153 5854 3383 5910 omnino
3428 5862 3554 5910 erat
