4044 6186
539 303 639 357 623

1219 299 1275 353 S.
1315 296 1633 351 GREGORII
1672 294 1759 349 Vll
1798 290 1992 350 ΡΑΡᾹΞ
2030 294 2113 349 ΟΡ

2226 292 2305 349 ΗΜ
2344 294 2513 349 PARS
2550 295 2589 348 ῐ.
2638 321 2697 331 --
2738 286 3140 345 REGISTRUM.

3720 282 3829 338 624

541 425 867 498 optandum,
895 420 1206 495 paucissimi
1232 429 1479 476 nostrum
1509 435 1609 490 pro
1640 420 1862 475 Christo
1888 427 2127 475 mortem
2160 424 2209 484 Α
2239 418 2476 491 expulit,
2507 426 2559 473 te
2607 431 2707 489 per
2753 413 3011 470 eumdem
3063 425 3254 467 sexum
3306 407 3495 465 eadem
3547 406 3717 480 gloria
3776 413 3834 461 et

539 519 839 575 subierunt.
882 521 1129 581 Pensate,
1170 513 1506 581 charissimi,
1548 522 1793 583 pensate,
1822 522 1955 585 quot
1985 530 2121 585 quo-

538 614 669 670 tidie
687 612 885 668 milites
904 611 1196 667 saeculares
1220 626 1317 681 pro
1343 608 1581 666 dominis
1608 610 1722 666 suis
1752 609 1842 665 vili
1874 610 2127 666 mercede

536 704 737 761 inducti
777 704 939 760 morti
977 720 1037 760 se
1066 704 1311 760 tradunt.
1344 706 1417 758 Et
1446 719 1547 759 nos
1586 702 1719 775 quid
1752 719 1851 774 pro
1904 718 2125 759 summo

535 813 660 871 rege
688 806 739 852 et
760 798 1090 869 sempiterna
1117 797 1289 869 gloria
1317 798 1551 868 patimur
1568 805 1664 852 aut
1688 797 1939 867 agimus?
1958 798 2127 866 Quale

534 891 795 956 dedecus,
837 898 891 946 et
933 891 1092 962 quale
1135 890 1556 962 improperium,
1597 890 1885 962 qualisque
1926 890 2126 946 derisio

535 984 708 1040 oculis
759 984 964 1040 nostris
1016 984 1293 1055 objicitur,
1354 983 1502 1055 quod
1548 983 1652 1051 illi,
1698 984 1847 1039 velut
1893 999 1989 1054 pro
2036 982 2127 1038 vili

536 1077 681 1150 alga,
723 1086 966 1134 mortem
990 1076 1172 1133 subire
1200 1092 1313 1132 non
1351 1084 1624 1144 metuunt,
1655 1084 1709 1132 et
1736 1092 1862 1144 nos,
1892 1093 1990 1147 pro
2016 1092 2127 1133 cce-

534 1170 654 1227 lesti
679 1171 937 1227 thesauro
962 1179 1019 1227 et
1043 1179 1249 1227 mterna
1276 1170 1639 1239 beatitudine,
1669 1170 1838 1226 etiam
1872 1186 2129 1241 persecu-

535 1264 742 1320 tionem
768 1264 878 1336 pati
911 1264 1246 1321 devitamus!

608 1358 806 1429 Erigite
832 1372 964 1430 ergo
998 1358 1214 1414 animos
1259 1358 1315 1413 in
1356 1359 1518 1426 vires,
1552 1371 1708 1427 spem
1738 1357 1909 1413 vitam
1939 1359 2128 1414 conci-

535 1451 666 1521 pite,
693 1451 826 1507 illud
853 1451 1109 1507 vexillum
1128 1466 1240 1523 pra
1262 1450 1437 1508 oculis
1460 1451 1725 1506 habentes
1752 1450 1910 1507 ducis
1930 1453 2126 1522 nostri,

529 1543 736 1600 scilicet
777 1545 916 1616 regis
947 1545 1156 1613 aeterni,
1198 1544 1342 1601 unde
1372 1546 1488 1617 ipse
1523 1544 1659 1599 dicit
1704 1563 1717 1597 :
1764 1548 1825 1599 In
1850 1548 2126 1615 patientia

534 1644 711 1693 vestra
733 1639 1079 1707 possidebitis
1115 1642 1328 1693 animas
1362 1644 1566 1694 vestras
1594 1641 1739 1705 (Luc.
1772 1654 1854 1695 xx
1868 1640 1929 1709 ι).
1963 1642 2033 1694 Et
2080 1638 2123 1694 si

532 1731 809 1800 volumus,
847 1730 1037 1786 divina
1091 1730 1428 1803 suffragante
1484 1732 1678 1803 gratia,
1720 1731 1931 1788 hostem
1989 1733 2128 1787 anti-

2238 512 2400 584 hujus
2427 512 2560 568 vitae
2598 508 2853 566 laudabili
2881 507 3033 562 fama
3076 505 3334 575 privaret,
3361 510 3415 558 et
3455 500 3627 557 multa
3679 500 3827 555 bona

2236 616 2328 663 tua
2369 607 2474 662 isto
2505 603 2840 674 deceptionis
2864 616 2976 657 suae
3006 613 3204 671 genere
3233 594 3615 653 confunderet.
3662 594 3833 665 Cujus

2235 701 2314 755 rei
2336 700 2510 772 gratia
2537 698 2606 754 ab
2635 696 2890 769 episcopo
2914 703 3010 750 tuo
3037 699 3339 755 correctus,
3365 698 3419 745 et
3441 688 3831 745 excommuni-

2236 802 2408 861 catus,
2463 800 2525 849 ut
2573 808 2602 847 a
2650 798 2807 846 tanto
2850 786 3089 861 periculo
3133 794 3188 840 te
3235 793 3290 839 et
3319 783 3674 855 conjunctam
3724 780 3826 835 tibi

2236 903 2473 954 erueres,
2517 895 2574 941 et
2613 886 2842 941 domum
2882 892 3037 938 tuam
3084 896 3114 935 a
3144 886 3405 950 perpetua
3432 874 3667 931 infamia
3696 874 3829 929 Iibe-

2234 997 2415 1048 rares,
2474 995 2588 1035 non
2624 979 2804 1035 solum
2856 981 2972 1032 Deo
3026 983 3080 1029 et
3124 972 3350 1044 justitiae
3400 969 3469 1025 de
3516 975 3830 1041 perpetrato

2236 1074 2465 1130 crimine
2514 1089 2625 1131 non
2669 1069 2997 1136 satisfecisti,
3037 1066 3136 1124 sed
3183 1074 3238 1121 et
3282 1065 3459 1136 ipsum
3488 1063 3828 1135 episcopum,

2235 1170 2321 1225 cui
2362 1166 2572 1225 etiamsi
2619 1167 2883 1239 injustam
2925 1160 3253 1219 sententiam
3301 1174 3464 1229 super
3490 1165 3546 1213 te
3585 1155 3833 1212 dedisset

2236 1261 2458 1317 obedire
2483 1261 2772 1327 debueras,
2807 1266 2995 1314 contra
3030 1270 3244 1311 morem
3275 1251 3545 1325 aequitatis
3587 1259 3697 1308 tuae
3738 1259 3828 1321 ty-

2235 1356 2453 1412 rannice
2482 1355 2761 1410 insecutus
2788 1368 2867 1421 es,
2897 1367 3024 1407 cum
3050 1356 3267 1405 constet
3303 1347 3543 1419 aliquem
3577 1360 3831 1400 amorem

2236 1451 2325 1506 Dei
2382 1465 2495 1505 non
2542 1464 2703 1521 posse
2750 1446 2984 1512 habere,
3031 1443 3121 1516 qui
3171 1439 3469 1513 spiritualis
3515 1438 3682 1511 patris
3728 1453 3831 1508 pro

2233 1545 2391 1616 culpa
2420 1541 2809 1599 inobedientiaa
2832 1555 2945 1595 suae
2975 1538 3211 1611 gratiam
3239 1544 3296 1591 et
3324 1532 3677 1590 dilectionem
3705 1547 3833 1603 pro.

2234 1639 2392 1695 batur
2438 1637 2704 1694 amisisse.
2763 1633 2926 1704 Quod
2971 1648 3073 1689 nos
3115 1629 3423 1696 audientes,
3466 1627 3588 1683 victi
3636 1641 3832 1681 amore

2235 1741 2351 1801 tuo,
2380 1745 2659 1787 memores
2699 1729 2868 1784 etiam
2906 1727 3168 1782 virtutum
3211 1722 3607 1793 tuarum,’quae
3639 1734 3669 1773 a
3698 1718 3832 1775 reli-

533 1838 702 1894 quum
741 1824 852 1880 cito
882 1833 940 1879 et
969 1823 1183 1879 fortiter
1210 1824 1552 1897 confringere
1600 1841 1904 1896 omnesque
1937 1841 2122 1881 versu-
2153 1815 2197 1876 Β
2232 1825 2394 1897 giosis
2426 1825 2552 1880 viris
2578 1823 2737 1879 nobis
2778 1821 3065 1877 insinuata:
3093 1817 3328 1883 fuerant,
3372 1830 3545 1887 usque
3577 1813 3746 1869 modo
3776 1822 3831 1868 te

532 1916 637 1972 tias
671 1917 787 1988 ejus
817 1916 1237 1989 parvipeudere,
1267 1918 1587 1975 studeamus
1623 1920 2029 1991 persecutiones
2056 1920 2122 1975 ab

530 2024 601 2067 eo
630 2010 909 2066 immissas
937 2019 992 2066 et
1021 2021 1256 2067 mortem
1285 2028 1384 2084 pro
1411 2012 1618 2084 justitia
1651 2028 1764 2068 non
1799 2014 1979 2069 solum
2008 2030 2121 2069 non

528 2102 791 2172 devitarc,
828 2103 929 2159 sed
957 2103 1120 2160 etiam
1168 2120 1266 2176 pro
1312 2121 1505 2162 amore
1554 2106 1655 2161 Dei
1708 2114 1765 2161 et
1794 2106 2120 2163 Christianae

527 2197 805 2269 religionis
830 2197 1143 2254 defensione
1172 2207 1445 2269 appetere.
1484 2202 1548 2254 In
1598 2198 1705 2254 hoc
1743 2199 1890 2255 enim
1928 2216 2120 2256 omnes

524 2290 788 2346 elationes
810 2292 979 2346 maris
995 2294 1158 2357 (Psal.
1186 2297 1337 2356 xcn)
1363 2301 1419 2347 et
1444 2291 1762 2363 superbiam
1783 2294 1965 2349 saeculi
1990 2308 2121 2349 con-

525 2384 893 2451 culcabimus,
923 2392 978 2440 et
1003 2400 1107 2456 pro
1143 2384 1320 2442 nihilo
1365 2385 1665 2452 ducemus,
1722 2395 1779 2441 et
1814 2386 1863 2442 ei
1912 2387 2005 2457 qui
2036 2395 2119 2442 est

526 2485 690 2549 caput
712 2485 966 2534 nostrum
1012 2478 1207 2535 sedens
1252 2479 1310 2533 in
1346 2478 1569 2535 dextera
1600 2480 1701 2534 Dei
1748 2480 1955 2549 Patris,
1998 2480 2116 2551 ipso

524 2570 808 2642 largiente,
825 2571 1125 2643 jungemur
1149 2580 1203 2627 et
1221 2571 1697 2645 conregnabimus.
1724 2574 1937 2629 Clamat
1967 2575 2114 2629 enim

524 2662 793 2735 Magister
828 2672 1016 2720 noster
1045 2684 1060 2718 :
1092 2667 1153 2721 Si
1179 2669 1555 2735 compatimur,
1593 2670 1641 2720 et
1675 2668 2117 2735 conregnabimus

528 2758 607 2826 (II
636 2760 772 2813 Tim.
804 2758 893 2827 II).
926 2760 1142 2814 Interea
1171 2759 1344 2825 vobis,
1378 2758 1578 2815 fratres
1614 2760 1745 2827 mei,
1777 2760 1867 2831 qui
1897 2776 2115 2816 mecum

523 2849 708 2906 minus
752 2850 995 2907 valentes
1023 2851 1186 2919 estis,
1213 2850 1444 2907 fortiora
1474 2852 1615 2907 bella
1645 2853 1960 2909 certaminis
2012 2871 2115 2909 an-

522 2942 869 3012 nuntiamus,
900 2945 1033 3017 quia
1064 2944 1184 3016 pius
1226 2945 1567 3017 Redemptor
1603 2956 1790 3002 noster
1815 2947 1922 3003 cito
1956 2945 2119 3003 faciet

519 3052 647 3094 cum
686 3038 1083 3095 tentationibus
1109 3038 1316 3094 nostris
1358 3038 1521 3094 etiam
1552 3049 1905 3109 proventum,
1930 3056 2003 3096 ne
2031 3042 2112 3095 ni-

518 3131 633 3187 mia
661 3130 958 3204 fragilitate
999 3132 1215 3198 devicti,
1244 3146 1359 3187 non
1388 3131 1661 3202 possimus
1687 3132 1986 3201 sustinere,
2018 3133 2112 3189 sed

2234 1920 2593 1990 portavimus,
2625 1923 2907 1990 sperantes
2936 1923 2996 1971 ut
3032 1913 3214 1969 divina
3252 1918 3434 1965 tactus
3477 1907 3833 1963 miseratione

2230 2015 2297 2071 ad
2326 2030 2525 2070 sanum
2553 2010 2841 2068 consilium
2869 2008 3098 2075 redires,
3143 2014 3197 2061 et
3224 2013 3430 2060 aeterno
3476 2002 3616 2073 regi,
3668 2000 3833 2072 cujus

2223 2108 2435 2180 judicio
2457 2107 2705 2180 quotidie
2721 2105 3085 2177 pr0pinquas,
3112 2108 3167 2158 te
3187 2107 3482 2173 purgatum
3501 2106 3838 2169 praesentare

2228 2200 2607 2258 contenderes.
2639 2203 2707 2256 Et
2735 2200 2862 2270 quia
2897 2199 2955 2252 in
2991 2196 3097 2252 hoc
3146 2209 3395 2250 amorem
3440 2190 3618 2247 saeculi
3650 2189 3836 2262 magis

2227 2311 2394 2368 quam
2442 2293 2642 2351 animae
2692 2303 2801 2349 tua:
2850 2292 3083 2347 salutem
3141 2285 3512 2359 perpendisti,
3570 2299 3832 2339 veremur

2226 2404 2295 2443 ne
2323 2389 2502 2444 divina
2546 2387 2852 2458 indignatio
2894 2384 2983 2439 diu
3033 2388 3367 2455 protractum
3396 2387 3448 2434 et
3499 2376 3833 2433 inemenda-

2228 2491 2347 2537 tum
2375 2482 2585 2537 facinus
2622 2481 2821 2535 acriter
2849 2476 3061 2549 puniat.
3094 2475 3261 2531 Unde
3289 2481 3512 2545 paterna
3540 2480 3597 2526 te
3640 2469 3829 2526 chari-

2226 2584 2339 2631 tate
2387 2590 2676 2630 monemus
2705 2580 2768 2627 ut
2806 2573 2874 2627 ab
2900 2571 3007 2625 hac
3041 2569 3348 2640 iniquitate,
3385 2581 3507 2637 quae
3540 2565 3827 2620 bonorum

2226 2678 2449 2725 tuorum
2474 2666 2688 2723 fructus
2728 2663 3112 2720 universaliter
3139 2661 3401 2733 dissipat,
3434 2658 3658 2731 sapienti
3688 2672 3831 2712 usus

2226 2762 2454 2819 consilio
2484 2776 2693 2833 surgas,
2727 2766 2781 2815 et
2800 2767 2923 2814 tam
2952 2766 3007 2813 te
3031 2772 3201 2828 quam
3230 2754 3331 2810 tibi
3362 2753 3711 2824 conjunctam
3750 2750 3827 2806 de

2226 2865 2416 2912 catena
2452 2854 2655 2911 diaboli
2705 2868 2886 2909 eruas.
2940 2849 3101 2921 Quod
3147 2849 3189 2905 si
3248 2848 3620 2902 innocentiam
3664 2853 3831 2899 tuam

2224 2966 2387 3020 super
2417 2948 2523 3004 hoc
2566 2948 2791 3020 negotio
2838 2944 3071 3002 conﬁdis
3124 2957 3285 3014 posse
3331 2940 3572 3012 probari,
3604 2937 3829 2995 videtur

2224 3042 2380 3098 nobis
2437 3042 2669 3113 perutile
2698 3048 2760 3096 ut
2805 3038 3047 3111 synodus
3103 3034 3487 3102 constituatur,
3518 3032 3603 3089 cui
3663 3032 3828 3103 legati

2224 3136 2392 3191 nostri
2447 3139 2608 3208 Hugo
2657 3134 2874 3189 Diensis
2921 3132 3239 3203 episcopus,
3285 3136 3339 3184 et
3381 3124 3700 3182 Richardus
3736 3126 3828 3180 vel

517 3223 662 3280 inter
690 3226 1095 3297 qualescunque
1124 3240 1354 3281 suorum
1390 3224 1632 3281 ﬁdelium
1664 3226 1826 3297 positi
1866 3226 2110 3283 addisca-
2148 3215 2193 3279 C
2221 3230 2357 3285 alter
2391 3244 2583 3284 eorum
2627 3227 2869 3292 intersit;
2904 3234 2964 3281 ut
3003 3225 3057 3280 in
3102 3221 3384 3279 audientis
3434 3219 3828 3290 religiosorum

520 3332 647 3374 mus
677 3319 761 3373 vel
792 3318 851 3374 in
880 3319 1241 3391 prosperitate
1266 3319 1368 3375 sibi
1399 3319 1603 3375 servire
1634 3324 1797 3384 (412).

1030 3432 1382 3487 EPISTOLA
1410 3432 1596 3487 XXII.

830 3558 910 3599 ΑΙ)
951 3556 1236 3601 COMITEM
1280 3557 1793 3599 ANDEGAVBNSEM.

1089 3640 1269 3701 (Anno
1300 3641 1481 3701 1081.)

517 3735 669 3791 Dolet
692 3735 837 3805 quod
875 3740 1031 3802 fama
1073 3742 1123 3810 et
1151 3739 1379 3810 egregi-is
1427 3740 1737 3801 virtutibus,
1770 3741 1965 3810 quibus
1989 3746 2114 3796 ante

592 3812 814 3881 ornatus
853 3812 990 3881 erat,
1021 3809 1251 3875 seipsum
1274 3809 1343 3881 pob
1368 3811 1662 3877 quamdam
1700 3809 1975 3866 mulierem
1997 3815 2115 3881 pri-

586 3878 750 3943 varit,
769 3881 819 3929 et
833 3880 1152 3945 episcopum,
1183 3880 1279 3945 qui
1304 3895 1423 3931 eum
1451 3895 1511 3932 ea
1533 3881 1599 3933 de
1624 3896 1787 3935 causa
1816 3878 2113 3936 excommu-

586 3949 877 4008 nicauerat,
899 3950 972 4001 sit
992 3951 1298 4001 insectatus.
1334 3952 1507 4003 Monet
1544 3956 1603 4004 ut
1628 3954 1937 4019 resipiscat;
1970 3958 2019 4006 et
2063 3956 2115 4007 si

584 4019 940 4072 innocentiam
960 4033 1114 4071 suam
1134 4019 1356 4086 probari
1373 4034 1524 4087 posse
1552 4022 1802 4089 conﬁdat,
1829 4024 2106 4077 concilium

586 4090 702 4142 vult
746 4090 880 4157 cogi,
910 4090 971 4142 in
1008 4104 1112 4158 quo
1152 4104 1314 4157 super
1342 4090 1441 4142 hac
1479 4105 1537 4143 re
1576 4094 1792 4158 feratur
1819 4096 2099 4148 sententia.

584 4162 809 4214 Munera
838 4161 905 4213 ab
946 4176 1002 4214 eo
1048 4160 1121 4214 ad
1147 4174 1201 4213 se
1240 4162 1408 4215 missa
1453 4176 1560 4215 non
1600 4164 1811 4232 recipit.
1842 4165 1997 4219 Jubet
2045 4170 2107 4219 ut

590 4232 827 4300 episcopo
852 4231 1041 4285 ablata
1084 4232 1357 4286 restituat.

585 4341 947 4399 Gnsconws
963 4342 1269 4414 episcopus,
1292 4358 1482 4400 servus
1501 4359 1788 4401 servorum
1812 4346 1932 4413 Dei,
1957 4348 2101 4404 G....

514 4434 889 4508 [GAUFRIDO]
921 4436 1158 4509 glorioso
1197 4436 1385 4493 comiti
1410 4438 1792 4510 Andegavensi
1823 4444 1989 4507 (413).

2222 3324 2465 3379 virorum
2512 3321 2687 3393 possit
2727 3318 2967 3392 perquiri
3012 3316 3147 3390 quid
3194 3317 3250 3371 in
3295 3324 3351 3372 te
3412 3314 3494 3395 vel
3545 3312 3828 3370 sententia

2219 3432 2383 3488 super
2412 3425 2465 3471 te
2510 3415 2851 3488 promulgata
2879 3412 3075 3468 debeat
3100 3408 3398 3466 emendari.
3432 3410 3581 3463 Deus
3611 3405 3739 3473 scit,
3770 3414 3827 3462 et

2219 3508 2557 3568 conscientia
2614 3516 2807 3564 nostra
2860 3506 3017 3561 testis
3076 3513 3175 3573 est,
3226 3503 3355 3575 quia
3414 3516 3573 3557 mens
3621 3507 3825 3556 nostra

2219 3606 2457 3660 multum
2489 3601 2752 3676 gauderet
2801 3599 2869 3657 de
2913 3607 2988 3669 te,
3046 3605 3232 3669 utpote
3277 3610 3445 3668 quem
3480 3591 3827 3666 jampridem

2217 3698 2427 3753 sincero
2462 3704 2517 3751 et
2559 3696 2718 3767 pleno
2766 3708 2957 3749 amore
2986 3691 3297 3757 dileximus,
3346 3688 3389 3743 si
3418 3688 3486 3743 ab
3514 3686 3619 3741 hac
3668 3685 3824 3742 infa-

2221 3790 2331 3844 mia
2354 3787 2747 3861 quoquomodo
2772 3796 2827 3841 te
2853 3786 3127 3851 Iiberares,
3160 3792 3215 3839 et
3238 3781 3446 3839 aditum
3493 3778 3729 3836 lmdendi
3770 3788 3825 3835 te

2220 3898 2315 3955 per
2337 3881 2574 3938 fructum
2609 3880 2965 3937 correctionis
2998 3878 3141 3933 hosti
3176 3877 3406 3946 antiquo
3434 3872 3821 3929 concluderes.

2221 3978 2448 4031 Munera
2511 3983 2604 4030 tua
2666 3973 2791 4030 ideo
2854 3970 3159 4043 recipienda
3224 3984 3335 4025 non
3397 3983 3515 4023 esse
3565 3965 3823 4021 arbitrati

2213 4084 2422 4138 sumus,
2455 4068 2583 4141 quia
2613 4067 2809 4123 divinis
2838 4066 3009 4122 oculis
3053 4063 3253 4120 oblatio
3295 4070 3389 4118 tua
3418 4075 3531 4116 non
3560 4067 3819 4131 accepta-

2212 4162 2332 4219 bilis
2369 4178 2486 4219 esse
2533 4162 2795 4233 probatur
2844 4157 3088 4230 quandiu
3138 4174 3168 4211 a
3198 4163 3418 4228 peccato
3460 4154 3567 4210 isto
3597 4154 3819 4209 immu-

2211 4272 2339 4312 nem
2379 4265 2434 4312 te
2463 4272 2575 4311 non
2604 4252 2930 4321 reddideris,
2968 4261 3022 4309 et
3055 4251 3124 4307 ad
3153 4249 3392 4322 gratiam
3420 4247 3824 4319 omnipotentis

2210 4350 2335 4418 Dei,
2365 4350 2505 4405 sicut
2528 4347 2860 4403 catholicum
2887 4344 3185 4417 principem
3211 4343 3387 4409 decet,
3413 4357 3525 4396 non
3556 4339 3814 4396 redieris.

2211 4443 2363 4497 Licet
2396 4457 2621 4496 munera
2652 4448 2743 4495 tua
2767 4448 2991 4509 propter
3018 4437 3149 4494 illud
3173 4444 3459 4509 peccatum
3488 4449 3604 4489 non
3648 4450 3816 4490 rem—

584 4529 851 4586 Dolemus
893 4530 1027 4586 satis
1055 4530 1206 4603 quod
1247 4531 1513 4587 adversus
1555 4533 1847 4604 gloriosam
1900 4534 2102 4590 famam
2133 4588 2183 4649 D
2211 4535 2476 4609 perimus,
2513 4542 2699 4589 tamen
2730 4533 2835 4588 Dei
2874 4530 3309 4588 misericordiam
3354 4544 3452 4600 pro
3481 4536 3534 4583 te
3575 4542 3822 4584 exorare

584 4637 662 4649 ...κ
716 4637 813 4649 νυ...
876 4623 1183 4649 [τηεμ-η...
1240 4634 1419 4649 _....n--
1475 4624 1724 4649 .lﬂ'l'.---_.
1815 4634 1866 4649 ,ι
1929 4639 2099 4649 --.ι-η-
2214 4646 2314 4649 ,.-_
2372 4628 2689 4649 1--2-Α-..----
2758 4629 2835 4649 n-
2887 4634 3077 4649 -..ι-..Α
3109 4624 3451 4649 ..Αιιζιειηιιηκ
3483 4629 3634 4649 ι--η-νι
3684 4637 3787 4649 ..ν-Α

510 4629 664 4677 tuam
716 4637 813 4692 per
876 4623 1187 4680 Galliarum
1240 4634 1421 4696 partes
1469 4624 1756 4691 diffusam,
1810 4634 1867 4682 et
1929 4639 2104 4699 usque

510 4713 584 4769 ad
647 4715 966 4784 apostolica:
1028 4716 1173 4772 sedis
1238 4719 1493 4773 notitiam
1550 4720 1843 4790 perlatam,
1902 4721 2101 4777 astutia

509 4806 709 4863 diaboli
764 4807 945 4878 potuit
984 4810 1293 4879 praevalere.
1352 4813 1502 4867 Sicut
1552 4813 1702 4868 enim
1741 4813 1808 4870 de
1853 4823 1910 4869 te
1947 4814 2101 4871 lacta-

506 4898 726 4966 bamur,
760 4907 817 4955 et
842 4900 1255 4971 quodammodo
1286 4906 1438 4959 unice
1479 4904 1548 4961 de
1575 4905 1732 4962 bonis
1774 4908 1969 4964 studiis
1995 4908 2102 4964 tuis

504 4991 566 5047 in
593 4992 946 5049 sermonibus
964 4996 1172 5052 nostris
1202 4997 1694 5068 praesumebamus,
1715 5011 2022 5058 asserentes
2046 5012 2100 5058 te

504 5100 620 5141 non
647 5085 831 5141 solum
873 5087 1145 5160 principes
1185 5089 1280 5145 sed
1326 5098 1382 5145 et
1414 5090 1563 5161 ipsos
1600 5107 1778 5164 reges,
1802 5093 2014 5163 justitia
2043 5105 2099 5151 et

502 5194 731 5236 morum
772 5180 1055 5237 honestate
1099 5198 1388 5253 superare,
1432 5184 1512 5238 sic
1552 5184 1711 5239 nobis
1761 5187 2093 5257 gemendum

499 5272 736 5341 videtur,
768 5275 1118 5346 prudentiam
1150 5284 1299 5330 tuam
1329 5292 1362 5331 a
1400 5284 1550 5332 tanta
1581 5278 1757 5349 gratia
1787 5287 1842 5335 et
1877 5295 1909 5334 a
1936 5288 2095 5337 tanto

500 5366 767 5423 virtutum
820 5368 1062 5424 culmine
1112 5368 1403 5425 decidisse.
1446 5373 1567 5442 Qua
1618 5371 1677 5426 in
1716 5388 1775 5428 re
1813 5373 2096 5446 antiquam

498 5458 671 5516 hostis
716 5461 940 5517 humani
982 5462 1237 5519 fraudem
1278 5464 1723 5537 recognoscimus
1768 5469 2093 5539 nequissime

496 5553 828 5623 elaborasse,
862 5564 923 5611 ut
958 5556 1049 5627 qui
1081 5555 1260 5612 Adam
1290 5574 1384 5629 per
1412 5559 1701 5615 mulierem
1733 5560 1802 5617 de
1842 5563 2092 5633 paradiso

568 5693 713 5777 (μη)
756 5694 1014 5777 Sequitur
1045 5694 1270 5777 epistola
1301 5696 1401 5751 alia
1437 5697 1492 5777 in
1536 5699 1808 5777 originali,
1850 5716 1976 5773 quae
2007 5711 2089 5756 est

488 5765 779 5893 leabdemcte;
803 5765 1001 5848 iisdem
1031 5765 1208 5822 verbis
1240 5783 1363 5821 cum
1404 5765 1648 5839 epistola'
1678 5765 1888 5827 decima
1933 5783 2085 5829 sexta

518 5851 531 5887 ι
577 5851 620 5890 r1
651 5852 683 5892 ο
779 5853 849 5893 Vl.

2211 4646 2321 4686 non
2361 4628 2709 4685 desistemus.
2758 4629 2839 4682 De
2882 4634 3081 4682 caetero
3109 4624 3454 4680 nobilitatem
3483 4629 3635 4677 tuam
3683 4637 3818 4677 mo-

2212 4739 2431 4789 nemus,
2474 4730 2635 4793 atque
2665 4721 3013 4793 pracipimus
3044 4726 3103 4775 ut
3130 4716 3360 4789 praefato
3390 4715 3643 4787 episcopo
3674 4722 3782 4771 tuo
3801 4759 3817 4783 ,

2210 4831 2299 4871 res
2342 4831 2477 4887 quas
2526 4814 2633 4870 sibi
2679 4813 2949 4869 abstulisti
3000 4812 3319 4877 restituens,
3368 4809 3529 4881 digne
3582 4808 3819 4866 satisfa-

2210 4908 2404 4966 ciendo
2458 4924 2586 4963 eum
2643 4908 2858 4979 placare
2908 4921 3191 4977 procures,
3252 4918 3318 4960 ac
3369 4901 3626 4974 deinceps
3674 4918 3817 4958 eum

2206 5003 2519 5060 nullatenus
2546 5000 2857 5072 inquietare
2900 5012 3225 5071 presumas.

2702 5141 3054 5197 EPISTOLA
3077 5140 3293 5195 XXIII.

2427 5272 2511 5315 ΔΙ)
2538 5271 2922 5315 TUBONBNSBS
2952 5270 3026 5312 ΕΤ
3072 5264 3566 5311 ANDEGAVBNSBS.

2810 5376 2993 5440 (Anno
3019 5372 3201 5437 1081.)

2202 5496 2451 5564 Prcecipit
2504 5510 2568 5549 ne
2620 5494 2999 5561 Andegavensi
3042 5492 3223 5546 comiti
3273 5489 3340 5543 ab
3393 5486 3810 5564 archiepiscopo

2274 5560 2567 5621 Tuionensi
2592 5560 3043 5620 excommunicato
3071 5563 3471 5616 communicent.
3518 5560 3806 5611 Praeterea

2268 5702 2411 5775 (413)
2442 5704 2578 5759 Hazc
2607 5702 2836 5775 epistola
2879 5699 3067 5758 debuit
3097 5699 3151 5755 in
3182 5693 3556 5769 superioribus
3604 5692 3803 5760 scribi,

2197 5774 2347 5845 Orig.
