4044 6186
216 324 314 379 625

1355 319 1547 375 LIBER
1584 319 1826 375 NONUS.
1866 350 1938 363 —
1977 325 2179 382 EPIST.
2222 328 2368 382 XXV.

3406 341 3507 393 626

278 461 434 532 opem
472 448 657 532 ferant
694 445 1131 532 arc'ltiepiscopo,.
1153 447 1251 532 qui
1280 448 1535 532 cncomite
1578 445 1645 499 de
1688 446 1807 501 sede
1833 452 1887 514 Α
1916 448 2059 503 terit.
2088 449 2173 505 Ad
2198 452 2354 523 cujus
2401 454 2474 507 rei
2508 453 2941 525 indagationem,
2971 457 3099 529 quia
3129 467 3181 514 te
3206 460 3501 532 diligimus,

278 520 481 587 ejectus
510 523 561 572 et
590 518 742 572 bonis
768 517 1010 572 Ecclesiae
1034 519 1285 585 privatus
1313 518 1518 583 fuerat.

275 642 961 713 anconmsepiscopus,
978 656 1170 697 servus
1192 656 1480 697 servorum
1500 642 1621 709 Dei,
1642 642 1804 697 abba-

202 738 374 804 tibus,
405 737 619 793 clericis
647 745 701 791 et
727 736 879 792 laicis
924 736 1265 791 Turonensis
1292 734 1801 806 archiepiscopatus,

201 839 253 887 et
274 831 623 902 episcopatus
644 828 1069 901 Andegavensis,
1089 829 1183 900 qui
1214 832 1332 884 Deo
1351 836 1405 885 et
1432 828 1595 884 beato
1620 833 1798 897 Petro,

198 934 365 996 atque
395 923 541 980 sedis
580 923 889 995 apostolica
926 922 1136 994 legatis,
1167 922 1455 989 obediunt,
1486 924 1716 979 salutem
1749 932 1803 979 et

197 1017 563 1089 apostolicam
591 1015 1043 1072 benedictionem.

266 1113 485 1167 Notum
518 1110 679 1167 vobis
708 1125 827 1166 esse
855 1125 967 1165 non
1001 1109 1318 1166 dubitamus
1345 1109 1801 1182 Andegavensem

196 1205 464 1261 comitem
485 1205 558 1259 ob
582 1203 886 1276 nequitiam
911 1219 1071 1260 suam
1097 1219 1216 1260 esse
1240 1204 1799 1273 excommunicatum,

194 1314 367 1371 quam
399 1298 573 1354 etiam
610 1297 665 1352 in
701 1313 796 1353 eos
823 1297 915 1369 qui
958 1297 1060 1353 sibi
1103 1296 1389 1354 adharent
1416 1306 1470 1354 et
1500 1297 1682 1354 favent
1706 1315 1798 1355 ex-

192 1392 341 1447 tendi
396 1392 613 1447 cunctis
658 1406 869 1447 sacram
907 1391 1240 1462 Scripturam
1282 1391 1578 1447 scientibus
1611 1392 1795 1463 liquet.

194 1485 303 1555 Qui
327 1485 525 1541 tandiu
553 1494 899 1556 exspectatus
928 1500 1039 1541 non
1066 1485 1248 1541 solum
1279 1485 1350 1541 de
1377 1485 1459 1539 via
1508 1487 1799 1558 sua'pessi-

195 1594 284 1634 ma
329 1577 403 1633 ad
432 1581 635 1645 Deum,
681 1578 824 1634 sicut
862 1578 1230 1635 Christianum
1270 1587 1509 1650 oportet,
1556 1594 1668 1635 non
1717 1588 1800 1635 est

196 1686 522 1737 conversus,
552 1670 651 1727 sed
678 1671 899 1743 insuper
923 1671 994 1727 ad
1024 1680 1380 1743 augmentum
1420 1673 1643 1729 malitia
1678 1688 1793 1729 sua

198 1765 318 1820 aliis
346 1766 483 1821 item
515 1764 1007 1821 excommunicatis
1048 1765 1409 1836 conjunctus,
1432 1765 1659 1822 fratrem
1688 1782 1794 1822 no-

1914 542 2031 596 sine
2060 551 2372 615 temporum
2409 547 2635 602 molesta
2659 547 2921 605 dilatione
2949 552 3165 622 copiam
3208 554 3301 609 tibi
3333 554 3505 626 prOvi-

1913 634 2112 699 dimus,
2164 638 2405 694 videlicet
2447 648 2508 695 ut
2552 642 2829 697 accersitis
2873 643 3141 700 fratribus
3167 648 3370 703 nostris
3398 651 3517 705 Ba-_

1914 729 2054 783 rensi
2077 729 2497 804 archiepiscopo.
2783 743 2837 791 et
2857 739 2952 793 W.
2980 735 3143 809 [deest
3167 746 3223 796 et
3245 740 3503 813 W].......

1914 821 2166 877 Firmano
2216 825 2472 896 episcopo
2502 835 2560 881 et
2586 828 2761 899 legato
2786 838 2975 885 nostro
3310 834 3353 889 si
3384 835 3499 891 fieri

1914 923 2110 985 potest,
2154 932 2282 971 cum
2322 917 2405 972 his
2433 919 2631 986 tribus,
2667 920 2908 992 alioquin
2937 923 3018 978 vel
3052 923 3251 981 horum
3280 925 3500 983 duobus

1911 1009 2271 1079 prasentibus
2307 1025 2470 1066 causa
2499 1010 2555 1066 in
2580 1027 2878 1069 commune
2905 1014 3244 1075 discutiatur.
3291 1020 3343 1074 Si
3368 1035 3501 1093 ergo

1910 1117 2071 1157 causa
2100 1102 2327 1159 solerter
2372 1103 2657 1161 eventilata
2705 1106 2772 1161 ab
2801 1106 2941 1163 illius
2983 1117 3247 1180 potestate
3274 1111 3500 1170 inventa

1911 1194 2071 1250 fuerit
2101 1196 2288 1263 libera,
2334 1205 2465 1253 tunc
2492 1214 2594 1254 nos
2622 1199 2762 1255 sicut
2785 1201 3058 1271 oportebit
3085 1201 3345 1261 effectum
3370 1208 3501 1263 dare

1909 1289 2155 1360 precibus
2203 1290 2305 1345 tuis
2358 1307 2472 1345 non
2527 1292 2924 1363 pigritabimur.
2969 1294 3063 1349 Sin
3108 1304 3295 1351 autem
3343 1297 3498 1354 decet

1907 1391 2070 1454 atque
2101 1399 2317 1439 necesse
2345 1394 2428 1439 est
2452 1393 2512 1440 ut
2535 1385 2611 1441 sic
2638 1396 2729 1441 tua
2757 1386 2976 1443 devotio
3005 1387 3062 1443 in
3104 1387 3192 1443 his
3231 1392 3503 1462 pracipue

1909 1492 2032 1547 qua
2064 1477 2164 1532 Dei
2186 1486 2317 1533 sunt
2362 1494 2478 1534 sese
2507 1480 2788 1551 aqualiter
2822 1480 3037 1547 habeat,
3087 1491 3358 1553 quatenus
3388 1483 3499 1539 fra-

1906 1578 2079 1626 terna
2107 1571 2387 1627 charitatis
2426 1580 2480 1629 et
2508 1574 2821 1629 concordia
2860 1573 3135 1631 vinculum
3163 1591 3422 1648 rumpere
3445 1586 3503 1634 et

1907 1664 2205 1722 dilectionis
2242 1666 2510 1722 unitatem
2554 1668 2607 1722 in
2637 1668 2870 1723 invicem
2899 1668 3147 1725 scindere
3188 1678 3393 1738 caveat,
3444 1672 3501 1727 in

1902 1768 2086 1813 mente
2114 1759 2322 1815 habens
2352 1760 2499 1832 quod
2528 1761 2798 1831 scriptum
2828 1771 2911 1816 est
2941 1780 2954 1817 :
2985 1764 3047 1818 Si
3072 1769 3208 1819 recte
3234 1765 3427 1833 offeras
3450 1770 3502 1821 et

199 1868 372 1914 strum
407 1860 789 1914 Turonensem
827 1858 1300 1931 archiepiscopum
1328 1859 1395 1917 de
1428 1858 1556 1915 sede
1582 1876 1681 1915 sua
1711 1877 1789 1916 ex-

1900 1856 2041 1907 recte
2084 1869 2191 1908 non
2219 1854 2488 1923 dijudicas
2537 1855 2809 1923 [dividas],
2854 1859 3103 1925 peccasti.
3159 1858 3242 1911 De
3266 1832 3497 1913 Ncatero
3588 1852 3591 1855 ’

198 1952 346 2022 pulit,
376 1950 652 2023 bonisque
674 1952 930 2008 Ecclesia
958 1952 1176 2022 penitus
1195 1953 1532 2023 exspoliavit.
1559 1954 1797 2011 Proinde

200 2045 497 2116 apostolica
528 2046 684 2101 vobis
731 2047 1056 2102 auctoritate
1113 2046 1461 2118 pracipimus
1506 2055 1566 2103 ut
1604 2056 1721 2103 tam
1763 2064 1794 2103 a

200 2138 429 2209 prafato
463 2139 667 2194 comite
694 2181 709 2207 ,
740 2155 907 2212 quam
934 2139 1003 2195 ab
1046 2139 1308 2196 omnibus
1354 2141 1681 2212 sequacibus
1711 2141 1794 2196 vel

202 2231 559 2303 complicibus
569 2232 708 2303 ejus,
729 2232 882 2288 vobis
901 2248 1256 2304 summopere
1284 2234 1543 2301 caveatis,
1566 2234 1792 2289 omnino

202 2340 291 2380 vos
319 2325 659 2381 abstinentes
688 2342 719 2381 a
746 2325 1118 2382 familiaritate
1144 2335 1199 2382 et
1222 2327 1633 2398 participatione
1652 2328 1793 2398 ipso-

200 2433 339 2474 rum.
372 2420 459 2473 De
492 2417 753 2489 pradicto
782 2434 911 2474 vero
938 2418 1104 2475 fratre
1141 2427 1334 2476 nostro
1364 2419 1788 2492 archiepiscopo,

202 2513 287 2583 qui
362 2519 589 2583 propter
652 2511 927 2583 justitiam
991 2513 1180 2583 pulsus
1249 2520 1304 2568 et
1352 2514 1788 2585 persecutionem

202 2620 485 2676 perpessus
522 2614 605 2660 est
631 2606 854 2671 (Matth.
904 2610 985 2673 v),
1026 2605 1180 2660 vobis
1206 2604 1557 2662 nihilominus
1594 2606 1787 2678 praci—

200 2700 408 2770 pientes
436 2697 785 2762 mandamus,
817 2706 881 2753 ut
918 2699 966 2754 ei
995 2698 1133 2753 sicut
1174 2699 1309 2770 patri
1336 2708 1517 2755 vestro
1558 2699 1789 2756 ﬁdeliter

199 2791 492 2862 devoteque
536 2791 820 2858 obediatis,
866 2808 929 2847 ac
975 2791 1392 2847 necessitatibus
1431 2792 1620 2864 ipsius,
1646 2793 1789 2849 sicut

199 2884 320 2940 boni
378 2884 497 2952 ﬁlii,
563 2884 819 2955 cpitulari
870 2885 1104 2940 libenter
1167 2885 1453 2941 studeatis.
1519 2886 1787 2955 Quemad—

198 2978 421 3035 modum
443 2994 685 3051 namque
716 2994 860 3049 sape
878 2978 1027 3035 dicto
1053 2965 1239 3035 comiti
1265 2977 1503 3036 faventes
1523 2980 1582 3035 in
1602 2995 1659 3035 se
1680 2981 1785 3036 Dei

196 3071 383 3128 odium
422 3072 613 3143 procul
655 3071 822 3127 dubio
872 3080 1188 3143 provocant,
1236 3072 1309 3128 ita
1359 3081 1413 3127 et
1455 3072 1583 3128 huic
1630 3071 1787 3128 fratri

190 3173 397 3232 nostro,
429 3166 490 3220 in
524 3165 723 3235 quibus
747 3180 964 3221 necesse
1000 3173 1100 3233 est,
1129 3165 1509 3237 suffragantes,
1540 3182 1650 3221 non
1677 3166 1783 3223 du-
1821 3197 1867 3260 ρ

191 3258 273 3315 hic
302 3260 540 3330 gratiam
581 3257 726 3315 beati
751 3259 915 3326 Petri,
945 3275 1279 3331 suorumque
1307 3268 1656 3331 peccatorum
1679 3260 1778 3315 ab-

194 3354 544 3420 solutionem,
575 3360 873 3408 merentur.
914 3354 1184 3408 Praterea
1227 3352 1572 3423 pracipimus
1599 3354 1777 3410 nomi-

194 3448 359 3502 natim
701 3445 987 3501 venerabili
1016 3444 1197 3501 abbati
1225 3454 1426 3501 sancta
1476 3447 1690 3513 Maria,
1720 3457 1782 3502 ut

192 3540 393 3595 litteras
432 3547 651 3595 nostras
693 3538 987 3594 canonicis
1019 3540 1209 3595 Sancti
1250 3538 1499 3606 Martini,
1540 3554 1676 3611 quas
1703 3540 1781 3596 eis

190 3633 494 3706 dirigimus,
540 3630 696 3688 ferat.

686 3757 1036 3813 EPISTOLA
1066 3759 1282 3813 XXIV.

590 3888 671 3929 Δῐ)
710 3888 944 3929 ΒΟΒΕΒΤ
954 3889 1041 3929 UM
1080 3888 1383 3930 COMITEK.

781 3992 967 4055 (Anno
1012 3995 1139 4045 1081
1155 3994 1189 4051 .)

186 4109 499 4163 Petitionem
527 4107 642 4175 ejus
682 4122 842 4176 super
894 4106 1052 4160 electo
1092 4105 1361 4160 Melitensi
1398 4110 1636 4176 episcopo
1676 4124 1783 4163 non

252 4194 401 4248 posse
457 4179 768 4247 adimpleri,
822 4193 939 4231 cum
999 4177 1073 4231 ad
1138 4177 1423 4231 Ecclesium
1466 4180 1779 4246 Regitanam

256 4251 591 4305 consecratio
633 4254 900 4318 pertmerc
928 4249 1160 4302 dicatur.
1212 4248 1386 4314 Quare
1422 4250 1534 4302 vult
1582 4254 1643 4303 ut
1670 4266 1779 4303 una

250 4338 368 4375 cum
389 4322 587 4390 legatis
630 4320 970 4385 discutiatur,
1008 4335 1085 4373 an
1110 4318 1183 4372 ad
1206 4334 1321 4373 eam
1352 4320 1479 4373 talis
1506 4335 1777 4375 consecra-

255 4396 327 4446 tio
345 4397 561 4463 spectet.
590 4392 968 4460 Trajanensem
1007 4393 1308 4459 episcopum
1335 4393 1450 4445 sine
1476 4393 1776 4460 apostolica

254 4466 392 4519 sedis
415 4466 735 4517 auctoritate
769 4463 986 4517 electum
1030 4477 1085 4516 se
1126 4466 1485 4515 consecratum
1513 4466 1613 4530 ait,
1643 4463 1775 4518 dum

255 4540 437 4591 tamen
477 4538 535 4587 in
560 4540 827 4604 posterum
847 4533 1164 4603 hujusmodi
1184 4533 1364 4588 electio
1388 4548 1495 4588 non
1520 4537 1639 4603 ﬁat.

258 4658 613 4714 Gnaeontns
641 4657 950 4729 episcopus,
982 4670 1169 4712 servus
1192 4671 1480 4713 servorum
1508 4658 1630 4725 Dei,
1662 4661 1785 4715 Ro-

198 4764 380 4807 nnaro
403 4749 581 4806 nobili
604 4751 817 4818 comiti,
847 4751 1079 4807 salutem
1104 4759 1160 4808 et
1182 4749 1539 4822 apostolicam
1557 4751 1785 4807 benedi-

202 4843 430 4901 ctionem
440 4884 453 4896 .

261 4937 379 4992 Non
408 4936 624 4993 dubitet
667 4936 953 5009 prudentia
990 4945 1085 4992 tua
1128 4952 1229 4993 nos
1279 4937 1507 4993 libenter
1537 4936 1783 5008 petitioni

206 5034 303 5083 tua
326 5029 525 5099 favere,
558 5030 616 5086 in
641 5037 909 5102 quantum
938 5045 1067 5086 cum
1089 5032 1211 5086 Deo
1233 5038 1288 5085 et
1302 5030 1416 5086 sine
1435 5028 1673 5086 fratrum
1692 5047 1786 5087 no-

208 5128 427 5179 suorum
453 5122 714 5180 seandalo
750 5122 867 5181 ﬁeri
908 5131 1107 5195 potest.
1148 5126 1274 5179 Non
1301 5130 1385 5179 est
1431 5124 1579 5179 enim
1606 5124 1783 5195 aliqua

206 5216 460 5272 Iacularis
503 5217 669 5289 apicis
696 5232 949 5288 persona,
1000 5217 1085 5272 cui
1122 5216 1268 5273 salva
1306 5217 1514 5288 iustitia
1560 5218 1783 5289 pronius

208 5319 469 5366 assensum
500 5318 755 5366 nostrum
799 5310 1045 5382 prabere
1078 5310 1331 5367 velimus.
1370 5315 1456 5367 De
1483 5326 1551 5368 eo
1595 5318 1782 5369 autem

210 5400 341 5468 quod
363 5417 525 5475 super
542 5402 716 5459 electo
746 5402 1020 5460 Melitensi
1042 5403 1347 5474 postulasti,
1373 5404 1600 5460 noverit
1621 5405 1781 5461 nobi-

209 5489 314 5549 lita:
339 5504 428 5553 tua
456 5496 623 5553 nobis
652 5512 772 5553 esse
815 5497 1133 5553 intimatum
1166 5496 1234 5553 ad
1257 5497 1351 5569 jus
1379 5497 1641 5554 Ecclesia
1668 5500 1785 5554 Re-

207 5585 388 5655 gitana
433 5591 721 5661 pertinere.
771 5590 933 5647 Unde
962 5606 1075 5646 non
1105 5590 1262 5646 aliter
1307 5590 1663 5647 annuendum
1690 5607 1781 5661 po-

208 5680 463 5739 stulationi
510 5691 620 5739 tua
666 5682 1072 5755 perpendimus,
1105 5683 1210 5739 nisi
1256 5684 1545 5756 diligenter
1573 5685 1784 5740 exami-

209 5781 319 5830 nata
342 5775 551 5847 iustitia
579 5776 921 5835 Melitensem
944 5776 1238 5833 Ecclesiam
1261 5778 1329 5833 ad
1358 5777 1601 5850 prafata
1622 5778 1782 5850 Regi-

207 5870 331 5925 tana
372 5868 649 5941 parocbia
675 5871 1140 5929 consecrationem
1166 5876 1300 5944 {non
1324 5873 1559 5929 attinere
1582 5872 1783 5931 consti-

1900 1945 2027 2016 quia
2072 1947 2464 2017 Trajanensem
2507 1947 2740 2003 electum
2778 1964 2807 2002 a
2836 1949 2999 2005 nobis
3037 1951 3342 2005 consecrari
3394 1966 3495 2023 po-

1899 2039 2089 2105 stulas,
2121 2039 2245 2095 licet
2272 2039 2526 2113 electioni
2545 2041 2661 2111 ejus
2702 2040 2808 2097 hoc
2834 2041 3071 2098 defuerit
3100 2043 3247 2114 quod
3288 2043 3496 2115 legatus

1898 2132 2209 2202 apostolica
2262 2133 2406 2190 sedis
2452 2142 2509 2189 et
2564 2149 2863 2191 consensus
2890 2144 3078 2192 noster
3126 2151 3240 2191 non
3293 2137 3490 2203 adfuit;

1897 2232 2083 2281 tamen
2112 2235 2399 2283 monentes
2421 2242 2492 2283 ne
2519 2226 2589 2283 de
2621 2226 2803 2284 futuro
2826 2228 2881 2283 id
2905 2228 3019 2294 ﬁat,
3051 2237 3161 2286 tua
3193 2228 3492 2298 dilectioni,

1896 2320 2173 2392 ipsiusque
2210 2336 2476 2392 persona,
2527 2319 2783 2377 laudabili
2813 2322 3125 2378 testimonio
3160 2321 3214 2378 id
3243 2322 3313 2378 ad
3352 2338 3495 2394 pra-

1895 2428 2021 2470 sens
2062 2414 2380 2482 annuimus,
2431 2422 2492 2470 ut
2536 2415 2779 2483 veniens,
2818 2417 2935 2471 Deo
2985 2408 3219 2485 favente,
3265 2432 3360 2489 per
3390 2432 3494 2473 nos

1895 2515 2270 2563 consecretur.
2338 2538 2345 2539 ί

2407 2646 2756 2702 EPISTOLA
2793 2648 2980 2703 XXV.

1974 2792 2056 2834 AD
2082 2792 2631 2835 ABGHIBPISCOPUM
2660 2794 2985 2836 CAPUANUM
3009 2796 3085 2837 ΒΤ
3111 2794 3407 2838 αωοβ.

2498 2895 2683 2961 (Anno
2705 2899 2885 2958 1081.)

1903 3014 1970 3066 Ut
2019 3026 2073 3065 se
2126 3011 2195 3063 ab
2240 3012 2813 3065 excommunicath
2858 3013 3281 3082 participatione
3320 3014 3488 3068 absti-

1966 3085 2150 3147 neant,
2183 3096 2403 3150 eamque
2439 3081 2565 3135 aliis
2605 3083 2950 3136 interdicunt.
2991 3085 3063 3138 Iis
3100 3086 3197 3152 qui
3236 3099 3488 3153 persecu—

1968 3155 2162 3206 tionem
2186 3155 2332 3219 ferre
2356 3168 2463 3206 non
2488 3157 2711 3221 possunt
2736 3154 3004 3208 licentiam
3037 3156 3365 3223 impartitur
3389 3161 3488 3209 aut

1967 3224 2041 3278 ad
2055 3224 2236 3278 sedem
2263 3225 2612 3293 apostolicam
2638 3228 2736 3279 aut
2762 3225 2835 3279 ad
2857 3225 3042 3281 ducem
3064 3227 3340 3294 fugiendi.

1957 3349 2311 3404 Gascoams
2322 3348 2629 3419 episcopus,
2642 3363 2829 3404 servus
2843 3364 3129 3405 servorum
3145 3349 3268 3415 Dei,
3287 3348 3486 3405 dilecto

1887 3440 1941 3494 in
1995 3439 2215 3495 Christo
2252 3439 2409 3495 fratri
2750 3440 3010 3513 Capuano
3060 3441 3483 3514 archiepiscopo,

1886 3532 2206 3604 caterisque
2234 3533 2647 3605 principatuum
2690 3533 2977 3606 episcopis,
3006 3535 3098 3608 qui
3123 3536 3282 3591 beato
3321 3537 3483 3591 Petro

1887 3626 2201 3683 obedientes
2247 3625 2609 3683 Christianam
2664 3626 2982 3699 religionem
3037 3636 3350 3686 constanter
3386 3629 3481 3686 de-

1886 3717 2136 3787 fendunt,
2168 3719 2398 3775 salutem
2426 3728 2481 3774 et
2507 3720 2859 3791 apostolicam
2888 3720 3336 3779 benedictionem.

1958 3813 2420 3885 Congratulamur
2451 3813 2725 3871 dilectioni
2769 3822 2986 3882 vestra,
3037 3813 3230 3872 fratres
3278 3814 3483 3872 charis-

1887 3905 2034 3975 simi,
2056 3906 2319 3978 quoniam
2348 3905 2497 3979 digni
2527 3908 2734 3965 inventi
2762 3909 2915 3978 estis,
2939 3909 3029 3980 qui
3052 3924 3151 3982 pro
3178 3908 3483 3966 Christiana

1888 4000 2147 4073 religione
2179 4000 2389 4072 integra
2437 4000 2637 4058 virtute
2674 4002 2909 4075 fortique
2941 4003 3248 4059 constantia
3293 4003 3483 4059 inimi-

1887 4093 2063 4160 citias,
2095 4093 2285 4151 odium
2314 4104 2368 4152 et
2395 4096 2750 4152 contumelias
2786 4095 3066 4169 patiamini
3100 4112 3199 4153 :ac
3228 4104 3484 4169 optamus

1887 4194 1947 4240 ut
1998 4186 2069 4241 de
2113 4188 2320 4259 reliquo
2372 4189 2641 4244 immobili
2698 4189 2895 4246 robore
2942 4191 3313 4263 perseveretis,
3371 4206 3483 4245 non

1884 4278 2050 4335 modo
2078 4296 2175 4336 vos
2215 4281 2282 4336 ab
2314 4281 2492 4337 illicita
2533 4290 2587 4337 et
2629 4280 2837 4338 nefaria
2875 4284 3484 4340 excommunicatorum

1884 4371 2287 4445 participatione
2325 4374 2680 4442 abstinentes,
2708 4374 2805 4431 sed
2832 4385 2888 4432 et
2914 4386 3142 4434 cateros
3171 4376 3484 4433 sacerdotes

1884 4466 1953 4521 ab
2002 4481 2196 4521 eorum
2231 4468 2618 4525 communione
2656 4468 3058 4526 interdicentes.
3104 4470 3161 4526 Si
3211 4470 3304 4541 qui
3350 4486 3479 4525 vero

1812 4566 1864 4629 D
1895 4559 2103 4617 fuerint
2128 4561 2222 4632 qui
2260 4570 2449 4617 contra
2478 4561 2828 4619 interdictum
2858 4570 3103 4619 vestrum
3132 4571 3191 4619 et
3224 4570 3477 4619 nostrum

1890 4655 2287 4711 contumaciter
2326 4655 2521 4711 missas
2564 4664 2620 4712 et
2659 4655 2840 4713 officia
2870 4655 2971 4712 illis
2998 4656 3184 4713 divina
3212 4656 3485 4713 celebrare

1890 4747 2120 4804 subinde
2172 4750 2635 4821 prasumpserint,
2690 4765 2787 4822 pro
2842 4757 2994 4806 certo
3050 4749 3281 4807 habeant
3326 4750 3483 4837 tales,

1891 4848 2163 4897 annuente
2205 4844 2345 4910 Deo,
2388 4842 2555 4898 sacris
2594 4858 2653 4899 se
2710 4843 3046 4911 ministeriis,
3096 4860 3220 4915 qua
3262 4844 3484 4917 indigne

1892 4950 2151 5006 usurpare
2179 4950 2291 4990 non
2332 4943 2602 5005 metuent,
2636 4936 2690 4991 in
2716 4945 3043 5009 perpetuum
3077 4937 3408 4995 abdicandae
3431 4947 3486 4994 et

1891 5028 2005 5084 sine
2054 5043 2149 5099 spe
2195 5029 2616 5101 recuperationis
2668 5030 3019 5088 amovendos.
3070 5034 3154 5088 De
3195 5040 3392 5089 caetero
3439 5033 3484 5087 si

1890 5121 2014 5194 quis
2040 5128 2281 5178 vestrum
2312 5121 2603 5193 impiorum
2640 5138 2950 5195 pressuram
2983 5122 3125 5180 ferre
3159 5139 3273 5180 non
3298 5124 3486 5181 valens

1890 5213 2039 5288 cupit
2060 5216 2329 5282 secedere,
2376 5216 2538 5273 nobis
2554 5232 2669 5273 non
2693 5217 2962 5289 displicet.
3001 5219 3329 5291 Hujusmodi
3351 5234 3483 5290 ergo

1889 5309 1971 5366 vel
1996 5310 2052 5365 in
2077 5317 2406 5381 potestatem
2431 5310 2582 5366 ducis
2611 5310 2834 5383 gloriosi
2863 5311 2946 5367 vel
2972 5310 3157 5367 fratris
3185 5312 3303 5383 ejus
3320 5322 3484 5385 pote-

1890 5404 1961 5458 rit
1992 5403 2091 5471 ire,
2128 5411 2221 5459 aut
2244 5403 2288 5459 si
2328 5402 2397 5460 ad
2425 5419 2528 5460 nos
2572 5404 2754 5460 venire
2790 5404 3064 5471 maluerit,
3095 5420 3199 5461 nos
3220 5405 3485 5463 charitate

1888 5512 1993 5568 qua
2025 5496 2287 5553 debemus
2330 5512 2457 5553 eum
2500 5498 2733 5554 libenter
2780 5498 3155 5570 suscipiemus.
3201 5500 3307 5571 Qui
3352 5515 3485 5556 vero

1887 5590 2006 5645 aliis
2056 5592 2362 5662 exemplum
2407 5591 2585 5647 factus
2614 5590 2826 5648 fortiter
2870 5592 3011 5647 inter
3054 5592 3258 5663 impios
3303 5607 3483 5664 perse-

1888 5684 2186 5751 veraverit,
2217 5684 2303 5741 ille
2331 5686 2519 5756 procul
2550 5685 2717 5740 dubio
2743 5684 2957 5740 virtutis
2984 5699 3245 5741 coronam
3275 5685 3485 5756 gloria-

1888 5792 1995 5850 que
2015 5778 2354 5848 triumphum
2376 5779 2574 5835 merito
2601 5778 2895 5849 majorem,
2927 5778 3169 5834 Domino
3193 5777 3483 5847 largiente,

1889 5869 2169 5941 percipiet.
