4044 6164
1033 424 1386 481 EPISTOLA
1411 422 1627 477 XXVI.

725 537 808 578 AD
845 532 1391 578 ARCHIEPISCOPUH
1430 528 1913 572 NEAPOLITANUM
1923 555 1938 570 .

1127 616 1306 680 (Anno
1352 610 1532 682 1081.)

533 711 794 782 Praecipit
826 714 890 765 ut
924 711 1195 778 magistro
1222 707 1458 782 militum
1496 703 2130 782 sudem-communicenm

603 786 694 840 nis
892 774 1212 841 interdicat,
1244 795 1311 852 ne
1339 778 1570 852 ulterius
1589 775 1821 830 Jordani
1842 774 2062 844 perjuro
2081 777 2131 828 et

611 849 1070 911 emcbmmwticato
1111 851 1388 905 auxilium
1432 849 1596 916 ferat.

605 949 973 1005 Gneeonms
995 946 1303 1016 episcOpns,
1329 956 1516 996 servus
1538 955 1823 995 servorum
1845 940 1966 1004 Dei,
1993 940 2130 994 L....

532 1043 891 1114 Neapolitano
939 1037 1351 1108 archiepiscopo
1391 1035 1626 1090 salutem
1672 1041 1728 1088 et
1773 1032 2132 1104 apostolicam

532 1135 992 1192 benedictionem.

609 1232 735 1286 Non
778 1228 998 1298 ignorat
1040 1222 1329 1295 prudentia
1370 1230 1466 1278 tua
1511 1221 1672 1277 nobis
1713 1221 2030 1286 imminere,
2075 1226 2138 1274 ut

536 1320 794 1378 omnibus
833 1328 887 1374 et
932 1317 1138 1388 ubique
1182 1316 1440 1372 salutaria
1471 1315 1690 1371 consilia
1721 1313 2130 1385 provideamus,

537 1423 595 1470 et
622 1413 837 1468 monita
856 1412 940 1468 vel
963 1409 1276 1477 interdicta,
1303 1417 1466 1481 prout
1490 1424 1577 1463 res
1601 1407 1878 1480 postulare
1902 1407 2136 1475 videtur,

535 1506 748 1564 cunctis
777 1504 1035 1561 exhibere
1062 1503 1379 1561 debeamus.
1413 1506 1686 1558 Praeterea
1731 1517 1842 1557 non
1883 1501 2053 1557 latere
2081 1509 2135 1558 te

539 1601 816 1666 volumus,
865 1614 931 1654 ex
977 1614 1087 1670 quo
1131 1597 1483 1653 charissimus
1530 1603 1717 1650 noster
1767 1594 2139 1650 Salernitanus

538 1693 792 1765 princeps
819 1692 1036 1748 noviter
1061 1690 1243 1758 rediit,
1273 1705 1374 1745 nos
1426 1698 1483 1744 et
1512 1689 1914 1744 nobilissimum
1961 1687 2137 1758 magi-

534 1795 711 1843 strum
739 1786 996 1853 militum,
1021 1792 1076 1840 et
1103 1783 1337 1856 majores
1357 1791 1521 1854 atque
1548 1781 1789 1837 minores
1817 1789 2008 1836 vestrae
2038 1797 2127 1835 ur-
2159 1795 2204 1862 Β
2241 1781 2533 1890 ςέιὲῶᾲὲ,

535 1881 623 1936 bis
659 1877 1068 1951 quodammodo
1108 1876 1414 1948 specialiter
1442 1876 1671 1948 capisse
1703 1875 1940 1946 diligere.
1970 1873 2132 1930 Unde

535 1972 704 2030 modo
735 1972 890 2028 valde
913 1971 1090 2042 magis
1112 1970 1393 2036 dolemus,
1426 1969 1551 2041 quia
1591 1984 1686 2024 eos
1713 1968 1977 2023 auxilium
2003 1966 2134 2022 dare

537 2063 857 2122 hominibus
884 2063 1061 2135 pravis
1087 2070 1142 2117 et
1162 2063 1232 2117 ab
1260 2061 1505 2118 Ecclesia
1528 2069 1691 2133 atque
1733 2063 1852 2116 Deo
1876 2059 2137 2132 separatis

537 2157 871 2214 audivimus.
917 2159 1063 2210 Nam
1112 2156 1344 2210 relatum
1373 2163 1453 2210 est
1480 2153 1664 2214 nobis,
1695 2154 1842 2225 quod
1887 2152 2136 2222 Jordani,

538 2250 638 2323 qui
661 2250 898 2307 scienter
938 2249 1192 2320 perjurus
1213 2247 1375 2303 beato
1407 2250 1567 2303 Petro
1593 2255 1648 2302 et
1671 2246 1836 2302 nobis
1859 2254 1913 2301 et
1936 2246 2008 2302 ob
2033 2245 2138 2301 hoc

541 2342 910 2401 anathematis
937 2339 1102 2419 nodis
1150 2341 1346 2412 ligatus
1373 2349 1477 2409 est,
1526 2339 1860 2412 adjutorium
1905 2339 2135 2394 faciant.

542 2438 680 2506 Qua
726 2450 815 2491 res
843 2435 965 2490 illos
991 2434 1179 2504 procul
1225 2433 1395 2488 dubio
1447 2441 1500 2487 et
1528 2449 1556 2488 a
1587 2434 1760 2504 gratia
1804 2432 1942 2487 beati
1993 2433 2141 2488 Pctri

539 2530 752 2586 alienos
775 2536 829 2583 et
864 2527 1158 2584 dilectione
1184 2535 1373 2582 nostra
1403 2526 1657 2597 indignos
1687 2525 1855 2581 efficit
1887 2544 1900 2580 :
1934 2533 2010 2592 et,
2038 2526 2140 2580 nisi

545 2622 923 2694 resipiscentes
998 2619 1276 2687 desinant,
1348 2619 1566 2675 aternis
1631 2620 1809 2690 panis
1873 2618 2143 2674 obnoxios

548 2715 766 2772 reddet.
835 2712 1074 2770 Proinde
1128 2712 1450 2768 fraternitati
1520 2721 1630 2770 tua
1683 2711 2024 2784 praecipimus
2088 2720 2144 2766 ut

550 2807 842 2882 prafatum
891 2807 1214 2879 magistrum
1261 2806 1496 2861 militum
1527 2821 1825 2877 omnesque
1852 2805 1945 2860 tibi
1987 2820 2144 2860 com-

540 2902 739 2959 missos
767 2901 1088 2968 admoneas,
1117 2908 1171 2955 et
1193 2891 1532 2972 pontiﬁcalis
1576 2915 1825 2955 censura
1865 2898 2142 2969 disciplina

544 2995 854 3068 prohibeas,
879 3002 933 3050 et
974 2991 1271 3048 interdicas
1317 3001 1377 3048 ut
1399 3002 1514 3048 tam
1558 3009 1589 3048 a
1632 2992 1859 3063 praf’ato
1906 2990 2148 3046 Jordano

545 3104 713 3160 quam
753 3104 784 3143 a
812 3087 1025 3142 caeteris
1068 3086 1212 3140 illius
1257 3085 1616 3156 complicibus
1665 3100 1784 3140 sese
1821 3083 2143 3151 abstineant,

543 3181 726 3253 illique
782 3179 998 3235 nullum
1056 3194 1281 3250 prorsus
1336 3178 1597 3233 auxilium
1644 3177 1911 3244 tribuant,
1969 3177 2146 3232 donec

545 3274 708 3330 beato
754 3275 916 3329 Petro
963 3270 1282 3328 satisfecerit
1330 3286 1492 3343 quem
1553 3270 1788 3342 perjurio
1840 3270 2144 3340 abnegavit.

550 3367 607 3424 Si
665 3366 793 3440 quis
838 3381 969 3438 ergo
1029 3381 1131 3421 nec
1191 3364 1426 3420 consiliis
1503 3364 1635 3430 tuis,
1696 3379 1796 3419 nec
1863 3365 2148 3436 praceptis

547 3459 768 3525 nostris,
814 3475 916 3515 nec
946 3459 1255 3516 auctoritati
1295 3458 1438 3513 beati
1469 3457 1616 3512 Petri
1641 3457 2047 3529 obtemperans,
2086 3457 2149 3512 in

548 3554 809 3611 ﬁdelitate
869 3554 954 3608 vel
1003 3551 1277 3624 adjutorio
1330 3551 1473 3606 illius
1519 3559 1769 3607 mortuus
1819 3550 1998 3619 fuerit,
2048 3566 2147 3622 pro

550 3646 642 3701 illo
691 3653 906 3720 certum
955 3653 1037 3701 est
1081 3660 1191 3699 non
1246 3659 1364 3699 esse
1393 3643 1666 3700 orandum
1703 3663 1717 3698 ε
1771 3651 1826 3698 et
1852 3659 1952 3700 nos
1982 3643 2148 3699 etiam

544 3737 804 3809 jubemus
850 3745 912 3792 ut
950 3752 1050 3791 nec
1104 3738 1400 3808 sepultura:
1447 3735 1750 3792 Christiano
1789 3753 1945 3792 more
1990 3753 2146 3794 com-

555 3829 863 3885 mendetur.
915 3829 1246 3885 Timendum
1305 3845 1524 3900 quoque
1577 3838 1658 3883 est
1709 3846 1801 3896 ne,
1852 3831 1898 3885 si
1950 3829 2019 3884 ab
2060 3830 2148 3885 illo

557 3922 806 3979 animum
833 3938 944 3977 non
965 3922 1358 3988 revocaverint,
1389 3921 1592 3977 divina
1622 3922 1841 3977 ultionis
1870 3922 2003 3978 iram
2036 3923 2150 3993 ipse

555 4015 710 4072 locus
731 4024 909 4072 vester
936 4015 1262 4087 experiatur.

1056 4111 1408 4165 EPISTOLA
1445 4110 1687 4166 XXVII.

858 4217 941 4258 AD
964 4217 1392 4260 HEBIMANNUM
1420 4216 1837 4260 CLBDINALBLI.

1150 4297 1331 4358 (Anno
1375 4298 1554 4357 1081.)

556 4389 831 4441 Hortatur
852 4389 1124 4456 patienter
1151 4402 1207 4440 se
1244 4402 1345 4456 pro
1371 4388 1575 4442 Christi
1616 4387 1836 4441 nomine
1880 4391 2055 4456 gerat,
2100 4393 2149 4442 et

617 4459 897 4527 justitiam
945 4459 1220 4524 defendat.
1277 4461 1348 4511 De
1377 4460 1532 4511 electo
1563 4458 1844 4511 Corsicana
1882 4460 1997 4512 vult
2022 4461 2146 4521 sibi,

625 4535 913 4598 antequam
933 4534 1280 4595 consecretur,
1315 4531 1675 4582 testimonium
1694 4544 1849 4582 suum
1867 4533 2070 4583 mittat.

621 4622 982 4680 Gnncourus
995 4624 1302 4694 episcopus,
1319 4638 1507 4677 servus
1521 4638 1800 4677 servorum
1825 4623 1940 4686 Dei,
1967 4625 2152 4679 HEBI-

553 4729 771 4772 mrtuo
821 4716 1018 4771 dilecto
1070 4716 1125 4770 in
1170 4716 1383 4772 Christo
1434 4714 1591 4770 fratri
1645 4730 1811 4772 sacra
1880 4720 2149 4773 Romana

556 4808 812 4864 Ecclesia
861 4809 1144 4876 cardinali,
1189 4809 1423 4864 salutem
1473 4816 1529 4864 et
1571 4809 1928 4881 apostolicam
1976 4811 2146 4866 bene-

555 4897 874 4956 dictionem.

624 4993 843 5049 Gratias
872 4993 1228 5066 omnipotenti
1255 4996 1373 5050 Deo
1399 4993 1670 5051 bonorum
1701 4998 1953 5060 omnium
1983 4997 2145 5069 largi-

553 5086 663 5142 tori
692 5086 1001 5154 referimus,
1027 5086 1120 5158 qui
1147 5095 1198 5142 te
1225 5087 1448 5144 illorum
1477 5090 1753 5145 consortio
1783 5091 2146 5147 adnumerare

549 5179 800 5252 dignatus
828 5187 932 5247 est,
955 5180 1021 5236 de
1044 5180 1241 5251 quibus
1268 5182 1534 5253 scriptum
1563 5191 1645 5238 est
1670 5202 1682 5238 :
1717 5185 1975 5250 Quoniam
1996 5185 2153 5253 digni

549 5272 734 5329 habiti
760 5279 885 5329 sunt
909 5290 1013 5345 pro
1041 5277 1258 5328 nomine
1280 5277 1404 5330 Iesu
1421 5279 1806 5331 contumeliam
1837 5280 1965 5348 pati
1992 5279 2137 5348 (Act.

549 5370 633 5432 ν).
684 5369 805 5422 Hoc
843 5376 947 5435 est,
997 5365 1351 5424 dilectissime
1380 5367 1570 5436 frater,
1623 5370 1770 5442 quod
1821 5386 1964 5442 sepa
2007 5371 2148 5442 lege-

544 5473 639 5515 ras
682 5480 696 5517 :
745 5461 896 5516 Vasa
918 5461 1079 5531 ﬁguli
1119 5463 1316 5531 probat
1363 5464 1570 5530 fornae:
1611 5465 1795 5528 (Eccli.
1845 5469 2066 5533 xxvn');
2095 5473 2151 5520 et

543 5551 680 5608 illud
710 5570 728 5610 :
763 5555 1317 5611 Innocentiam-Abel
1364 5555 1564 5612 habere
1597 5571 1708 5611 non
1738 5565 1935 5629 potest,
1980 5573 2144 5629 quem

543 5646 757 5703 malitia
802 5647 936 5704 Cain
963 5663 1075 5703 non
1098 5657 1339 5705 exercet.
1375 5651 1510 5706 Hac
1538 5649 1778 5721 denique
1801 5659 1855 5706 et
1892 5651 1993 5706 alia
2037 5651 2144 5707 hil-

542 5737 789 5810 jusmodi
837 5756 984 5798 nunc
1017 5741 1078 5797 in
1128 5741 1382 5798 manibus
1431 5743 1544 5814 geri
1594 5751 1842 5813 patenter
1895 5743 2147 5816 intelligit

542 5834 825 5902 prudentia
854 5844 946 5893 tua
975 5855 988 5892 :
1017 5835 1307 5909 perpendit
1329 5835 1494 5891 etiam
1524 5834 1672 5906 quod
1700 5835 1768 5891 ab
1791 5851 1856 5891 ea
1885 5837 2142 5908 exigitur,

1218 299 1275 354 S.
1318 296 1638 353 GREGORII
1673 297 1763 350 VII
1799 297 1995 351 PAPA'I
2034 287 2306 351 OPERUM
2345 292 2516 349 PARS
2559 293 2595 345 l.
2639 319 2707 330 —
2746 285 3146 342 REGISTRUM.

3723 285 3832 337 628

2159 423 2212 484 Α
2240 434 2340 474 nec
2386 419 2600 489 ignorat
2641 411 2772 485 quid
2803 409 2904 466 sibi
2947 425 3044 480 pro
3086 405 3288 463 talibus
3329 406 3383 462 in
3426 406 3537 462 ﬁne
3580 405 3832 463 debetur.

2234 517 2599 584 Quapropter,
2631 515 2692 562 ut
2733 504 2969 560 solertia
2995 511 3104 558 tua
3134 501 3368 557 breviter
3397 500 3545 572 loqui
3574 500 3618 556 si
3659 501 3834 556 multa

2234 606 2466 669 dixisse,
2498 603 2880 666 admonemus,
2907 596 2962 652 id
2981 595 3130 668 quod
3155 594 3436 651 memoria
3475 602 3591 650 tua
3617 610 3832 665 semper

2236 699 2424 756 adesse
2464 705 2740 767 putamus,
2791 691 3040 748 videlicet
3090 696 3150 745 ut
3199 688 3458 746 Veritatis
3503 688 3837 744 sententiam

2238 792 2395 866 quasi
2423 789 2765 863 signaculum
2788 785 2890 842 sub
2912 800 3007 840 cor
3030 792 3188 839 tuum
3217 797 3390 854 ponas
3419 797 3435 837 :
3476 785 3545 838 In
3573 785 3840 852 patientia

2236 892 2413 943 vestra
2431 884 2772 957 possidebitis
2797 883 3006 936 animas
3029 883 3236 934 vestras
3278 879 3422 948 (Luc.
3451 878 3614 948 xm).
3648 879 3731 932 Ea
3753 885 3837 934 est

2241 981 2387 1037 enim
2407 977 2634 1052 justitia
2655 973 3041 1043 consolidatio,
3076 972 3199 1029 ﬁdei
3238 971 3692 1039 stabilimentum,
3720 972 3836 1043 Spei

2241 1073 2519 1140 securitas,
2576 1069 2856 1128 charitatis
2904 1065 3282 1123 indissolubile
3345 1064 3644 1132 vinculum,
3715 1080 3840 1121 con—

2241 1166 2536 1226 summatio
2587 1178 2784 1236 nempe
2834 1163 3116 1217 virtutum.
3170 1161 3255 1215 De
3304 1167 3506 1215 catero
3570 1159 3838 1228 quoniam

2243 1262 2563 1320 Corsicanus
2602 1261 2808 1314 electus
2832 1254 2902 1312 ad
2929 1252 3358 1311 consecrandum
3394 1268 3569 1324 nuper
3594 1251 3839 1319 advenit,

2245 1353 2596 1412 fraternitatis
2623 1361 2734 1407 tua
2757 1349 3096 1416 testimonio,
3121 1363 3246 1419 qua
3276 1362 3396 1403 rem
3419 1345 3564 1400 illius
3592 1351 3672 1412 (ut
3702 1345 3845 1401 arbi-

2245 1449 2474 1520 tramur)
2529 1446 2725 1502 clarius
2773 1444 2950 1512 novit,
2999 1457 3164 1514 super
3213 1457 3277 1496 eo
3325 1439 3649 1512 indigemus.
3701 1442 3841 1495 Cum

2246 1544 2396 1600 enim
2433 1541 2592 1596 nobis
2639 1537 2838 1595 electio~
2874 1536 3020 1592 illius
3069 1535 3343 1606 incognita
3389 1534 3462 1589 sit
3490 1542 3546 1590 et
3587 1549 3842 1605 persona,

2248 1644 2464 1708 oportet
2522 1632 2768 1706 profecto
2817 1647 2928 1687 non
2977 1630 3024 1686 ei
3071 1638 3276 1685 temere
3331 1643 3556 1684 manum
3603 1627 3839 1700 imponi.

2247 1728 2501 1794 Proinde,
2545 1727 2737 1794 frater,
2788 1735 2851 1781 ut
2877 1723 2945 1780 de
2971 1739 3039 1780 eo
3080 1722 3208 1794 quid
3255 1721 3564 1778 faciendum
3607 1722 3678 1776 sit
3705 1723 3846 1777 scire

2579 1821 2830 1876 volumus
2871 1826 2926 1874 et
2983 1815 3243 1889 jubemus
3272 1823 3545 1887 quatenus
3591 1815 3846 1870 veritatis

2230 1916 2497 1988 judicium
2542 1930 2705 1985 super
2749 1914 2866 1985 ipso
2894 1911 3054 1968 nobis
3083 1910 3354 1965 destinare
3380 1924 3661 1982 procures.
3703 1911 3842 1964 Esto

2242 2025 2458 2066 memor
2480 2007 2766 2064 memoris.
2792 2009 2904 2062 Ora
2931 2020 3028 2076 pro
3052 2004 3233 2060 nobis.

2703 2111 3053 2165 EPISTOLA
3103 2110 3343 2163 XXVIII
3354 2150 3365 2162 .

2671 2219 2752 2260 AD
2783 2217 3118 2261 UNIVBBSOS
3143 2217 3412 2258 FIDELES.

2855 2302 3038 2363 (Anno
3071 2299 3250 2364 1081.)

2246 2395 2344 2450 Ait
2364 2409 2418 2448 se
2443 2393 2749 2464 generalem
2770 2393 3031 2461 synodum
3050 2394 3107 2445 in
3138 2389 3244 2445 loco
3266 2395 3381 2444 tuto
3407 2389 3538 2444 velle
3557 2403 3851 2464 congrega-

2317 2480 2394 2527 re,
2441 2463 2506 2518 ut
2533 2469 2810 2518 tantorum
2837 2464 3104 2517 malorum
3129 2467 3416 2523 auctorem,
3447 2476 3509 2514 ac
3541 2463 3855 2528 prasertim

2315 2537 2470 2606 pacis
2500 2539 2639 2590 inter
2658 2537 3034 2604 pontiﬁcatum
3081 2539 3132 2588 et
3161 2548 3390 2600 regnum
3411 2533 3850 2606 perturbatorem

2319 2605 2385 2660 ea:
2415 2609 2626 2661 occultis
2653 2608 2825 2660 antris
2859 2607 3122 2670 eatrahat,
3143 2619 3430 2672 pacemque
3465 2605 3631 2671 ipsam
3657 2606 3855 2670 conﬁr-

2320 2683 2441 2732 met.
2474 2681 2736 2733 Paratum
2781 2693 2834 2731 se
2865 2679 3036 2743 offert
3075 2676 3213 2729 sedis
3255 2674 3554 2743 apostolicis
3590 2675 3850 2726 umocen-

2323 2751 2460 2803 tiam
2510 2749 2815 2814 defendere.
2864 2747 3204 2815 Bodulphum
3258 2761 3431 2812 regem
3489 2745 3677 2813 absque
3730 2745 3854 2812 ejus

2314 2826 2583 2890 praecepto
2613 2821 2829 2873 electum
2877 2819 3092 2887 ejusque
3119 2816 3357 2890 electores
3387 2818 3484 2890 qui
3512 2817 3665 2868 illum
3705 2817 3857 2890 ordi-

2321 2888 2546 2955 narunt,
2575 2892 2682 2942 nisi
2711 2891 2802 2943 hoc
2820 2891 3029 2956 factum
3054 2893 3189 2942 recte
3218 2888 3539 2954 defendant,
3571 2893 3682 2940 tam
3714 2889 3858 2956 ipsos

2327 2978 2362 3014 a
2414 2963 2776 3029 dignitatibus
2825 2962 2938 3014 suis
2994 2975 3161 3030 quam.
3219 2959 3557 3028 Rodulphum
3611 2974 3645 3012 a
3694 2974 3858 3025 regno

2327 3034 2584 3103 deponere
2611 3035 2873 3086 minatur.

2179 3157 2222 3219 ρ
2326 3131 2673 3186 Gnnaonrus
2709 3129 3012 3200 episcopus,
3051 3141 3238 3181 servus
3263 3141 3553 3181 servorum
3587 3127 3716 3192 Dei,
3756 3128 3862 3182 cle-

2255 3223 2378 3278 ricis
2419 3231 2473 3277 et
2501 3222 2646 3277 laicis
2681 3223 2770 3292 qui
2811 3237 2922 3276 non
2966 3227 3225 3275 tenentur
3265 3219 3860 3287 excommunicatione,

2254 3315 2488 3370 salutem
2533 3324 2587 3370 et
2609 3315 2968 3386 apostolicam
3001 3312 3458 3369 benedictionem.

2326 3410 2532 3464 Notum
2579 3408 2806 3463 facimus
2844 3407 3016 3473 vobis,
3058 3405 3363 3462 charissimi
3403 3405 3597 3462 fratres
3636 3415 3696 3462 et
3735 3406 3860 3473 filii,

2254 3519 2356 3559 nos
2406 3503 2706 3558 admodum
2757 3502 3066 3557 desiderem
3103 3509 3160 3555 et
3204 3500 3498 3568 apostolica
3526 3500 3863 3555 auctoritate

2253 3597 2388 3652 velle
2435 3597 2646 3652 sancire
2692 3603 2751 3651 ut
2795 3596 3060 3668 generalis
3105 3593 3346 3666 synodus
3391 3601 3755 3664 congregetur
3804 3595 3862 3648 in

2256 3689 2376 3745 loco
2413 3697 2532 3746 tuto
2579 3699 2634 3744 et
2677 3705 2892 3762 securo,
2940 3689 3127 3760 sicque
3169 3695 3475 3759 opportuno
3508 3694 3572 3740 ut
3613 3686 3682 3742 ad
3729 3702 3860 3742 eum

2255 3783 2463 3855 possint
2499 3782 2733 3854 undique
2776 3790 3043 3837 terrarum
3095 3780 3357 3836 clericalis
3410 3779 3618 3835 ordinis
3655 3788 3714 3834 et
3760 3780 3860 3835 lai-

2256 3877 2389 3932 calis
2425 3878 2587 3932 amici
2642 3876 2720 3930 vel
2761 3875 2969 3930 inimici
3009 3876 3122 3930 sine
3166 3876 3366 3929 timore
3395 3873 3702 3928 convenire.
3737 3874 3861 3928 Dis-

2257 3970 2514 4041 ponimus
2552 3969 2696 4025 enim
2737 3978 2989 4034 tractare,
3039 3977 3092 4024 et
3136 3968 3380 4039 diligenti
3412 3966 3738 4022 excussione
3766 3965 3863 4022 de.

2256 4071 2465 4119 tectum
2512 4067 2566 4118 in
2599 4063 2788 4118 faciem
2838 4062 2985 4117 orbis
3005 4079 3070 4116 ex
3099 4061 3324 4117 occultis
3347 4060 3866 4132 tergiversationum

2257 4173 2477 4213 suarum
2519 4157 2685 4212 antris
2717 4156 3004 4211 extrahere
3034 4157 3344 4227 quicunque
3388 4154 3475 4208 ille
3505 4163 3589 4208 est
3617 4155 3711 4223 qui
3743 4162 3866 4209 tan-

2256 4259 2441 4307 torum
2494 4252 2788 4315 malorum,
2840 4266 2962 4322 qua
3002 4250 3328 4322 jampridem
3385 4250 3440 4304 in
3481 4247 3860 4304 Christianam

2259 4346 2574 4417 religionem
2617 4353 2934 4416 grassantur
2961 4352 3016 4399 et
3063 4344 3316 4409 saeviunt,
3363 4358 3523 4398 causa
3555 4351 3610 4397 et
3662 4350 3864 4397 auctor

2257 4438 2456 4493 existit.
2511 4438 2676 4510 Cujus
2721 4438 2881 4492 etiam
2925 4437 3173 4508 impietas
3215 4445 3271 4491 et
3296 4435 3529 4491 inaudita
3579 4436 3864 4491 temeritas

2179 4536 2226 4595 Π
2254 4531 2517 4586 hactenus
2546 4532 2757 4586 obstitit
2781 4540 2834 4586 et
2855 4532 3190 4601 proturbavit
3216 4547 3280 4585 ne
3310 4531 3447 4584 inter
3478 4529 3863 4600 pontiﬁcatum

2257 4633 2311 4679 et
2355 4640 2586 4695 regnum
2639 4625 2815 4680 divina
2868 4641 2965 4696 pax
3025 4633 3078 4679 et
3129 4634 3273 4678 recta
3329 4623 3624 4679 concordia
3682 4623 3861 4689 fieret;

2257 4734 2421 4791 quam
2460 4735 2669 4790 pacem,
2713 4719 3012 4790 opitulante
3053 4717 3314 4783 Domino,
3363 4717 3501 4772 sicut
3545 4717 3863 4773 Christiana

2256 4811 2474 4867 devotio
2503 4813 2650 4884 cupit
2677 4820 2731 4867 et
2760 4813 3014 4883 postulat,
3068 4811 3122 4864 in
3153 4812 3348 4866 eodem
3378 4811 3618 4865 concilio
3647 4810 3862 4864 instau-

2257 4921 2379 4960 rare
2401 4915 2455 4962 et
2481 4907 2806 4960 confirmare
2827 4913 3097 4977 optamus.
3126 4907 3186 4959 In
3208 4921 3312 4977 qua
3325 4904 3535 4977 synodo
3562 4914 3858 4976 praeterea,

2259 5002 2382 5054 Deo
2429 5008 2668 5065 auctore,
2718 4998 2783 5054 ad
2815 4998 3086 5054 honorem
3141 4999 3281 5053 beati
3333 4999 3492 5064 Petri,
3548 4997 3862 5053 secundum

2258 5100 2574 5148 sanctorum
2625 5095 2845 5148 Patrum
2887 5092 3104 5148 decreta
3136 5093 3314 5171 parati
3339 5091 3540 5147 erimus
3582 5091 3732 5163 quod
3755 5091 3860 5164 ju-

2257 5193 2403 5240 stum
2442 5195 2525 5240 est
2552 5187 2750 5254 facere,
2779 5194 2830 5240 et
2871 5186 3183 5258 iniquorum
3219 5185 3520 5257 nequitiam
3548 5186 3864 5242 revelantes

2254 5277 2322 5334 de
2351 5278 2434 5333 his
2464 5295 2586 5350 qua
2611 5279 2922 5350 apostolica
2946 5279 3056 5334 sedi
3089 5279 3432 5351 objiciuntur,
3461 5289 3517 5335 et
3545 5279 3694 5335 unde
3727 5280 3859 5351 qui-

2257 5370 2384 5426 dam
2437 5372 2667 5426 fratrum
2729 5374 3206 5437 submurmurant,
3269 5371 3437 5445 ipsius
3482 5373 3861 5428 innocentiam

2256 5465 2530 5520 evidenter
2568 5466 2874 5535 ostendere,
2920 5468 2996 5522 ita
3025 5475 3213 5522 tamen
3260 5474 3320 5521 ut
3362 5475 3486 5521 ante
3533 5467 3716 5521 omnia
3762 5481 3862 5522 res

2253 5565 2458 5614 sancta
2491 5562 2764 5615 Romana
2789 5560 3068 5626 Ecclesia,
3100 5561 3298 5632 quibus
3327 5560 3618 5631 exepoliata
3645 5565 3866 5631 cngno-

2255 5651 2443 5721 scitur,
2507 5653 2552 5707 si
2590 5653 2814 5725 dignum
2868 5661 2971 5720 est,
3013 5653 3386 5708 restituantur.
3460 5657 3664 5709 Verum
3714 5651 3859 5707 illud

2253 5744 2550 5802 admodum
2579 5754 2768 5802 vestra
2805 5746 3079 5803 dilectioni
3109 5747 3388 5803 notiticare
3423 5763 3536 5803 non
3577 5746 3862 5818 dedigna-

2257 5854 2402 5906 mur,
2426 5842 2544 5898 Deo
2573 5849 2730 5909 teste,
2760 5839 3139 5912 Rodulphum,
3183 5842 3276 5913 qui
3303 5857 3401 5898 rex
3440 5841 3510 5897 ab
3539 5841 3861 5897 ultramon-
