4044 6186
230 289 335 342 629

1373 286 1571 341 LIBER
1606 286 1846 341 NONUS.
1886 315 1957 327 —
1995 288 2203 343 EPIST.
2244 288 2391 342 ΧΧΧ.

3460 134 3475 163 Ι

3425 300 3530 353 630

226 412 378 467 tanis
430 410 714 466 ordinatus
740 419 844 476 est,
876 426 988 467 non
1014 418 1203 467 nostro
1248 420 1518 482 pracepto
1548 412 1659 466 sive
1694 427 1824 467 con-
1862 419 1911 480 Α
1942 411 1994 467 in
2045 421 2370 483 potestatem
2406 429 2561 469 suam
2609 414 2811 471 illicitis
2838 416 3246 473 conditionibus
3282 419 3529 492 redigere

224 507 358 563 silio
383 520 620 576 regnum
650 512 781 559 tunc
805 507 1134 575 suscepisse;
1166 505 1386 576 insuper
1416 506 1581 560 etiam
1628 521 1729 560 nos
1768 507 1823 560 in

222 598 447 672 synodo
489 598 845 654 decernentes
900 598 1225 663 ﬁrmavisse,
1275 599 1378 654 nisi
1433 598 1825 674 archiepiscopi

221 702 282 749 et
334 693 607 765 episcopi,
641 693 734 765 qui
780 692 930 748 illum
980 692 1383 759 ordinaverant,
1464 692 1571 748 hoc
1617 691 1825 748 factum

219 803 391 844 suum
423 794 574 843 recte
599 784 903 843 defendere
927 786 1253 859 potuissent,
1284 796 1399 843 tam
1421 787 1572 858 ipsos
1598 802 1629 842 a
1656 786 1826 858 digni-

222 880 439 938 tatibus
468 880 583 937 suis
610 896 781 952 quam
809 889 865 936 et
889 880 1178 952 praefatum
1204 880 1561 953 Rodulphum
1598 896 1631 936 a
1658 896 1825 953 regno

217 974 529 1047 deponere.
557 974 849 1031 Enumero
883 974 1102 1030 interim
1128 975 1248 1046 quis
1278 974 1418 1031 hanc
1444 983 1693 1031 nostram
1717 974 1824 1032 dis-

217 1069 569 1141 positionem
592 1068 1053 1136 interturbaverit,
1080 1077 1135 1123 et
1158 1069 1313 1124 multi
1352 1078 1592 1125 vestrum
1617 1070 1823 1135 sciunt,

215 1170 275 1219 et
323 1170 579 1218 nostram
621 1160 910 1218 scientiam
933 1177 1283 1234 nequaquam
1309 1160 1500 1233 fugere
1530 1171 1728 1233 potest.
1768 1164 1821 1219 Si

216 1257 383 1313 enim
416 1256 688 1311 Henricus
734 1271 831 1312 rex
866 1255 1043 1312 dictus
1070 1265 1125 1311 et
1154 1272 1275 1326 pars
1312 1256 1431 1327 ejus
1458 1256 1823 1313 obedientiam

213 1365 395 1421 quam
423 1350 756 1421 promiserat
780 1349 960 1418 nobis,
991 1350 1103 1405 imo
1130 1349 1292 1406 beato
1324 1352 1506 1419 Petro,
1532 1360 1823 1419 servasset,

212 1442 569 1499 conﬁdenter
592 1442 739 1509 dico,
780 1446 898 1498 Deo
926 1443 1164 1513 iuvante,
1200 1459 1313 1498 non
1354 1451 1437 1498 tot
1466 1446 1633 1511 mala,
1668 1444 1824 1499 vide-

213 1537 346 1594 licet
370 1535 694 1604 homicidia,
716 1537 976 1608 perjuria,
1008 1536 1309 1608 sacrilegia,
1342 1537 1672 1593 Simoniaca
1701 1540 1813 1594 ha-

214 1631 360 1687 resis
395 1630 715 1701 pestilentia
742 1646 805 1685 ac
848 1629 1186 1701 proditiones
1213 1632 1538 1688 evenissent.
1589 1634 1699 1687 Vos
1728 1632 1825 1686 ita-

217 1740 352 1797 que,
385 1740 529 1796 quos
556 1732 651 1779 aut
694 1731 861 1780 tanta
888 1724 1225 1779 calamitates
1256 1733 1498 1789 movent,
1531 1733 1629 1780 aut
1656 1725 1823 1779 divini

214 1818 438 1873 timoris
465 1825 747 1889 respectus
763 1816 831 1872 ad
862 1820 983 1873 Deo
1029 1817 1255 1889 dignam
1294 1833 1483 1888 pacem
1506 1827 1563 1873 et
1593 1834 1821 1875 concor-

212 1910 371 1968 diam
403 1911 638 1978 animat,
668 1910 907 1966 nitimini
945 1918 1002 1967 et
1044 1926 1398 1981 summopere
1446 1912 1708 1978 laborata,
1760 1921 1822 1968 ut

215 2005 493 2077 synodus,
539 2004 758 2076 qualem
794 2019 958 2075 supra
1000 2005 1462 2070 memoravimus,
1492 2004 1608 2061 fieri
1650 2007 1824 2077 possit

216 2107 503 2170 quatenus
537 2106 740 2153 sancta
769 2099 1029 2156 Ecclesia
1058 2106 1242 2171 caput,
1279 2106 1568 2169 totumque
1600 2115 1820 2170 corpus,

210 2192 364 2266 quod
416 2192 715 2264 impiorum
762 2193 1078 2266 procellosis
1126 2191 1409 2249 fraudibus
1454 2202 1509 2248 et
1546 2194 1820 2249 machina-

211 2286 469 2343 tionibus
497 2286 728 2343 fluctuat
755 2288 1021 2343 nimirum
1049 2296 1104 2343 et
1139 2286 1361 2355 titubat,
1388 2286 1670 2342 communi
1699 2304 1818 2343 om-

212 2382 372 2435 nium
422 2380 702 2436 bonorum
732 2397 1004 2436 consensu
1034 2390 1089 2435 et
1113 2380 1311 2435 robore
1345 2380 1585 2451 quiescat
1612 2380 1678 2437 de
1707 2396 1813 2437 ca-

227 2488 325 2528 ero
359 2481 423 2530 et
445 2473 717 2530 stabiliter
745 2472 1146 2529 consolidetur.

718 2568 1074 2623 EPISTOLA
1110 2568 1334 2623 XXIX.

586 2676 669 2716 AD
700 2677 990 2718 ABBATBM
1012 2675 1497 2717 MASSILIRNSBM.

829 2750 1008 2817 (Anno
1051 2748 1233 2819 1081.)

226 2848 474 2917 Praecipit
501 2849 567 2899 ut
592 2848 827 2917 moneat
854 2844 1137 2917 quosdam,
1168 2845 1267 2911 qui
1311 2845 1600 2917 canoniam
1639 2844 1824 2898 Sancti

285 2914 585 2974 Saturnini
616 2916 924 2985 apostolica
971 2914 1109 2969 sedis
1133 2916 1436 2982 patrocinio
1487 2917 1820 2969 commissam

286 2989 655 3057 infestabant,
678 2986 952 3050 desistere,
998 2990 1047 3038 et
1073 3001 1193 3055 quae
1212 2990 1397 3038 contra
1420 2986 1569 3038 illam
1606 2992 1822 3054 egerant

288 3061 591 3115 mendare.
648 3060 769 3114 Nisi
817 3061 1071 3127 pareant,
1143 3057 1258 3108 vult
1307 3072 1481 3110 eorum
1535 3059 1823 3111 audaciam

288 3136 608 3201 compescat,
640 3135 691 3183 et
712 3130 872 3184 dicta:
898 3129 1134 3181 canonice
1163 3143 1345 3180 curam
1368 3127 1581 3182 habeat.

287 3226 649 3281 Gnecontus
668 3222 975 3292 episcopus,
1009 3235 1197 3275 servus
1219 3236 1501 3275 servorum
1535 3221 1658 3292 Dei,
1699 3226 1815 3281 Β...

222 3320 605 3385 (Brutumne,
627 3318 783 3370 sicin
814 3316 1042 3379 Mutin.)
1071 3328 1240 3369 sacra
1271 3315 1533 3370 Romana
1560 3316 1817 3373 Ecclesia

220 3411 507 3477 ardinali,
540 3417 595 3464 et
622 3408 803 3464 abbati
848 3406 1192 3474 Massiliensi,
1221 3406 1449 3461 salutem
1498 3416 1553 3463 et
1590 3417 1814 3480 aposto-

218 3505 375 3561 licam
414 3503 877 3559 benedictionem.

287 3602 415 3655 Non
445 3598 665 3668 ignorat
707 3595 991 3666 prudentia
1050 3603 1147 3650 tua
1184 3594 1471 3649 canoniam
1504 3596 1691 3651 Sancti
1724 3600 1821 3653 Sa-

221 3692 452 3757 turnini,
496 3690 662 3746 sitam
688 3689 844 3761 juxta
870 3690 1194 3743 Tolosanam
1250 3687 1463 3753 urbem,
1507 3691 1823 3761 apostolica

222 3786 333 3843 sedi
368 3800 492 3841 esse
519 3783 896 3839 commissam.
932 3781 1031 3837 Cui
1065 3781 1191 3836 licet
1214 3797 1277 3836 ex
1302 3782 1542 3852 generali
1571 3785 1823 3840 omnium

223 3878 595 3934 Ecclesiarum
657 3892 786 3931 cura
811 3873 1100 3930 conveniat
1128 3890 1227 3929 nos
1273 3875 1520 3931 tuitionis
1550 3878 1821 3933 auxilium

224 3970 535 4043 providere,
585 3978 774 4025 tamen
808 3969 1116 4040 specialiter
1145 3977 1361 4039 oportet
1394 3984 1495 4023 nos
1546 3985 1611 4024 eo
1656 3972 1825 4039 magis

222 4065 299 4123 illi
336 4064 463 4120 l0co
506 4074 713 4120 nostra
769 4062 1127 4134 protectionis
1184 4061 1467 4116 munimen
1507 4063 1824 4132 impendere

226 4174 327 4230 quo
358 4158 605 4228 amplius
632 4163 849 4212 constat
872 4158 987 4227 ejus
1006 4155 1089 4209 vel
1121 4154 1347 4226 injurias
1375 4155 1461 4209 vel
1490 4156 1705 4226 negotia
1752 4157 1823 4212 ad

227 4256 541 4307 Romanam
570 4250 780 4313 sedem,
821 4249 977 4321 cujus
1008 4247 1148 4319 juris
1172 4256 1275 4315 est,
1312 4247 1557 4303 attinere.
1592 4249 1819 4304 Prafata

226 4345 385 4417 igitur
413 4343 678 4407 Ecclesia,
710 4357 1043 4414 quamquam
1072 4342 1305 4408 noviter,
1340 4342 1598 4397 decenter
1637 4350 1823 4397 tamen

227 4438 549 4493 canonicam
597 4438 761 4490 vitam
824 4435 1081 4501 instituit,
1131 4442 1294 4505 atque
1342 4435 1640 4501 hactenus,
1683 4435 1823 4491 sicut

226 4539 315 4587 tua
339 4532 564 4587 solertia
592 4531 759 4597 novit,
786 4546 849 4585 ex
874 4539 1006 4584 tunc
1033 4528 1357 4600 regulariter
1397 4529 1591 4584 vixisse
1619 4528 1811 4600 digno-
1846 4538 1895 4600 1)

230 4625 414 4681 scitur.
448 4626 655 4679 Verum
706 4623 961 4694 quoniam
1020 4622 1227 4694 antiqui
1277 4622 1451 4676 hostis
1483 4638 1604 4677 mos
1637 4631 1720 4677 est
1758 4639 1822 4678 eo

229 4720 396 4789 magis
438 4718 627 4773 dolere
676 4716 998 4786 invidiaque
1058 4716 1263 4771 facibus
1313 4716 1393 4771 uti
1434 4732 1545 4786 quo
1591 4716 1824 4786 amplius

228 4811 368 4867 videt
401 4811 766 4867 Christianam
796 4810 1113 4879 religionem
1154 4824 1420 4871 crescere,
1452 4819 1509 4863 et
1546 4808 1613 4863 de
1642 4809 1822 4864 bono-

229 4921 346 4961 rum
379 4904 725 4977 provectibus
754 4904 931 4965 lucra,
967 4902 1047 4957 vel
1093 4903 1269 4973 potius
1309 4903 1525 4973 rapinas
1551 4918 1698 4966 suas,
1740 4902 1822 4957 di-

228 5000 417 5065 minui,
458 5006 650 5054 contra
696 5005 1062 5051 memoratum
1094 4996 1275 5052 locum
1293 4995 1410 5068 jam
1450 4997 1615 5065 capit
1650 5011 1821 5052 sacu-

228 5090 419 5149 larium
477 5091 789 5165 exagitatio,
832 5098 916 5157 et,
972 5089 1117 5161 quod
1168 5089 1340 5161 magis
1392 5090 1705 5146 mirandum
1762 5106 1823 5144 ac

228 5184 528 5243 dolendum
553 5194 673 5251 est,
705 5178 1197 5240 ecclesiasticarum
1234 5182 1352 5239 odia
1379 5183 1630 5239 suboriri.
1663 5182 1825 5241 Unde

233 5289 285 5336 et
316 5280 571 5337 canonici
610 5279 1005 5352 querimoniam
1055 5276 1120 5332 ad
1152 5292 1251 5332 nos
1286 5276 1605 5332 direxerant
1658 5293 1824 5347 super

231 5374 443 5430 clericis
490 5374 675 5429 Sancti
723 5370 1004 5441 Stephani,
1043 5386 1280 5441 quorum
1320 5370 1668 5442 suggestione
1727 5385 1822 5439 per

224 5465 527 5538 quemdam
562 5465 851 5537 fugitivum
872 5464 1133 5519 clericum
1154 5464 1254 5519 sibi
1286 5464 1648 5536 privilegium,
1675 5461 1823 5534 quod

227 5562 305 5618 eis
335 5562 757 5627 induls‘eramus,
815 5558 1140 5629 subreptum
1174 5567 1275 5624 est,
1326 5559 1530 5630 quique
1558 5567 1823 5612 coemete-

224 5653 560 5727 rium,quod
589 5664 712 5710 ante
738 5655 1044 5725 regularem
1066 5650 1471 5709 ordinationem
1500 5666 1655 5706 suam
1672 5650 1825 5705 locus

225 5748 318 5805 ille
368 5748 558 5820 quiete
602 5748 907 5819 perlonga
964 5754 1280 5817 temporum
1317 5744 1586 5801 curricula
1628 5744 1821 5805 tenuit.

224 5840 399 5898 modo
439 5839 675 5909 auferre,
731 5849 892 5912 atque
917 5838 1173 5896 ecclesias
1204 5837 1275 5893 ad
1331 5853 1456 5893 eum
1494 5838 1824 5910 pertinentes

816 5952 843 5963 ν.

1936 515 2223 561 conantur.
2260 509 2685 579 Conqueruntur
2718 517 2772 563 et
2822 526 2983 582 super
3025 512 3307 568 monachis
3355 514 3528 585 Moja-

1936 601 2211 665 censibus,
2244 603 2339 671 qui
2365 602 2659 671 quamdam
2692 604 2997 669 ecclesiam,
3028 604 3175 659 unde
3201 605 3529 678 interpositis

1934 694 2296 750 sacrosanctis
2344 696 2642 766 Evangeliis
2698 700 3001 753 secundum
3043 698 3313 769 judicium
3362 701 3529 773 legati

1932 788 2104 842 nostri
2404 790 2701 845 Ellorensis
2734 792 2938 858 [Amati
2968 792 3272 860 Olorensis]
3306 794 3524 865 episco-

1936 882 2013 953 pi,
2054 881 2491 937 collaudantibus
2538 882 2653 938 aliis
2705 884 2976 954 episcopis
3023 884 3117 957 qui
3162 886 3408 955 aderant,
3457 888 3525 944 lis

1934 974 2076 1030 inter
2102 990 2197 1030 eos
2218 974 2575 1030 determinata
2618 974 2816 1044 fuerat,
2840 977 3030 1034 iterata
3071 978 3310 1036 deterius
3328 981 3525 1053 injuria

1934 1084 2029 1140 per
2064 1069 2173 1124 vim
2203 1068 2421 1124 comitis
2689 1069 2847 1137 datis,
2898 1079 2958 1125 ut
2983 1070 3175 1139 fertur,
3210 1075 3525 1131 muneribus

1933 1171 2280 1233 occupatam,
2301 1162 2542 1218 detinere
2567 1165 2837 1218 nituntur.
2877 1165 3220 1235 Quapropter
3243 1168 3521 1238 experien-

1931 1257 2023 1312 tia
2047 1266 2161 1312 tua
2190 1257 2539 1327 pracipimus
2560 1264 2620 1311 ut
2650 1257 2957 1327 pralibatos
2978 1265 3093 1313 tam
3115 1258 3340 1315 clericos
3357 1276 3524 1330 quam

1933 1360 1987 1407 et
2017 1350 2342 1418 monachos,
2390 1358 2551 1421 atque
2584 1351 2765 1421 ipsum
2816 1351 3076 1406 comitem
3106 1351 3298 1407 litteris
3324 1361 3379 1407 et
3405 1355 3524 1425 qui-

1934 1446 2038 1501 bus
2062 1444 2240 1500 modis
2289 1444 2432 1499 vales
2463 1460 2823 1500 commonere
2852 1461 3132 1515 procures,
3163 1454 3433 1516 quatenus
3462 1462 3525 1503 ea

1932 1555 2054 1613 qua
2082 1547 2274 1595 contra
2302 1553 2448 1609 sape
2476 1538 2680 1594 dictam
2706 1538 2994 1594 ecclesiam
3022 1540 3201 1610 inique
3230 1540 3312 1594 vel
3337 1539 3528 1596 odiose

1934 1634 2164 1705 gessisse
2192 1640 2516 1697 noscuntur,
2538 1634 2647 1687 Deo
2668 1640 2723 1687 et
2736 1632 2960 1703 justitia
2979 1630 3401 1700 satisfacientes,
3422 1635 3525 1689 sic-

1935 1734 1995 1781 ut
2040 1734 2289 1797 oportet;
2321 1724 2645 1791 emendant;
2682 1742 2748 1780 ac
2789 1726 2856 1781 de
2885 1735 3085 1781 catero
3114 1724 3358 1781 debitam
3385 1742 3524 1796 apo-

1933 1820 2140 1876 stolicis
2175 1818 2464 1890 privilegiis
2484 1819 2849 1875 reverentiam
2876 1818 3218 1887 exhibentes,
3248 1818 3389 1874 iram
3421 1820 3522 1875 Dei

1931 1928 2224 1985 provocare
2250 1912 2767 1968 etmaledictionem
2797 1928 2960 1983 supra
2987 1928 3045 1967 se
3079 1912 3383 1969 temerariis
3422 1929 3519 1968 au-

1928 2006 2077 2061 sibus
2104 2006 2359 2062 inducere
2385 2013 2631 2060 caveant.
2670 2006 3001 2075 Episcopum
3021 2019 3240 2076 quoque
3267 2005 3525 2062 diacesis

1932 2100 2099 2170 ipsius
2142 2098 2456 2165 admoneas,
2512 2108 2573 2153 ut
2609 2097 2862 2156 eamdem
2907 2098 3196 2153 canoniam
3233 2107 3350 2153 tam
3408 2099 3525 2169 ipse

1929 2209 2046 2249 non
2094 2192 2358 2264 inquietet
2394 2207 2559 2263 quam
2596 2200 2652 2247 et
2699 2190 2834 2246 alios
2876 2206 3015 2261 quos
3044 2190 3331 2261 prohibere
3379 2191 3521 2247 valet

1932 2286 2234 2357 inquietare
2262 2301 2374 2342 non
2406 2284 2566 2341 sinat.
2602 2288 2683 2340 De
2714 2283 2999 2340 monachis
3024 2292 3230 2352 tamen,
3260 2285 3523 2356 quoniam

1932 2379 2273 2435 Cluniacensi
2321 2378 2561 2434 abbatia
2610 2378 2905 2448 pertinent,
2952 2377 3051 2449 ipsi
3080 2378 3372 2434 venerabili
3423 2378 3520 2433 ab-

1933 2472 2042 2527 bati
2076 2472 2131 2526 in
2162 2472 2355 2541 primis
2381 2470 2781 2527 notilicandum
2808 2486 3095 2526 censemus
3125 2479 3186 2527 ut
3214 2470 3329 2542 ipse
3370 2471 3523 2527 inso-

1932 2565 2156 2621 lentiam
2215 2564 2565 2619 subditorum
2600 2579 2828 2618 suorum
2861 2572 3178 2634 compescat
3206 2572 3262 2620 et
3295 2564 3525 2635 justitia

1930 2660 2292 2729 acquiescere,
2337 2657 2379 2711 si
2433 2655 2577 2711 forte
2625 2657 2882 2721 noluerit,
2937 2658 3248 2727 compellat.
3284 2657 3366 2713 Ad
3394 2659 3521 2713 ulti-

1930 2768 2083 2805 mum
2126 2766 2273 2815 vero,
2306 2750 2349 2803 si
2406 2749 2499 2820 qui
2540 2749 2758 2803 illorum
2804 2750 3031 2804 monitis
3061 2750 3191 2817 tuis,
3239 2751 3351 2804 imo
3383 2751 3522 2807 beati

1930 2845 2075 2900 Petri
2124 2844 2507 2913 obtemperare
2537 2842 2992 2913 contempserint,
3026 2858 3416 2914 quamcunque
3462 2844 3518 2898 in

1930 2953 2121 2993 eorum
2151 2935 2442 2992 audaciam
2465 2935 2793 2991 sententiam
2824 2935 3135 3006 protuleris,
3165 2935 3302 2990 scias
3330 2945 3523 2992 aucto-

1931 3032 2089 3087 ritate
2120 3039 2309 3085 nostra
2338 3030 2684 3085 ﬁrmandam.
2729 3027 2991 3083 Volumus
3022 3027 3290 3099 siquidem
3332 3037 3385 3083 et
3436 3030 3523 3101 ju-

1809 3152 1816 3159 -
1852 3147 1896 3211 ρ
1932 3125 2124 3189 bemus
2154 3132 2213 3179 ut
2259 3124 2400 3179 circa
2451 3123 2904 3193 pranominatam
2946 3121 3235 3177 canoniam
3280 3121 3521 3179 studium

1927 3217 2306 3273 sollicitudinis
2342 3226 2451 3272 tua
2486 3217 2744 3288 invigilet,
2774 3224 2831 3271 et
2878 3215 3110 3285 negotiis
3145 3231 3207 3269 ac
3228 3215 3520 3271 necessita-

1925 3312 2074 3367 tibus
2102 3311 2219 3381 ejus
2242 3310 2464 3365 facilem
2500 3318 2555 3364 te
2585 3324 2929 3381 pronumque
2950 3308 3228 3375 exhibeas,
3255 3318 3522 3380 quatenus

1924 3409 2191 3461 Romana
2221 3404 2483 3458 libertatis
2513 3403 2807 3458 securitate
2824 3403 2979 3471 fulta,
3012 3402 3152 3457 sicut
3176 3410 3389 3458 catera
3416 3405 3518 3457 Ec-

1919 3499 2097 3553 clesia
2121 3496 2431 3567 apostolica
2472 3495 2613 3551 sedis
2647 3495 3009 3563 adharentes,
3041 3495 3095 3550 in
3138 3503 3345 3551 sancta
3382 3511 3519 3551 con-

1929 3591 2254 3647 versationis
2273 3591 2497 3645 obtentu
2532 3598 2585 3644 et
2610 3589 2887 3660 religionis
2915 3604 3106 3645 amore
3124 3632 3139 3657 ,
3165 3588 3378 3645 favente
3403 3592 3517 3644 Do-

1929 3685 2109 3753 mino,
2131 3684 2301 3755 magis
2343 3683 2625 3755 magisque
2654 3681 2923 3754 proiicere
2955 3682 3148 3737 valeat.

2433 3786 2787 3841 EPISTOLA
2824 3787 3018 3842 XXX.

2298 3895 2380 3935 ΔΙ)
2409 3894 2659 3937 MILITBS
2684 3895 2923 3935 TEBVAN
2934 3894 3168 3936 NBNSBS
3178 3920 3191 3935 .

2527 3976 2704 4039 (Anno
2748 3978 2929 4037 1081.)

1931 4072 2221 4138 Increpasz
2250 4084 2428 4122 eorum
2453 4068 2620 4121 scelus
2648 4069 2764 4135 qui,
2790 4068 2980 4137 januis
3002 4068 3227 4121 ecclesia
3249 4069 3518 4134 effractis,

2001 4156 2156 4195 sacra
2183 4154 2336 4204 vasa,
2376 4143 2704 4200 ornamenta,
2733 4154 2929 4199 cruces,
2958 4143 3008 4191 et
3042 4140 3153 4191 alia
3188 4140 3517 4207 depradati,

2004 4213 2243 4279 episcopo
2269 4216 2393 4263 ante
2418 4211 2590 4263 altare
2623 4212 2803 4262 oranti
2827 4210 3089 4276 linguam,
3126 4215 3175 4263 et
3200 4212 3407 4264 dextra
3436 4227 3522 4264 ar-

2004 4283 2189 4335 ticulos
2220 4282 2613 4335 detruncarint.
2639 4282 2815 4334 Monet
2847 4284 3107 4333 ut‘coram
3138 4283 3329 4349 legatis
3357 4284 3519 4337 satis-

2003 4355 2210 4419 facturi
2226 4368 2277 4405 se
2306 4353 2522 4417 sistant,
2554 4355 2623 4417 et,
2656 4352 2767 4404 nisi
2792 4352 3174 4419 satisfecerint,
3207 4366 3288 4406 cos
3311 4367 3517 4407 eacom»

2002 4424 2351 4493 municandos
2375 4437 2487 4476 esse
2524 4423 2786 4490 afﬁrmat.

2004 4527 2364 4583 Gnecontus
2387 4524 2693 4595 episcopus,
2717 4538 2905 4577 servus
2926 4537 3208 4578 servorum
3228 4522 3352 4591 Dei,
3375 4524 3519 4579 mili-

1930 4618 2079 4676 tibus
2155 4617 2632 4674 Tervannensibus
2713 4616 3189 4684 [Tarvanensibus]

1931 4715 2201 4769 et

2002 4803 2364 4861 lntolerabilis
2404 4802 2647 4858 audacia
2692 4802 3081 4874 horribilisque
3111 4802 3373 4860 facinoris
3425 4818 3518 4859 su-

1930 4914 2028 4972 per
2055 4914 2150 4954 vos
2177 4897 2247 4953 ad
2290 4913 2391 4953 nos
2420 4897 2610 4952 relatio
2638 4897 2817 4967 venit,
2855 4895 3001 4967 quod
3069 4904 3275 4967 quanto
3321 4896 3520 4952 nostris

1930 4993 2143 5050 saculis
2170 4992 2509 5059 inusitatum,
2542 5008 2641 5047 nec
2667 5006 2697 5045 a
2727 4999 2976 5061 tempore
3025 5006 3362 5063 paganorum
3394 5006 3515 5062 per-

1930 5096 2245 5143 secutorum
2277 5094 2673 5157 prasumptum
2704 5100 2821 5140 esse
2844 5083 2923 5139 vel
2951 5084 3153 5156 legitur
3178 5084 3259 5139 vel
3278 5083 3515 5148 auditur,

1930 5189 2085 5237 tanto
2118 5179 2184 5235 ad
2223 5180 2490 5251 justitiam
2528 5177 2597 5234 de
2642 5194 2699 5234 se
2746 5178 3156 5251 exsequendam
3207 5176 3519 5250 apostolica

1931 5272 2369 5330 mansuetudinis
2389 5273 2565 5328 zelum
2585 5282 2769 5329 movet
2803 5281 2858 5329 et
2894 5274 3103 5329 incitat.
3130 5272 3375 5342 Denique
3387 5284 3520 5325 cou-

1930 5376 2154 5439 questns
2196 5376 2278 5421 est
2322 5366 2477 5421 nobis
2517 5368 2843 5422 Lambertus
2891 5366 3065 5421 dictus
3131 5362 3525 5419 Tervannensis

1930 5463 2238 5533 episcopus,
2265 5459 2410 5531 quod
2434 5467 2556 5531 post
2581 5468 2663 5514 tot
2688 5467 2942 5529 tantaque
2963 5458 3240 5530 sacrilegia
3260 5498 3275 5524 ,
3327 5457 3523 5529 quibus

1928 5555 2179 5609 eamdem
2204 5553 2486 5609 ecclesiam
2516 5552 2816 5623 depradati
2842 5552 3039 5616 fuistis,
3071 5552 3269 5623 januas
3295 5552 3411 5623 ejus
3430 5551 3517 5605 in-

1929 5648 2264 5719 fringentes,
2293 5648 2485 5711 serica,
2526 5654 2780 5717 argentea
2809 5662 3079 5715 aureaque
3117 5645 3317 5699 diversi
3349 5658 3516 5713 gene-

1928 5741 2023 5809 ris,
2068 5749 2124 5796 et
2170 5742 2457 5797 innumera
2501 5748 2819 5796 ornamenta
2855 5740 3196 5809 diripientes,
3249 5751 3313 5790 ac
3352 5733 3522 5788 sacris

1928 5835 2179 5891 crucibus
2197 5835 2573 5895 comminutis,
2602 5842 2715 5887 tam
2734 5833 2878 5902 ipsas
2903 5844 3069 5899 quam
3092 5837 3146 5883 et
3173 5828 3313 5884 duas
3339 5828 3520 5897 capel-
