4044 6186
506 313 601 367 631

1191 305 1245 361 S.
1285 306 1606 361 GREGORII
1646 307 1733 361 Vll
1768 307 1965 361 ΡΑΡᾸΕ
1998 306 2269 362 OPERUM
2304 307 2476 363 PARS
2516 308 2554 362 1.
2599 336 2667 347 -
2705 306 3104 361 REGISTRUM.

3684 310 3793 362 632

507 437 591 490 las
626 442 683 490 et
723 433 980 503 reliquias
1021 430 1353 497 auferentes,
1387 430 1792 497 abstrahentes,
1838 431 2099 487 eumdem
2128 437 2179 497 Α
2208 432 2346 487 tiam
2394 447 2559 504 quam
2589 431 2657 486 ab
2689 430 3102 501 archiepiscopo
3135 429 3462 497 Arelatensi,
3498 418 3527 485 a
3574 436 3630 485 te
3657 445 3802 485 ana-

505 529 825 601 episcopum
852 526 919 579 ab
946 524 1126 588 altari,
1151 524 1243 577 ubi
1270 532 1577 594 prostratus
1597 524 1811 591 orabat,
1845 525 2091 597 linguam

506 622 557 676 ei
585 622 895 688 dextraque
915 616 1176 672 articulos
1203 616 1274 671 ad
1307 634 1563 673 acervum
1593 626 1880 673 tantorum
1922 619 2095 674 scele-

506 729 632 768 rum
661 709 1046 767 detruncastis.
1079 710 1199 779 Qua
1240 711 1298 764 in
1328 726 1388 765 re
1426 712 1635 767 nullam
1680 713 2094 767 excusationem

504 805 727 861 tentetis
755 802 1074 869 obtendere,
1102 804 1256 874 quasi
1287 802 1355 858 de
1380 804 1552 875 ipsius
1580 805 1694 860 vita
1723 805 1976 875 reproba,
2014 806 2095 861 vel

504 896 853 952 ordinatione
879 896 1101 966 injusta,
1130 912 1224 950 seu
1255 896 1602 967 depositione
1638 898 1913 969 irrogata;
1955 899 2096 952 sicut

502 990 654 1045 enim
690 1006 855 1059 supra
898 991 1235 1055 notavimus,
1284 1005 1451 1043 nemo
1504 990 1684 1045 adhuc
1731 990 1840 1046 tale
1889 991 2095 1062 aliquid

502 1084 916 1155 prasumpsisse
961 1082 1327 1153 dignoscitur,
1356 1083 1465 1137 nisi
1487 1082 1630 1139 forte
1649 1084 1745 1155 qui
1781 1088 1955 1139 Deum
1980 1100 2095 1140 non

502 1176 731 1241 timens,
779 1187 833 1231 et
866 1176 1241 1232 Christianam
1271 1177 1636 1231 reverentiam
1669 1175 1949 1246 abjiciens,
1997 1194 2095 1248 pro

503 1269 674 1326 nihilo
702 1267 857 1323 duxit
885 1285 1115 1324 manum
1140 1269 1198 1323 in
1222 1285 1409 1324 sacros
1441 1269 1662 1324 ordines
1682 1270 1917 1325 mittere.
1948 1272 2097 1339 Qua-

504 1371 729 1434 propter
757 1378 1071 1429 monemus,
1120 1371 1174 1417 et
1202 1379 1266 1417 ex
1296 1372 1450 1433 parte
1498 1363 1643 1418 beati
1678 1363 1819 1417 Petri
1848 1366 2095 1434 pracipi-

504 1471 652 1524 mus,
681 1465 741 1510 ut
769 1464 979 1511 tantam
1011 1456 1316 1525 nequitiam
1351 1466 1592 1511 vestram
1621 1468 2092 1529 recognoscentes,

505 1557 601 1605 aut
630 1556 759 1605 ante
795 1550 1005 1620 legatos
1028 1558 1245 1603 nostros
1264 1550 1695 1621 Lugdunensem
1722 1551 2093 1622 archiepisco-

503 1658 639 1713 pum
664 1650 720 1697 et
739 1641 993 1697 abbatem
1022 1642 1435 1698 Cluniacensem
1467 1643 1799 1699 satisfacturi
1844 1645 2092 1713 veniatis,

504 1744 601 1790 aut
630 1735 932 1790 secundum
953 1736 1247 1791 consilium
1270 1736 1352 1791 vel
1380 1737 1710 1793 mandatum
1737 1738 1985 1808 ipsorum
2008 1755 2092 1794 sa-

501 1826 755 1883 tisfacere
783 1832 897 1882 Deo
926 1835 981 1882 et
1011 1836 1218 1884 sancta
1267 1830 1524 1886 Ecclesia
1553 1832 1863 1887 nullatenus
1912 1831 2097 1888 detre-
2128 1817 2174 1879 Β

502 1921 682 1977 ctetis.
714 1922 985 1977 Volumus
1038 1922 1311 1993 siquidem
1350 1932 1405 1978 et
1434 1938 1659 1996 aquum
1704 1941 1824 1981 esse
1859 1926 2100 1981 decerni-

503 2030 628 2070 mus
647 2024 709 2069 ut
735 2013 885 2086 quod
904 2014 1156 2087 nequiter
1184 2017 1544 2073 commisistis
1584 2018 1871 2074 humiliter
1915 2036 2098 2075 emen-

501 2107 665 2164 detis.
693 2108 854 2177 Quod
896 2109 940 2163 si
965 2108 1238 2164 diabolico
1277 2110 1470 2181 spiritu
1510 2110 1755 2167 indurati
1784 2114 2096 2185 nostrisque

502 2202 794 2274 praceptis
822 2203 1155 2258 salutaribus
1175 2202 1573 2271 inobedientes,
1596 2221 1697 2260 nec
1710 2206 2093 2277 paniteutiam

502 2294 729 2366 dignam
762 2312 923 2368 agere
956 2296 1258 2364 volueritis,
1322 2298 1508 2367 procul
1571 2298 1737 2354 dubio
1785 2300 1964 2354 sciatis
1999 2317 2096 2355 vos

504 2403 623 2444 esse
658 2390 1239 2455 excommunicandos,
1268 2398 1324 2445 et
1364 2390 1732 2462 quodcunque
1757 2392 1812 2447 in
1833 2408 1930 2447 vos
1951 2394 2098 2465 judi-

502 2483 652 2538 cium
702 2483 909 2554 legatus
957 2491 1146 2538 noster
1185 2483 1489 2551 dictaverit,
1526 2486 1855 2559 auctoritate
1905 2494 2094 2542 nostra

502 2575 862 2633 ﬁrmandum.

762 2704 1114 2760 Pramonin'o
1140 2708 1197 2758 in
1234 2711 1533 2775 sequentem
1557 2709 1863 2776 epistolam.

575 2822 710 2893 Post
738 2820 1020 2893 epistolam
1045 2826 1115 2893 30
1142 2820 1235 2893 lib.
1260 2836 1322 2877 IX
1349 2821 1591 2893 Registri
1621 2822 1792 2877 codex
1817 2824 2096 2878 Mutinen-

504 2892 581 2946 sis
612 2892 753 2947 hanc
782 2892 977 2945 recitat
1005 2891 1319 2961 epistolam,
1351 2891 1473 2962 qua
1503 2894 1557 2947 in
1585 2893 1748 2947 editis
1796 2911 1909 2949 non
1939 2911 2093 2950 com-

501 2972 657 3033 paret
684 2978 748 3017 ex
780 2978 889 3033 quo
915 2962 1002 3018 hic
1030 2962 1471 3035 subjungendam
1507 2981 1703 3019 censeo

509 3081 571 3132 Β.
616 3093 781 3133 comes
811 3079 1139 3133 Arelatensis
1174 3079 1248 3132 ad
1268 3081 1585 3147 Gregorium
1630 3082 1729 3135 VII
1761 3096 1994 3150 papam.
2024 3111 2093 3121 —

574 3154 650 3205 De
689 3150 960 3206 Bernardo
1004 3150 1195 3203 abbate
1218 3152 1535 3205 Sanctorum
1576 3153 1635 3204 P.
1687 3155 1737 3204 et
1770 3155 1828 3206 Η.
1890 3155 2094 3206 Montis

2200 525 2443 581 themate
2470 514 2745 596 percusso,
2773 524 3088 580 Simoniace
3128 532 3437 595 acceperat,
3485 523 3705 589 amisit;
3744 532 3802 579 et

2204 619 2293 674 hic
2324 620 2415 690 qui
2440 635 2588 673 nunc
2613 627 2813 690 praest
2834 617 2998 688 paulo
3028 626 3158 672 ante
3187 617 3484 673 memorati
3519 617 3805 687 pontificis

2201 712 2418 767 decreto
2438 712 2759 783 regulariter
2787 711 3135 780 subrogatus,
3162 718 3325 782 atque
3346 709 3802 767 benedictionem

2202 806 2271 860 ab
2313 806 2507 861 eodem
2546 805 2800 875 suscepit.
2833 807 2994 860 Nunc
3036 819 3135 876 ego
3173 804 3395 875 supplex
3436 804 3675 875 imploro
3715 805 3807 859 tui

2202 898 2575 965 clementiam,
2610 908 2671 953 ut
2700 899 2918 969 propria
2963 914 3133 953 manu
3162 898 3445 953 abbatiam
3483 914 3515 953 a
3538 904 3592 953 te
3623 898 3808 952 susci-

2203 993 2318 1063 piat
2348 1001 2403 1047 et
2431 992 2741 1063 privilegia.
2777 992 2911 1047 olim
2936 992 3057 1046 loco
3091 991 3167 1046 illi
3192 991 3287 1062 qui
3322 1000 3406 1046 est
3432 990 3665 1047 ditionis
3693 999 3809 1048 tua

2203 1101 2232 1140 a
2278 1085 2531 1141 Patribus
2556 1086 2786 1151 indulta,
2814 1085 3140 1141 corrobores
3157 1100 3328 1139 manu
3367 1085 3687 1155 propria,et
3705 1101 3810 1141 no-

2205 1195 2333 1234 vum
2372 1179 2471 1234 sibi
2503 1180 2845 1250 privilegium
2885 1180 2962 1233 tui
2997 1195 3062 1233 ex
3102 1186 3260 1249 parte
3284 1177 3565 1233 attribuas.
3601 1179 3810 1234 Noscis

2203 1269 2356 1324 enim
2382 1267 2853 1340 quemadmodum
2892 1268 3300 1339 dereliquerim,
3334 1268 3436 1322 Dei
3467 1276 3522 1323 et
3551 1269 3602 1323 S.
3626 1270 3808 1335 Petri,

2204 1369 2258 1416 et
2302 1365 2567 1418 Romana
2604 1363 2862 1419 Ecclesia
2896 1378 2957 1417 ac
3005 1362 3084 1416 tui
3113 1378 3211 1433 pro
3236 1376 3427 1417 amore
3456 1376 3655 1417 omnes
3683 1362 3811 1433 epi-

2202 1465 2460 1526 scopatus
2483 1465 2538 1511 et
2591 1457 2837 1512 abbatias
2885 1464 2938 1511 et
2974 1456 3107 1510 nolo
3137 1464 3199 1510 ut
3235 1453 3374 1521 hac,
3418 1470 3540 1526 qua
3582 1470 3815 1526 semper

2201 1550 2467 1605 remansit
2503 1550 2671 1605 libera
2713 1550 2934 1605 cuilibet
2969 1548 3184 1617 viventi,
3218 1548 3327 1603 nisi
3378 1556 3568 1604 sancto
3604 1552 3805 1617 Petro,

2201 1650 2256 1697 et
2284 1644 2555 1699 Romana
2585 1644 2840 1699 Ecclesia
2860 1652 2916 1699 et
2940 1641 3037 1697 tibi
3067 1642 3346 1713 subjaceat
3364 1642 3554 1708 (413*).

2677 1744 3030 1798 EPISTOLA
3068 1742 3289 1797 XXXI.

2798 1838 2981 1907 (Anno
3026 1840 3209 1902 1081.)

2209 1928 2341 1983 Cum
2370 1928 2551 1984 clerici
2578 1931 3087 1998 Augustodunenses
3124 1931 3189 1983 de
3218 1929 3450 1998 quodam
3470 1932 3813 1984 monasterio

2282 2016 2399 2053 cum
2425 2002 2694 2055 monachis
2710 2003 3135 2057 Floziacensibus
3156 2002 3567 2068 contenderent,
3592 2007 3666 2057 et:
3682 2004 3810 2070 pri-

2288 2074 2545 2139 vilegium
2590 2078 2775 2127 contra
2816 2076 3125 2142 (equitatem
3154 2088 3188 2126 a
3208 2075 3459 2142 pontiﬁce
3480 2073 3810 2142 subreptum

2277 2145 2559 2206 diceretur,
2600 2145 2715 2197 vult
2755 2149 2836 2209 ut,
2878 2147 2928 2198 si
2956 2147 3035 2197 ita
3065 2148 3161 2205 est,
3204 2159 3260 2197 eo
3304 2148 3531 2206 cassato,
3582 2149 3810 2198 senten-

2280 2222 2412 2274 tiam
2438 2216 2727 2269 secundum
2743 2216 3024 2283 justitiam
3050 2217 3329 2284 proferat.
3369 2217 3495 2284 Ipsi,
3528 2216 3808 2270 adversus

2280 2308 2334 2345 se
2368 2287 2530 2340 verba
2555 2288 2793 2357 jactanti
2811 2286 2954 2355 quod
2981 2288 3279 2355 episcopum
3307 2287 3678 2341 Carnutensem
3704 2288 3809 2340 ab-

2280 2358 2537 2424 solvisset,
2564 2359 2794 2412 ostendit
2813 2359 2873 2411 id
2901 2374 2934 2411 α
2971 2373 3025 2412 se
3043 2374 3158 2412 cum
3180 2359 3385 2411 ratione
3409 2359 3639 2424 factum.

2282 2457 2635 2511 GBEGOBIUS
2679 2451 2990 2521 episcopus,
3032 2466 3219 2506 servus
3251 2465 3529 2505 servorum
3564 2450 3685 2516 Dei,
3714 2450 3809 2506 di-

2207 2548 2505 2605 lectissimo
2529 2545 2680 2601 fratri
2731 2552 2786 2599 et
2810 2544 3135 2615 coepiscopo
3158 2546 3298 2599 H....
3327 2546 3621 2611 [Huoom]
3660 2543 3811 2599 salu-

2209 2652 2320 2697 tem
2348 2650 2403 2696 et
2426 2639 2788 2711 apostolicam
2841 2637 3309 2692 benedictionem.

2278 2736 2471 2791 Clerici
2524 2732 2745 2805 quidam
2786 2731 3307 2803 Augustodunenses
3360 2730 3447 2786 his
3497 2729 3687 2786 diebus
3724 2731 3807 2785 ad

2205 2845 2307 2885 nos
2374 2834 2641 2883 venerunt
2706 2825 2966 2881 adversus
3036 2826 3412 2880 Floriacenses
3477 2823 3804 2893 monachos,

2206 2937 2369 2994 super
2414 2920 2654 2992 quodam
2693 2918 3053 2984 monasterio,
3106 2917 3295 2973 Sancti
3349 2917 3601 2973 videlicet
3637 2920 3807 2990 Sym-

2204 3014 2451 3085 phoriani
2474 3056 2488 3080 ,
2518 3027 2741 3067 causam
2780 3010 3066 3066 habentes.
3099 3011 3277 3079 Quam
3307 3026 3337 3065 a
3378 3020 3432 3065 te
3460 3018 3587 3066 ante
3621 3012 3813 3066 venti-

2204 3107 2371 3162 latam
2402 3116 2457 3162 et
2492 3104 2781 3162 deﬁnitam
2810 3120 2914 3159 nos
2938 3112 3258 3159 retractasse
3286 3104 3557 3168 dicebant,
3586 3111 3815 3176 tuaque

572 3196 1099 3290 ﬁajggs'ggmgg;
2134 3217 2179 3279 ο
2208 3199 2535 3256 fraternitati
2564 3198 2720 3252 aliter
2748 3213 2916 3269 quam
2956 3198 3035 3253 eis
3067 3196 3335 3253 videretur
3360 3205 3418 3252 et
3445 3196 3586 3252 ratio
3616 3206 3814 3269 postu-

575 3299 702 3361 gato
723 3307 877 3361 quem
912 3307 1075 3346 comes
1096 3294 1341 3361 pontiﬁci
1370 3293 1721 3358 commendat,
1745 3297 1843 3363 qui
1876 3294 2105 3362 legitime

574 3368 779 3418 creatus
817 3364 1021 3430 fuerat.

576 3482 808 3535 Summo
824 3479 1073 3550 pontiﬁci
1090 3487 1146 3534 et
1164 3480 1460 3536 universali
1482 3495 1639 3551 papa
1659 3480 1978 3537 GnnGonto
2008 3483 2104 3537 VII

504 3575 564 3630 Β.
608 3588 793 3629 comes
843 3573 1211 3639 Arelatensis,
1261 3589 1584 3645 prosperam
1621 3575 1680 3628 in
1724 3576 2003 3642 omnibus,
2050 3584 2105 3629 et

504 3672 727 3721 atema
778 3664 982 3735 perfrui
1017 3665 1376 3721 beatitudinis
1414 3682 1646 3723 munere
1683 3682 1814 3723 cum
1860 3668 1985 3723 coeli
2022 3668 2103 3722 ci-

503 3755 681 3813 vibus.

573 3850 978 3905 Sublimissime
1029 3850 1257 3906 domine
1314 3858 1369 3905 et
1426 3852 1684 3923 princeps
1729 3854 1901 3909 totius
1958 3856 2104 3910 orbis

505 3951 698 4011 terra,
735 3943 781 3998 si
829 3943 967 3997 bene
1033 3943 1206 4009 vales,
1268 3944 1622 4014 congratulor
1675 3945 1848 4001 valde.
1914 3948 1971 4003 Si
2006 3964 2102 4003 au-

504 4043 656 4099 tem,
710 4034 857 4107 quod
910 4035 1088 4101 absit,
1150 4035 1328 4103 aliter,
1378 4037 1679 4091 conturbor
1735 4036 2104 4095 vehementis-

504 4129 663 4185 sime.
701 4129 816 4201 Ego
834 4128 986 4185 enim
1015 4144 1137 4185 sum
1170 4129 1336 4184 vestri
1364 4128 1595 4200 lservus,
1635 4138 1691 4186 et
1731 4131 1798 4187 de
1833 4133 2102 4204 injustitia

505 4238 672 4294 quam
728 4222 996 4277 hactenus
1044 4222 1191 4293 passi
1237 4223 1369 4276 estis
1437 4222 1507 4278 ab
1558 4224 1748 4296 iniquo
1792 4225 1975 4297 judice
2030 4228 2106 4283 ita

506 4329 631 4371 sum
656 4314 892 4372 afﬂictus
920 4316 1077 4388 quasi
1115 4331 1345 4387 corpore
1384 4325 1439 4371 et
1463 4327 1647 4373 mente
1676 4318 1907 4391 ﬂagellis
1934 4323 2105 4377 maxi-

505 4410 615 4465 mis
664 4410 999 4465 verberatus.
1072 4412 1154 4465 De
1202 4420 1425 4476 catero,
1497 4413 1660 4467 Pater
1725 4414 2092 4483 sanctissime,

506 4505 715 4561 mando
744 4504 845 4560 tibi
875 4504 1111 4575 qualiter
1160 4504 1478 4559 Bernardus
1524 4505 1696 4561 abbas
1724 4507 1906 4563 Sancti
1946 4511 2010 4564 P.
2047 4516 2099 4563 et

2212 3294 2375 3349 lasset
2398 3291 2697 3363 scripsisse.
2742 3290 2903 3361 Quod
2940 3306 2970 3345 a
3006 3290 3167 3346 nobis
3204 3290 3415 3346 factum
3454 3305 3815 3362 nequaquam

2212 3387 2529 3451 recolimus,
2563 3399 2663 3438 nec
2705 3385 2759 3439 in
2787 3384 3019 3455 registro
3062 3392 3250 3439 nostro
3294 3383 3457 3455 hujus
3506 3399 3687 3440 causa
3714 3383 3813 3439 lit-

2212 3490 2357 3537 teras
2373 3478 2611 3550 reperire
2637 3476 2941 3549 potuimus.
2966 3477 3190 3533 Noverit
3204 3477 3380 3548 itaque
3402 3477 3689 3549 prudentia
3710 3486 3815 3534 tua

2214 3575 2345 3647 quia
2371 3574 2543 3629 multa
2567 3580 2837 3643 tanquam
2885 3586 2914 3624 a
2945 3570 3107 3626 nobis
3143 3569 3465 3627 deferuntur
3500 3580 3555 3626 et
3598 3572 3817 3642 scripta

2214 3677 2268 3723 et
2314 3668 2457 3722 dicta
2514 3664 2675 3719 nobis
2713 3663 3106 3720 nescientibus.
3162 3664 3330 3719 Multa
3374 3664 3541 3718 etiam
3590 3663 3814 3737 subripi

2214 3767 2445 3832 possunt
2508 3758 2674 3812 nimis
2711 3758 2779 3812 ad
2820 3757 3029 3829 singula
3085 3757 3331 3826 intentis,
3378 3765 3568 3827 utpote
3618 3757 3817 3815 divisis

2213 3854 2281 3909 ad
2320 3852 2576 3924 plurima,
2610 3859 2665 3905 et
2720 3851 2947 3906 intentis
2980 3850 3050 3905 ad
3083 3851 3345 3918 maxima,
3388 3850 3587 3921 quibus
3636 3849 3809 3907 vehe-

2214 3953 2429 4001 menter
2478 3953 2777 4001 arctamur.
2810 3944 2975 4000 Unde
3017 3944 3075 3998 in
3110 3943 3209 3999 hac
3245 3959 3430 4011 causa,
3478 3944 3627 4015 quod
3669 3960 3810 4015 pro-

2215 4040 2360 4095 fecto
2392 4040 2621 4094 minime
2665 4037 3043 4105 recordamur,
3082 4037 3127 4092 si
3158 4036 3291 4108 quid
3313 4037 3454 4093 forte
3480 4038 3811 4110 subreptum

2214 4133 2336 4201 fuit,
2373 4141 2561 4204 optato
2590 4132 2767 4203 magis
2785 4145 3036 4187 amamus
3064 4131 3335 4202 corrigere
3356 4147 3519 4202 quam
3538 4133 3604 4187 ab
3627 4134 3814 4204 aqui-

2212 4236 2326 4283 tate
2347 4236 2401 4281 et
2425 4226 2651 4282 rationis
2677 4225 2894 4279 tramite
2912 4224 3144 4291 deviare,
3164 4224 3245 4279 vel
3262 4224 3384 4279 aliis
3394 4225 3715 4296 corrigenda
3730 4242 3815 4283 re-

2213 4320 2477 4392 linquere.
2510 4318 2600 4374 Λᾶ
2635 4334 2798 4389 quem
2833 4334 2961 4390 ergo
2984 4318 3145 4390 justa
3181 4317 3470 4374 decisionis
3498 4320 3813 4376 terminum

2206 4413 2410 4481 negotii
2454 4412 2620 4483 hujus
2649 4412 2878 4482 quastio
2904 4410 3264 4467 fraternitatis
3297 4419 3407 4468 tua
3449 4410 3812 4469 considerata

2209 4506 2421 4562 actione
2443 4505 2711 4575 pervenit,
2734 4505 2869 4569 imo,
2896 4505 2941 4560 si
2962 4507 3145 4561 minus
3161 4504 3339 4560 adhuc
3358 4503 3702 4561 satisfactum
3725 4516 3818 4564 est

504 4597 578 4651 Β.
633 4599 841 4653 Montis
887 4596 1137 4666 Majoris,
1182 4596 1400 4653 abbatia
1444 4599 1698 4668 expulsus
1743 4601 1811 4655 sit
1836 4600 2004 4672 juste,
2045 4609 2101 4656 et
2127 4578 2178 4640 D
2210 4599 2490 4675 pervenire
2518 4598 2741 4671 poterit,
2774 4616 2889 4654 non
2914 4603 3096 4654 solum
3126 4615 3240 4654 non
3274 4607 3581 4665 mutamus,
3608 4614 3811 4656 verum

507 4689 741 4759 qualiter
768 4691 871 4745 iste
901 4690 1205 4761 susceperit
1235 4707 1402 4763 quem
1428 4691 1529 4746 tibi
1560 4693 1741 4760 mitto,
1772 4694 2102 4750 Guillelmus

506 4781 751 4837 nomine.
772 4783 867 4837 Ille
882 4799 1121 4853 namque
1139 4784 1281 4839 tanti
1297 4793 1419 4840 erat
1435 4784 1625 4857 ﬂagitii
1641 4796 1698 4841 et
1720 4794 1891 4844 tanta
1920 4788 2101 4859 impu-

508 4874 710 4930 dicitia
735 4874 885 4946 quod
909 4876 1077 4945 pudet
1108 4892 1198 4931 me
1220 4877 1425 4949 aliquid
1455 4877 1689 4950 dignum
1721 4880 1952 4938 honesto
1983 4882 2098 4937 viro

508 4965 711 5023 dicere.
736 4966 846 5024 Sed
871 4984 1046 5024 unum
1071 4984 1138 5023 ex
1171 4970 1416 5040 pluribus
1441 4987 1657 5044 nequeo
1684 4980 1889 5029 tacere.
1921 4974 2097 5031 Sodo-

510 5058 700 5115 mitica
728 5061 929 5132 quippe
954 5060 1126 5118 libido
1148 5062 1290 5119 ultra
1318 5064 1549 5121 modum
1576 5066 1634 5120 in
1654 5082 1781 5121 eum
1810 5067 2097 5137 regnabat,

510 5160 567 5207 et
590 5150 793 5210 deinde
826 5153 895 5209 ab
924 5155 1035 5211 ullo
1089 5156 1290 5211 viventi
1316 5158 1515 5228 corripi
1564 5174 1679 5213 non
1708 5165 1941 5229 poterat.
1980 5164 2097 5233 Ego

511 5261 730 5318 quoque
749 5255 804 5302 et
839 5247 1101 5303 monachi
1136 5248 1436 5319 supradicti
1466 5250 1569 5305 loci
1595 5250 1980 5308 detestabilem
2000 5253 2099 5310 hu-

500 5340 751 5411 jusmodi
798 5356 916 5396 rem
970 5350 1345 5412 agnoscentes,
1400 5343 1753 5413 nequivimus
1809 5344 1903 5400 diu
1960 5348 2093 5416 pati,

506 5431 624 5500 sed,
683 5434 915 5489 consilio
956 5433 1196 5491 invicem
1270 5435 1484 5502 habito,
1548 5435 1862 5495 audivimus
1916 5440 2096 5495 archi-

507 5526 801 5595 prasulem
839 5526 1269 5599 Lugdunensem
1297 5529 1392 5601 qui
1421 5530 1470 5584 ei
1516 5529 1961 5589 benedictionem
1990 5532 2094 5588 tri-

504 5617 703 5675 buerat
728 5618 963 5689 abbatis,
991 5629 1048 5676 et
1074 5620 1189 5691 ejus
1225 5622 1453 5679 consilio
1482 5631 1647 5694 atque
1679 5625 1887 5697 judicio
1925 5626 2096 5682 abba-

2210 4702 2434 4749 auctore
2464 4695 2583 4748 Deo
2611 4692 2912 4747 annuimus
2942 4700 2997 4747 et
3027 4692 3315 4747 laudamus
3354 4711 3367 4747 :
3432 4692 3634 4763 quippe
3673 4708 3814 4750 cum

2212 4787 2391 4859 magis
2413 4786 2610 4842 rationi
2640 4794 3075 4841 consentanequ
3118 4785 3364 4841 videatur
3394 4793 3456 4840 ut
3499 4786 3707 4852 clerici,
3756 4788 3809 4841 si

2208 4880 2466 4937 canonice
2493 4881 2671 4935 vivere
2698 4880 2909 4945 volunt,
2940 4886 2994 4933 et
3018 4879 3075 4933 in
3102 4894 3167 4934 eo
3198 4879 3483 4949 persistere
3512 4878 3662 4951 quod
3704 4896 3811 4935 vo-

2208 4982 2428 5039 verunt,
2461 4988 2560 5028 suo
2596 4971 2745 5044 quod
2774 4971 3071 5042 antiquitus
3100 4972 3389 5041 possedere
3420 4987 3535 5027 non
3560 4971 3811 5029 debeant

2207 5083 2393 5123 carere
2432 5066 2788 5134 monasterio,
2816 5064 2964 5137 quod
2999 5072 3053 5119 et
3086 5066 3187 5136 ipsi
3222 5066 3529 5121 interventu
3548 5067 3808 5136 pecunia

2207 5161 2514 5216 obtinuisse
2535 5159 2793 5215 monachi
2826 5156 3185 5214 infamantur.
3218 5159 3390 5230 Super
3418 5157 3525 5214 hoc
3556 5174 3688 5231 ergo
3719 5159 3810 5214 in-

2206 5253 2524 5311 dubitanter
2552 5266 2871 5322 cognoscas,
2907 5252 3033 5322 quia
3072 5267 3354 5322 perperam
3383 5259 3502 5307 acta
3528 5252 3638 5307 sive
3664 5251 3806 5308 sub-

2207 5356 2359 5418 repta
2391 5347 2745 5410 damnamus,
2776 5345 2923 5416 juste
2966 5354 3092 5401 acta
3131 5353 3185 5399 et
3223 5342 3455 5400 difﬁnita
3483 5344 3803 5413 ﬁrmamus,

2206 5449 2260 5495 et
2291 5456 2322 5494 a
2351 5448 2404 5493 te
2434 5437 2708 5493 firmanda
2743 5446 2797 5493 et
2827 5439 3117 5495 statuenda
3157 5437 3510 5494 mandamus.
3556 5442 3640 5495 De
3661 5440 3805 5496 Car-

2205 5533 2421 5588 notensi
2469 5541 2655 5587 autem
2697 5532 2950 5604 episcopo
2988 5531 3137 5587 unde
3175 5530 3496 5587 fraternitas
3527 5540 3624 5588 tua
3661 5532 3823 5611 subi

2205 5640 2555 5683 murmurare
2599 5625 2809 5681 videtur
2843 5626 2992 5681 nosti
3046 5624 3195 5697 quod
3226 5623 3533 5681 dilectionis
3569 5634 3679 5681 tua
3706 5625 3798 5679 in-

576 5773 1051 5851 ({{tjﬂnregistro
1080 5775 1382 5851 Mutinensi
1405 5776 1657 5850 superior
1674 5778 1899 5849 epistola
1922 5779 2171 5851 signatur
2198 5793 2432 5835 numero
2466 5779 2689 5846 XXXI,
2721 5793 2842 5850 qua
2869 5777 2954 5833 hic
2979 5776 3229 5848 sequitur
3256 5776 3315 5832 in
3340 5776 3535 5834 eodem
3561 5776 3803 5848 registro

505 5848 585 5895 est
616 5843 861 5912 XXXII,
884 5843 939 5900 et
967 5846 1045 5901 sic
1064 5845 1340 5919 deinceps.
