4044 6186
262 314 380 367 633

1378 314 1575 369 LIBER
1611 314 1855 373 NONUS.
1895 347 1964 358 —
2003 318 2211 374 EPIST.
2252 320 2466 375 XXXIII.

3467 323 3569 377 634

260 436 418 493 tuitu
446 434 613 507 longo
640 450 768 491 eum
788 444 1035 509 tempore
1060 448 1171 493 una
1194 453 1322 493 cum
1351 437 1636 494 Parisiensi
1667 443 1863 497 Romae
1894 448 1943 508 Α
1974 442 2251 515 dignitatis
2278 445 2397 515 ejus
2434 406 2700 499 sen‘tentia
2730 444 2971 510 cesserit,
3017 444 3121 500 hoc
3147 444 3376 501 omnino
3408 446 3569 517 jube-

256 529 577 595 tenuimus,
608 538 705 585 aut
737 538 797 585 ut
826 531 942 601 ipse
966 531 1200 599 venires,
1239 541 1336 587 aut
1357 530 1428 587 ad
1456 533 1859 604 comprobanda

250 623 480 692 obiecta
506 624 558 677 in
577 638 703 678 eum
723 624 959 695 capitula
985 624 1189 697 legatos
1208 634 1261 679 et
1281 633 1443 681 testes
1470 625 1697 682 idoneos
1716 626 1865 682 dele-

247 731 443 786 gares.
501 716 661 787 Quod
690 733 819 774 cum
860 718 1089 774 minime
1132 718 1345 785 feceris,
1378 720 1598 791 iustitiae
1626 722 1865 777 necessi-

248 818 375 866 tate
402 810 605 877 coacti,
631 810 700 867 de
728 810 847 883 ejus
872 812 1216 869 restitutione
1241 823 1446 870 sanctae
1472 816 1741 870 Romana:
1775 817 1865 870 Ec-

241 903 440 959 clesiae
483 902 697 974 judicio
742 905 1136 975 acquievimus.
1183 908 1283 963 Cui
1312 909 1357 962 si
1409 923 1649 979 superna
1692 908 1863 979 pietas

240 996 559 1068 aliquando
606 998 873 1069 respirare
915 999 1275 1067 concesserit,
1307 999 1520 1072 liquido
1562 1008 1657 1056 tua
1697 1000 1865 1056 beati-

239 1088 393 1145 tudo
439 1090 740 1163 intelligere
782 1091 1005 1162 poterit,
1052 1108 1173 1148 eam
1203 1093 1376 1149 multo
1406 1094 1859 1165 irreprehensibi-

238 1182 351 1238 lius
384 1182 504 1239 hoc
531 1184 725 1256 egisse,
754 1200 922 1256 quam
963 1195 1017 1241 te
1046 1185 1238 1241 matris
1262 1196 1374 1243 tua;
1392 1187 1710 1258 judicialem
1739 1204 1863 1244 cen-

237 1292 447 1332 suram
485 1293 710 1334 manum
739 1278 1182 1349 reprehensionis
1226 1280 1552 1337 extendisse.
1594 1286 1864 1338 Decuerat

237 1370 483 1442 quidem
516 1386 634 1438 vos,
663 1380 719 1426 et
744 1372 965 1444 dignius
1000 1373 1271 1429 videretur
1300 1374 1402 1429 hac
1430 1375 1610 1446 potius
1647 1384 1861 1447 tempe-

234 1470 413 1530 state,
444 1472 503 1519 et
536 1463 630 1521 bas
653 1464 788 1521 inter
814 1482 949 1537 quas
980 1467 1183 1538 patitur
1210 1469 1504 1540 angustias,
1537 1469 1635 1524 Dei
1675 1470 1860 1541 utique

235 1557 610 1613 aemulatione
638 1566 692 1613 et
720 1560 1056 1616 conscientia
1083 1560 1243 1626 bona,
1273 1569 1534 1633 tanquam
1560 1562 1702 1619 ﬁlios
1730 1579 1860 1619 suos

233 1650 697 1707 consolationum
744 1652 844 1707 sibi
882 1652 1062 1709 dulcia
1127 1654 1478 1722 ministrare,
1525 1672 1691 1727 quam
1730 1657 1853 1712 talia

230 1741 601 1812 mandando,
632 1753 688 1801 et
729 1744 925 1801 talibus
949 1762 1070 1802 eam
1094 1748 1281 1803 naeniis
1310 1748 1636 1820 implicando
1653 1792 1670 1817 ,
1694 1750 1851 1805 dolo-

1976 553 2121 605 mus,
2166 546 2227 593 ut
2252 536 2321 592 de
2362 537 2608 607 illisiqui
2649 554 2778 597 eum
2831 546 2944 594 tam
2987 538 3128 593 male
3170 547 3567 609 tractaverunt,

1974 631 2122 700 quod
2155 630 2363 702 justitia
2410 631 2650 702 postulat
2690 631 2789 687 sibi
2836 648 2931 703 per
2975 639 3209 687 vestram
3248 633 3565 690 instantiam

1974 723 2091 790 ﬁat,
2123 723 2178 783 id
2206 732 2307 791 est,
2342 724 2387 778 si
2426 723 2741 779 satisfacere
2771 726 3223 797 contempserint,
3253 742 3570 783 excommu-

1974 816 2269 872 nicationis
2303 816 2357 871 in
2399 832 2493 872 eos
2538 833 2835 888 eorumque
2887 818 3126 890 perfidiae
3168 818 3409 877 fautores
3456 821 3566 893 gla-

1973 910 2097 966 dius
2151 917 2426 966 exeratur.
2460 910 2614 965 Istud
2658 926 2790 966 vero
2822 912 2877 966 in
2920 911 3027 967 hoc
3072 914 3297 984 negotio
3327 914 3564 970 maxime

1970 1019 2188 1061 servare
2216 1020 2313 1061 vos
2341 1004 2614 1071 volumus,
2643 1013 2760 1059 tum
2792 1021 2890 1075 pro
2916 1004 3099 1061 labore
3136 1022 3301 1079 quem
3344 1024 3565 1064 memo-

1971 1108 2125 1155 ratus
2157 1098 2446 1170 episcopus
2470 1097 2544 1153 ad
2580 1098 2934 1168 apostolicam
2960 1099 3150 1155 sedem
3176 1100 3393 1167 subivit,
3431 1118 3561 1158 cum

1972 1193 2135 1248 etiam
2180 1208 2278 1263 pro
2321 1206 2510 1247 amore
2554 1191 2869 1247 nobilissimi
2908 1192 3125 1247 comitis
3172 1194 3421 1261 Roberti,
3468 1197 3560 1265 qui

1970 1286 2130 1341 nobis
2163 1300 2325 1357 super
2355 1302 2419 1340 eo
2450 1284 2729 1355 petitorias
2770 1285 2974 1339 litteras
3013 1285 3177 1352 misit,
3214 1294 3276 1341 ut
3300 1302 3429 1342 cum
3457 1289 3559 1343 mi-

1970 1379 2266 1435 sericordia
2309 1385 2595 1445 tractetur,
2639 1388 2728 1444 et,
2768 1387 3033 1449 quantum
3062 1379 3205 1433 salva
3228 1378 3439 1450 justitia
3470 1396 3562 1449 po-

1968 1482 2105 1543 test,
2137 1489 2410 1529 cauonum
2442 1474 2591 1544 rigor
2636 1472 3027 1543 compassionis
3072 1480 3319 1543 respectu
3352 1481 3561 1543 tempe-

1968 1577 2136 1624 retur.
2182 1567 2431 1638 Denique
2470 1567 2541 1621 ita
2581 1582 2639 1622 se
2682 1555 3264 1621 fraternitatis'vestrae
3301 1567 3563 1637 sagacitas

1964 1662 2179 1730 habeat,
2226 1671 2287 1717 ut
2325 1676 2425 1716 nec
2454 1661 2512 1715 in
2550 1660 2797 1716 dextram
2836 1674 2935 1715 nec
2978 1659 3035 1713 in
3074 1660 3272 1715 laevam
3301 1659 3558 1735 declinet,

1962 1756 2057 1811 sed
2079 1772 2145 1811 ex
2170 1764 2400 1826 utroque
2425 1770 2596 1810 unum
2630 1752 2834 1809 faciens
2861 1768 3033 1808 unum
3062 1760 3559 1823 temperamentum

166 1830 171 1833 ’
230 1851 355 1892 rem
391 1852 570 1909 super
590 1838 840 1896 dolorem
865 1856 1162 1912 apponere,
1196 1840 1563 1912 multiplicare
1591 1842 1853 1915 pondera,
1886 1823 1931 1885 Β
1964 1849 2209 1905 medium
2235 1823 2527 1905 salubriter
2548 1855 2753 1903 teneat.

233 1945 349 1987 non
381 1932 808 1989 communicare
843 1933 1195 2005 ponderibus.
1226 1935 1379 1992 Vale.

720 2047 1069 2102 EPISTOLA
1142 2048 1390 2102 XXXII.

461 2163 544 2202 AD
584 2162 1122 2205 ABCHIEPISCOPUH
1166 2164 1645 2206 LUGDUNENSBM.

855 2266 1037 2325 (Anno
1084 2264 1265 2327 108l.)

227 2361 536 2428 Signiﬁcat
572 2377 649 2425 se,
690 2366 980 2432 antequam
1006 2362 1118 2431 ejus
1146 2364 1356 2417 litteras
1387 2369 1689 2434 accepisset,
1732 2369 1851 2420 Ter-

296 2446 648 2485 vannensem
694 2437 996 2503 episcopum
1054 2436 1367 2496 absolvisse,
1419 2442 1625 2504 accepto
1682 2438 1847 2505 jura-

296 2508 501 2557 mento
531 2508 677 2572 quod
709 2505 918 2573 judicio
940 2506 1087 2560 sedis
1114 2508 1415 2575 apostolica
1452 2508 1535 2560 vel
1562 2509 1730 2576 legati
1763 2525 1848 2561 ac-

298 2577 659 2643 quiesceret;
690 2591 859 2643 quare
890 2577 1046 2645 jubet
1085 2583 1146 2630 ut
1183 2583 1355 2631 coacto
1389 2580 1630 2640 concilio,
1667 2584 1716 2634 et
1744 2580 1846 2633 ad-

286 2645 505 2714 juncto
527 2646 639 2719 sibi
661 2646 1003 2701 Cluniacensi
1022 2648 1233 2714 abbate,
1256 2651 1305 2701 si
1329 2649 1594 2717 depositio
1621 2651 1735 2719 ejus
1751 2651 1841 2717 ju-

296 2721 391 2769 sta
423 2717 778 2785 probabitur,
808 2721 1125 2773 sententiam
1166 2722 1464 2787 conﬁrmet;
1516 2724 1601 2773 sin
1643 2717 1843 2785 minus,

297 2802 439 2841 eum
486 2789 547 2840 in
586 2790 855 2856 integrum
883 2792 1156 2854 restituat,
1188 2796 1238 2843 et
1280 2805 1363 2844 eos
1393 2794 1495 2858 qui
1518 2792 1659 2845 male
1692 2793 1847 2846 illum

298 2862 710 2922 tractaverunt,
738 2862 849 2914 nisi
869 2863 1241 2928 satisfaciant,
1272 2865 1699 2917 eacommunicet.

296 2970 680 3027 GBEGOBIUS
700 2970 1002 3042 episcopus,
1026 2987 1211 3028 servus
1232 2988 1517 3028 servorum
1542 2974 1665 3041 Dei,
1690 2988 1849 3029 vene-

225 3063 391 3119 rabili
418 3064 551 3119 Η...
578 3066 879 3132 [HUGOM]
898 3064 1252 3137 Lugdunensi
1274 3065 1705 3139 archiepiscopo,
1721 3067 1853 3122 salu-

226 3165 342 3213 tem
401 3165 472 3212 et
507 3157 871 3227 apostolicam
898 3157 1362 3215 benedictionem.

2426 1982 2781 2037 EPISTOLA
2808 1980 3086 2034 XXXIII.

2203 2123 2285 2163 AD
2314 2121 2643 2164 ROBBRTUM
2674 2120 2949 2163 COMITEM
2976 2117 3316 2160 FLANDBIB.

2567 2224 2751 2288 (Anno
2787 2225 2969 2286 1081.)

1958 2343 2193 2409 Ignoscit
2221 2340 2335 2410 ejus
2362 2341 2532 2394 verbis
2568 2355 2689 2409 qua:
2715 2339 2972 2393 adversus
2994 2337 3352 2407 apostolicam
3379 2335 3558 2410 septem

2019 2406 2328 2481 jactavei'at
2373 2431 2390 2462 .-
2443 2406 2633 2465 deinde
2661 2413 2854 2480 repetit
2886 2426 2947 2465 ea
2976 2406 3096 2479 qua:
3139 2410 3198 2462 in
3232 2406 3563 2477 pi'wcedenti

2030 2485 2253 2553 epistola
2280 2484 2520 2537 dixerat.

2028 2600 2381 2655 Ganeonws
2412 2598 2719 2669 episcopus,
2759 2612 2947 2652 servus
2972 2610 3258 2651 servorum
3296 2595 3418 2663 Dei,
3449 2597 3561 2651 Ro-

1956 2705 2157 2748 nsn'ro
2195 2691 2436 2763 glorioso
2472 2690 2659 2747 comiti
2700 2688 3039 2756 Flandrensi,
3069 2689 3303 2745 salutem
3339 2696 3392 2743 et
3428 2704 3558 2760 apo-

1954 2786 2203 2841 stolicam
2233 2784 2692 2840 benedictionem.

2029 2881 2238 2936 Locuta
2280 2887 2364 2933 est
2393 2876 2684 2948 prudentia
2714 2884 2806 2932 tua
2836 2877 2891 2931 in
2930 2876 3123 2932 litteris
3155 2876 3268 2932 suis
3294 2876 3553 2947 apostoli-

1960 2988 2040 3029 cae
2079 2970 2197 3027 sedi
2238 2970 2490 3042 quaedam
2533 2970 2674 3025 sicut
2701 2985 2811 3025 non
2848 2968 3037 3025 decuit
3079 2987 3091 3024 :
3124 2984 3248 3039 qua
3288 2984 3390 3025 nos
3426 2984 3554 3025 sane

1961 3066 2242 3137 cupientes
2286 3064 2342 3119 in
2365 3071 2549 3120 sancta
2576 3063 2817 3118 Ecclesia
2843 3069 2901 3118 te
2943 3077 3290 3130 conservare,
3331 3078 3556 3133 suppor-

1962 3168 2148 3215 tamus
2173 3157 2357 3215 adhuc
2377 3200 2392 3223 ,
2435 3166 2491 3213 et
2520 3157 2753 3214 libenter
2788 3156 3122 3228 ignoscimus
3149 3155 3217 3212 de
3246 3156 3555 3211 misericor-

298 3225 604 3322 Quoniam
636 3267 797 3308 causa
829 3253 1114 3309 Lamberti
1151 3254 1281 3310 dicti
1309 3255 1708 3311 Tervannensis
1736 3256 1843 3326 epi-
1881 3225 1925 3287 (ἶ
1964 3252 2049 3308 dia
2086 3252 2264 3308 divina
2309 3259 2587 3323 sperantes
2635 3250 2784 3323 quod
2812 3225 2885 3307 vet
2924 3266 3114 3306 eorum
3158 3250 3250 3321 qui
3290 3249 3386 3305 tibi
3423 3248 3552 3304 talia

182 3344 391 3419 ‘scopi
454 3344 664 3417 partim
730 3353 895 3416 nota,
946 3348 1146 3417 partim
1209 3348 1490 3420 incognita
1540 3357 1643 3415 est,
1701 3365 1843 3420 pra:-

228 3440 451 3496 sentim
484 3454 615 3493 cum
635 3438 916 3495 Robertus
943 3454 1134 3495 comes
1166 3440 1519 3497 Flandrensis
1554 3441 1718 3512 longe
1745 3443 1847 3497 alia

228 3533 401 3589 verba
456 3533 518 3586 in
567 3531 765 3587 litteris
805 3532 921 3588 suis
964 3532 1127 3588 nobis
1173 3534 1437 3590 direxerit
1484 3549 1652 3605 quam
1700 3536 1848 3605 prius

230 3625 619 3698 lngelrannus
648 3626 1065 3695 prasentialiter
1092 3626 1363 3683 retulisset
1380 3667 1395 3692 ,
1444 3642 1567 3682 eam
1592 3626 1847 3683 fraterni-

229 3724 331 3775 tati
361 3727 574 3774 vestrae
602 3718 816 3789 plenius
848 3719 1257 3776 eventilandam
1281 3720 1642 3776 destinamus.
1677 3722 1851 3792 Negat

230 3811 521 3884 siquidem
564 3810 823 3882 praefatus
852 3812 1143 3884 episcopus
1170 3813 1269 3868 sibi
1314 3822 1510 3869 notum
1540 3828 1659 3869 esse
1705 3813 1850 3885 quod

230 3921 373 3961 eum
412 3904 692 3975 synodalis
716 3921 813 3976 per
845 3914 898 3962 te
925 3907 1193 3962 sententia
1235 3907 1590 3975 damnaverit,
1628 3908 1719 3963 vel
1751 3923 1849 3963 ex-

230 3998 764 4064 communicaverit,
794 4014 890 4054 seu
928 4000 997 4055 ad
1042 4000 1313 4072 synodum
1351 4001 1518 4057 ullam
1548 4003 1838 4057 vocaverit.

224 4090 406 4148 Unde
437 4106 543 4146 nos
570 4098 695 4146 ante
715 4092 963 4162 agnitum
984 4093 1297 4149 litterarum
1321 4102 1546 4149 tuarum
1565 4102 1837 4163 tenorem,

225 4184 520 4256 compassi
552 4184 738 4239 multis
772 4184 1051 4241 laboribus
1085 4187 1283 4255 ipsius,
1314 4202 1441 4243 eum
1470 4187 1839 4255 absolvimus;

225 4285 469 4350 accepto
514 4286 702 4333 tamen
730 4278 798 4333 ab
826 4293 892 4334 eo
920 4280 1070 4350 prius
1109 4279 1449 4351 juramento,
1493 4280 1641 4353 quod
1682 4296 1844 4351 super

226 4372 561 4443 episcopatu
579 4372 983 4427 Dervannensis
1010 4372 1155 4429 sedis
1183 4375 1493 4445 apostolica:
1526 4375 1604 4429 vel
1636 4375 1845 4446 legato-

226 4480 360 4521 rum
389 4474 714 4520 nostrorum
738 4465 1008 4536 judicium
1028 4482 1139 4522 non
1170 4468 1352 4523 exibit.
1390 4472 1577 4540 Itaque
1601 4468 1725 4539 quia
1756 4484 1844 4523 res

1957 3353 2349 3415 persuaserunt
2370 3344 2724 3414 imperitiam,
2747 3352 2803 3398 et
2822 3359 2991 3399 sacrae
3014 3345 3277 3399 Romanae
3296 3342 3550 3398 Ecclesiae

1958 3437 2343 3493 auctoritatem
2374 3446 2430 3493 et
2455 3437 2863 3505 discretionem,
2896 3436 3222 3508 quandoque
3254 3443 3550 3506 praesenta-

1958 3531 2071 3586 neis
2125 3530 2388 3586 affatibus
2446 3529 2818 3586 ostendemus.
2890 3529 3129 3586 Proinde
3178 3545 3343 3601 super
3386 3544 3548 3585 causa

1958 3623 2239 3679 Lamberti
2283 3622 2412 3679 dicti
2466 3623 2861 3679 Tervannensis
2916 3622 3154 3694 episcopi
3206 3623 3329 3677 licet
3374 3623 3552 3678 multo

1958 3716 2115 3773 aliter
2166 3732 2224 3773 se
2271 3717 2435 3773 verba
2486 3716 2949 3773 Tervannensium
3002 3717 3326 3773 clericorum
3381 3731 3549 3787 quam

1961 3809 2154 3867 litterae
2200 3818 2311 3868 tum
2347 3811 2649 3867 nobilitatis
2690 3810 3013 3877 habuerint;
3045 3818 3231 3866 tamen
3261 3810 3391 3881 quia
3436 3824 3547 3865 non

1958 3902 2191 3959 dubium
2220 3912 2305 3960 est
2331 3920 2491 3976 posse
2519 3904 2796 3960 interdum
2821 3903 3063 3976 subrepi,
3094 3918 3216 3959 eam
3245 3902 3549 3959 secundum

1952 4006 2137 4056 votum
2168 4006 2322 4054 tuum
2351 3998 2725 4054 retractationi
2750 3997 3079 4069 delegamus.
3114 3996 3274 4067 Quod
3302 3996 3545 4067 quidem,

1950 4102 2011 4150 ut
2058 4101 2327 4165 quantum
2377 4092 2636 4148 decenter
2664 4106 2975 4163 possumus,
3010 4100 3106 4147 tuo
3147 4090 3417 4148 desiderio
3453 4106 3547 4145 an-

1949 4201 2275 4251 nueremus,
2325 4186 2403 4241 sic
2452 4184 2822 4257 peragendum
2868 4185 3220 4257 providimus.
3274 4184 3546 4253 Quoniam

1951 4279 2336 4352 Lugdunensis
2376 4278 2818 4350 archiepiscopus
2865 4278 3137 4349 (quamvis
3183 4276 3256 4334 de
3298 4293 3364 4333 eo
3416 4278 3548 4333 satis

1952 4372 2261 4443 conﬁdam)
2309 4370 2462 4427 vobis
2490 4379 2775 4442 suspectus
2802 4379 2911 4438 est,
2945 4387 3013 4426 ne
3041 4371 3280 4442 suspicio
3323 4386 3547 4441 prorsus

1952 4466 2200 4523 ordinem
2241 4481 2428 4522 rerum
2469 4466 2677 4521 utiliter
2702 4464 3070 4537 gerendarum
3097 4465 3378 4535 impediat,
3422 4480 3544 4535 gra-

226 4558 465 4631 grandis
505 4567 608 4627 est,
641 4567 696 4614 et
720 4560 1075 4631 diligentioris
1112 4570 1238 4633 eget
1269 4562 1653 4634 inquisitionis,
1696 4578 1839 4633 praa-
1872 4595 1923 4657 Ι)
1951 4576 2072 4616 vem
2105 4569 2159 4615 et
2188 4559 2455 4617 illustrem
2494 4560 2675 4615 virum
2711 4558 3127 4615 Cluniacensem
3160 4556 3416 4613 abbatem
3442 4556 3543 4613 sibi

226 4653 486 4724 cipimus
509 4660 573 4707 ut
600 4652 983 4725 episcoporum
1011 4662 1066 4710 et
1098 4654 1359 4710 abbatum
1386 4656 1731 4728 aliorumque
1756 4672 1842 4712 re-

226 4747 567 4817 ligiosorum
609 4746 852 4802 virorum
899 4747 1192 4803 concilium
1229 4764 1549 4820 congreges.
1596 4753 1664 4805 Et
1701 4767 1838 4822 quo-

224 4840 391 4895 niam
411 4848 724 4894 memorato
743 4840 1021 4911 episcopo,
1049 4850 1268 4913 propter
1296 4857 1481 4913 regem
1502 4844 1840 4899 Francorum

228 4932 327 5003 qui
364 4947 396 4987 a
423 4940 481 4986 te
506 4932 751 4999 dissidet,
788 4942 1071 5004 suspectus
1107 4950 1182 5002 es,
1228 4936 1496 4991 associato
1526 4936 1621 4991 tibi
1670 4952 1841 4992 γρηθ-

228 5025 397 5080 rabili
427 5024 624 5081 abbate
671 5025 1010 5083 Cluniacensi
1039 5027 1184 5083 idem
1221 5030 1502 5099 negotium
1534 5029 1750 5085 uberius
1778 5046 1840 5085 ac

226 5118 494 5174 solertiae
519 5126 740 5175 tractes.
781 5121 897 5189 Qua
927 5119 995 5176 de
1031 5136 1089 5175 re
1113 5136 1213 5176 nos
1233 5121 1308 5176 ita
1330 5122 1449 5194 jam
1472 5138 1621 5178 nunc
1650 5138 1838 5178 cense-

228 5226 402 5277 mus,
448 5212 494 5267 si
534 5211 898 5285 depositionis
941 5213 1084 5269 illius
1134 5215 1438 5271 certissime
1486 5231 1646 5271 causa
1682 5216 1838 5287 juxta

228 5304 660 5375 comprobatur,
689 5314 745 5360 et
770 5308 1135 5377 peremptoria
1165 5308 1219 5363 in
1256 5324 1385 5363 eum
1418 5310 1683 5365 sententia
1711 5309 1835 5366 data

227 5398 610 5468 cognoscitur,
636 5398 752 5470 ipse
796 5400 865 5455 ab
897 5400 1209 5472 episcopatu
1237 5400 1460 5458 cessatis
1496 5411 1696 5459 sanctae
1732 5407 1836 5460 Ec-

229 5488 418 5547 clesia:
442 5490 715 5563 judicium
745 5491 903 5548 ferat.
946 5493 1037 5548 Sin
1068 5486 1253 5550 autem
1294 5511 1352 5551 se
1394 5496 1475 5552 vel
1518 5496 1719 5568 injuste
1746 5498 1837 5553 de-

208 5582 480 5653 positum
514 5582 697 5651 fuisse,
730 5585 814 5640 vel
836 5586 1153 5657 synodalem
1182 5588 1520 5644 vocationem
1543 5590 1833 5646 nescivisse

227 5672 528 5732 defendere
556 5678 816 5749 potuerit,
848 5678 1057 5751 integre
1085 5680 1200 5736 suis
1224 5688 1280 5736 et
1311 5681 1475 5738 rebus
1504 5691 1558 5739 et
1585 5682 1834 5754 dignitati

226 5768 602 5826 restituatur:
648 5770 839 5843 sicque
873 5770 1129 5846 deinceps
1168 5776 1451 5842 canonice,
1494 5777 1539 5832 si
1568 5793 1672 5849 qua
1718 5777 1831 5833 lue-

224 5860 349 5917 rint
402 5863 615 5935 objecta
685 5864 814 5934 sibi,
860 5866 1209 5938 respondeat.
1257 5870 1597 5941 Quocunque
1647 5880 1831 5927 tamen

1951 4654 2221 4710 associare
2248 4654 2584 4709 censuimus.
2628 4656 2814 4725 Itaque
2841 4650 3191 4723 praecipimus
3220 4658 3281 4705 ut
3320 4665 3541 4722 congre-

1950 4756 2077 4818 gato
2142 4747 2374 4803 concilio
2434 4762 2656 4803 causam
2704 4746 2876 4818 ipsius
2932 4744 3174 4817 episcopi
3230 4743 3545 4817 diligentius

1951 4840 2245 4898 eventilare
2274 4849 2599 4911 procurent;
2644 4848 2701 4897 et
2740 4841 2782 4896 si
2819 4838 3045 4911 quidem
3086 4839 3233 4911 juste
3259 4838 3543 4911 depositus

1951 4934 2120 4989 fuisse
2147 4934 2541 5005 comprobatus
2565 4932 2747 5002 fuerit,
2785 4933 3155 5005 acquiescens,
3186 4932 3386 4987 saniori
3416 4948 3541 4989 con-

1946 5028 2066 5085 silio
2091 5036 2298 5095 cesset;
2324 5028 2406 5083 sin
2437 5036 2627 5083 autem
2658 5028 2741 5083 vel
2769 5027 3000 5082 omnino
3034 5026 3254 5098 injuste,
3290 5027 3371 5082 vel
3402 5041 3538 5098 prae-

1947 5137 2179 5194 propere
2206 5120 2456 5177 addictus
2486 5137 2603 5177 esse
2630 5120 2883 5193 patuerit,
2920 5120 3087 5177 rebus
3115 5129 3170 5176 et
3198 5120 3411 5176 honore
3440 5135 3539 5176 suo

1946 5223 2166 5287 recepto
2191 5214 2544 5281 instauretur,
2574 5230 2637 5270 ac
2663 5213 2867 5271 deinde
2897 5215 3197 5282 canonica,
3226 5215 3269 5270 si
3301 5229 3407 5285 qua
3436 5213 3537 5269 sibi

1946 5308 2149 5364 fuerint
2210 5309 2421 5382 objecta
2448 5350 2464 5377 ,
2530 5308 2876 5380 respondeat.
2952 5310 3288 5379 Quocunque
3353 5316 3537 5363 tamen

1946 5402 2114 5458 modo
2177 5402 2451 5475 synodalia
2498 5418 2626 5472 erga
2676 5402 2997 5474 dignitatem
3056 5401 3224 5472 ipsius
3271 5402 3537 5457 sententia

1944 5496 2277 5567 provenerit,
2298 5496 2568 5568 jussimus
2596 5504 2658 5551 ut
2684 5496 2762 5551 illi
2792 5496 2887 5565 qui
2917 5494 3185 5551 diabolico
3211 5495 3396 5551 furore
3427 5510 3539 5551 suc-

1945 5588 2094 5645 censi
2126 5606 2242 5645 rem
2282 5598 2393 5645 tam
2442 5605 2662 5659 gravem
2705 5599 2759 5645 et
2799 5587 3065 5645 nefariam
3109 5588 3165 5643 in
3208 5588 3323 5659 ejus
3356 5604 3539 5659 perso-

1943 5698 2073 5738 nam
2117 5692 2465 5755 patraverunt
2514 5682 2927 5755 quamprimum
2968 5690 3433 5739 commoueantur
3477 5689 3535 5735 ut

1942 5776 2291 5833 satisfaciant.
2333 5778 2387 5833 Si
2419 5793 2548 5833 vero
2578 5776 2647 5831 ad
2689 5776 2977 5831 cumulum
3020 5776 3361 5845 iniquitatum
3405 5790 3531 5829 sua-

1941 5884 2064 5927 rum
2093 5872 2396 5937 renuerint,
2437 5868 2788 5931 mandamus,
2822 5875 2936 5921 tam
2978 5866 3030 5921 in
3062 5880 3158 5921 eos
3187 5879 3353 5936 quam
3383 5874 3437 5921 et
3480 5867 3534 5921 in
