4044 6186
512 254 623 329 635

1192 279 1246 333 S.
1289 278 1606 334 GREGORII
1645 280 1732 334 VH
1774 282 1967 337 ΡΑΡιΕ
2006 283 2279 338 OPERUM
2316 284 2488 339 PARS
2524 286 2566 340 Ι.
2605 315 2678 327 -—
2712 287 3116 344 REGISTBUM.

3703 297 3824 348 636

520 398 783 468 fautores,
814 400 1215 455 contumaciam
1254 401 1499 472 ipsorum
1542 405 1903 461 anathematis
1934 407 2109 478 gladio
2139 413 2190 475 Α
2219 410 2494 483 [Hugone]
2522 412 2877 484 Lugdunensi
2905 413 3321 487 archiepiscopo
3349 423 3405 471 et
3437 418 3556 473 Α...
3590 418 3827 483 [Amato

520 493 893 549 animadverti.
942 493 1101 561 Quod
1144 510 1269 548 cum
1315 494 1479 551 fuerit
1518 513 1579 552 ea
1620 515 1750 554 cura
1793 516 1903 572 qua
1952 500 2110 557 decet

521 587 829 657 impletum,
868 594 996 640 tunc
1024 585 1223 642 deinde
1248 590 1526 660 oportebit
1553 594 1923 649 excellentiam
1953 604 2105 651 tuam

520 678 815 735 Ecclesiam
855 678 1133 751 adjuvare,
1170 690 1224 736 et
1257 682 1425 753 ipsius
1463 686 1747 758 injuriam,
1778 689 1923 745 sicut
1950 689 2106 746 decet

518 775 891 831 Christianum
925 775 1245 849 principem,
1275 779 1587 838 defendere.
1618 783 1773 840 Sicut
1800 794 1981 842 autem
2016 803 2107 842 vo-

516 869 702 925 lumus
752 869 1080 926 industriam
1143 879 1294 928 tuam
1344 874 1399 929 in
1455 876 1560 933 hoc
1606 880 1829 951 negotio
1878 880 2106 951 justitiaa

515 978 761 1019 amorem
792 963 1013 1033 habere,
1057 965 1133 1020 ita
1163 981 1378 1039 quoque
1419 978 1473 1024 et
1500 970 1554 1025 in
1589 988 1749 1028 causa
1777 983 2104 1030 caeterorum

515 1056 839 1113 clericorum
874 1065 929 1114 et
966 1059 1259 1129 laicorum,
1288 1063 1381 1133 qui
1413 1064 1821 1123 membra’sunt
1853 1068 2102 1139 ejusdem

516 1151 791 1218 Ecclesia,
826 1159 881 1206 te
915 1153 1234 1223 aequitatem
1277 1170 1493 1212 servare
1520 1174 1838 1230 monemus,
1868 1171 1923 1217 et
1950 1178 2105 1234 roga-

513 1259 639 1297 mus
666 1252 730 1299 ut
758 1245 921 1301 rebus
957 1261 1149 1301 eorum
1188 1248 1437 1315 redditis,
1470 1251 1742 1322 deinceps,
1780 1254 1825 1310 si
1857 1256 1991 1327 quid
2034 1256 2105 1313 de

510 1336 589 1390 eis
621 1338 977 1394 statuendum
1004 1348 1117 1407 est,
1149 1341 1453 1398 secundum
1474 1346 1747 1415 justitiam
1775 1347 2099 1407 difﬁniatur.

970 1448 1322 1504 EPISTOLA
1357 1452 1609 1509 XXXIV
1620 1491 1637 1511 .

1021 1565 1057 1604 Δ
1070 1565 1105 1604 1)
1146 1567 1300 1607 FLAN
1312 1569 1590 1611 DBENSBS.

1096 1644 1278 1714 (Anno
1337 1653 1466 1703 1081
1485 1652 1519 1711 .)

507 1735 644 1816 Cum
671 1722 1023 1816 Flandrensis
1054 1753 1247 1816 comes,
1292 1745 1343 1816 et
1370 1748 1820 1799 excommunicato
1850 1751 1899 1801 et
1935 1747 2096 1816 depo-

575 1808 675 1883 sito
704 1807 1062 1883 Ἰζθνιξαηηθζιεί
1082 1795 1484 1882 ἀδίοεοᾎρίεσορο
1515 1795 1727 1883 faueris,
1758 1834 1865 1870 una
1894 1795 2029 1872 cumr
2043 1835 2099 1873 eo
2130 1795 2177 1857 Β

574 1879 635 1930 in
653 1878 922 1931 ecclesiam
962 1878 1383 1937 Tc-rvannensem
1415 1878 1648 1951 effracto
1671 1878 1804 1941 ostio
1827 1892 2090 1951 irruisset,

573 1964 651 2026 ea;
683 1964 791 2017 qua
807 1952 1219 2026 _Tervannensis‘
1241 1960 1434 2009 cuncta
1476 1957 1844 2026 deprredatus,
1882 1962 2094 2015 clericos

572 2020 706 2097 alios
730 2021 1131 2097 vulneraverat,
1154 2022 1297 2097 alios
1320 2020 1599 2081 semivivos
1620 2020 1869 2097 eiecerat,
1894 2037 1944 2084 et
1958 2033 2091 2085 alios

575 2090 685 2143 sibi
727 2094 1114 2147 communicare
1161 2094 1399 2150 nolentes
1457 2115 1491 2150 a
1537 2090 1723 2153 comite
1777 2090 1930 2155 rebus
1976 2106 2091 2156 suis

565 2164 872 2241 p‘mfvatose
899 2162 1103 2241 ditione
1140 2179 1240 2218 sua
1267 2168 1470 2235 expelli
1491 2171 1709 2237 fecerat,
1747 2175 2000 2241 praecipit
2032 2179 2093 2227 ut

571 2232 728 2313 illum
762 2232 1015 2287 adeuntes
1045 2241 1285 2302 arguant
1308 2232 1663 2313 moneantque
1698 2232 1765 2294 ut
1789 2232 2090 2313 resipiscat.

576 2305 995 2382 Terettnnensem
1028 2321 1062 2382 ᾳ
1096 2321 1159 2382 se
1184 2310 1405 2377 repellat
1447 2315 1498 2364 et
1527 2305 1736 2365 clericos
1780 2305 1963 2382 ejectos
2005 2332 2092 2369 re-

574 2376 786 2454 stituat.
818 2376 967 2454 Quod
991 2379 1103 2429 nisi
1131 2383 1399 2454 paruerit,
1432 2396 1571 2454 eum,
1603 2389 1653 2436 et
1682 2376 1984 2454 quicunque
2006 2388 2095 2439 illi

567 2444 873 2508 adhceserit,
900 2452 1412 2504 excommunicatum
1434 2444 1699 2508 declarat:

567 2548 912 2605 Gneooaws
940 2551 1246 2623 episcOpus,
1276 2569 1464 2611 servus
1488 2572 1769 2614 servorum
1794 2561 1894 2615 Dei

497 2642 875 2698 Cameracensi
944 2643 1200 2715 episcopo
1263 2649 1381 2702 R...
1460 2652 1809 2723 [Ran'rono]
1876 2656 2090 2712 Novio-

498 2736 694 2801 mensi,
715 2738 833 2791 R...
862 2739 1211 2807 [Rontcom]
1240 2740 1617 2811 Ambianensi,
1642 2754 1695 2799 et
1712 2748 1970 2803 omnibus
1994 2753 2093 2805 Ee-

495 2827 786 2884 clesiarum
824 2830 1126 2885 rectoribus
1161 2840 1323 2904 atque
1360 2836 1697 2907 principibus
1743 2840 1797 2894 in
1838 2843 2087 2897 Flandria

494 2919 597 2975 sub
620 2921 868 2976 Roberto
894 2922 1099 2978 comite
1138 2925 1492 2984 nobilissimo
1524 2931 1891 2988 militantibus
1909 2975 1923 2999 ,
1951 2936 2093 2990 salu-

495 3022 607 3070 tem
627 3021 681 3069 et
703 3015 1059 3087 apostolicam
1088 3016 1545 3088 benedictionem,
1583 3025 1627 3078 si
1659 3025 1994 3083 obedierint;

566 3107 792 3163 Noverit
820 3108 1058 3165 charitas
1086 3113 1343 3167 omnium
1382 3123 1648 3182 vestrum,
1689 3116 1882 3174 fratres
1908 3129 1962 3175 et
1992 3122 2082 3176 filii

492 3200 819 3267 charissimi,
852 3202 1135 3271 quoniam,
1169 3203 1295 3259 licet
1324 3215 1638 3275 peccatores
1666 3218 1722 3263 et
1758 3209 1828 3264 ad
1864 3220 2081 3269 tantum
2117 3186 2160 3247 (ί

492 3306 631 3346 onus
669 3292 1000 3363 portandum
1029 3294 1267 3366 impares
1296 3297 1491 3367 simus,
1530 3308 1721 3355 tamen
1747 3318 1878 3358 cura
1905 3313 1960 3359 et
1982 3307 2088 3360 sol-

491 3384 717 3440 licitudo
767 3388 1022 3442 omnium
1070 3390 1437 3446 Ecclesiarum
1488 3396 1740 3463 parvitati
1794 3406 1999 3454 nostrae
2054 3416 2083 3455 a

491 3481 610 3535 Deo
650 3481 948 3535 commissa
993 3490 1093 3538 est.
1144 3486 1419 3541 Dominus
1455 3487 1599 3543 enim
1644 3491 1808 3545 Jesus
1837 3491 2086 3547 Christus

489 3572 711 3627 beatum
740 3577 963 3630 Petrum
1010 3578 1297 3631 constituit
1335 3580 1641 3651 principem
1684 3587 2078 3654 apostolorum,

489 3662 628 3719 dans
656 3665 706 3719 ei
736 3666 913 3721 claves
942 3668 1091 3736 regni
1120 3670 1411 3737 caelorum,
1447 3681 1501 3727 et
1531 3683 1857 3743 potestatem
1884 3678 2081 3750 ligandi

490 3764 548 3812 et
574 3757 822 3811 solvendi
852 3758 910 3811 in
941 3759 1082 3814 caelo
1112 3768 1168 3813 et
1208 3761 1264 3815 in
1295 3770 1474 3831 terra;
1507 3781 1675 3837 super
1702 3785 1873 3841 quem
1913 3772 2082 3827 etiam

490 3848 791 3905 Ecclesiam
824 3865 985 3905 suam
1030 3852 1319 3908 aediﬁcavit
1350 3855 1571 3925 (Matth.
1604 3867 1754 3928 xvt),
1802 3879 2083 3920 commen-

488 3941 624 3999 dans
652 3943 698 3996 ei
745 3957 872 3996 oves
918 3959 1046 3998 suas
1083 3946 1381 4015 pascendas
1423 3953 1594 4011 (Joan.
1627 3955 1806 4024 xvn),
1858 3971 1922 4011 ex
1973 3973 2081 4027 quo

486 4043 739 4105 tempore
769 4036 1110 4106 principatus
1137 4039 1227 4093 ille
1250 4048 1305 4095 et
1328 4048 1572 4111 potestas
1603 4061 1697 4116 per
1725 4047 1950 4105 beatum
1982 4052 2079 4105 Pe-

487 4136 637 4185 trum
676 4129 934 4184 successit
966 4131 1225 4186 omnibus
1254 4149 1409 4189 suam
1441 4138 1755 4194 cathedram
1792 4144 2082 4213 suscipien-

487 4221 655 4289 tibus,
695 4222 775 4277 vel
804 4238 978 4295 usque
1022 4224 1073 4278 in
1106 4224 1272 4281 linem
1304 4229 1499 4285 mundi
1532 4234 1864 4303 suscepturis
1901 4237 2079 4293 divino

486 4315 769 4387 privilegio
795 4325 847 4371 et
859 4317 981 4389 jure
1010 4318 1376 4376 haereditario.
1408 4326 1485 4378 Ex
1516 4325 1670 4396 cuius
1695 4328 1835 4383 sedis
1865 4346 2077 4387 succes-

489 4408 646 4465 sione
659 4409 911 4466 imminet
922 4412 1081 4467 nobis
1095 4413 1391 4469 inevitabili
1405 4419 1730 4475 necessitate
1745 4430 1804 4475 ut
1822 4424 2083 4480 omnibus

2219 507 2472 576 episcopo
2512 507 2567 561 in
2605 507 2871 563 Meldensi
2900 508 3133 564 concilio
3162 512 3663 579 excommunicato,
3694 520 3827 567 tum

2217 620 2314 675 pro
2344 603 2466 658 aliis
2494 601 2733 668 nefariis,
2758 612 2876 658 tum
2912 619 3010 673 pro
3038 620 3102 659 eo
3129 604 3277 675 quod
3307 606 3550 677 quinque
3579 607 3827 663 clericos

2215 698 2283 754 ad
2308 701 2619 754 Romanam
2646 699 2919 770 synodum
2947 700 3049 767 ire,
3078 707 3134 755 et
3154 699 3224 755 de
3244 700 3446 756 malitia
3472 701 3590 772 ejus
3619 703 3818 770 queri-

2216 794 2467 850 moniam
2488 793 2733 849 volentes
2760 793 2960 862 facere,
2983 795 3231 867 captione
3250 794 3487 866 pessima
3511 794 3746 863 afflixit,
3772 805 3831 852 et

2216 888 2364 961 quod
2392 888 2460 943 de
2486 887 2731 943 Ecclesia
2760 904 2855 943 sua
2884 889 3204 944 canonicam
3232 888 3571 960 disciplinam
3606 889 3829 945 evitans

2214 983 2331 1039 sine
2360 981 2573 1037 licentia
2604 980 2863 1055 fugitivus
2892 982 3075 1038 evasit.
3111 986 3175 1037 In
3205 999 3311 1055 qua
3348 984 3827 1039 excommunica-

2211 1078 2382 1141 tione,
2414 1075 2665 1131 haeretica
2692 1076 2957 1148 pravitate
2980 1091 3039 1133 se
3070 1077 3197 1133 fecit
3230 1077 3300 1133 ab
3323 1078 3593 1148 episcopis
3623 1076 3823 1133 ofﬁcio

2214 1186 2314 1225 suo
2352 1171 2629 1240 suspensis
2657 1171 2984 1237 consecrari,
3015 1170 3128 1226 imo
3166 1171 3346 1242 potius
3383 1171 3658 1227 exsecrari
3688 1170 3825 1227 dia-

2213 1280 2427 1331 cenem,
2468 1264 2866 1335 presbyterum,
2906 1265 3241 1336 episcopum.
3271 1264 3479 1320 Deinde
3529 1264 3823 1321 hostiliter

2213 1366 2269 1413 et
2298 1366 2509 1414 armata
2551 1374 2738 1424 manu,
2769 1357 2970 1413 comite
3008 1358 3254 1413 Roberto
3296 1373 3421 1413 cum
3450 1360 3695 1414 exercitu
3731 1375 3822 1415 sc-

2215 1467 2338 1507 cum
2364 1460 2550 1517 eunte,
2572 1451 2653 1507 ‘ad
2679 1450 2856 1523 ipsam
2880 1450 3159 1507 civitatem
3187 1467 3439 1523 pergens,
3478 1460 3670 1522 portas
3719 1469 3821 1509 ec-

2210 1545 2404 1615 clesiae,
2440 1560 2574 1616 quas
2608 1544 2655 1600 ei
2685 1545 2864 1601 clerus
2901 1552 2957 1600 et
2994 1546 3226 1617 populus
3259 1545 3587 1615 obcluserat,
3627 1547 3687 1602 in
3720 1563 3819 1602 se-

2209 1641 2323 1695 curi
2352 1647 2407 1694 et
2445 1639 2589 1694 ascia
2615 1647 2668 1694 et
2709 1638 2829 1693 aliis
2859 1638 3129 1694 violentiis
3163 1638 3359 1695 incidit
3385 1647 3546 1710 atque
3584 1640 3823 1696 confre-

2206 1734 2299 1805 git.
2319 1734 2547 1788 Crucem
2569 1747 2788 1804 quoque
2807 1738 2860 1786 et
2884 1733 3183 1803 imaginem
3209 1732 3527 1800 Salvatoris,
3555 1733 3817 1789 libellum

2204 1805 2695 1882 contradictorium
2744 1833 2868 1880 ante
2927 1827 3072 1897 ipsas
3122 1834 3307 1898 portas
3359 1825 3574 1882 clausas
3630 1844 3815 1884 manu

2204 1921 2421 1977 dextera
2453 1920 2555 1974 sibi
2593 1920 2746 1991 quasi
2792 1920 3121 1991 porrigentis
3164 1929 3220 1975 et
3262 1921 3408 1975 velut
3434 1936 3528 1975 ore
3573 1923 3815 1993 proprio

2202 2015 2511 2086 ingressum
2541 2012 2785 2068 ecclesiae
2814 2012 2914 2068 sibi
2953 2012 3396 2080 contradicentis,
3426 2014 3501 2069 ita
3530 2014 3816 2071 diabolice

2203 2123 2231 2162 a
2278 2106 2451 2177 portis
2490 2105 2758 2161 abstraxit
2799 2114 2858 2161 ut
2885 2105 3169 2162 dexteram
3202 2122 3429 2162 manum
3466 2107 3637 2179 (quod
3666 2125 3818 2164 nun-

2202 2216 2367 2271 quam
2395 2207 2552 2254 antea
2582 2199 2813 2271 legimus
2841 2208 2937 2255 aut
2965 2199 3272 2256 audivimus
3302 2200 3527 2266 factum)
3553 2202 3630 2257 illi
3655 2204 3817 2259 evul-

2200 2294 2352 2358 serit,
2382 2294 2567 2364 sicque
2593 2308 2719 2347 cum
2757 2293 2957 2349 lanceis
2980 2302 3033 2348 et
3071 2293 3271 2363 gladiis
3296 2294 3595 2366 evaginatis
3624 2293 3726 2351 fur
3756 2306 3815 2352 et

2203 2387 2338 2441 latro
2380 2387 2711 2456 irrumpens,
2754 2387 2888 2441 alios
2932 2387 3259 2443 clericorum
3298 2388 3621 2456 vulneravit,
3661 2388 3813 2446 alios

2200 2480 2489 2536 semivivos
2539 2478 2781 2547 fugavit,
2834 2480 3196 2552 omniumque
3234 2481 3335 2536 sibi
3387 2483 3811 2539 communicare

2198 2573 2505 2629 nolentium
2550 2572 2749 2627 domos
2801 2572 3022 2643 diripuit
3071 2582 3232 2644 atque
3275 2573 3549 2631 distraxit.
3602 2579 3808 2646 Ipsum

2200 2681 2327 2720 vero
2352 2665 2613 2721 comitem
2645 2666 2699 2720 in
2738 2674 2957 2722 tantum
2985 2666 3197 2722 seduxit
3226 2676 3288 2722 ut
3330 2683 3517 2723 omnes
3559 2669 3807 2724 clericos

2199 2758 2299 2814 sibi
2328 2758 2547 2814 obedire
2572 2760 2825 2814 nolentes
2850 2759 3105 2814 omnibus
3132 2760 3293 2815 bonis
3313 2761 3549 2832 privatos
3574 2759 3643 2816 de
3668 2770 3806 2818 tota

2199 2860 2340 2907 terra
2366 2868 2463 2907 sua
2494 2851 2747 2923 ejecerit,
2778 2861 2832 2907 et
2860 2852 2991 2907 duas
3025 2852 3282 2922 epistolas
3305 2863 3517 2910 nostras
3543 2863 3656 2910 tam
3692 2870 3807 2911 su-

2199 2945 2361 3015 perbe
2390 2945 2669 3015 spreverit,
2702 2953 2763 3000 ut
2786 2945 3147 3016 portitoribus
3174 2962 3361 3002 earum
3389 2948 3803 3005 contumeliosa

2199 3039 2361 3093 verba
2387 3036 2618 3093 et‘tanto
2648 3038 2879 3109 principi
2908 3038 3145 3095 multum
3168 3040 3385 3112 indigna
3412 3041 3722 3112 protulerit.

2267 3133 2402 3201 Quae
2432 3132 2613 3186 omnia
2644 3139 2914 3202 quantum
2943 3132 3253 3203 apostolica;
3291 3133 3438 3189 sedis
3473 3138 3808 3195 reverentia:

2192 3226 2299 3280 sint
2344 3224 2709 3280 intolerabilia
2756 3232 2810 3279 et
2844 3224 3169 3282 Christianae
3208 3226 3450 3299 religioni
3488 3232 3803 3298 contraria,

2193 3318 2237 3373 si
2256 3320 2433 3373 Deum
2454 3317 2683 3384 timetis,
2703 3318 2860 3389 eique
2873 3318 3156 3375 hominem
3170 3336 3287 3375 non
3303 3322 3635 3392 prmponitis,
3655 3325 3808 3381 satis

2192 3410 2443 3482 intelligit
2476 3411 2739 3467 industria
2768 3418 2963 3467 vestra.
2998 3414 3105 3467 Pro
3135 3414 3335 3485 quibus
3367 3415 3623 3471 omnibus
3646 3420 3805 3488 prm-

2194 3503 2306 3560 fato
2325 3505 2514 3560 comiti
2539 3505 2939 3561 exhortatorias
2956 3513 3012 3561 et
3030 3506 3434 3577 deprecatorias
3453 3524 3598 3564 nunc
3621 3513 3803 3569 tertio

2191 3599 2515 3669 scripsimus
2544 3599 2770 3667 litteras,
2793 3608 2853 3654 ut
2873 3599 3190 3655 Antichristi
3217 3602 3532 3658 membrum
3552 3603 3802 3674 amplius

2190 3708 2302 3747 non
2325 3700 2660 3748 sustentaret
2678 3707 2855 3764 neque
2879 3693 3114 3761 foveret,
3145 3694 3241 3750 sed
3262 3694 3438 3767 magis
3460 3696 3527 3752 de
3552 3697 3799 3756 ecclesia

2192 3800 2451 3856 oppressa
2493 3785 2655 3840 citius
2702 3787 3046 3856 propelleret,
3101 3796 3154 3842 et
3182 3788 3394 3844 clericis
3438 3805 3535 3859 pro
3572 3790 3799 3862 jnstitia

2190 3877 2447 3934 exsulatis
2489 3878 2668 3933 omnia
2697 3879 2798 3935 sibi
2846 3880 3024 3935 ablata
3065 3882 3119 3935 in
3149 3882 3422 3953 integrum
3450 3883 3794 3955 restitueret,

2189 3977 2243 4024 et
2281 3969 2463 4025 omnia
2502 3969 2619 4026 haec
2665 3972 2807 4027 mala
2839 3972 3161 4044 corrigendo
3206 3973 3405 4043 dignos
3445 3976 3796 4046 pmnitentim

2188 4061 2400 4119 fructus
2429 4063 2630 4119 faceret
2669 4063 2809 4120 infra
2838 4066 3137 4121 terminum
3161 4066 3524 4140 quadraginta
3560 4068 3792 4127 dierum

2189 4166 2310 4227 post
2349 4157 2555 4212 litteras
2583 4168 2798 4213 nostras
2837 4159 2937 4214 sibi
2986 4168 3255 4227 ostensas,
3296 4161 3405 4217 sive
3450 4162 3790 4220 notiﬁcatas.

2188 4250 2285 4305 Sin
2316 4259 2500 4305 autem
2538 4251 2705 4321 (quod
2734 4251 2894 4317 absit,
2925 4259 2979 4305 et
3014 4252 3163 4322 quod
3195 4256 3342 4308 Deus
3382 4255 3567 4324 procul
3599 4256 3673 4311 ab
3712 4272 3790 4314 eo

2189 4343 2458 4412 avertat!)
2499 4342 2687 4407 nollet,
2720 4342 3026 4398 secundum
3059 4344 3406 4415 Apostolum,
3438 4346 3537 4417 qui
3563 4346 3641 4401 ait
3671 4368 3685 4403 :
3717 4352 3795 4404 In

2185 4439 2441 4502 promptu
2471 4435 2720 4489 habentes
2764 4436 2953 4488 ulcisci
2991 4452 3192 4490 omnem
3246 4439 3665 4493 inobedientiam
3712 4444 3803 4506 (II

491 4505 763 4575 oppressis
796 4504 1095 4561 debeamus
1126 4522 1289 4577 opem
1310 4509 1481 4576 ferre,
1513 4519 1568 4565 et
1603 4522 1791 4569 contra
1826 4516 2079 4575 inimicos
2107 4542 2157 4603 υ
2191 4528 2304 4583 Cor.
2341 4531 2434 4592 xl;
2469 4535 2522 4581 et
2544 4526 2676 4582 alibi
2701 4545 2713 4581 :
2743 4529 2804 4583 Si
2822 4532 2945 4597 quis
2973 4546 3079 4583 non
3105 4530 3365 4584 obedierit
3392 4534 3545 4587 verba
3572 4504 3791 4599 nostra,

484 4597 589 4650 Dei
620 4614 721 4667 pro
743 4598 1079 4655 defendenda
1099 4599 1331 4670 justitia,
1354 4618 1644 4676 quousque
1669 4620 2075 4679 convertantur,

486 4688 717 4759 Spiritus
740 4694 910 4746 sancti
940 4693 1141 4764 gladio,
1172 4696 1317 4767 quod
1350 4706 1433 4752 est
1460 4700 1691 4755 verbum
1724 4702 1823 4756 Dei
1860 4702 2073 4775 (Ephes.

483 4785 591 4846 v1),
620 4783 788 4837 etiam
819 4800 985 4856 usque
1008 4787 1073 4841 ad
1097 4797 1357 4857 mortem,
1387 4793 1427 4845 si
1455 4795 1774 4863 Oportuerit,
1809 4814 2070 4869 pugnare.

484 4874 649 4929 Unde
678 4876 935 4932 volumus
964 4894 1156 4935 omnes
1192 4897 1288 4937 vos
1317 4884 1455 4939 scire
1484 4890 1597 4941 A...
1632 4889 2074 4947 archidiaconem

484 4970 954 5037 Tarvannensem,
982 4980 1038 5026 et
1064 4974 1179 5028 Μ...
1219 4975 1495 5043 abbatem,
1527 4988 1583 5034 et
1610 4984 1721 5036 L...
1762 4983 2070 5053 diaconem,

486 5069 543 5116 et
571 5078 667 5133 per
692 5078 787 5118 eos
821 5064 1027 5120 multos
1067 5067 1392 5125 clericorum
1441 5072 1583 5129 illius
1613 5075 1885 5142 Ecclesize,
1917 5079 2074 5134 nobis

486 5155 895 5227 lacrymabilem
957 5158 1360 5230 querimoniam
1407 5162 1603 5221 fecisse
1652 5183 1817 5237 super
1868 5172 2073 5227 comite

484 5249 759 5314 Roberto,
826 5267 993 5323 quem
1054 5253 1285 5309 antehac
1352 5272 1449 5325 pro
1504 5257 1646 5314 fama
1706 5277 1875 5331 quam
1930 5280 2072 5336 saepe

483 5340 553 5398 de
578 5358 645 5398 eo
674 5344 999 5412 audivimus,
1034 5345 1176 5401 sicut
1198 5347 1373 5404 ﬁlium
1404 5359 1657 5408 nostrum
1689 5353 2070 5415 eharissimum

482 5444 536 5492 et
563 5436 882 5507 dileximus,
909 5448 963 5494 et
985 5440 1048 5510 (si
1074 5441 1282 5498 monita
1302 5444 1499 5500 salutis
1517 5462 1630 5502 sum
1648 5464 1761 5504 non
1790 5454 2071 5521 spreverit)

482 5527 709 5601 diligere
738 5532 1008 5601 volumus,
1048 5533 1275 5591 dicendo
1312 5537 1462 5609 quod
1497 5554 1590 5595 eos
1630 5544 1887 5600 omnibus
1916 5544 2072 5601 bonis

480 5623 597 5679 suis
622 5623 864 5680 nudatos
889 5625 958 5681 de
996 5636 1136 5682 terra
1166 5644 1261 5684 sua
1290 5630 1508 5702 ejecerit
1539 5649 1635 5703 pro
1663 5652 1727 5691 eo
1750 5639 1894 5708 quod
1932 5656 2067 5710 prae-

481 5716 650 5785 ceptis
676 5719 990 5789 apostolicis
1018 5720 1321 5779 obediendo
1345 5726 1641 5783 noluerunt
1667 5730 1887 5787 cuidam
1912 5734 2070 5789 Lam-

482 5808 633 5867 berto
661 5812 1126 5889 pseudoepiscopo
1147 5833 1176 5872 a
1198 5819 1359 5876 nobis
1384 5829 1438 5877 et
1458 5836 1485 5876 a
1514 5821 1703 5893 legatis
1718 5826 1921 5882 nostris
1949 5830 2066 5883 H...

2179 4636 2280 4690 per
2332 4622 2612 4690 epistolam
2663 4621 2797 4675 hunc
2844 4627 3025 4678 notate
3074 4628 3127 4678 et
3179 4640 3291 4678 non
3340 4628 3807 4683 eommisceamini

2186 4730 2306 4768 cum
2346 4716 2469 4779 illo,
2518 4721 2580 4769 ut
2620 4716 2989 4782 confundatur
3038 4719 3115 4781 (II
3162 4718 3337 4773 Thess.
3399 4724 3519 4783 Ix);
3576 4727 3632 4773 et
3673 4721 3791 4776 alio

2182 4806 2303 4862 loco
2339 4826 2351 4861 :
2398 4810 2628 4875 Auferte
2656 4809 2857 4862 malum
2878 4825 2943 4863 ea:
2968 4810 3357 4880 nobismetipsis
3399 4813 3479 4877 (II
3520 4812 3636 4867 Cor.
3689 4819 3801 4881 v,)

2182 4903 2314 4969 quia
2350 4902 2611 4955 modicum
2650 4904 2977 4968 fermentum
3020 4907 3182 4957 totam
3221 4921 3452 4959 massam
3482 4912 3793 4976 corrumpit

2186 4994 2324 5060 (Gal.
2358 4994 2434 5062 v).
2469 4994 2522 5049 Si
2570 4995 2757 5061 nollet,
2806 4995 3054 5066 inquam,
3085 4996 3327 5065 obedire,
3358 5008 3676 5071 segregatus
3721 5010 3791 5057 et

2182 5088 2689 5144 excommunicatus
2726 5087 2869 5143 foret
2896 5104 2926 5142 a
2966 5105 3197 5162 corpore
3226 5099 3280 5146 et
3314 5108 3344 5147 a
3387 5093 3789 5151 communione

2180 5189 2383 5236 sanctae
2412 5183 2684 5247 Ecclesiae,
2729 5183 3051 5239 auctoritate
3103 5185 3229 5252 Dei,
3274 5192 3332 5240 et
3363 5185 3570 5256 judicio
3601 5188 3785 5243 sancti

2180 5274 2436 5344 Spiritus,
2462 5290 2625 5345 quem
2654 5275 3069 5346 quodammodo
3092 5278 3457 5349 blasphemat,
3488 5279 3782 5339 inimicum

2178 5367 2297 5437 ejus
2325 5377 2519 5422 contra
2547 5384 2675 5424 eum
2695 5370 2929 5424 scienter
2953 5372 3333 5439 sustentando,
3363 5373 3457 5444 qui
3480 5373 3645 5429 toties
3671 5390 3781 5429 ex-

2178 5461 2621 5517 communicatus
2668 5462 2993 5519 charismata
3033 5466 3321 5534 virtutum,
3352 5474 3410 5522 et
3457 5467 3603 5523 dona
3652 5482 3782 5539 gra-

2178 5554 2374 5608 tiarum
2432 5554 2552 5626 ejus
2593 5557 2837 5627 quotidie
2883 5557 3061 5614 adhuc
3106 5559 3395 5632 profanare
3433 5577 3549 5617 non
3590 5562 3775 5629 timet,

2177 5644 2353 5701 donec
2412 5648 2800 5706 satisfaciendo
2860 5653 3133 5721 poeniteat.
3202 5654 3566 5726 Omnipotens
3616 5657 3777 5711 Deus

2178 5739 2433 5796 cordibus
2458 5742 2708 5799 omnium
2749 5753 2995 5801 vestrum
3032 5754 3089 5801 et
3114 5746 3264 5802 cordi
3292 5747 3437 5804 illius
3469 5748 3668 5804 indicet
3696 5763 3773 5803 ex

2178 5841 2384 5903 quanto
2435 5833 2628 5893 dolore
2673 5836 2853 5893 cordis
2897 5836 3014 5893 haec
3059 5839 3213 5909 dico,
3261 5839 3539 5910 quoniam
3570 5852 3774 5897 omnes
