4044 6164
247 265 346 319 637

1342 258 1539 313 LIBER
1574 256 1817 312 NONUS.
1859 286 1927 297 —
1966 260 2173 317 EPIST.
2214 261 2427 316 XXXIV.

3430 269 3532 323 638

242 392 419 444 Deum
446 384 727 457 diligentes
752 382 935 455 diligo,
965 390 1021 437 et
1044 381 1200 438 illum
1226 382 1461 455 quadam
1490 381 1709 453 speciali
1741 381 1823 439 di-
1858 388 1911 450 Α
1940 385 2097 455 gerit,
2131 385 2321 457 procul
2354 383 2525 440 dubio
2555 393 2641 439 est
2660 383 3026 456 repellendus.
3054 389 3198 443 Nam
3227 336 3319 460 qui
3344 390 3422 444 sic
3445 390 3533 444 ni:-

242 480 491 547 lectione,
536 477 675 534 sicut
697 477 813 549 jam
856 475 1111 547 prafatus
1158 492 1304 543 sum,
1340 476 1523 544 dilexi,
1563 475 1689 547 quia
1731 475 1831 531 bo-

242 590 311 629 na
342 572 627 628 multoties
661 570 728 626 de
752 586 817 625 eo
849 570 1058 637 audivi;
1090 568 1189 625 sed
1215 569 1557 625 dissimulare
1591 568 1707 624 hac
1734 584 1830 624 ne-

239 684 345 740 que
382 667 497 723 sine
522 665 722 721 anima
764 678 902 719 mea
926 678 1126 736 magno
1166 662 1405 735 periculo
1438 671 1659 734 propter
1698 662 1831 718 illud

238 761 519 834 pr0pheta
547 777 563 815 :
598 760 665 815 Si
686 774 792 812 non
828 760 1236 812 annuntiaveris
1264 760 1448 826 iniquo
1489 758 1830 827 iniquitatem

240 857 388 925 ejus,
421 854 737 922 sanguinem
763 851 879 920 ey'us
908 852 975 906 de
992 867 1157 905 manu
1183 856 1279 905 tua
1307 853 1583 921 requiram
1610 849 1830 921 (Ezech.

236 950 365 1015 In),
395 956 449 1002 et
476 945 609 1001 illud
632 943 922 1016 Apostoli:
955 946 1071 1001 Non
1088 945 1257 999 solum
1280 946 1376 1013 qui
1392 944 1632 1010 faciunt,
1662 944 1755 998 sed
1783 947 1832 997 et

237 1044 340 1113 qui
353 1040 712 1102 consentiunt,
740 1040 894 1107 digni
918 1044 1043 1093 sunt
1066 1044 1233 1093 morte
1260 1041 1430 1104 (Rom.
1462 1044 1540 1106 1);
1566 1045 1620 1093 et
1642 1038 1833 1093 beatus

235 1132 539 1206 Gregorius
568 1132 646 1213 ait
671 1150 686 1187 :
719 1154 746 1181 α
776 1132 918 1187 Mala
943 1145 1067 1202 qua
1090 1131 1161 1187 ad
1200 1146 1303 1186 nos
1326 1138 1693 1202 pervenerunt
1730 1130 1833 1186 dis-

234 1228 500 1286 simulare
538 1243 650 1283 non
678 1225 975 1294 audemus,
1005 1226 1136 1297 quia
1181 1224 1276 1296 qui
1312 1224 1609 1281 emendare
1654 1232 1835 1297 potest

236 1329 291 1379 et
316 1320 567 1393 negligit,
597 1319 782 1375 delicti
823 1319 1147 1391 participem
1176 1320 1365 1390 procul
1396 1319 1563 1374 dubio
1600 1334 1659 1375 se
1699 1334 1830 1374 con-

235 1416 444 1482 stituit,
475 1437 502 1464 ι
539 1420 597 1469 et
624 1413 751 1470 alibi
795 1433 808 1468 :
845 1435 870 1461 α
914 1412 1172 1484 Quisquis
1196 1420 1386 1468 contra
1424 1412 1732 1484 neopbytos
1781 1421 1836 1468 et

234 1508 584 1567 Simoniacos
624 1523 720 1578 pro
762 1506 924 1563 ofﬁcii
965 1506 1046 1563 sui
1074 1504 1511 1561 consideratione
1541 1506 1831 1562 vehemen-

234 1611 314 1658 ter
356 1618 477 1657 non
530 1601 758 1670 arserit,
814 1615 941 1656 cum
1006 1614 1072 1655 eo
1124 1615 1236 1655 non
1277 1599 1490 1655 dubitet
1529 1614 1587 1656 se
1633 1599 1833 1655 habere

233 1696 580 1769 portionem,
627 1710 659 1749 a
707 1710 819 1765 quo
878 1694 985 1749 hoc
1028 1693 1308 1765 piaculare
1350 1693 1626 1765 ﬂagitium
1680 1708 1830 1749 sum-

1935 480 2070 535 titur
2096 481 2165 535 ad
2205 480 2402 534 altiora
2433 478 2817 545 conscendere,
2855 479 2987 550 quid
3021 482 3136 552 agit
3174 482 3277 536 nisi
3314 491 3376 537 ut
3412 500 3529 538 cre-

1937 574 2138 629 scendo
2176 573 2474 641 decrescat,
2518 581 2572 628 et
2602 572 2947 629 ascendendo
2992 575 3260 642 exterius,
3311 576 3534 632 interius

1936 666 2006 721 ad
2024 665 2293 738 profunda
2320 665 2648 722 descendat?
2685 690 2708 714 »
2732 666 2806 735 (S.
2836 667 3049 733 GREG.,
3075 668 3213 723 hom.
3243 674 3334 737 39,
3358 672 3414 723 in
3430 672 3533 725 Lu-

1938 775 2072 821 eam,
2112 768 2166 814 ct
2201 762 2362 829 epist.
2414 759 2508 814 lib.
2565 775 2650 826 ιχ,
2696 759 2851 830 epist.
2894 766 2995 827 64)
3025 769 3079 817 et
3122 762 3284 833 paulo
3336 771 3463 834 post
3515 780 3529 817 :

1942 875 1967 900 α
2007 842 2298 923 Templum
2331 852 2606 908 Dominus
2647 862 2702 908 et
2741 854 2977 908 salvator
3003 864 3190 910 noster
3236 855 3529 928 ingressus,

1936 946 2102 1018 coepit
2138 947 2334 1019 ejicere
2366 962 2563 1002 omnes
2602 946 2896 1003 vendentes
2944 956 2998 1003 et
3027 957 3269 1004 ementes
3310 949 3364 1004 in
3404 949 3529 1018 illo,

1938 1048 1995 1096 et
2021 1040 2305 1096 cathedras
2336 1040 2685 1096 vendentium
2716 1040 3003 1096 columbas
3028 1042 3242 1097 evertit.
3276 1043 3381 1115 Qui
3403 1051 3529 1098 sunt

1938 1134 2025 1189 isti
2061 1134 2351 1190 vendentes
2384 1142 2440 1189 et
2470 1142 2733 1201 ementes,
2759 1150 2995 1205 quorum
3024 1134 3299 1192 cathedra
3326 1151 3531 1194 eversa

1939 1235 2094 1296 sunt,
2119 1227 2227 1283 nisi
2252 1228 2346 1300 qui
2372 1226 2610 1283 vendunt
2636 1236 2692 1284 et
2720 1236 2912 1284 emunt
2936 1228 3306 1285 sacerdotium
3335 1237 3389 1301 et
3416 1228 3532 1300 Spi-

1939 1322 2108 1377 ritum
2153 1331 2424 1390 sanctum,
2462 1338 2701 1393 quorum
2748 1321 3122 1378 sacerdotium
3168 1330 3296 1377 ante
3342 1322 3531 1378 oculos

1942 1415 2040 1471 Dei
2074 1416 2330 1471 cecidisse
2354 1415 2740 1472 cathedrarum
2769 1417 3051 1472 eversione
3076 1424 3325 1488 patenter
3350 1415 3536 1487 signa-

1939 1518 2061 1567 tum
2092 1512 2207 1566 est?
2236 1512 2305 1565 Et
2333 1525 2461 1565 cum
2492 1510 2692 1582 liqueat
2717 1510 2857 1565 hanc
2892 1508 3146 1565 haresim
3184 1513 3311 1563 ante
3340 1524 3534 1564 omnes

1941 1604 2072 1660 alias
2098 1603 2282 1659 radice
2310 1603 2565 1674 pestifera
2599 1604 2659 1658 in
2694 1602 2937 1659 Ecclesia
2966 1602 3323 1673 surrepsisse,
3367 1610 3535 1674 atque

1940 1698 1997 1753 in
2047 1698 2161 1769 ipso
2210 1706 2371 1769 portu
2433 1696 2750 1768 apostolica
2804 1695 3204 1752 maledictionis
3260 1698 3372 1750 telo
3419 1710 3537 1749 esse

233 1790 346 1862 psit
376 1788 689 1845 exordium.
724 1810 749 1837 ιο
779 1787 968 1855 Unde,
999 1786 1337 1843 dilectissimi
1388 1785 1587 1841 fratres
1627 1795 1682 1842 et
1710 1787 1831 1855 ﬁlii,
1866 1790 1912 1850 B
1945 1791 2279 1857 damnatam,
2329 1807 2426 1845 cur
2456 1806 2566 1846 non
2608 1798 2851 1857 cavetur,
2882 1806 2980 1845 cur
3012 1805 3123 1845 non
3171 1786 3533 1861 perpenditur

231 1899 330 1939 vos
391 1897 588 1937 omnes
634 1897 925 1954 rogamus,
981 1888 1037 1936 et
1090 1896 1184 1951 per
1230 1895 1412 1936 veram
1464 1880 1831 1936 obedientiam

230 1994 293 2034 ex
344 1984 510 2048 parte
554 1974 697 2031 beati
749 1974 895 2030 Petri
932 1974 1313 2045 apostolorum
1371 1973 1632 2045 principis
1690 1989 1832 2044 pra-

228 2070 476 2142 cipimus
506 2077 570 2125 ut
618 2084 751 2124 eum
782 2067 1208 2141 persuasibiliter
1250 2076 1310 2123 et
1338 2066 1665 2135 honorifice,
1695 2067 1836 2123 sicut

228 2164 399 2221 decet
440 2163 613 2218 talem
642 2170 698 2218 et
724 2169 839 2217 tam
883 2160 1130 2217 nobilem
1160 2160 1360 2225 virum,
1414 2164 1597 2219 Deum
1620 2168 1835 2216 tamen

229 2258 331 2315 sibi
399 2272 620 2327 semper
675 2263 1091 2328 praponentes,
1153 2253 1529 2326 unusquisque
1586 2262 1832 2309 vestrum

230 2360 556 2425 Opportuna
609 2360 857 2422 tempore
901 2348 1127 2413 adeatis,
1178 2349 1384 2420 rogetis
1424 2357 1480 2404 et
1528 2348 1833 2419 increpetis,

230 2462 295 2502 ne
373 2444 618 2515 seipsum
693 2453 747 2499 et
808 2450 989 2499 totum
1056 2445 1324 2514 populum
1390 2442 1545 2497 illum
1616 2440 1836 2513 perdat,

231 2546 557 2611 apostatam
624 2537 783 2592 illum
846 2535 1193 2592 defendendo
1259 2553 1274 2591 :
1343 2534 1440 2591 sed
1509 2535 1837 2606 quantocius

231 2649 258 2688 a
301 2630 629 2705 perditione
671 2630 864 2701 eripiat
906 2630 1123 2701 longius
1173 2645 1202 2684 a
1241 2644 1299 2685 se
1348 2628 1687 2699 expellendo.
1724 2631 1837 2683 Vos

233 2740 464 2798 quoque
508 2723 704 2779 fratres
747 2724 962 2791 G......,
1011 2731 1066 2778 et
1123 2726 1375 2778 Ra.......
1433 2730 1489 2776 et
1534 2725 1832 2777 Ro.........

233 2818 547 2893 separatim
600 2826 655 2872 et
709 2833 820 2889 pra
869 2816 1080 2873 cateris
1108 2832 1245 2889 rogo
1273 2823 1329 2871 et
1366 2814 1620 2886 pracipio
1649 2821 1711 2870 ut
1742 2830 1839 2871 vos

232 2921 349 2970 tres
383 2912 573 2978 simul,
603 2911 682 2965 vel
714 2911 991 2977 semotim,
1023 2926 1149 2965 cum
1178 2908 1376 2965 litteris
1419 2910 1638 2973 nostris,
1666 2916 1720 2963 et
1748 2908 1839 2965 lit-

233 3016 500 3063 terarum
525 3004 902 3076 portitoribus,
933 3002 1225 3075 prafatum
1265 3002 1573 3073 principem
1602 3001 1834 3068 adeatis,

235 3110 287 3157 et
318 3101 545 3155 litteras
572 3098 621 3153 ei
648 3098 858 3169 legatis,
888 3105 945 3152 et
966 3104 1283 3152 constanter
1305 3096 1541 3168 arguatis
1565 3095 1685 3167 quia
1719 3104 1840 3151 tan-

236 3203 441 3267 topere
467 3190 711 3247 defendit
742 3191 914 3257 illum,
947 3192 1043 3263 qui
1074 3190 1294 3261 quando
1320 3190 1624 3246 Dominum
1654 3204 1750 3260 pro
1781 3204 1839 3244 se
1867 3169 1913 3233 Ο

239 3297 292 3344 et
349 3285 562 3359 populo
606 3292 811 3350 exorat,
844 3284 1017 3356 magis
1058 3284 1210 3339 illum
1238 3282 1493 3351 offendit,
1541 3292 1597 3339 et
1637 3282 1707 3338 ad
1735 3283 1839 3338 ira-

238 3380 517 3438 cundiam
543 3386 822 3450 provocat.
853 3382 943 3433 An
972 3394 1089 3433 non
1129 3378 1196 3433 de
1224 3377 1423 3433 talibus
1462 3376 1593 3433 dicit
1619 3376 1787 3433 Isaias
1822 3394 1836 3432 :

241 3480 314 3534 Ne
330 3475 596 3543 offeratis
623 3474 779 3527 ultra
801 3474 1123 3542 sacriﬁcium
1143 3473 1360 3538 frustra
1386 3490 1404 3522 :
1428 3474 1698 3526 incensum
1716 3471 1842 3525 abo-

242 3571 484 3625 minatio
516 3573 593 3622 est
621 3568 775 3629 mihi,
802 3572 851 3620 et
880 3582 999 3620 cum
1029 3565 1376 3620 extendet-itis
1412 3580 1603 3619 mnus
1633 3569 1839 3619 vestras

248 3665 323 3717 ad
350 3677 456 3724 me,
485 3666 725 3715 avertam
749 3661 922 3715 oculos
954 3674 1093 3714 meos
1128 3676 1163 3712 a
1200 3660 1368 3721 vobis,
1397 3663 1447 3714 et
1481 3675 1599 3713 eum
1645 3660 1840 3713 multi-

248 3757 579 3826 plicaveritis
626 3756 924 3821 orationes,
974 3769 1078 3807 non
1122 3754 1416 3807 exaudiam
1465 3756 1590 3817 (Isa.
1651 3758 1725 3819 1);
1792 3757 1845 3807 et

256 3847 549 3903 Malachias
591 3866 607 3903 :
655 3850 726 3903 Et
751 3863 889 3901 nunc
929 3847 1004 3901 ad
1042 3861 1132 3901 vos
1172 3848 1491 3901 mandatum
1533 3846 1651 3914 hoc,
1702 3861 1841 3900 osa-

252 3943 506 4009 cerdotes,
534 3942 610 3996 ait
626 3941 902 3997 Dominus
930 3941 1028 3997 :Si
1054 3942 1336 3995 nolueritis
1368 3942 1582 4004 audire,
1610 3946 1660 3994 et
1683 3956 1843 4009 pone-

248 4053 307 4092 re
331 4052 499 4107 super
520 4052 629 4100 cor,
651 4040 714 4089 ut
732 4036 875 4089 detis
896 4035 1130 4103 gloriam
1151 4036 1357 4088 nomini
1378 4050 1512 4101 meo,
1528 4035 1843 4088 maledicam

252 4131 707 4186 benedictionibus
751 4130 959 4183 vestris.
1018 4130 1123 4184 Vos
1175 4118 1321 4181 enim
1352 4130 1639 4182 recessistis
1675 4144 1711 4180 a
1742 4144 1843 4193 me,

249 4230 297 4280 et
315 4224 742 4280 scandalizastis
752 4221 1019 4292 plurimos
1038 4223 1099 4275 in
1122 4222 1253 4289 lege,
1274 4222 1565 4288 offerentes
1581 4236 1742 4290 super
1758 4221 1845 4275 al-

249 4324 366 4373 tare
390 4334 569 4374 meum
602 4332 799 4387 panem
827 4317 1092 4386 pollutum
1124 4316 1379 4381 (Malach.
1425 4320 1527 4381 11);
1571 4324 1625 4370 et
1654 4315 1846 4371 beatus

249 4412 553 4483 Gregorius
580 4427 593 4462 :
632 4432 657 4456 ι
690 4410 928 4465 Maxima
951 4409 1245 4464 metuenda
1268 4418 1350 4464 est
1372 4409 1432 4463 in
1448 4409 1550 4464 illis
1574 4409 1709 4465 locis
1729 4409 1846 4464 fore

251 4506 563 4572 calamitas,
595 4503 687 4558 ubi
714 4503 847 4558 tales
889 4502 1271 4557 intercessores
1309 4502 1377 4558 ad
1424 4503 1603 4557 locum
1628 4503 1849 4575 regimi-

1941 1886 2069 1957 quia
2119 1884 2423 1940 benedictio
2465 1885 2541 1941 illi
2596 1884 2653 1940 in
2709 1883 3151 1940 maledictionem
3196 1882 3537 1938 convertitur

1940 1978 2031 2051 qui
2052 1977 2123 2034 ad
2150 1978 2257 2035 hoc
2282 1987 2347 2033 ut
2367 1978 2461 2033 ﬁat
2479 1977 2766 2035 hareticus
2793 1982 3182 2048 promovetur?
3212 1998 3237 2024 ιο
3270 1976 3404 2031 Hac
3420 1990 3540 2029 om-

1939 2073 2024 2128 nia
2054 2080 2108 2127 et
2126 2072 2323 2127 horum
2350 2071 2545 2127 similia
2566 2070 2689 2140 sibi,
2717 2071 2839 2142 quia
2870 2070 3051 2126 virum
3082 2070 3386 2124 litteratum
3410 2083 3538 2123 eum

1941 2164 2273 2234 audivimus,
2303 2165 2465 2220 dicite
2506 2182 2521 2218 :
2552 2163 2954 2219 considerantes
2994 2162 3285 2234 diligenter
3312 2169 3368 2216 et
3408 2177 3539 2217 cum

1943 2259 2141 2314 timore
2166 2258 2288 2329 quia
2308 2257 2702 2326 inobedientes,
2731 2257 2986 2313 Samuele
3016 2256 3281 2329 propheta
3308 2262 3541 2311 testante

1945 2352 2019 2423 (II
2056 2357 2186 2422 Reg.
2245 2353 2370 2422 xv),
2427 2351 2604 2407 scelus
2653 2351 2939 2407 incurrunt
2983 2348 3307 2405 idololatria
3356 2370 3367 2405 :
3422 2348 3540 2404 sine

1944 2461 2046 2516 qua
2084 2444 2331 2500 videlicet
2361 2444 2683 2511 obedientia,
2717 2445 2854 2499 sicut
2882 2444 3080 2498 beatus
3128 2443 3430 2517 Gregorius
3483 2442 3539 2496 in

1944 2538 2137 2593 ultimo
2186 2539 2472 2593 Moralium
2525 2537 2657 2592 libro
2708 2536 2979 2603 declarat,
3032 2535 3265 2591 inﬁdelis
3310 2535 3541 2606 quisque

1944 2630 2305 2699 convincitur,
2338 2630 2552 2685 etiamsi
2598 2628 2771 2685 ﬁdelis
2807 2644 2925 2685 esse
2972 2627 3239 2684 videatur.
3292 2628 3540 2683 Plurima

1945 2725 2043 2779 sibi
2082 2724 2138 2778 in
2168 2723 2440 2795 epistolis,
2486 2722 2627 2778 sicut
2668 2730 2722 2777 et
2764 2722 2933 2777 modo
2974 2722 3127 2777 vobis
3156 2720 3298 2790 dixi,
3330 2722 3455 2792 quia
3486 2729 3541 2777 et

1948 2818 2251 2889 plurimum
2280 2832 2407 2871 eum
2437 2815 2629 2881 dilexi;
2659 2814 2758 2871 nisi
2788 2815 2936 2869 enim
2972 2830 3097 2869 eum
3121 2816 3360 2869 multum
3399 2812 3539 2869 dile-

1948 2912 2147 2967 xissem
2170 2927 2281 2966 non
2305 2918 2421 2964 tam
2450 2910 2620 2964 multa
2647 2908 2752 2964 sibi
2781 2907 2865 2963 vel
2894 2906 2961 2962 de
2997 2923 3063 2961 eo
3088 2907 3378 2970 dixissem,
3411 2906 3539 2977 quia

1950 3020 2061 3060 non
2103 3013 2184 3059 est
2236 3002 2644 3059 consuetudinis
2680 3010 2885 3057 nostra
2922 3000 3082 3055 alicui
3122 3009 3235 3055 tam
3274 2999 3542 3070 prolixam

1949 3099 2238 3171 epistolam
2285 3097 2479 3165 facere,
2524 3095 2628 3151 nisi
2669 3111 2754 3151 res
2798 3110 2999 3167 magna.
3042 3095 3115 3149 sit
3159 3093 3331 3149 valde.
3380 3092 3542 3162 Quod

1951 3193 2071 3250 ideo
2113 3192 2236 3257 feci,
2283 3191 2407 3262 quia
2434 3190 2810 3246 desideramus
2839 3205 2967 3244 eum
3009 3188 3083 3244 ad
3129 3188 3401 3261 gremium
3426 3187 3543 3242 uni-

1949 3287 2169 3342 versalis
2198 3284 2388 3340 matris
2416 3292 2621 3340 sancta
2668 3286 2938 3338 Romana
2978 3283 3232 3337 Ecclesia
3261 3278 3540 3347 reducere,

1950 3388 2004 3438 et
2046 3379 2150 3435 sub
2199 3378 2300 3433 alis
2341 3378 2487 3433 beati
2535 3376 2699 3445 Petri,
2754 3376 2896 3432 sicut
2936 3375 3315 3431 charissimum
3369 3374 3542 3429 ﬁlium

1949 3482 2202 3529 nostrum
2253 3470 2457 3527 fovere.
2501 3470 2660 3540 Quod
2697 3471 2744 3525 si
2782 3470 2988 3525 litteras
3038 3469 3351 3540 apostolica
3394 3467 3543 3524 sedis

1949 3568 2089 3624 infra
2160 3566 2536 3638 prascriptum
2595 3563 2924 3632 terminum,
2978 3563 3156 3634 aliqua
3210 3560 3399 3617 fraude
3449 3568 3545 3617 aut

1947 3661 2200 3734 superbia
2255 3660 2529 3731 suscipere
2585 3659 2668 3714 vel
2728 3657 2915 3713 audire
2969 3656 3391 3727 contempserit,
3431 3670 3543 3709 non

1950 3756 2129 3810 solum
2168 3754 2267 3809 sibi
2328 3770 2439 3808 non
2500 3751 2774 3823 proderit,
2816 3749 2913 3807 sed
2959 3750 3125 3805 etiam
3176 3764 3273 3820 pro
3320 3747 3545 3821 majoris

1950 3847 2339 3904 inobedientia
2373 3847 2531 3918 culpa
2568 3845 2754 3900 divino
2784 3842 2991 3917 judicio
3029 3842 3390 3898 anathematis
3430 3842 3543 3896 vin-

1951 3944 2087 3999 culis
2134 3944 2409 4015 alligatum
2441 3941 2645 3999 arctius
2690 3939 3061 3996 indubitanter
3105 3939 3318 4007 sciatis,
3349 3946 3404 3992 et
3430 3951 3545 3992 non

1950 4039 2132 4095 solum
2158 4054 2308 4104 eum,
2332 4036 2429 4093 sed
2460 4045 2517 4091 et
2540 4051 2730 4091 omnes
2750 4035 3057 4108 quicunque
3089 4034 3135 4089 ei
3163 4041 3351 4104 postea
3374 4031 3543 4087 scien-

1952 4142 2037 4189 ter
2074 4134 2131 4187 in
2177 4131 2557 4188 ecclesiasticis
2600 4129 2798 4185 ofﬁciis
2849 4126 3411 4194 communicaverint,
3459 4125 3542 4180 vel

1953 4227 2009 4281 in
2040 4226 2234 4281 militia
2271 4224 2521 4280 saculari
2555 4222 2868 4279 servierint.
2896 4224 3239 4293 Quapropter
3268 4234 3404 4291 rogo
3450 4234 3544 4273 vos

1952 4320 2178 4387 iterum,
2229 4326 2285 4372 et
2313 4332 2379 4372 ex
2424 4324 2575 4387 parte
2617 4315 2722 4370 Dei
2762 4323 2816 4370 et
2863 4317 2928 4369 B.
2978 4312 3122 4369 Petri
3167 4312 3543 4384 apostolorum

1955 4411 2213 4485 principis
2250 4406 2501 4482 pracipio
2545 4416 2609 4464 ut
2638 4408 2789 4463 vobis
2818 4407 2883 4461 ab
2926 4422 2991 4461 eo
3015 4406 3278 4471 caveatis,
3324 4411 3379 4458 et
3418 4404 3542 4458 nul-

1964 4506 2079 4562 lum
2142 4505 2383 4561 divinum
2448 4502 2693 4557 ofﬁcium
2762 4500 2905 4555 intra
2964 4507 3171 4553 vestras
3239 4495 3547 4567 provincias

250 4601 337 4654 nis
384 4599 751 4663 adducuntur,
797 4596 887 4668 qui
930 4595 1031 4651 Dei
1080 4595 1418 4651 iracundiam
1471 4597 1646 4668 magis
1691 4598 1745 4651 in
1791 4613 1847 4652 se
1876 4576 1926 4637 D
1956 4608 2167 4672 agatur,
2205 4597 2295 4654 ubi
2321 4597 2401 4652 vel
2434 4597 2548 4667 ipse
2574 4597 2652 4651 vel
2683 4593 2878 4665 aliquis
2900 4592 3132 4648 scienter
3155 4591 3258 4647 sibi
3289 4605 3545 4645 commu-

254 4693 565 4758 concitant,
607 4706 771 4762 quam
802 4705 899 4761 per
933 4690 1254 4760 semetipsos
1284 4690 1491 4759 placare
1520 4689 1838 4745 debuerant.

250 4788 447 4843 Cuncti
492 4784 699 4857 liquido
739 4785 1011 4853 novimus,
1042 4783 1168 4855 quia
1197 4798 1323 4838 cum
1370 4782 1414 4837 is
1463 4784 1551 4853 qui
1582 4786 1699 4839 Deo
1739 4782 1845 4838 dis-

248 4879 417 4951 plicet
446 4880 517 4935 ad
548 4878 996 4935 intercedendum
1032 4892 1131 4949 pro
1162 4877 1363 4948 populo
1394 4878 1647 4946 mittitur,
1683 4878 1845 4934 citius

248 4973 375 5029 irati
400 4974 625 5029 animus
638 4971 706 5027 ad
732 4970 1001 5027 deteriora
1024 4980 1372 5041 provocatur.
1407 4993 1433 5019 ν
1468 4973 1529 5025 Et
1548 4971 1652 5026 alio
1684 4972 1840 5027 loco:

256 5084 288 5119 ι
320 5068 480 5123 Malis
500 5067 723 5122 subesse
744 5064 1073 5137 pastoribus,
1094 5064 1226 5136 quid
1248 5072 1331 5119 est
1348 5064 1496 5119 aliud
1514 5065 1683 5120 nisiut
1698 5065 1846 5136 plebs

251 5160 565 5232 populanda
594 5158 945 5231 pradonibus
970 5166 1306 5229 permaneat,
1332 5166 1386 5212 et
1413 5157 1535 5213 inde
1563 5168 1745 5213 sumat
1764 5159 1843 5212 in-

253 5252 508 5318 teritum,
525 5252 671 5309 unde
690 5252 1044 5324 protectionis
1060 5250 1249 5306 debuit
1272 5251 1472 5307 habere
1497 5252 1802 5308 subsidium
1823 5256 1846 5308 ?

254 5346 577 5403 Sacerdotes
615 5347 763 5402 enim
790 5346 925 5401 mali
952 5361 1115 5400 causa
1161 5354 1289 5400 sunt
1336 5346 1514 5402 ruina
1570 5347 1774 5417 populi.
1817 5370 1842 5396 υ

254 5440 403 5495 Item
420 5440 542 5495 alibi
574 5458 590 5496 :
620 5462 645 5489 α
677 5440 783 5512 Qui
804 5439 1054 5511 improbe
1081 5438 1151 5495 ad
1179 5439 1393 5496 inanem
1415 5440 1643 5512 gloriam
1665 5441 1843 5497 locum

253 5528 483 5589 festinat
510 5533 813 5589 sanctitatis
854 5532 1125 5603 arripere,
1172 5548 1239 5588 eo
1268 5534 1387 5604 ipso
1416 5549 1528 5606 quo
1575 5534 1846 5590 honorem

254 5626 477 5696 quarit,
506 5627 760 5699 indignus
784 5635 893 5682 est.
928 5626 1080 5682 Sicut
1106 5626 1253 5683 enim
1277 5628 1325 5684 is
1347 5628 1439 5699 qui
1478 5627 1732 5683 invitatus
1760 5645 1847 5684 re-

254 5716 405 5782 nuit,
448 5722 707 5791 qmitus
756 5720 984 5792 refugit,
1013 5723 1184 5778 sacris
1230 5732 1313 5779 est
1353 5722 1615 5779 altaribus
1656 5722 1845 5779 admo-

259 5811 495 5881 rendus,
532 5814 608 5871 sic
634 5815 725 5886 qui
765 5813 912 5870 ultro
940 5815 1127 5886 ambit,
1156 5818 1236 5875 vel
1278 5818 1654 5891 importunum
1682 5831 1741 5871 se
1771 5817 1847 5871 in-

1952 4693 2255 4749 nicantium
2280 4690 2520 4747 adfuerit
2552 4708 2565 4745 :
2599 4704 2881 4760 quousque
2915 4701 3009 4757 per
3040 4686 3138 4741 Dei
3165 4685 3426 4757 pietatem
3462 4700 3544 4740 sa-

1955 4786 2234 4844 tisfecerit.
2277 4789 2521 4841 Rursum
2545 4798 2762 4855 quoque
2793 4796 3101 4845 monemus,
3133 4779 3278 4852 quod
3306 4777 3542 4850 pruden-

1952 4883 2047 4939 tia
2102 4889 2300 4936 vestra
2330 4878 2612 4950 vigilanter
2651 4874 3055 4932 observandum
3109 4889 3225 4930 esse
3262 4872 3546 4946 cognosci-

1954 4992 2101 5044 mus,
2128 4990 2201 5030 ne
2225 4973 2399 5045 aliqua
2441 4970 2871 5028 dissimulatione
2918 4968 3200 5040 praceptis
3228 4966 3545 5039 apostolicis

1955 5071 2333 5141 obtemperare
2358 5065 2665 5138 negligatis,
2705 5064 2799 5121 sed
2843 5062 3076 5118 sollicite
3103 5061 3545 5125 considerantes,

1954 5180 2017 5221 ac
2032 5164 2153 5236 jugi
2183 5161 2455 5218 memoria
2496 5159 2639 5215 beati
2682 5157 2932 5229 Gregorii
2958 5156 3121 5212 verba
3155 5170 3324 5226 super
3355 5153 3546 5209 inobe-

1954 5257 2155 5315 dientia
2201 5257 2258 5312 in
2303 5254 2575 5312 Samuelis
2617 5252 2970 5309 sermonibus
3001 5250 3189 5305 habita
3218 5248 3544 5314 retinentes,

1956 5351 2259 5423 procuretis
2292 5357 2582 5421 quatenus,
2615 5345 2917 5403 obediendo
2941 5344 3080 5400 sicut
3101 5350 3338 5415 oportet,
3370 5340 3548 5398 videa-

1955 5444 2091 5501 mini
2132 5460 2259 5499 cum
2288 5442 2446 5497 saluti
2478 5449 2675 5497 vestra
2714 5439 3022 5511 prospicere
3060 5445 3177 5493 tum
3205 5435 3356 5493 illius
3378 5436 3546 5491 etiam

1956 5537 2293 5595 consulendo
2324 5535 2627 5608 providere.

2240 5643 2544 5698 Observatio
2570 5644 2629 5694 in
2656 5642 2929 5707 sequentes
2958 5638 3229 5708 epistolas.

2028 5748 2165 5800 Tres
2210 5755 2502 5813 sequentes
2548 5739 3139 5814 epistolas_addendas
3179 5734 3271 5814 hic
3319 5732 3545 5814 capsui,

1958 5815 2108 5890 quod
2148 5806 2425 5879 pertinere
2454 5806 2839 5880 illas'cognovi
2867 5810 2939 5866 ad
2982 5828 3072 5869 res
3110 5806 3343 5877 episcopi
3376 5807 3555 5859 Lam-
