4044 6186
487 282 588 337 639

1168 280 1224 333 S.
1266 277 1585 332 GREGORII
1624 277 1713 331 VII
1752 277 1945 331 ΡΑΡᾸΞ
1983 275 2063 331 0P

2174 276 2255 330 ΗΜ
2293 276 2467 331 PARS
2506 278 2545 332 Ι.
2587 305 2658 318 --
2692 276 3092 331 REGISTRUM.

3664 282 3761 334 640

487 405 625 460 berti
661 404 1042 467 Tervanensis,
1073 402 1139 457 de
1184 401 1383 471 quibus
1411 402 1718 472 superiores
1746 400 1987 471 epistola
2014 401 2071 454 iu
2100 402 2150 464 Α
2180 409 2235 457 et
2260 401 2464 472 populo
2494 401 2849 459 Tervanensis
2874 401 3147 470 Ecclesia,
3181 401 3564 472 pracipueque
3592 401 3765 457 nobili

486 479 726 542 Regesto
762 483 1033 531 contenta
1061 482 1245 542 agunt.
1282 472 1497 527 Deduxi
1535 488 1660 527 vero
1697 472 1812 527 illas
1841 488 1904 526 ex
1936 480 1977 526 t.
2018 473 2072 526 Χ

487 492 568 534 ne
609 492 726 531 ΘΒῐο
762 492 1033 531 ϐΟΠῐΘΠῐω
1061 492 1245 542 agunt.
1284 492 1497 527 υραωω
1535 492 1660 527 νΘΓΟ

486 492 677 606 Gaﬁia
696 547 1031 610 Christiana,
1060 558 1180 615 pag.
1209 548 1333 609 393,
1358 544 1408 597 in
1431 546 1681 616 Append.

1250 639 1296 694 I.

483 749 623 792 ΔΒΕ.
684 746 1168 788 ηΑΝῡιιζΝδιυΜ
1227 745 1515 787 COMITEM
1579 747 1661 787 DE
1741 745 2068 787 LAMBEBTO

819 818 1009 859 MOBIN
1021 819 1192 859 BNSIS
1231 819 1401 858 SBDIS
1432 817 1758 860 INVASOBB.

1076 902 1261 963 (Anno
1293 901 1474 965 1081.)

549 993 906 1048 Gnseonws
939 992 1254 1063 episcopus,
1288 1007 1474 1047 servus
1517 990 1799 1047 servorum
1828 991 1963 1059 Dei,
1994 994 2065 1048 Β.

478 1085 717 1158 glorioso
742 1084 1155 1140 Flandrensium
1214 1085 1399 1141 comiti
1430 1086 1666 1140 salutem
1711 1092 1765 1140 et
1807 1084 2065 1155 apostoli-

477 1195 599 1234 cam
626 1178 1081 1233 benedictionem.

551 1275 753 1328 Notum
804 1272 904 1326 tibi
955 1287 1076 1327 esse
1121 1287 1236 1326 non
1286 1270 1605 1327 dubitamus
1650 1279 1918 1342 quantum
1965 1287 2067 1327 nos

478 1366 738 1421 hactenus
784 1365 1126 1421 nobilitatem
1172 1374 1326 1420 tuam
1358 1365 1725 1434 dilexerimus,
1772 1366 1859 1419 cui
1906 1364 2064 1421 indu-

475 1459 669 1514 striam
698 1459 840 1514 inter
863 1469 1092 1514 cateros
1119 1458 1358 1514 Francia
1382 1458 1651 1529 principes
1680 1458 1809 1513 satis
1836 1456 2063 1514 honesta

479 1551 622 1607 fama
647 1552 1096 1607 commendabat.
1137 1551 1325 1619 Unde,
1369 1552 1494 1623 quia
1531 1552 1693 1607 bonis
1738 1551 1931 1607 studiis
1955 1553 2066 1608 tuis

477 1646 936 1717 congratulamur,
970 1662 1095 1700 cum
1123 1646 1397 1700 contraria
1426 1644 1493 1700 de
1517 1654 1569 1701 te
1600 1644 1909 1700 referuntur
1930 1647 2067 1701 mul-

477 1748 593 1794 tum
624 1738 871 1810 profecto
903 1738 1171 1794 dolemus.
1207 1738 1533 1794 Audivimus
1561 1755 1733 1810 nuper
1758 1747 1813 1794 te
1849 1739 2063 1795 cuidam

478 1832 671 1888 clerico
699 1832 963 1903 sacrilego
994 1832 1318 1901 Lamberto,
1370 1833 1460 1903 qui
1514 1832 1725 1904 publice
1753 1835 2067 1888 Tarvanen-

475 1941 591 1982 sem
622 1926 989 1996 episcopatum
1038 1934 1311 1981 mercatus
1351 1934 1462 1993 est,
1494 1936 1684 1983 contra
1731 1926 2066 1981 voluntatem

474 2019 796 2075 clericorum
832 2020 908 2075 illi
942 2019 1196 2075 Ecclesia
1242 2020 1523 2090 imposito,
1571 2020 1683 2075 imo
1728 2020 1796 2076 ab
1841 2020 1917 2075 eis
1952 2036 2068 2075 om-

476 2113 610 2169 nino
633 2113 966 2185 jampridem
1002 2113 1289 2184 repudiato
1319 2114 1635 2181 assensisse,
1667 2113 1822 2184 eique
1852 2114 2063 2184 adjuto-

476 2207 620 2263 rium
648 2215 703 2262 et
729 2215 1053 2277 potestatem
1085 2207 1382 2263 Ecclesiam
1412 2206 1695 2263 invadendi
1726 2207 2063 2278 prastitisse,

478 2300 547 2356 de
584 2301 836 2372 qualibus
862 2301 975 2371 ipsa
1017 2301 1236 2356 Veritas
1264 2300 1395 2356 dicit
1427 2321 1443 2355 :
1477 2302 1581 2368 Qui
1607 2317 1713 2355 non
1760 2304 1933 2355 intrat
1962 2318 2067 2370 per

476 2396 671 2449 ostium
694 2397 751 2448 in
769 2396 901 2449 ovile
920 2396 1096 2448 ovium
1113 2394 1207 2449 sed
1235 2394 1475 2449 ascendit
1498 2394 1738 2461 aliunde,
1761 2396 1852 2447 ille
1871 2397 1969 2461 fur
1993 2400 2067 2448 est

478 2492 527 2541 et
553 2488 691 2541 latro
713 2492 883 2554 (Joan.
915 2504 975 2555 x,
1002 2491 1072 2553 1).
1096 2489 1167 2541 Et
1191 2487 1381 2542 beatus
1397 2502 1531 2557 papa
1556 2490 1669 2542 Leo
1704 2506 1715 2539 :
1736 2489 1849 2543 Non
1868 2489 2063 2541 habea-

480 2586 570 2634 tur
593 2583 740 2635 inter
766 2584 1037 2652 episc0pos
1066 2583 1163 2649 qui
1189 2597 1295 2634 non
1323 2582 1495 2647 fuerit
1523 2598 1557 2634 a
1582 2582 1722 2635 clero
1748 2582 1937 2635 electus
1959 2586 2009 2635 et
2032 2598 2067 2635 α

473 2676 670 2745 popqu
694 2677 979 2743 (aa-petitus.
1008 2675 1238 2744 Oportet
1264 2688 1395 2744 ergo
1424 2673 1769 2744 prudentiam
1800 2682 1953 2729 tuam
1990 2674 2067 2729 di-

480 2767 613 2823 vina
638 2767 941 2839 majestatis
970 2768 1420 2839 omnipotentiam
1451 2775 1505 2823 et
1532 2768 1923 2823 districtionem
1955 2784 2067 2839 pra

476 2861 651 2915 oculis
704 2860 1040 2917 incessanter
1096 2860 1325 2929 habere,
1384 2861 1689 2933 nulliusque
1743 2862 2061 2917 mortalium

478 2954 708 3027 gratiam
755 2955 835 3009 vel
875 2955 1131 3010 timorem
1162 2954 1235 3009 illi
1267 2953 1546 3025 praferre,
1596 2955 1683 3010 cui
1715 2962 1767 3009 et
1812 2955 1978 3009 vitam
2008 2964 2063 3011 et

476 3048 707 3104 salutem
750 3057 804 3104 et
829 3047 1098 3104 honorem
1141 3056 1302 3103 tuum
1329 3064 1441 3103 non
1470 3046 1705 3119 ambigis
1745 3055 1800 3103 te
1840 3049 2059 3104 debere.

478 3145 622 3214 Ergo
663 3144 787 3214 quia
828 3151 881 3197 te
906 3142 1236 3206 audivimus,
1269 3140 1556 3197 admonitu
1587 3140 1871 3197 ﬁdelitatis
1900 3158 2061 3212 quam

477 3237 591 3307 regi
642 3236 888 3309 Philippo
927 3234 1151 3302 feceras,
1193 3234 1260 3289 ad
1307 3232 1365 3289 id
1406 3235 1711 3305 periculose
1752 3250 1868 3290 esse
1906 3234 2061 3291 indu-

476 3338 649 3397 ctum,
681 3346 742 3385 ex
774 3338 923 3401 parte
952 3328 1345 3400 omnipotentis
1374 3328 1473 3383 Dei
1506 3329 1853 3400 pracipimus
1891 3338 1972 3396 ut,
2018 3331 2063 3385 si

476 3423 767 3496 pradictus
796 3423 1125 3479 Lambertus
1162 3432 1274 3478 tam
1304 3420 1526 3478 nefariis
1554 3422 1734 3478 modis
1770 3421 1840 3478 ad
1867 3423 2064 3495 episco-

477 3526 668 3591 patum
692 3517 967 3590 prorupit,
988 3518 1299 3573 nullatenus
1320 3516 1367 3572 ei
1390 3516 1782 3572 sacerdotalem
1803 3517 2059 3573 obedien-

474 3612 607 3667 tiam
639 3612 717 3666 vel
748 3612 1108 3667 reverentiam
1152 3610 1425 3674 exhibeas,
1455 3609 1552 3665 sed
1580 3625 1609 3664 a
1658 3611 1795 3665 male
1824 3621 2062 3666 mercata

476 3712 531 3759 et
572 3705 756 3759 invasa
785 3702 916 3758 sede
946 3704 1187 3758 alienum
1232 3712 1287 3756 et
1315 3711 1585 3758 extorrem
1615 3702 1791 3759 facere
1820 3704 2063 3775 prafatis

478 3796 684 3853 clericis
722 3795 1165 3852 adminiculando
1195 3810 1470 3867 procures.
1498 3798 1621 3851 Non
1650 3798 1798 3851 enim
1824 3806 1877 3853 te
1909 3798 2065 3855 decet

388 3874 403 3881 ’
475 3889 748 3946 astimare
791 3888 879 3942 illa
909 3895 962 3943 te
1009 3888 1353 3959 adjuratione
1398 3887 1469 3943 ad
1523 3897 1637 3943 tam
1682 3890 2063 3961 gravissimum

468 3980 655 4036 scelus
710 3979 993 4052 adstringi,
1042 3980 1165 4051 quia
1222 3979 1583 4051 perniciosius
1628 3990 1712 4035 est
1757 3982 1911 4037 illum
1968 4000 2064 4054 per

472 4089 637 4146 quem
662 4073 880 4145 juratur
908 4089 1075 4145 quam
1106 4072 1190 4128 cui
1210 4072 1449 4144 juratur,
1484 4080 1539 4128 et
1565 4076 1740 4129 Deum
1774 4091 1940 4146 quam
1967 4076 2064 4131 ho-

476 4167 685 4223 minem
715 4164 1024 4234 offendere,
1071 4166 1230 4221 simul
1274 4167 1387 4238 ipse
1436 4166 1566 4222 satis
1598 4166 1885 4239 perpendis
1934 4171 2058 4241 quia

477 4261 600 4332 plus
628 4260 860 4316 debetur
888 4260 1086 4317 anima
1106 4276 1269 4332 quam
1294 4260 1532 4332 corpori.
1571 4264 1641 4316 Et
1661 4270 1793 4318 tunc
1815 4263 2058 4335 profecto

477 4354 707 4411 ﬁdelitas
736 4356 1018 4427 perspicue
1048 4356 1223 4428 magis
1261 4364 1509 4411 servatur
1542 4356 1790 4428 jubenti,
1836 4359 2059 4429 quando

475 4449 622 4505 salus
661 4451 862 4506 anima
916 4450 1033 4521 ejus
1072 4450 1350 4521 corporeis
1402 4449 1714 4506 commodis
1763 4459 1817 4506 et
1866 4452 2066 4523 iniquis

2186 496 2373 551 comiti
2403 500 2496 565 11.,
2532 496 2763 551 salutem
2792 505 2847 551 et
2873 496 3231 566 apostolicam
3252 495 3693 555 benedictionem
3720 499 3763 554 si

2183 589 2514 646 obedierint.

2249 683 2404 739 Sicut
2442 684 2560 739 aliis
2590 684 2782 740 litteris
2820 684 3101 752 misimus,
3134 701 3249 740 non
3282 686 3499 757 ignorat
3537 687 3764 743 solertia

2179 788 2273 836 tua
2302 796 2407 834 nos
2430 778 2763 851 jamdudum
2794 788 2848 835 te
2873 780 3002 835 satis
3030 780 3274 853 diligere,
3307 790 3592 852 propterea
3617 779 3769 852 quod

2176 882 2232 929 te
2274 874 2435 929 bonis
2478 872 2671 929 studiis
2723 873 2868 929 inter
2902 883 3131 931 cateros
3177 875 3422 931 Francia
3468 874 3767 947 principes,

2174 968 2321 1024 fama
2373 966 2600 1033 ferente,
2652 966 2965 1023 audivimus
3033 968 3305 1035 eminere;
3357 984 3490 1023 nam
3536 969 3771 1039 potioris

2175 1078 2301 1134 erga
2324 1070 2379 1116 te
2406 1060 2719 1116 dilectionis
2759 1060 3030 1116 habenda
3055 1077 3222 1117 causa
3253 1061 3413 1117 nobis
3444 1060 3562 1117 hac
3589 1063 3771 1118 exsti-
3842 1108 3847 1111 _

2175 1156 2261 1223 tit,
2294 1155 2423 1227 quia
2451 1162 2503 1210 te
2547 1154 2876 1210 Christiana
2904 1155 3183 1227 religionis
3220 1162 3545 1223 amatorem,
3584 1155 3763 1212 eccle-

2175 1248 2517 1320 siasticaque
2541 1247 2846 1319 disciplina
2878 1256 2937 1303 et
2976 1247 3204 1304 honoris
3232 1247 3661 1320 suffragatorem
3703 1264 3771 1305 ac

2176 1343 2521 1399 defensorem
2552 1342 2607 1396 in
2641 1340 2973 1413 quibusdam
3001 1342 3381 1414 cognovimus.
3413 1341 3599 1412 Unde,
3631 1359 3767 1397 cum

2176 1454 2206 1494 a
2236 1437 2392 1493 solita
2422 1434 2695 1507 probitate
2723 1435 2999 1490 contraria
3030 1434 3170 1490 forte
3210 1434 3540 1500 audivimus,
3581 1451 3769 1507 quan-

2173 1540 2295 1588 tum
2325 1530 2611 1586 doleamus
2638 1527 2928 1600 prudentia
2950 1537 3046 1585 tua
3078 1529 3383 1601 perpendit.
3419 1531 3608 1599 Nuper
3632 1544 3770 1584 vero

2174 1624 2244 1680 de
2272 1632 2327 1679 te
2352 1622 2632 1695 quoddam
2660 1622 2923 1687 innotuit,
2953 1621 3101 1694 quod
3128 1623 3275 1678 sicut
3308 1638 3339 1677 a
3369 1622 3559 1694 priscis
3592 1622 3771 1676 mori-

2174 1718 2274 1773 bus
2300 1716 2411 1772 tuis
2439 1717 2683 1771 alienum
2716 1757 2731 1783 ,
2758 1716 2836 1771 ita
2858 1731 3075 1788 quoque
3102 1716 3323 1786 penitus
3347 1715 3564 1770 credere
3585 1714 3770 1770 visum

2099 1779 2146 1840 Β
2177 1811 2343 1867 fuerit
2380 1779 3005 1881 indignum,-videl.icet.
3044 1779 3214 1880 quod,
3256 1807 3771 1864 contradicentibus

2175 1902 2541 1959 Tarvanensis
2584 1902 2848 1958 Ecclesia
2883 1902 3097 1958 clericis
3135 1901 3637 1971 renitentibusque,
3665 1908 3769 1956 tua

2177 1997 2512 2069 protectione
2539 1996 2855 2068 auxilioque
2881 1994 3055 2051 fretus
3083 1995 3309 2066 quidam
3338 1994 3669 2050 Lambertus
3698 1994 3771 2049 il-

2177 2092 2283 2147 lius
2313 2090 2569 2146 Ecclesia
2591 2088 2779 2145 sedem
2810 2089 3087 2156 invaserit,
3128 2090 3222 2160 qui
3248 2087 3461 2160 publice
3489 2088 3769 2144 Simonia-

2174 2200 2273 2240 cus
2302 2201 2330 2239 a
2356 2191 2509 2255 parte
2535 2181 2711 2238 divini
2738 2184 2984 2238 muneris
3002 2190 3243 2253 emptor,
3264 2191 3471 2253 quanto
3493 2197 3553 2237 se
3582 2182 3640 2237 in
3668 2182 3772 2237 tali

2174 2278 2394 2350 negotio
2413 2277 2717 2347 turpiorem
2741 2284 2796 2331 et
2818 2275 3281 2347 impudentiorem
3304 2274 3570 2340 ostendit,
3602 2283 3769 2332 tanto

2176 2380 2334 2427 tuum
2350 2386 2463 2424 non
2478 2368 2746 2437 favorem,
2763 2368 2857 2424 sed
2875 2369 3080 2436 zelum,
3105 2385 3223 2425 non
3242 2384 3425 2440 opem,
3447 2367 3544 2424 sed
3563 2369 3770 2439 expul-

2174 2465 2387 2520 sionem
2418 2462 2647 2534 experiri
2680 2460 2885 2517 debuit.
2914 2465 3123 2518 Verum
3153 2463 3303 2533 quia,
3333 2462 3586 2516 obstante
3612 2476 3770 2533 rege,

2174 2558 2277 2613 sub
2305 2558 2481 2627 specie
2508 2555 2724 2610 timoris
2750 2571 2818 2611 ne
2847 2557 3133 2627 pejerares,
3167 2554 3237 2610 ad
3265 2554 3318 2610 id
3346 2555 3481 2609 mali
3506 2554 3771 2611 inductus

2175 2652 2346 2707 fuisse
2374 2649 2590 2716 diceris,
2629 2648 2835 2704 idcirco
2864 2648 3203 2720 jampridem
3232 2657 3289 2703 et
3316 2664 3466 2703 nunc
3493 2648 3679 2703 litteris
3704 2656 3766 2703 te

2174 2747 2471 2802 admonere
2513 2742 2831 2798 censuimus
2882 2749 3185 2813 quatenus,
3241 2756 3452 2797 vanum
3496 2741 3766 2798 timorem

2175 2838 2511 2912 abjiciendo,
2551 2836 2701 2909 quod
2721 2836 2845 2907 jure
2876 2834 3243 2891 metuendum
3272 2834 3489 2890 videtur
3514 2832 3769 2891 attende-

2172 2953 2276 2992 res.
2315 2932 2543 2990 Noverit
2569 2946 2698 3002 ergo
2731 2928 3018 3001 prudentia
3046 2938 3141 2985 tua
3171 2926 3493 2984 ﬁdelitatem
3540 2937 3772 2984 terreno

2173 3029 2401 3086 domino
2443 3035 2574 3081 tunc
2617 3039 2732 3079 non
2759 3032 2901 3079 recte
2945 3022 3169 3089 servari,
3208 3038 3337 3077 cum
3369 3021 3616 3078 caelestis
3648 3024 3772 3078 Do-

2175 3123 2314 3178 mini
2343 3128 2402 3177 et
2422 3118 2697 3175 Creatoris
2728 3117 2903 3189 gratia
2930 3131 3026 3186 per
3049 3116 3203 3171 illam
3228 3115 3494 3187 probatur
3520 3114 3770 3182 offendi;

2176 3224 2249 3284 et,
2290 3215 2333 3270 si
2364 3213 2603 3283 corpori,
2652 3210 2829 3265 multo
2886 3209 3124 3280 amplius
3169 3208 3398 3275 anima;
3455 3208 3505 3264 si
3534 3210 3772 3265 mortali

2174 3308 2406 3375 homini,
2456 3304 2630 3360 multo
2669 3302 2909 3358 maxime
2946 3301 3284 3373 sempiterno
3334 3305 3452 3357 Deo
3497 3301 3664 3357 ﬁdem
3704 3312 3775 3359 et

2172 3402 2519 3459 devotionem
2538 3396 2748 3453 deberi.
2779 3394 3014 3452 Proinde
3037 3404 3150 3451 tam
3168 3394 3439 3451 nobilitati
3457 3404 3570 3452 tua
3594 3410 3777 3467 quam

2173 3505 2229 3552 et
2274 3492 2517 3566 prafata
2574 3491 2849 3556 Ecclesia,
2887 3489 3036 3545 clero
3065 3497 3121 3544 et
3155 3488 3357 3560 populo
3386 3505 3453 3545 ex
3505 3498 3659 3559 parte
3695 3491 3771 3547 Β.

2174 3590 2317 3645 Petri
2346 3586 2697 3659 pracipimus
2724 3592 2787 3641 ut
2811 3582 3073 3654 pradicto
3095 3582 3391 3638 Lamberto
3410 3581 3619 3637 nullam
3650 3584 3774 3653 epi-

2174 3681 2449 3753 scopalem
2484 3678 2849 3734 reverentiam
2894 3675 3217 3742 exhibeatis,
3263 3674 3361 3731 sed
3402 3674 3584 3745 ipsum
3614 3676 3775 3733 velut

2173 3774 2355 3831 furem
2402 3781 2455 3827 et
2512 3771 2781 3826 latronem
2824 3768 3232 3834 existimantes,
3284 3767 3352 3823 ab
3403 3766 3586 3823 invasa
3634 3769 3774 3826 sede

2176 3866 2495 3941 propellere,
2528 3862 2882 3932 fautoresque
2940 3862 3132 3932 ipsius,
3185 3860 3358 3917 donec
3406 3860 3771 3931 resipuerint,

2173 3959 2425 4018 cohibere
2449 3956 2772 4029 procuretis.
2804 3954 2965 4027 Quod
2994 3955 3041 4011 si
3067 3953 3360 4026 pradictus
3378 3954 3598 4009 invasor
3620 3954 3774 4011 ferre

2175 4052 2557 4127 prajudicium
2575 4049 2793 4115 dixerit,
2818 4048 2957 4105 etde
2983 4063 3044 4103 re
3069 4063 3167 4103 sua
3188 4048 3264 4104 ita
3283 4063 3421 4114 esse,
3452 4055 3515 4104 ut
3540 4047 3770 4115 dicitur,

2174 4165 2232 4204 se
2284 4162 2442 4219 posse
2488 4144 2719 4216 probare
2750 4142 3159 4208 existimaverit,
3211 4141 3549 4197 audientiam
3595 4141 3770 4214 legati

2173 4241 2346 4298 nostri
2382 4239 2622 4304 Diensis,
2666 4238 2780 4291 imo
2819 4235 3209 4307 Lugdunensis
3250 4234 3643 4306 archiepiscOpi
3677 4252 3777 4307 pe-

2172 4344 2272 4402 tat,
2315 4341 2586 4405 quatenus
2614 4345 2709 4400 per
2737 4336 3147 4399 competentem
3176 4328 3321 4385 illius
3350 4328 3768 4386 discussionem

2166 4430 2486 4501 justumque
2506 4422 2777 4496 judicium
2815 4420 3062 4478 obtinere
3090 4421 3242 4494 quod
3268 4423 3509 4492 postulat
3534 4423 3777 4494 aquitas

476 4546 695 4615 pralata
721 4545 890 4617 jussis
918 4546 1092 4617 magis
1126 4544 1445 4601 attenditur.
1477 4547 1627 4616 Euge
1659 4560 1818 4617 ergo,
1857 4554 1918 4601 ut
1950 4521 2066 4602 non
2097 4544 2147 4607 D
2175 4521 2362 4577 Valeat-

478 4648 579 4704 pro
592 4632 816 4689 homine
832 4635 1159 4706 supplicium
1178 4675 1194 4703 ,
1206 4633 1300 4689 sed
1312 4650 1411 4705 pro
1423 4633 1522 4688 Dei
1538 4633 1739 4689 timore
1750 4642 2064 4706 exspectare

475 4724 678 4781 debeas
702 4728 1019 4796 pramium,
1052 4742 1117 4783 ac
1145 4728 1223 4782 sic
1252 4726 1526 4800 pradictis
1555 4727 1782 4795 clericis,
1815 4728 1906 4799 qui
1940 4744 2066 4800 pro-

479 4818 712 4875 motioni
760 4819 908 4874 illius
960 4820 1124 4876 libere
1152 4836 1215 4877 ex
1264 4829 1419 4891 parte
1448 4820 1547 4876 Dei
1579 4822 2061 4890 contradixerunt,

478 4912 737 4985 opitulari
769 4927 973 4984 eosque
1004 4912 1296 4970 defendere
1325 4930 1590 4985 procures
1609 4958 1623 4983 ,
1653 4924 1716 4971 ut
1759 4927 1966 4989 quanto
2010 4926 2064 4974 te

476 5005 645 5078 gratia
672 5003 864 5060 divina
896 5006 1059 5060 altius
1086 5005 1423 5075 sublimavit,
1454 5014 1611 5063 tanto
1633 5010 1809 5081 magis
1829 5020 1884 5065 et
1905 5011 2064 5065 bonis

476 5098 735 5154 ﬁduciam
790 5105 845 5154 et
899 5099 1079 5171 pravis
1116 5107 1387 5155 terrorem
1427 5101 1693 5171 prabeas,
1740 5104 2062 5175 caterisque

477 5190 819 5265 principibus
865 5200 919 5247 te
948 5192 1276 5247 imitabilem
1306 5192 1526 5250 reddas.
1577 5194 1841 5251 Plumbeo
1883 5196 2061 5268 sigillo

475 5283 681 5341 idcirco
725 5286 927 5358 signari
966 5285 1173 5341 litteras
1201 5286 1331 5340 istas
1369 5286 1673 5354 noluimus,
1702 5303 1797 5355 ne,
1848 5290 1893 5342 si
1925 5289 2062 5345 forte

474 5386 802 5450 caperentur
829 5379 895 5434 ab
925 5378 1129 5449 impiis,
1167 5377 1365 5436 eodem
1390 5378 1568 5452 sigillo
1595 5390 1777 5451 posset
1813 5381 2061 5439 falsitatis

475 5470 757 5543 quidpiam
786 5470 927 5527 ﬁeri.
1236 5546 1287 5598 Π

972 5653 1056 5695 ΔΙ)
1106 5652 1562 5695 TERVANBNSBS.

1060 5731 1248 5793 (Anno
1288 5731 1472 5794 1082.)

543 5821 906 5879 Οιεαοιιιυε
926 5821 1233 5893 episcopus,
1260 5836 1449 5878 servus
1468 5836 1752 5880 servorum
1774 5823 1891 5890 Dei,
1915 5823 2060 5879 clero

2914 4611 3009 4663 Ill.

2388 4720 2469 4759 Αι)
2508 4718 2840 4761 BOBEBTUI.
2873 4716 3196 4759 FLANDBLE
3239 4714 3541 4760 COHITBI.

2758 4798 2942 4861 (Anno
2986 4796 3169 4865 1082.)

2244 4893 2603 4949 Gnseonms
2644 4891 2950 4962 episcOpus,
2984 4903 3173 4944 servus
3199 4903 3486 4945 servorum
3513 4889 3642 4956 Dei,
3691 4891 3772 4946 Β.

2172 4985 2412 5057 glorioso
2430 4983 2854 5042 Flandrensium
2870 4981 3058 5039 comiti
3078 4980 3279 5038 dilecto
3295 4982 3355 5037 in
3370 4980 3596 5039 Christo
3619 4981 3771 5053 ﬁlio,

2172 5079 2401 5135 salutem
2429 5086 2485 5135 et
2512 5077 2873 5149 apostolicam
2902 5074 3358 5132 benedictionem.

2241 5174 2365 5228 Jam
2410 5184 2571 5243 sape
2636 5169 2970 5225 excellentia
3035 5176 3147 5226 tua
3214 5168 3534 5239 scripsimus
3596 5184 3774 5242 super

2169 5280 2331 5322 causa
2354 5264 2682 5320 clericorum
2704 5262 3067 5319 Tarvanensis
3081 5261 3341 5319 Ecclesia
3355 5263 3420 5318 E.
3448 5264 3729 5333 prapositi
3748 5305 3767 5331 ,

2170 5360 2227 5418 S.
2264 5356 2477 5423 decani,
2512 5358 2565 5410 J.
2602 5354 2819 5411 diaconi
2848 5362 2901 5410 et
2928 5354 3284 5426 reliquorum,
3316 5370 3461 5425 quos
3490 5355 3773 5428 maligno-

2169 5466 2295 5506 rum
2322 5448 2625 5504 mortiferis
2651 5447 3092 5519 suggestionibus
3111 5489 3127 5515 ,
3172 5447 3334 5503 bonis
3380 5448 3613 5520 propriis
3644 5450 3769 5519 pri-

2168 5552 2346 5611 vatos,
2363 5542 2423 5597 in
2443 5541 2693 5598 exsilium
2722 5556 2821 5613 pro
2848 5540 3145 5612 apostolica
3174 5540 3491 5598 obedientia
3518 5540 3729 5599 detrusi
3739 5573 3764 5586 -

2165 5637 2259 5703 sti,
2277 5644 2336 5691 ut
2355 5649 2450 5691 eos
2474 5633 2547 5690 ad
2568 5635 2845 5707 integrum
2864 5634 3007 5690 sicut
3016 5634 3235 5706 justum
3259 5642 3366 5703 est,
3394 5642 3764 5703 restaurares,

2167 5736 2223 5785 et
2248 5729 2399 5784 illum
2429 5728 2753 5785 hareticum
2782 5729 2848 5783 L.
2880 5726 3193 5798 depositum
3232 5736 3287 5783 et
3313 5728 3769 5784 excommunica-

2166 5830 2283 5878 tum
2309 5822 2543 5895 amplius
2579 5838 2693 5879 non
2734 5829 3105 5891 sustentares,
3136 5820 3231 5879 sed
3260 5822 3439 5894 magis
3465 5820 3765 5878 ecclesiam
