4044 6186
290 254 399 323 δυ

1316 336 1317 341 η
1388 268 1581 325 LIBER
1621 272 2020 332 UNDECIMUS.
2053 306 2122 318 —
2158 281 2369 337 EPIST.
2412 284 2473 337 ll.

3477 300 3579 356 642

286 377 612 447 captivatam
637 378 705 435 de
734 381 853 453 ejus
876 385 1162 455 tyrannide
1190 397 1246 444 et
1278 395 1635 464 Oppressione
1680 397 1873 454 libera-
1902 404 1950 466 Α
1984 411 2198 459 menter
2220 407 2502 475 restituas,
2535 416 2590 463 et
2612 410 2850 481 gratiam
2872 420 3027 469 tuam
3056 417 3352 486 pristinam
3378 422 3458 477 eis
3484 422 3579 480 ha-

285 484 387 524 res.
422 472 582 539 Quod
609 473 754 544 quia,
794 476 935 532 sicut
974 480 1051 534 illi
1081 480 1264 538 adhuc
1299 484 1730 558 lacrymabiliter
1748 507 1877 547 con-

283 572 610 635 queruntur,
642 567 893 625 nondum
932 571 1158 641 pleniter
1196 578 1472 651 peregisti,
1512 582 1715 639 crebris
1743 600 1876 657 que-

280 656 535 713 rimoniis
573 675 771 716 eorum
812 661 1019 736 fatigati
1048 668 1229 726 adhuc
1272 672 1545 730 nobilitati
1585 684 1695 732 tua
1722 693 1875 734 mau-

276 750 493 816 damus,
544 760 602 808 et
642 770 710 810 ex
765 766 919 827 parte
965 760 1060 816 Dei
1106 771 1162 818 et
1208 767 1589 835 apostolorum
1616 770 1879 842 principis

274 844 647 916 praecipimus,
695 857 756 903 ut
796 852 1079 909 ecclesiam
1127 855 1193 911 de
1249 860 1512 929 pradicto
1557 864 1876 920 Antichristi

273 937 527 994 membro
551 940 771 1012 eripias,
794 944 1117 1018 clericisque
1146 951 1388 1020 pralatis
1414 969 1511 1009 sua
1541 956 1722 1011 omnia
1759 958 1875 1013 cle-

1985 495 2112 551 bere
2138 500 2450 568 permittas,
2483 510 2544 557 ut
2570 505 2719 559 Deus
2746 508 3102 577 omnipotens
3132 511 3232 566 tibi
3267 529 3426 570 suam
3456 530 3578 587 gra-

1984 591 2122 645 tiam
2153 590 2243 646 hic
2271 601 2325 647 et
2367 594 2423 647 in
2467 593 2655 652 futuro
2684 600 2886 655 saculo
2908 600 3134 669 tribuat,
3168 612 3224 659 et
3252 605 3444 663 beatus
3475 610 3575 665 Pe-

1984 690 2121 749 trus,
2161 684 2231 740 ad
2260 686 2415 757 cujus
2444 692 2795 758 prasentiam
2826 693 3149 766 confugium
3186 694 3459 768 fecerunt,
3483 701 3577 773 ja-

1987 791 2127 831 nuas
2158 778 2280 833 cmli
2324 788 2448 848 post
2496 780 2660 853 hujus
2706 786 2830 841 vita
2867 785 3082 844 felicem
3129 793 3430 847 terminum
3473 794 3574 851 tibi

1984 870 2215 938 aperiat.

1335 1105 1404 1163 In
1446 1110 1781 1186 exemplari
1823 1110 1974 1171 liber
2014 1114 2276 1174 decimus
2321 1124 2514 1178 vacat.
3477 1169 3482 1173 ε

269 1257 3568 1317 -——.____________________________

1011 1388 1367 1480 LIBER
1435 1393 2145 1492 UNDECIMUS
2214 1403 2813 1499 REGISTRI.

764 1575 1109 1632 EPISTOLA
1123 1578 1378 1636 PRIMA.

495 1686 579 1727 ΔΙ)
610 1687 950 1731 BOBBBTUM
980 1692 1261 1737 COEITBM
1289 1697 1633 1741 FLANDBI/E.

861 1773 1044 1836 (Anno
1077 1778 1255 1841 1082).

252 1855 445 1911 Monet
467 1872 535 1912 ne
563 1860 793 1917 ulterius
826 1865 1189 1921 Tervannensi
1218 1875 1662 1927 eacommum'cato
1687 1878 1851 1928 auxi-

327 1928 467 2009 lium
492 1931 661 2009 ferat,
688 1934 784 2009 sed
810 1950 868 1988 eo
894 1939 1117 2005 eapulso
1148 1942 1451 2009 episcopum
1480 1948 1728 2001 canonice
1753 1948 1852 2000 elc-

320 2005 475 2053 ctum
504 2005 791 2073 suscipiat,
819 2011 869 2059 et
896 2005 1495 2080 auxilium—impendat.

318 2092 679 2152 Gnsconms
690 2098 1000 2170 episcopus,
1013 2116 1203 2158 servus
1212 2119 1497 2161 servorum
1513 2109 1635 2176 Dei,
1652 2110 1853 2166 Roher-

244 2191 300 2239 to
345 2184 598 2257 glorioso
621 2191 829 2261 comiti,
858 2194 1094 2251 salutem
1142 2204 1200 2251 et
1233 2200 1593 2269 apostolicam
1618 2201 1843 2259 benedi-

238 2277 519 2335 ctionem.

309 2372 581 2429 Pervenit
605 2375 675 2432 ad
699 2392 861 2435 aures
884 2389 1104 2438 nostras
1131 2384 1278 2453 quod
1309 2385 1636 2443 Lambertus
1664 2388 1846 2443 inimi-

237 2479 333 2521 cus
376 2467 516 2536 Dei,
558 2476 612 2523 et
658 2470 875 2528 invasor
901 2476 1302 2534 Tervannensis
1350 2480 1632 2549 Ecclesia,
1661 2498 1763 2553 ope
1792 2491 1848 2538 et

234 2557 651 2618 sustentatione
678 2571 774 2620 tua
813 2566 993 2624 adhuc
1024 2569 1123 2625 sibi
1156 2571 1294 2627 iram
1336 2573 1438 2628 Dei
1484 2574 1843 2631 thesaurizet.

232 2652 338 2720 Qui
374 2668 515 2709 cum
548 2655 780 2715 traditus
815 2660 889 2715 sit
928 2663 1163 2730 Satana,
1194 2680 1309 2721 non
1342 2667 1607 2723 miramur
1650 2669 1696 2723 si
1725 2669 1845 2741 ejus

232 2746 487 2803 consiliis
528 2747 766 2820 ducitur,
815 2758 870 2809 et
906 2754 967 2809 in
1016 2756 1308 2828 iniquitate
1338 2758 1616 2830 perdurat.
1660 2764 1743 2815 De
1788 2770 1843 2816 te

231 2848 433 2895 autem
458 2856 574 2897 non
596 2844 777 2899 solum
811 2846 1103 2917 miramur,
1134 2849 1232 2906 sed
1276 2866 1343 2905 ex
1370 2852 1539 2908 corde
1567 2852 1840 2923 dolemus,

230 2933 382 3003 quod
420 2934 635 3005 virum,
664 2953 827 3008 quem
881 2941 1020 2997 bona
1067 2942 1212 2999 fama
1253 2945 1455 3017 passim
1483 2948 1839 3002 commenda-

230 3036 413 3095 verat,
468 3031 617 3085 mala
650 3048 797 3088 nunc
844 3033 1073 3091 intentio
1097 3036 1169 3092 ad
1210 3053 1507 3095 commune
1537 3040 1838 3111 periculum

1976 1603 2198 1647 LIELMO
2219 1592 2331 1665 regi
2354 1593 2659 1665 Anglorum
2670 1639 2685 1664 ,
2702 1597 2939 1655 salutem
2954 1608 3008 1656 et
3024 1603 3389 1673 apostolicam
3400 1604 3563 1663 bene-

1971 1683 2296 1742 dictionem.

1882 1805 1928 1869 B
2035 1811 2364 1868 Communis
2407 1827 2569 1871 amor
2609 1824 2665 1872 et
2712 1816 2922 1875 sincera
2950 1818 3190 1891 devotio,
3234 1839 3402 1895 quam
3430 1839 3557 1897 erga

1965 1902 2189 1961 beatum
2235 1909 2459 1964 Petrum
2497 1913 2809 1981 apostolum
2854 1915 3116 1986 gerimus,
3150 1931 3215 1971 ex
3244 1918 3408 1989 longo
3436 1920 3555 1989 jam

1964 2004 2213 2070 tempore
2238 2000 2381 2057 inter
2407 2019 2511 2059 nos
2540 2005 2847 2063 amicitiam
2869 2008 3077 2079 junxit,
3107 2020 3272 2083 atque
3300 2012 3442 2068 adeo
3469 2013 3554 2068 in-

1963 2092 2139 2148 vicem
2162 2094 2294 2150 inde
2322 2098 2501 2169 magis
2525 2100 2824 2167 convaluit,
2851 2103 2979 2173 quia
3009 2112 3065 2159 et
3093 2120 3194 2177 ego
3222 2113 3277 2161 te
3304 2120 3418 2176 pra
3445 2122 3551 2162 ca-

1961 2187 2095 2240 teris
2130 2189 2210 2241 tui
2255 2189 2470 2245 ordinis
2500 2194 2816 2263 apostolica
2844 2196 2959 2252 sedi
2987 2196 3246 2254 devotum
3294 2198 3553 2255 animad-

1958 2281 2115 2347 verti,
2166 2290 2220 2337 et
2257 2291 2352 2339 tua
2398 2300 2486 2340 me
2515 2286 2783 2343 claritudo
2824 2290 2969 2345 inter
3010 2290 3223 2362 aliquos
3253 2293 3551 2362 pradeces-

1957 2386 2109 2427 sores
2145 2382 2271 2431 tuos
2299 2378 2444 2433 circa
2491 2378 2761 2451 honorem
2789 2383 3107 2453 apostolica
3149 2384 3293 2441 sedis
3321 2384 3554 2442 credidit

1958 2467 2195 2537 amplius
2224 2468 2540 2527 desudasse.
2572 2475 2825 2546 Denique
2853 2492 2982 2531 cum
3012 2478 3071 2531 in
3111 2478 3275 2534 malis
3302 2478 3551 2535 moribus

1956 2556 2104 2614 idem
2131 2561 2265 2616 velle
2296 2571 2351 2618 et
2367 2564 2513 2619 nolle
2536 2568 2905 2635 perniciosam
2928 2584 3071 2640 sape
3089 2570 3395 2629 factionem
3420 2588 3551 2628 con-

1953 2650 2122 2720 ﬁciat,
2156 2669 2502 2727 consequens
2543 2659 2757 2715 videtur
2806 2670 2869 2715 ut
2912 2663 2971 2716 in
3009 2662 3171 2720 bonis
3200 2665 3361 2722 rebus
3396 2665 3546 2722 idem

1953 2744 2201 2801 studium
2232 2749 2521 2820 animique
2574 2750 2932 2821 desiderium,
2984 2755 3201 2812 diverso
3243 2759 3546 2829 quamlibet

1954 2838 2132 2907 spatio
2162 2847 2437 2897 terrarum
2462 2842 2762 2913 disjunctos
2794 2847 2854 2900 in
2880 2863 3053 2903 unum
3078 2848 3389 2906 dilectionis
3426 2852 3544 2922 glu-

1952 2931 2071 2986 tino
2100 2932 2330 3003 copulet.
2375 2937 2604 3003 Verum,
2636 2939 2761 2992 licet
2801 2940 3027 3009 quidam
3061 2944 3226 3013 regia
3251 2944 3543 3013 potestatis

1950 3039 2065 3079 non
2090 3025 2376 3083 modicum
2401 3028 2647 3098 doleant,
2679 3032 2810 3086 etin
2832 3048 2935 3088 nos
2964 3035 3268 3104 sapissime
3293 3053 3542 3093 murmu-

228 3119 374 3176 illius
406 3123 970 3197 patriaretorqueret.
994 3130 1256 3197 Unde,de
1271 3133 1457 3188 anima
1476 3141 1570 3188 tua
1594 3134 1833 3190 multum

1946 3117 2069 3172 rent
2083 3135 2141 3174 se
2153 3120 2573 3191 quodammodo
2586 3126 2871 3181 contemni
2892 3144 2905 3181 :
2922 3138 3335 3200 conquerantur
3353 3146 3411 3186 se
3426 3146 3539 3187 non

225 3213 511 3284 timentes,
542 3231 831 3275 monemus
860 3230 923 3276 ut
943 3223 1011 3277 ab
1040 3222 1141 3279 hac
1170 3226 1615 3296 pravaricatione
1644 3228 1712 3284 ad
1737 3244 1834 3284 cor

225 3308 473 3377 rediens,
500 3311 806 3367 Dominum
825 3314 881 3369 in
906 3314 1413 3388 pradictighominis
1440 3323 1834 3378 sustentatione

222 3416 332 3456 non
358 3400 643 3474 offendas,
678 3405 774 3461 sed
801 3406 871 3462 ab
898 3422 963 3463 eo
991 3409 1133 3467 sicut
1168 3427 1198 3466 a
1237 3414 1475 3483 pessimo
1514 3414 1737 3471 homine
1774 3423 1833 3471 et

223 3497 717 3554 excommunicato
746 3506 800 3555 te
840 3501 1153 3574 custodias;
1184 3506 1275 3576 qui
1304 3506 1568 3561 nimirum
1606 3508 1829 3564 audien-

223 3586 354 3642 tiam
398 3604 505 3660 pro
546 3604 736 3647 amore
760 3600 861 3649 tuo
893 3610 923 3649 a
971 3596 1131 3652 nobis
1158 3598 1262 3653 sibi
1308 3614 1626 3655 concessam
1663 3600 1829 3656 decli-

223 3695 381 3745 nans,
428 3690 612 3738 totum
657 3699 716 3739 se
759 3701 789 3739 a
829 3687 1009 3757 planta
1050 3689 1206 3761 pedis
1254 3708 1428 3765 usque
1470 3693 1539 3749 ab
1567 3694 1827 3750 verticem

222 3775 586 3832 anathemate
624 3781 946 3837 maculavit.
991 3784 1097 3839 Pro
1127 3786 1349 3855 scelere,
1386 3780 1615 3860 aliisque
1648 3788 1825 3858 culpis

222 3868 678 3939 pracedentibus,
706 3881 892 3930 sancta
933 3876 1253 3934 universalis
1282 3882 1521 3937 Ecclesia
1551 3883 1823 3953 irrecupe-

218 3960 467 4018 rabiliter
504 3962 825 4033 depositum
851 3968 1137 4025 maledixit
1156 3980 1211 4027 et
1238 3974 1742 4040 anathematizavit,
1769 3983 1826 4030 et

218 4062 504 4111 extorrem
558 4058 784 4115 omnino
846 4077 878 4117 a
919 4066 1314 4121 communione
1352 4068 1521 4123 totius
1562 4068 1823 4123 Ecclesia

217 4162 330 4204 esse
352 4148 643 4221 judicavit.
672 4155 1020 4228 Quapropter
1060 4158 1402 4217 nobilitatem
1444 4168 1601 4217 tuam
1632 4176 1819 4215 moneo

217 4255 337 4298 mus
382 4250 452 4298 ut
493 4259 605 4299 non
635 4246 815 4301 solum
856 4248 1193 4321 adjutorium
1223 4252 1325 4308 sibi
1357 4269 1471 4309 non
1509 4254 1816 4325 impendas,

218 4348 406 4391 verum
442 4337 613 4393 etiam
651 4340 872 4396 Domini
903 4344 1080 4416 gregis
1125 4340 1539 4416 multitudinem
1570 4346 1817 4403 foeditate

218 4441 308 4483 sua
320 4431 744 4489 commaculans
755 4432 825 4489 de
839 4435 1028 4492 medio
1050 4447 1292 4495 vestrum
1309 4449 1367 4495 ut
1379 4441 1660 4513 putridum
1672 4442 1815 4497 etin-

1942 3212 2021 3266 sic
2042 3212 2111 3267 ab
2128 3215 2430 3283 apostolica
2448 3215 2576 3275 sede
2590 3217 2765 3290 diligi,
2778 3235 2880 3274 nec
2895 3221 2964 3275 ita
2979 3219 3142 3277 factis
3157 3231 3251 3278 aut
3269 3225 3537 3280 sermoni-

1939 3304 2043 3359 bus
2054 3322 2148 3377 per
2164 3323 2265 3362 nos
2280 3308 2543 3365 honorari
2559 3329 2574 3378 ;
2590 3311 2823 3368 minime
2842 3322 3033 3370 tamen
3050 3331 3153 3370 nos
3169 3318 3421 3387 panitet,
3434 3334 3536 3375 nec

1939 3398 2220 3469 deinceps,
2254 3404 2373 3457 Deo
2400 3401 2646 3470 favente,
2674 3406 2983 3475 paenitebit.
3005 3410 3305 3479 Speramus
3327 3413 3532 3467 etenim

1938 3491 2276 3549 celsitudinis
2304 3501 2414 3551 tua
2444 3496 2771 3553 industriam
2802 3500 2858 3553 in
2886 3499 3079 3557 eadem
3100 3511 3313 3559 sancta
3342 3506 3533 3560 Eccle-

1936 3584 2033 3640 sia
2056 3584 2348 3642 devotione
2364 3588 2705 3661 justitiaque
2725 3591 2912 3648 studio
2940 3609 3156 3665 semper
3182 3612 3529 3665 mansuram,

1938 3693 2002 3732 ac
2018 3678 2080 3731 in
2103 3678 2301 3735 melius
2318 3682 2510 3747 etiam,
2537 3684 2844 3753 opitulante
2868 3688 3133 3753 Domino,
3157 3688 3225 3743 de
3244 3698 3443 3745 catero
3455 3690 3532 3745 dio

1934 3768 2235 3827 latandam.
2267 3773 2436 3830 Unde
2465 3777 2667 3832 merito
2695 3793 2798 3833 nos
2828 3788 3047 3850 oportet
3071 3781 3133 3835 in
3166 3780 3417 3853 ejusdem
3445 3783 3531 3839 di-

1934 3863 2182 3919 lectionis
2210 3874 2401 3922 tenore
2431 3884 2794 3939 perseverare,
2826 3872 2941 3928 imo
2983 3889 3078 3944 per
3106 3873 3527 3932 diuturnitatem

1931 3964 2270 4027 temporum,
2318 3962 2692 4018 crescentibus
2740 3966 2977 4032 meritis,
3020 3968 3196 4040 magis
3243 3984 3307 4024 ac
3351 3968 3528 4040 magis

1931 4065 2263 4108 excrescere.
2295 4055 2477 4110 Tuum
2505 4065 2693 4112 tamen
2722 4058 2933 4114 interea
2959 4074 3062 4115 nos
3089 4062 3295 4132 tangit,
3325 4069 3380 4117 et
3407 4070 3526 4117 tan-

1930 4144 2108 4215 gendo
2138 4155 2410 4218 angustat,
2443 4156 2606 4220 atque
2643 4150 2787 4207 inter
2812 4151 3076 4223 regalium
3104 4161 3329 4209 tuarum
3357 4156 3525 4211 virtu-

1928 4243 2050 4292 tum
2064 4238 2297 4311 insignia
2318 4251 2683 4298 monumenta
2703 4244 2956 4300 latitiam
2969 4247 3026 4300 in
3039 4247 3219 4304 amico
3236 4246 3524 4304 cordevio-

1927 4330 2105 4386 lenter
2132 4332 2443 4401 obnubilat,
2469 4335 2717 4391 videlicet
2738 4337 2888 4407 quod
2911 4339 2967 4392 in
2992 4339 3261 4409 capiendo
3302 4356 3519 4412 germa-

1926 4439 2061 4478 num
2084 4432 2243 4481 tuum
2269 4426 2606 4498 episcopum,
2636 4444 2750 4483 non
2773 4430 2916 4485 sicut
2934 4431 3136 4497 decuit,
3166 4436 3401 4503 propria
3426 4433 3521 4489 ho-

216 4523 680 4581 umemembmm
696 4527 877 4583 studio
889 4536 985 4586 tuo
996 4531 1274 4589 avellatur.
1291 4534 1632 4608 Iniungimus
1644 4536 1808 4591 etiam
1838 4518 1888 4579 D
1922 4519 2125 4573 nestati
2152 4519 2503 4591 prospiciens,
2534 4521 2627 4578 sed
2646 4522 2965 4579 sacularem
2986 4525 3257 4581 cautelam
3280 4534 3335 4581 et
3352 4528 3517 4582 ratio-

208 4614 479 4673 nobilitati
496 4626 609 4674 tua
629 4626 691 4674 ut
710 4620 780 4676 G.
794 4664 805 4674 .
817 4661 828 4673 .
841 4664 874 4677 ..
890 4623 1198 4681 Gerardum
1212 4627 1470 4683 canonice
1483 4616 1739 4697 electum,
1756 4638 1811 4684 et

212 4709 518 4766 Ecclesiam
543 4714 990 4771 Tervannensem
1017 4719 1348 4788 perostium,
1377 4721 1428 4776 id
1455 4730 1533 4776 est
1547 4739 1641 4793 per
1662 4722 1811 4778 Chri—

208 4808 360 4857 stum
388 4804 807 4877 ingredientem,
832 4808 1059 4866 honeste
1079 4821 1135 4868 et
1154 4813 1296 4869 sicut
1310 4814 1466 4869 decet
1483 4816 1806 4888 suscipiatis,

209 4901 259 4948 et
292 4896 346 4951 ei
380 4901 715 4967 pastoralem
747 4901 1069 4961 exhibentes
1100 4908 1479 4976 reverentiam,
1514 4910 1808 4966 consilium

209 4994 259 5042 et
275 4991 545 5048 auxilium
577 4994 914 5065 impendatis
946 5014 961 5054 :
991 5006 1054 5052 ut
1080 5000 1173 5071 qui
1209 5001 1267 5054 in
1293 5001 1467 5058 altero
1497 5005 1806 5060 Dominum

210 5079 545 5155 offendistis,
563 5102 663 5158 per
678 5086 827 5145 hunc
848 5090 951 5161 ipsi
972 5094 1091 5148 Deo
1106 5100 1160 5147 et
1180 5092 1343 5151 beato
1355 5098 1517 5152 Petro
1526 5096 1804 5167 justitiam

215 5184 449 5235 vestram
473 5180 904 5240 commendetis.

967 5289 1038 5343 Π.

422 5405 505 5445 AD
545 5405 947 5449 GUILIRLMUM
981 5409 1193 5451 BEGBM
1226 5410 1588 5458 ANGLOBUM.

804 5493 991 5555 (Anno
1027 5494 1207 5556 1083.)

208 5566 585 5633 Commemorat
625 5584 870 5635 mutuam
928 5580 1069 5637 inter
1111 5600 1167 5639 se
1214 5584 1565 5642 dilectionem.
1644 5588 1800 5643 Dolet

275 5648 419 5713 Quod
452 5653 753 5722 episcopum
782 5669 1099 5722 germanum
1136 5656 1253 5724 ejus
1287 5662 1347 5713 in
1377 5675 1634 5713 carcerem
1660 5660 1800 5727 inje-

277 5722 423 5772 cernit.

275 5808 556 5873 Gnaeonl
565 5830 639 5873 us
658 5820 967 5890 episcopus,
985 5835 1175 5877 servus
1190 5835 1479 5880 servorum
1506 5826 1636 5893 Dei,
1654 5826 1801 5882 Gm-

1920 4627 2049 4667 nem
2063 4611 2265 4667 divina
2278 4613 2380 4685 legi
2394 4629 2740 4685 praponens,
2753 4617 3143 4673 sacerdotalem
3155 4621 3516 4677 reverentiam

1920 4705 2107 4760 minus
2145 4706 2430 4776 vigilanter
2463 4708 2759 4763 attendisti.
2810 4712 2879 4765 Et
2914 4710 3139 4781 quidem
3189 4728 3302 4769 non
3349 4713 3516 4771 latere

1920 4805 2075 4852 tuam
2104 4799 2459 4868 prudentiam
2487 4800 2763 4857 credimus
2789 4804 3057 4875 scriptum
3098 4821 3235 4873 esse,
3267 4808 3416 4879 quod
3444 4807 3515 4864 de

1918 4889 2295 4947 sacerdotibus
2310 4894 2552 4949 maxime
2571 4903 2789 4966 oportet
2804 4897 3034 4970 intelligi
3050 4916 3062 4952 :
3089 4901 3194 4966 Qui
3206 4917 3295 4956 vos
3311 4905 3510 4971 tangit,

1918 4987 2092 5053 tangit
2109 4985 2384 5056 pupillam
2412 4991 2558 5043 oculi
2572 4993 2680 5045 mei
2695 4990 2880 5061 (Zach.
2913 5000 3015 5060 II);
3051 5003 3106 5049 et
3123 4994 3251 5051 alibi
3296 5000 3512 5055 :Nolite

1916 5082 2136 5147 tangere
2164 5079 2393 5137 christos
2408 5099 2546 5139 meos
2565 5087 2641 5150 (II
2658 5087 2842 5141 Paral.
2864 5091 2997 5154 xvr)
3025 5105 3040 5142 :
3063 5096 3117 5143 et
3134 5089 3279 5161 quod
3296 5091 3508 5146 Domi-

1916 5187 2022 5227 nus
2060 5174 2177 5245 ipse
2205 5175 2581 5233 sacerdotibus
2624 5179 2749 5234 licet
2776 5181 2959 5251 pravis
2998 5189 3053 5237 et
3079 5182 3233 5238 valde
3266 5183 3510 5255 indignis

1914 5264 2186 5323 honorem
2243 5268 2452 5326 deferre
2507 5286 2621 5328 non
2672 5274 2746 5327 sit
2806 5273 3153 5348 dedignatus.
3209 5279 3331 5349 Qua
3385 5293 3505 5333 rem

1914 5358 2020 5429 pia
2049 5362 2336 5418 memoria
2366 5365 2767 5421 Constantinus
2797 5368 3109 5439 pracipuus
3133 5367 3384 5425 videlicet
3406 5371 3511 5425 im-

1912 5462 2134 5522 perator
2150 5454 2479 5527 intelligens,
2500 5459 2559 5511 in
2580 5460 2803 5515 Nicana
2826 5461 3035 5531 synodo
3062 5462 3270 5518 nullam
3296 5464 3358 5519 in
3385 5466 3506 5536 epi-

1911 5561 2107 5617 scopos
2142 5547 2213 5603 ab
2239 5549 2371 5619 ipsis
2399 5552 2569 5607 etiam
2604 5554 2876 5624 episcopis
2900 5556 3306 5613 accusationem
3332 5556 3507 5613 voluit

1910 5641 2205 5711 suscipere,
2235 5642 2559 5715 nullumque
2601 5655 2792 5702 contra
2818 5663 2911 5702 eos
2932 5648 3205 5718 judicium
3234 5664 3502 5720 prasum-

1909 5734 2018 5804 psit
2046 5732 2265 5802 inferre,
2296 5735 2486 5793 dicens
2528 5756 2541 5792 :
2585 5741 2697 5795 Vos
2736 5739 2813 5795 dii
2842 5740 2975 5794 estis
3003 5757 3034 5795 a
3061 5756 3188 5795 vero
3216 5744 3335 5795 Deo
3361 5756 3499 5796 con-

1907 5828 2085 5882 stituti
2117 5845 2130 5882 :
2162 5828 2289 5885 ideo
2318 5846 2433 5886 non
2462 5839 2680 5902 oportet
2707 5841 2769 5885 ut
2795 5848 2899 5887 nos
2919 5832 3175 5887 homines
3202 5831 3334 5887 deos
3365 5846 3499 5902 pra-
