4044 6186
536 259 637 316 643

1485 254 1539 308 5.
1581 251 1902 309 GHEGORII
1940 253 2032 308 VII
2069 253 2265 308 PAPzE
2301 251 2577 308 OPERUM
2613 250 2784 306 PARS
2821 249 2910 305 II..-

3613 217 3620 219 ’
3715 213 3816 306 ω

533 397 823 442 sumamus
841 381 1086 454 judicare
1111 381 1424 444 (Rurmus,
1452 377 1548 432 lib.
1577 392 1620 445 ι,
1641 392 1762 448 cap.
1789 384 1841 447 2,
1871 379 2124 433 Historia
2159 381 2211 444 Α
2235 376 2399 432 mitas
2456 374 2774 448 episcopalis
2833 373 2996 430 nullis
3058 372 3258 444 poterit
3281 403 3296 408 -
3317 372 3822 444 comparationibus

534 480 931 542 ecclesiasticae).
978 477 1193 544 Quanta
1236 471 1404 526 etiam
1433 471 1507 526 sit
1549 471 1843 528 sacerdotii
1861 471 2124 545 dignitas,

535 581 851 645 quantaque
874 567 1184 622 sublimitas
1204 565 1548 636 episcopalis,
1575 565 1768 622 beatus
1797 565 2128 621 Ambrosius

533 665 728 720 doctor
753 661 961 717 scilicet
1001 659 1240 715 eximius
1275 668 1516 715 vestram
1545 662 1736 716 doceat
1781 659 2123 732 magnitudi-

531 771 685 822 nem,
715 761 1065 824 vestramque
1092 753 1329 808 instruat
1347 751 1726 824 prudentiam;
1761 753 1822 808 in
1851 752 2122 808 Pastorali

530 863 628 904 suo
665 847 741 902 sic
770 862 981 917 ponens
1028 864 1042 900 :
1079 871 1102 893 «
1147 848 1339 901 Honor
1389 846 1578 917 igitur,
1620 844 1838 913 fratres,
1874 853 1930 901 et
1957 844 2122 901 subli-

2237 470 2537 542 adaquari.
2568 469 2621 527 Si
2649 485 2848 542 regum
2880 466 3080 540 fulgori
3108 483 3412 539 compares,
3437 475 3492 521 et
3512 467 3817 538 principum

2233 564 2552 630 diademati,
2585 563 2748 635 longe
2774 561 2878 618 erit
2905 559 3154 628 inferius,
3185 576 3350 632 quam
3375 561 3421 616 si
3468 560 3673 631 plumbi
3709 577 3821 616 me-

2230 658 2426 714 tallum
2457 657 2524 714 ad
2561 656 2682 714 auri
2716 655 2992 728 fulgorem
3016 670 3301 726 compares
3343 657 3420 720 (S.
3457 658 3820 718 Aunnosws,

2228 756 2306 808 De
2334 752 2598 821 dignitate
2621 751 2949 818 sacerdotii).
2984 773 3008 798 η
3047 751 3263 804 Catena
3288 749 3502 804 desunt.

1139 1238 1830 1400 SANCTI
1929 1241 2860 1398 GREGORII
2947 1243 3226 1394 VII

1843 1508 2214 1564 PONTIFICIS
2251 1508 2511 1563 ROMANI

1459 1690 1898 1812 0PERUM
1988 1690 2268 1809 PARS
2363 1688 2892 1806 SECUNDA.

848 1964 1477 2055 EPlSTOLfE
1546 1965 1973 2056 EXTRA
2041 1963 2740 2056 REGISTRUM
2809 1960 3498 2057 VAGANTES.

1295 2368 1344 2421 1.

526 2482 782 2554 Epistola
803 2482 1048 2551 Gregorii
1076 2483 1182 2538 VII
1190 2481 1262 2534 ad
1281 2483 1651 2554 Lanfrancum
1678 2483 2118 2537 Cantuariensem

595 2552 916 2681 episcopum.
970 2557 1045 2610 De
1093 2552 1512 2622 difﬁcultatibus
1582 2554 1859 2622 regiminis
1913 2557 2120 2623 aposto-

619 2642 654 2681 a
680 2641 765 2681 us.

1115 2713 1298 2778 (Anno
1316 2714 1497 2778 1078.)

918 2804 1146 2878 [ΜΑιιει
1175 2805 1371 2861 Concil.
1411 2806 1549 2871 XX,
1577 2803 1726 2877 274.]

597 2901 952 2958 Gnnconws
977 2898 1285 2970 episcopus,
1307 2913 1496 2954 servus
1519 2913 1806 2954 servorum
1833 2899 1960 2966 Dei,
1989 2896 2118 2954 cha-

548 2995 746 3049 issimo
771 2993 929 3050 fratri
947 2993 1007 3047 in
1027 2992 1244 3048 Christo
1269 2993 1648 3048 LANFBANCO
1662 2991 1963 3049 venerabili
1985 2992 2100 3048 Can

525 3087 834 3142 tuariorum
881 3086 1317 3157 archiepiscopo,
1372 3086 1605 3142 salutem
1657 3093 1714 3140 et
1754 3084 2115 3156 apostolicam

526 3179 996 3236 benedictionem.

597 3274 847 3344 Qualiter
873 3273 1035 3330 nobis
1053 3273 1339 3344 apostolici
1368 3271 1654 3345 regiminis
1682 3271 1864 3328 honor
1891 3280 1947 3328 et
1973 3288 2115 3329 onus

525 3368 848 3439 impositum
875 3368 962 3436 sit,
993 3375 1050 3424 et
1071 3368 1292 3438 quantis
1316 3367 1561 3439 undique
1581 3366 1921 3439 stringamur
1944 3383 2116 3439 angu-

522 3462 662 3530 stiis,
693 3461 1052 3534 prensantium
1091 3461 1191 3517 tibi
1223 3462 1458 3532 portitor
1499 3459 1783 3528 indicabit,
1811 3461 2112 3532 cuirespe-

522 3563 618 3611 ctu
657 3563 770 3612 tua;
815 3555 1121 3612 dilectionis
1171 3555 1339 3610 etiam
1383 3554 1647 3611 nonnulla
1687 3554 1888 3610 nostris
1935 3554 2114 3612 adhuc

523 3646 888 3703 familiaribus
914 3647 1126 3704 occulta
1155 3647 1489 3717 aperuimus.
1517 3649 1600 3703 De
1623 3655 1822 3703 caatero
1847 3647 1904 3703 in
1928 3646 2118 3718 primis

519 3738 920 3795 fraternitatem
983 3749 1139 3796 tuam
1186 3755 1448 3812 rogamus
1497 3747 1560 3795 ut
1606 3743 1783 3796 Deum
1825 3757 1924 3812 pro
1957 3741 2117 3797 nobis

514 3832 720 3905 jugiter
742 3847 969 3888 exorare
1010 3848 1124 3888 non
1151 3831 1352 3903 pigeat,
1380 3839 1434 3886 et
1465 3831 1716 3888 subditos
1750 3833 1850 3888 sibi
1882 3834 1962 3889 vel
1987 3849 2116 3890 con-

516 3927 741 3998 junctos
767 3924 1024 3979 fraternis
1068 3939 1169 3980 nos
1211 3924 1325 3979 suis
1353 3923 1698 3980 orationibus
1741 3925 1889 3996 apud
1938 3927 2114 4002 Deum

515 4019 707 4091 juvare
735 4025 1104 4074 commoneat.
1150 4017 1334 4085 Qanto
1375 4018 1524 4073 enim
1566 4017 1622 4072 in
1652 4016 1847 4087 majori
1880 4018 2116 4088 periculo

521 4111 684 4186 positi
706 4127 920 4180 sumus,
933 4118 1087 4167 tanto
1102 4111 1341 4181 amplius
1359 4110 1471 4166 tuis
1489 4117 1545 4166 et
1563 4109 1840 4166 bonorum
1862 4111 2114 4169 omnium

521 4205 793 4279 suffragiis
829 4205 1156 4276 indigemus.
1187 4206 1303 4260 Nos
1329 4205 1533 4260 etenim
1556 4205 1603 4260 si
1627 4203 1823 4261 divinae
1853 4204 2114 4263 vindictae

511 4299 785 4373 judicium
807 4298 1050 4372 effugere
1071 4298 1346 4365 volumus,
1372 4306 1566 4354 contra
1589 4298 2110 4372 multosinsurgere,

521 4403 576 4452 et
598 4411 694 4451 eos
737 4395 792 4451 in
821 4393 1070 4450 animam
1097 4400 1345 4450 nostram
1375 4408 1673 4464 provocare
1709 4393 2109 4464 compellimur.

518 4493 662 4546 Nam
681 4488 818 4546 dum
846 4503 1043 4545 omnes
1071 4486 1204 4554 fere,
1244 4487 1389 4542 sicut
1411 4486 1488 4541 ait
1515 4485 1837 4557 Apostolus,
1863 4502 1988 4559 quae
2015 4503 2111 4543 sua

520 4590 667 4649 sunt,
707 4599 819 4640 non
863 4597 986 4653 quae
1027 4583 1153 4637 Jesu
1192 4579 1412 4646 Christi,
1461 4588 1717 4651 quaerunt
1758 4580 1979 4651 (Philip.
2014 4585 2109 4647 ιι),

517 4689 821 4745 regnorum
864 4673 1154 4746 principes,
1199 4683 1256 4729 et
1295 4673 1460 4745 hujus
1503 4672 1691 4729 mundi
1738 4681 2004 4745 potentes,
2051 4681 2112 4730 ut

387 4788 392 4800 τ
441 4823 445 4826 ,
518 4768 847 4840 cupiditates
888 4783 1017 4824 suas
1046 4768 1318 4840 expleant,
1370 4767 1549 4839 legem
1598 4766 1698 4823 Dei
1738 4775 1793 4823 et
1835 4767 2109 4839 justitiam

523 4878 637 4919 non
657 4861 778 4933 jam
806 4860 1141 4933 negligenter
1170 4861 1453 4928 deserunt,
1491 4861 1592 4916 sed
1619 4863 1854 4918 summis
1899 4863 2107 4918 conati-

515 4956 619 5011 bus
643 4955 978 5026 impugnant
1006 4972 1018 5010 :
1052 4962 1114 5009 ut
1143 4953 1275 5009 illud
1303 4953 1586 5025 prophetae
1621 4971 1769 5010 nunc
1794 4955 1897 5010 sub
1934 4956 2106 5010 oculis

2147 2371 2194 2432 B
2227 2366 2431 2434 losum,
2461 2365 2718 2422 resistere
2752 2373 2939 2422 autem
2981 2373 3037 2422 et
3073 2380 3269 2423 eorum
3309 2365 3611 2437 nequitiam
3659 2366 3826 2424 refre-

2227 2474 2381 2528 nare,
2409 2473 2583 2529 quam
2623 2457 2848 2514 difﬁcile
2875 2458 2968 2526 sit,
3001 2466 3096 2514 tua
3148 2458 3440 2530 prudentia
3487 2460 3665 2516 novit.
3716 2460 3823 2518 Sed

2226 2552 2490 2624 quoniam
2511 2568 2654 2624 quos
2675 2551 2893 2609 dolores
2919 2553 3061 2608 inter
3087 2551 3184 2608 has
3208 2553 3487 2624 patiamur
3515 2555 3822 2624 angustias,

2225 2653 2288 2701 ut
2319 2661 2482 2716 supra
2529 2646 2795 2713 diximus,
2843 2645 2970 2702 huic
3009 2647 3295 2702 communi
3342 2646 3458 2702 ﬁlio
3485 2655 3678 2703 nostro
3717 2647 3819 2703 tibi

2223 2738 2572 2796 referendum
2625 2740 2935 2797 exemimus
2987 2740 3390 2808 [exaravimus],
3430 2740 3583 2812 plura
3630 2739 3705 2796 de
3731 2740 3821 2797 his

2222 2831 2405 2889 dicere
2435 2832 2874 2904 supersedemus.
2908 2836 3085 2890 Tuam
3111 2849 3240 2890 vero
3269 2833 3700 2902 fraternitatem,
3720 2836 3824 2891 etsi

2224 2928 2496 2983 monitore
2526 2942 2637 2982 non
2663 2935 2836 2998 egeat,
2863 2927 3176 2998 impellente
3209 2936 3400 2984 tamen
3428 2943 3532 2984 nos
3559 2929 3824 2985 sollicitu-

2223 3018 2372 3090 dine,
2419 3018 2789 3077 admonemus
2825 3029 3098 3092 quatenus
3126 3021 3387 3094 graviora
3430 3037 3825 3094 usquequaque

2223 3127 2466 3168 resecare
2486 3113 2620 3170 vitia
2643 3113 2858 3170 studeat
2887 3131 2902 3170 :
2929 3124 3009 3183 et,
3040 3115 3185 3171 inter
3211 3115 3402 3172 omnia
3429 3122 3482 3171 et
3510 3131 3623 3187 prie
3650 3117 3826 3173 omni-

2223 3205 2346 3275 bus,
2375 3205 2534 3262 nefas
2557 3206 2707 3278 quod
2735 3207 2804 3264 de
2831 3209 3012 3264 Scotis
3038 3208 3373 3277 audivimus,
3397 3208 3551 3281 quod
3573 3209 3826 3282 plerique

2223 3298 2470 3356 videlicet
2510 3301 2762 3371 proprias
2802 3316 3003 3358 uxores
3028 3318 3148 3360 non
3173 3303 3352 3359 solum
3393 3302 3683 3372 deserunt,
3727 3303 3827 3360 sed

2221 3393 2389 3449 etiam
2415 3393 2680 3463 vendunt,
2704 3393 2960 3451 omnibus
2976 3395 3160 3452 modis
3184 3395 3477 3468 prohibere
3495 3397 3823 3454 contendat.

2221 3485 2303 3542 Ad
2325 3486 2444 3543 haec
2471 3487 2619 3543 enim
2649 3487 2948 3558 apostolica
2975 3489 3303 3545 auctoritate
3339 3488 3543 3546 fultum
3570 3504 3700 3547 esse
3734 3507 3829 3548 vo-

2220 3581 2424 3649 lumus,
2455 3589 2518 3637 ut
2538 3597 2650 3638 non
2673 3581 2855 3638 solum
2875 3582 2932 3637 in
2957 3583 3135 3638 Scotis
3163 3581 3269 3638 hoc
3295 3582 3494 3652 scelus,
3523 3582 3624 3639 sed
3651 3586 3825 3642 etiam

2145 3707 2187 3768 C
2229 3673 2288 3728 in
2317 3675 2462 3743 aliis,
2493 3676 2540 3730 si
2581 3691 2720 3747 quos
2752 3675 2810 3731 in
2850 3675 3165 3749 Anglorum
3193 3675 3373 3732 insula.
3412 3676 3551 3733 tales
3578 3693 3710 3735 esse
3733 3695 3826 3735 co-

2221 3768 2504 3839 gnoveris;
2541 3767 2678 3824 dura
2713 3769 3188 3827 animadversione
3230 3771 3444 3842 punias,
3489 3778 3547 3827 et
3569 3771 3824 3828 radicem

2221 3859 2359 3915 tanti
2398 3860 2531 3917 mali
2567 3861 2821 3932 prudenti
2857 3863 3074 3921 sarculo
3099 3863 3456 3920 correctionis
3483 3863 3711 3936 penitus
3737 3881 3826 3922 ex-

2219 3954 2451 4025 stirpare
2483 3969 2595 4011 non
2632 3953 2879 4014 diﬂ'eras.
3784 3975 3790 3982 '

2976 4071 3052 4125 Π.

2220 4159 2462 4250 Epistola
2489 4159 2963 4250 gregariiyn
2997 4161 3284 4250 monachos
3307 4163 3486 4250 Vallis
3517 4164 3828 4250 Umbrosre.

2291 4233 2440 4300 Ipsos
2483 4235 2704 4288 Joannis
2752 4235 3038 4292 Gualberti
3088 4235 3299 4290 abbatis
3355 4237 3830 4294 Vallumbrosiani

2291 4304 2583 4373 discipulos
2611 4305 2690 4359 ad
2725 4307 3084 4359 imitationem
3120 4308 3372 4375 magistri
3410 4307 3691 4364 hortatur.

2774 4386 2794 4405 ’
2825 4400 3006 4464 (Anno
3030 4405 3209 4465 1073.)

2611 4488 2845 4561 Miami,
2879 4493 3072 4548 Concil.
3107 4495 3244 4560 XX,
3272 4496 3421 4562 374.]

2289 4582 2651 4639 Gnnaomus
2676 4583 2988 4656 episcopus,
3018 4601 3206 4642 servus
3231 4603 3516 4646 servorum
3547 4587 3682 4656 Dei,
3715 4589 3827 4644 cle-

2217 4675 2366 4742 ricis,
2406 4677 2719 4749 monachis,
2768 4677 3113 4750 disciplinam
3155 4689 3364 4738 sanctae
3411 4680 3828 4747 recordationis

2214 4769 2447 4826 Joannis
2492 4769 2774 4828 Gualberti
2815 4772 3026 4828 abbatis
3074 4773 3442 4846 imitantibus,
3469 4774 3720 4834 salutem
3769 4783 3829 4832 et

2215 4863 2576 4935 apostolicam
2589 4863 3056 4922 benedictionem.

2286 4957 2441 5013 Licet
2468 4958 2793 5014 veneranda:
2819 4960 3103 5017 memoria:
3131 4960 3396 5019 eumdem
3416 4965 3698 5020 Joannem
3725 4979 3825 5036 pa-

513 5047 800 5105 videamus
839 5048 1130 5119 impletum
1171 5066 1188 5101 :
1239 5048 1546 5103 Astiterunt
1607 5063 1754 5117 reges
1815 5053 1990 5111 terrai,
2050 5053 2101 5102 et
2126 5056 2177 5118 ι)
2216 5057 2358 5106 trem
2393 5057 2636 5108 vestrum
2664 5054 2942 5127 corporeis
2979 5054 3150 5110 oculis
3176 5071 3291 5112 non
3332 5055 3651 5126 viderimus,
3687 5059 3826 5131 quia

447 5129 454 5136 ’
507 5145 780 5213 primipes
821 5145 1170 5196 convenerunt
1205 5141 1271 5194 in
1310 5157 1477 5194 unum
1532 5140 1786 5196 adversus
1821 5143 2108 5195 Dominum

513 5240 565 5291 et
592 5236 844 5290 adversus
875 5234 1143 5290 Christum
1181 5233 1296 5302 ejus
1324 5233 1493 5303 (Psal.
1528 5236 1618 5298 ιι).
1666 5232 1924 5303 Episcopi
1951 5248 2102 5305 vero,

513 5337 570 5384 et
613 5329 707 5400 qui
745 5328 996 5400 pastores
1040 5325 1355 5382 animarum
1396 5339 1516 5382 esse
1559 5325 1857 5393 deberent,
1907 5327 2100 5384 mundi

508 5421 740 5494 gloriam
771 5429 830 5477 et
857 5419 1080 5476 delicias
1109 5420 1293 5475 carnis
1327 5418 1620 5475 insatiabili
1659 5418 1932 5476 desiderio
1974 5436 2105 5491 pro-

510 5523 819 5587 sequentes,
842 5531 958 5570 non
973 5513 1151 5570 solum
1170 5515 1228 5568 in
1250 5513 1552 5585 semetipsis
1577 5529 1699 5585 quae
1723 5522 1935 5581 sancta,
1957 5529 2106 5584 qum-

483 5593 615 5682 que
669 5617 798 5666 sunt
841 5608 1096 5680 religiosa
1145 5606 1509 5675 confundunt,
1556 5616 1610 5663 et
1672 5606 1810 5680 [sed]
1851 5607 2102 5664 subditos

511 5719 642 5762 suos
670 5703 742 5760 ad
769 5715 937 5760 omne
978 5701 1137 5759 nefas
1164 5717 1405 5774 Operum
1439 5717 1669 5758 suorum
1695 5702 1950 5773 exemplo
1981 5719 2100 5774 per-

505 5797 752 5855 trahunt.
785 5797 998 5868 Quibus
1024 5812 1136 5854 non
1179 5796 1450 5854 contraire
1494 5813 1660 5870 quam
1691 5796 1853 5852 nobis
1892 5796 2102 5867 pericu-

2214 5151 2403 5199 tamen
2431 5143 2563 5200 fidei
2603 5146 2722 5217 ejus
2749 5146 2958 5215 puritas
2987 5146 3039 5202 in
3068 5149 3280 5206 Tuscia
3306 5149 3556 5221 partibus
3584 5151 3824 5208 mirabi.

2216 5235 2340 5292 liter
2362 5236 2720 5308 resplenduit,
2752 5239 2992 5295 multum
3020 5255 3145 5298 eum
3175 5258 3362 5298 amore
3388 5242 3711 5314 dileximus,
3747 5243 3825 5300 ad

2213 5328 2366 5400 cujus
2398 5339 2601 5386 sanctae
2643 5333 3074 5389 conversationis
3109 5334 3379 5404 studium,
3410 5338 3668 5408 quamvis
3719 5353 3824 5393 vos

2213 5422 2516 5478 imitatores
2558 5439 2672 5479 non
2726 5425 3078 5498 ambigimus,
3123 5435 3182 5484 ut
3245 5428 3401 5500 vigor
3457 5428 3824 5487 rectitudinis

2211 5524 2402 5572 vestrae
2429 5515 2497 5572 ad
2535 5518 2934 5590 exstirpendam
2960 5520 3027 5577 de
3054 5537 3186 5593 agro
3213 5523 3510 5579 Dominico
3537 5524 3822 5580 zizaniam

2209 5608 2494 5665 sollicitius
2539 5610 2806 5682 invigilet,
2866 5614 3236 5687 attentiusque
3280 5614 3513 5685 ferveat,
3562 5625 3824 5688 paternae

2206 5701 2362 5757 vobis
2390 5702 2790 5762 exhortationis
2830 5707 2991 5762 verba
3023 5707 3418 5779 impendimus.
3450 5713 3562 5766 Vos
3593 5709 3820 5782 itaque,

2207 5795 2563 5865 dilectissimi,
2604 5798 2663 5855 in
2698 5807 2972 5870 quantum
3017 5799 3260 5859 humana
3308 5801 3639 5877 possibilitas
3681 5817 3824 5874 per-
