  <div class='ocr_page' id='page_1' title='image "/cluster/home/n/w/nwhite01/storage/ocr_20150623/148/hvd.32044054760061/328.png"; bbox 0 0 4044 6164; ppageno 0'>
   <div class='ocr_carea' id='block_1_1' title="bbox 168 179 258 234">
    <p class='ocr_par' dir='ltr' id='par_1_1' title="bbox 168 179 258 234">
     <span class='ocr_line' id='line_1_1' title="bbox 168 179 258 234; baseline 0.022 -2"><span class='ocrx_word' id='word_1_1' title='bbox 168 179 258 234; x_wconf 73' lang='grc'><strong>645</strong></span> 
     </span>
    </p>
   </div>
   <div class='ocr_carea' id='block_1_2' title="bbox 1076 170 2509 243">
    <p class='ocr_par' dir='ltr' id='par_1_2' title="bbox 1076 170 2509 243">
     <span class='ocr_line' id='line_1_2' title="bbox 1076 170 2509 243; baseline -0.003 -14"><span class='ocrx_word' id='word_1_2' title='bbox 1076 174 1419 243; x_wconf 67' lang='lat' dir='ltr'><strong>EPISTOL/E</strong></span> <span class='ocrx_word' id='word_1_3' title='bbox 1458 172 1677 228; x_wconf 75' lang='lat' dir='ltr'><strong>EXTRA</strong></span> <span class='ocrx_word' id='word_1_4' title='bbox 1717 170 2100 228; x_wconf 72' lang='grc' dir='ltr'><strong>ΒεϐῐὸτῆοΜ</strong></span> <span class='ocrx_word' id='word_1_5' title='bbox 2136 172 2509 228; x_wconf 80' lang='lat' dir='ltr'><strong>VAGANTES.</strong></span> 
     </span>
    </p>
   </div>
   <div class='ocr_carea' id='block_1_3' title="bbox 3340 180 3440 234">
    <p class='ocr_par' dir='ltr' id='par_1_3' title="bbox 3340 180 3440 234">
     <span class='ocr_line' id='line_1_3' title="bbox 3340 180 3440 234; baseline 0.03 -3"><span class='ocrx_word' id='word_1_6' title='bbox 3340 180 3440 234; x_wconf 63' lang='grc'><strong>646</strong></span> 
     </span>
    </p>
   </div>
   <div class='ocr_carea' id='block_1_4' title="bbox 169 296 3441 371">
    <p class='ocr_par' dir='ltr' id='par_1_4' title="bbox 169 296 3441 371">
     <span class='ocr_line' id='line_1_4' title="bbox 169 296 3441 371; baseline -0.001 -14"><span class='ocrx_word' id='word_1_7' title='bbox 169 302 342 370; x_wconf 81' lang='lat' dir='ltr'><strong>mittit,</strong></span> <span class='ocrx_word' id='word_1_8' title='bbox 381 301 552 356; x_wconf 89' lang='lat' dir='ltr'><strong>vitam</strong></span> <span class='ocrx_word' id='word_1_9' title='bbox 592 300 741 355; x_wconf 90' lang='lat' dir='ltr'><strong>illius</strong></span> <span class='ocrx_word' id='word_1_10' title='bbox 782 307 1093 371; x_wconf 82' lang='lat' dir='ltr'><strong>sequentes,</strong></span> <span class='ocrx_word' id='word_1_11' title='bbox 1125 307 1179 355; x_wconf 92' lang='lat' dir='ltr'><strong>et</strong></span> <span class='ocrx_word' id='word_1_12' title='bbox 1207 314 1333 354; x_wconf 88' lang='lat' dir='ltr'><strong>vere</strong></span> <span class='ocrx_word' id='word_1_13' title='bbox 1371 298 1515 353; x_wconf 86' lang='lat' dir='ltr'><strong>ﬁlios</strong></span> <span class='ocrx_word' id='word_1_14' title='bbox 1544 298 1662 369; x_wconf 87' lang='lat' dir='ltr'><strong>ejus</strong></span> <span class='ocrx_word' id='word_1_15' title='bbox 1688 306 1741 352; x_wconf 89' lang='lat' dir='ltr'><strong>et</strong></span> <span class='ocrx_word' id='word_1_16' title='bbox 1771 303 1821 363; x_wconf 80' lang='grc' dir='ltr'>Α</span> <span class='ocrx_word' id='word_1_17' title='bbox 1852 297 2195 353; x_wconf 89' lang='lat' dir='ltr'><strong>ministrandi</strong></span> <span class='ocrx_word' id='word_1_18' title='bbox 2249 298 2431 353; x_wconf 89' lang='lat' dir='ltr'><strong>locum</strong></span> <span class='ocrx_word' id='word_1_19' title='bbox 2459 296 2713 352; x_wconf 83' lang='lat' dir='ltr'><strong>habeant.</strong></span> <span class='ocrx_word' id='word_1_20' title='bbox 2748 296 2825 352; x_wconf 89' lang='lat' dir='ltr'><strong>llli</strong></span> <span class='ocrx_word' id='word_1_21' title='bbox 2874 312 3092 369; x_wconf 88' lang='lat' dir='ltr'><strong>quoque</strong></span> <span class='ocrx_word' id='word_1_22' title='bbox 3119 299 3212 369; x_wconf 88' lang='lat' dir='ltr'><strong>qui</strong></span> <span class='ocrx_word' id='word_1_23' title='bbox 3252 300 3441 355; x_wconf 81' lang='lat' dir='ltr'><strong>Eccle-</strong></span> 
     </span>
    </p>
   </div>
   <div class='ocr_carea' id='block_1_5' title="bbox 170 390 1741 463">
    <p class='ocr_par' dir='ltr' id='par_1_5' title="bbox 170 390 1741 463">
     <span class='ocr_line' id='line_1_5' title="bbox 170 390 1741 463; baseline -0.004 -12"><span class='ocrx_word' id='word_1_24' title='bbox 170 395 393 452; x_wconf 63' lang='lat' dir='ltr'><strong>haeredes</strong></span> <span class='ocrx_word' id='word_1_25' title='bbox 416 394 583 449; x_wconf 73' lang='lat' dir='ltr'><strong>Simili</strong></span> <span class='ocrx_word' id='word_1_26' title='bbox 615 410 709 449; x_wconf 92' lang='lat' dir='ltr'><strong>vos</strong></span> <span class='ocrx_word' id='word_1_27' title='bbox 733 393 1151 449; x_wconf 80' lang='lat' dir='ltr'><strong>conversatione</strong></span> <span class='ocrx_word' id='word_1_28' title='bbox 1178 392 1489 463; x_wconf 83' lang='lat' dir='ltr'><strong>probantes,</strong></span> <span class='ocrx_word' id='word_1_29' title='bbox 1514 390 1741 445; x_wconf 85' lang='lat' dir='ltr'><strong>viriliter</strong></span> 
     </span>
    </p>
   </div>
   <div class='ocr_carea' id='block_1_6' title="bbox 168 483 1743 560">
    <p class='ocr_par' dir='ltr' id='par_1_6' title="bbox 168 483 1743 560">
     <span class='ocr_line' id='line_1_6' title="bbox 168 483 1743 560; baseline -0.004 -17"><span class='ocrx_word' id='word_1_30' title='bbox 168 490 312 560; x_wconf 90' lang='lat' dir='ltr'><strong>agite,</strong></span> <span class='ocrx_word' id='word_1_31' title='bbox 334 495 389 543; x_wconf 89' lang='lat' dir='ltr'><strong>et</strong></span> <span class='ocrx_word' id='word_1_32' title='bbox 408 485 809 543; x_wconf 89' lang='lat' dir='ltr'><strong>confortamini</strong></span> <span class='ocrx_word' id='word_1_33' title='bbox 829 486 1162 553; x_wconf 86' lang='lat' dir='ltr'><strong>inDomino,</strong></span> <span class='ocrx_word' id='word_1_34' title='bbox 1184 494 1238 540; x_wconf 91' lang='lat' dir='ltr'><strong>et</strong></span> <span class='ocrx_word' id='word_1_35' title='bbox 1264 486 1321 539; x_wconf 91' lang='lat' dir='ltr'><strong>in</strong></span> <span class='ocrx_word' id='word_1_36' title='bbox 1344 483 1604 555; x_wconf 85' lang='lat' dir='ltr'><strong>patientia</strong></span> <span class='ocrx_word' id='word_1_37' title='bbox 1627 488 1743 552; x_wconf 75' lang='lat' dir='ltr'><strong>[po-</strong></span> 
     </span>
    </p>
   </div>
   <div class='ocr_carea' id='block_1_7' title="bbox 170 578 1738 651">
    <p class='ocr_par' dir='ltr' id='par_1_7' title="bbox 170 578 1738 651">
     <span class='ocr_line' id='line_1_7' title="bbox 170 578 1738 651; baseline -0.005 -14"><span class='ocrx_word' id='word_1_38' title='bbox 170 580 347 649; x_wconf 82' lang='lat' dir='ltr'><strong>tentia]</strong></span> <span class='ocrx_word' id='word_1_39' title='bbox 376 580 595 636; x_wconf 88' lang='lat' dir='ltr'><strong>virtutis</strong></span> <span class='ocrx_word' id='word_1_40' title='bbox 622 580 759 651; x_wconf 89' lang='lat' dir='ltr'><strong>ejus,</strong></span> <span class='ocrx_word' id='word_1_41' title='bbox 798 581 1128 635; x_wconf 82' lang='lat' dir='ltr'><strong>documenta</strong></span> <span class='ocrx_word' id='word_1_42' title='bbox 1157 588 1468 634; x_wconf 87' lang='lat' dir='ltr'><strong>sanctarum</strong></span> <span class='ocrx_word' id='word_1_43' title='bbox 1496 578 1738 647; x_wconf 86' lang='lat' dir='ltr'><strong>Scriptu-</strong></span> 
     </span>
    </p>
   </div>
   <div class='ocr_carea' id='block_1_8' title="bbox 167 671 1739 744">
    <p class='ocr_par' dir='ltr' id='par_1_8' title="bbox 167 671 1739 744">
     <span class='ocr_line' id='line_1_8' title="bbox 167 671 1739 744; baseline -0.004 -16"><span class='ocrx_word' id='word_1_44' title='bbox 167 690 365 739; x_wconf 88' lang='lat' dir='ltr'><strong>rarum,</strong></span> <span class='ocrx_word' id='word_1_45' title='bbox 386 674 591 744; x_wconf 88' lang='lat' dir='ltr'><strong>quibus</strong></span> <span class='ocrx_word' id='word_1_46' title='bbox 613 672 1001 729; x_wconf 67' lang='lat' dir='ltr'><strong>haereticorum</strong></span> <span class='ocrx_word' id='word_1_47' title='bbox 1019 679 1345 743; x_wconf 88' lang='lat' dir='ltr'><strong>argumenta</strong></span> <span class='ocrx_word' id='word_1_48' title='bbox 1360 671 1739 737; x_wconf 81' lang='lat' dir='ltr'><strong>destruantur,</strong></span> 
     </span>
    </p>
   </div>
   <div class='ocr_carea' id='block_1_9' title="bbox 166 762 1743 824">
    <p class='ocr_par' dir='ltr' id='par_1_9' title="bbox 166 762 1743 824">
     <span class='ocr_line' id='line_1_9' title="bbox 166 762 1743 824; baseline -0.004 -1"><span class='ocrx_word' id='word_1_49' title='bbox 166 777 219 824; x_wconf 89' lang='lat' dir='ltr'><strong>et</strong></span> <span class='ocrx_word' id='word_1_50' title='bbox 243 767 369 823; x_wconf 83' lang='lat' dir='ltr'><strong>fides</strong></span> <span class='ocrx_word' id='word_1_51' title='bbox 395 775 591 823; x_wconf 67' lang='lat' dir='ltr'><strong>sanctae</strong></span> <span class='ocrx_word' id='word_1_52' title='bbox 637 766 895 822; x_wconf 79' lang='lat' dir='ltr'><strong>Ecclesiae</strong></span> <span class='ocrx_word' id='word_1_53' title='bbox 922 765 1236 822; x_wconf 80' lang='lat' dir='ltr'><strong>defenditur</strong></span> <span class='ocrx_word' id='word_1_54' title='bbox 1271 772 1463 821; x_wconf 89' lang='lat' dir='ltr'><strong>contra</strong></span> <span class='ocrx_word' id='word_1_55' title='bbox 1494 762 1743 818; x_wconf 89' lang='lat' dir='ltr'><strong>membra</strong></span> 
     </span>
    </p>
   </div>
   <div class='ocr_carea' id='block_1_10' title="bbox 163 857 1742 933">
    <p class='ocr_par' dir='ltr' id='par_1_10' title="bbox 163 857 1742 933">
     <span class='ocr_line' id='line_1_10' title="bbox 163 857 1742 933; baseline -0.005 -15"><span class='ocrx_word' id='word_1_56' title='bbox 163 860 380 929; x_wconf 89' lang='lat' dir='ltr'><strong>diaboli,</strong></span> <span class='ocrx_word' id='word_1_57' title='bbox 412 876 531 933; x_wconf 63' lang='lat' dir='ltr'><strong>quae</strong></span> <span class='ocrx_word' id='word_1_58' title='bbox 571 859 802 916; x_wconf 87' lang='lat' dir='ltr'><strong>diversis</strong></span> <span class='ocrx_word' id='word_1_59' title='bbox 842 858 1338 915; x_wconf 84' lang='lat' dir='ltr'><strong>machinationibus</strong></span> <span class='ocrx_word' id='word_1_60' title='bbox 1373 857 1742 913; x_wconf 89' lang='lat' dir='ltr'><strong>Christianam</strong></span> 
     </span>
    </p>
   </div>
   <div class='ocr_carea' id='block_1_11' title="bbox 165 949 1744 1026">
    <p class='ocr_par' dir='ltr' id='par_1_11' title="bbox 165 949 1744 1026">
     <span class='ocr_line' id='line_1_11' title="bbox 165 949 1744 1026; baseline -0.004 -17"><span class='ocrx_word' id='word_1_61' title='bbox 165 955 472 1026; x_wconf 83' lang='lat' dir='ltr'><strong>religionem</strong></span> <span class='ocrx_word' id='word_1_62' title='bbox 499 964 771 1010; x_wconf 86' lang='lat' dir='ltr'><strong>conantur</strong></span> <span class='ocrx_word' id='word_1_63' title='bbox 798 962 1062 1020; x_wconf 85' lang='lat' dir='ltr'><strong>evertere,</strong></span> <span class='ocrx_word' id='word_1_64' title='bbox 1103 968 1262 1008; x_wconf 89' lang='lat' dir='ltr'><strong>mens</strong></span> <span class='ocrx_word' id='word_1_65' title='bbox 1286 960 1468 1007; x_wconf 89' lang='lat' dir='ltr'><strong>vestra</strong></span> <span class='ocrx_word' id='word_1_66' title='bbox 1498 949 1744 1021; x_wconf 88' lang='lat' dir='ltr'><strong>quotidie</strong></span> 
     </span>
    </p>
   </div>
   <div class='ocr_carea' id='block_1_12' title="bbox 165 1043 1742 1119">
    <p class='ocr_par' dir='ltr' id='par_1_12' title="bbox 165 1043 1742 1119">
     <span class='ocr_line' id='line_1_12' title="bbox 165 1043 1742 1119; baseline -0.004 -15"><span class='ocrx_word' id='word_1_67' title='bbox 165 1048 471 1117; x_wconf 83' lang='lat' dir='ltr'><strong>meditetur,</strong></span> <span class='ocrx_word' id='word_1_68' title='bbox 514 1050 579 1104; x_wconf 92' lang='lat' dir='ltr'><strong>in</strong></span> <span class='ocrx_word' id='word_1_69' title='bbox 613 1064 674 1104; x_wconf 88' lang='lat' dir='ltr'><strong>ea</strong></span> <span class='ocrx_word' id='word_1_70' title='bbox 714 1064 838 1119; x_wconf 65' lang='lat' dir='ltr'><strong>qua:</strong></span> <span class='ocrx_word' id='word_1_71' title='bbox 890 1047 1029 1103; x_wconf 87' lang='lat' dir='ltr'><strong>solet</strong></span> <span class='ocrx_word' id='word_1_72' title='bbox 1074 1046 1326 1103; x_wconf 87' lang='lat' dir='ltr'><strong>libertate</strong></span> <span class='ocrx_word' id='word_1_73' title='bbox 1371 1046 1431 1099; x_wconf 91' lang='lat' dir='ltr'><strong>in</strong></span> <span class='ocrx_word' id='word_1_74' title='bbox 1469 1043 1742 1099; x_wconf 86' lang='lat' dir='ltr'><strong>malorum</strong></span> 
     </span>
    </p>
   </div>
   <div class='ocr_carea' id='block_1_13' title="bbox 160 1137 1741 1213">
    <p class='ocr_par' dir='ltr' id='par_1_13' title="bbox 160 1137 1741 1213">
     <span class='ocr_line' id='line_1_13' title="bbox 160 1137 1741 1213; baseline -0.004 -15"><span class='ocrx_word' id='word_1_75' title='bbox 160 1141 474 1199; x_wconf 86' lang='lat' dir='ltr'><strong>confusione</strong></span> <span class='ocrx_word' id='word_1_76' title='bbox 516 1143 763 1213; x_wconf 83' lang='lat' dir='ltr'><strong>erigatur</strong></span> <span class='ocrx_word' id='word_1_77' title='bbox 807 1161 821 1195; x_wconf 89' lang='lat'><strong>:</strong></span> <span class='ocrx_word' id='word_1_78' title='bbox 850 1156 947 1197; x_wconf 92' lang='lat' dir='ltr'><strong>eos</strong></span> <span class='ocrx_word' id='word_1_79' title='bbox 987 1156 1115 1195; x_wconf 90' lang='lat' dir='ltr'><strong>vero</strong></span> <span class='ocrx_word' id='word_1_80' title='bbox 1149 1140 1240 1211; x_wconf 90' lang='lat' dir='ltr'><strong>qui</strong></span> <span class='ocrx_word' id='word_1_81' title='bbox 1286 1140 1339 1193; x_wconf 93' lang='lat' dir='ltr'><strong>in</strong></span> <span class='ocrx_word' id='word_1_82' title='bbox 1370 1137 1538 1193; x_wconf 82' lang='lat' dir='ltr'><strong>vobis</strong></span> <span class='ocrx_word' id='word_1_83' title='bbox 1566 1137 1741 1192; x_wconf 84' lang='lat' dir='ltr'><strong>conﬁ-</strong></span> 
     </span>
    </p>
   </div>
   <div class='ocr_carea' id='block_1_14' title="bbox 160 1230 1739 1305">
    <p class='ocr_par' dir='ltr' id='par_1_14' title="bbox 160 1230 1739 1305">
     <span class='ocr_line' id='line_1_14' title="bbox 160 1230 1739 1305; baseline -0.006 -12"><span class='ocrx_word' id='word_1_84' title='bbox 160 1236 313 1304; x_wconf 87' lang='lat' dir='ltr'><strong>dunt,</strong></span> <span class='ocrx_word' id='word_1_85' title='bbox 362 1244 416 1291; x_wconf 91' lang='lat' dir='ltr'><strong>et</strong></span> <span class='ocrx_word' id='word_1_86' title='bbox 466 1235 764 1292; x_wconf 89' lang='lat' dir='ltr'><strong>consilium</strong></span> <span class='ocrx_word' id='word_1_87' title='bbox 807 1234 1083 1305; x_wconf 80' lang='lat' dir='ltr'><strong>religionis</strong></span> <span class='ocrx_word' id='word_1_88' title='bbox 1128 1241 1325 1288; x_wconf 79' lang='lat' dir='ltr'><strong>vestrae</strong></span> <span class='ocrx_word' id='word_1_89' title='bbox 1363 1232 1514 1302; x_wconf 86' lang='lat' dir='ltr'><strong>sequi</strong></span> <span class='ocrx_word' id='word_1_90' title='bbox 1553 1230 1739 1301; x_wconf 86' lang='lat' dir='ltr'><strong>dispo-</strong></span> 
     </span>
    </p>
   </div>
   <div class='ocr_carea' id='block_1_15' title="bbox 159 1323 1743 1402">
    <p class='ocr_par' dir='ltr' id='par_1_15' title="bbox 159 1323 1743 1402">
     <span class='ocr_line' id='line_1_15' title="bbox 159 1323 1743 1402; baseline -0.004 -17"><span class='ocrx_word' id='word_1_91' title='bbox 159 1339 311 1395; x_wconf 88' lang='lat' dir='ltr'><strong>nunt,</strong></span> <span class='ocrx_word' id='word_1_92' title='bbox 334 1345 491 1386; x_wconf 90' lang='lat' dir='ltr'><strong>more</strong></span> <span class='ocrx_word' id='word_1_93' title='bbox 510 1328 753 1402; x_wconf 67' lang='lat' dir='ltr'><strong>praedicti</strong></span> <span class='ocrx_word' id='word_1_94' title='bbox 779 1328 960 1384; x_wconf 89' lang='lat' dir='ltr'><strong>Patris</strong></span> <span class='ocrx_word' id='word_1_95' title='bbox 990 1326 1154 1382; x_wconf 91' lang='lat' dir='ltr'><strong>vestri</strong></span> <span class='ocrx_word' id='word_1_96' title='bbox 1183 1326 1439 1397; x_wconf 91' lang='lat' dir='ltr'><strong>suscipite</strong></span> <span class='ocrx_word' id='word_1_97' title='bbox 1454 1366 1473 1393; x_wconf 86' lang='lat'><strong>,</strong></span> <span class='ocrx_word' id='word_1_98' title='bbox 1495 1332 1551 1379; x_wconf 91' lang='lat' dir='ltr'><strong>et</strong></span> <span class='ocrx_word' id='word_1_99' title='bbox 1570 1324 1636 1379; x_wconf 90' lang='lat' dir='ltr'><strong>de</strong></span> <span class='ocrx_word' id='word_1_100' title='bbox 1657 1323 1743 1379; x_wconf 92' lang='lat' dir='ltr'><strong>his</strong></span> 
     </span>
    </p>
   </div>
   <div class='ocr_carea' id='block_1_16' title="bbox 158 1418 1743 1494">
    <p class='ocr_par' dir='ltr' id='par_1_16' title="bbox 158 1418 1743 1494">
     <span class='ocr_line' id='line_1_16' title="bbox 158 1418 1743 1494; baseline -0.004 -14"><span class='ocrx_word' id='word_1_101' title='bbox 158 1439 271 1494; x_wconf 66' lang='lat' dir='ltr'><strong>quae</strong></span> <span class='ocrx_word' id='word_1_102' title='bbox 306 1423 377 1480; x_wconf 90' lang='lat' dir='ltr'><strong>ad</strong></span> <span class='ocrx_word' id='word_1_103' title='bbox 422 1424 657 1480; x_wconf 88' lang='lat' dir='ltr'><strong>salutem</strong></span> <span class='ocrx_word' id='word_1_104' title='bbox 695 1439 891 1479; x_wconf 90' lang='lat' dir='ltr'><strong>eorum</strong></span> <span class='ocrx_word' id='word_1_105' title='bbox 937 1422 1204 1493; x_wconf 86' lang='lat' dir='ltr'><strong>pertinere</strong></span> <span class='ocrx_word' id='word_1_106' title='bbox 1248 1419 1502 1475; x_wconf 87' lang='lat' dir='ltr'><strong>videntur</strong></span> <span class='ocrx_word' id='word_1_107' title='bbox 1539 1418 1743 1474; x_wconf 81' lang='lat' dir='ltr'><strong>sanctis</strong></span> 
     </span>
    </p>
   </div>
   <div class='ocr_carea' id='block_1_17' title="bbox 153 1511 1741 1579">
    <p class='ocr_par' dir='ltr' id='par_1_17' title="bbox 153 1511 1741 1579">
     <span class='ocr_line' id='line_1_17' title="bbox 153 1511 1741 1579; baseline -0.004 -6"><span class='ocrx_word' id='word_1_108' title='bbox 153 1517 616 1574; x_wconf 78' lang='lat' dir='ltr'><strong>exhortationibus</strong></span> <span class='ocrx_word' id='word_1_109' title='bbox 642 1517 899 1573; x_wconf 86' lang='lat' dir='ltr'><strong>instruite</strong></span> <span class='ocrx_word' id='word_1_110' title='bbox 930 1534 943 1572; x_wconf 90' lang='lat'><strong>:</strong></span> <span class='ocrx_word' id='word_1_111' title='bbox 979 1524 1037 1571; x_wconf 93' lang='lat' dir='ltr'><strong>ut</strong></span> <span class='ocrx_word' id='word_1_112' title='bbox 1061 1530 1174 1570; x_wconf 93' lang='lat' dir='ltr'><strong>non</strong></span> <span class='ocrx_word' id='word_1_113' title='bbox 1202 1514 1383 1569; x_wconf 90' lang='lat' dir='ltr'><strong>solum</strong></span> <span class='ocrx_word' id='word_1_114' title='bbox 1403 1521 1603 1579; x_wconf 89' lang='lat' dir='ltr'><strong>vestra,</strong></span> <span class='ocrx_word' id='word_1_115' title='bbox 1644 1511 1741 1567; x_wconf 91' lang='lat' dir='ltr'><strong>sed</strong></span> 
     </span>
    </p>
   </div>
   <div class='ocr_carea' id='block_1_18' title="bbox 153 1604 1741 1683">
    <p class='ocr_par' dir='ltr' id='par_1_18' title="bbox 153 1604 1741 1683">
     <span class='ocr_line' id='line_1_18' title="bbox 153 1604 1741 1683; baseline -0.004 -18"><span class='ocrx_word' id='word_1_116' title='bbox 153 1618 204 1666; x_wconf 89' lang='lat' dir='ltr'><strong>et</strong></span> <span class='ocrx_word' id='word_1_117' title='bbox 239 1626 336 1667; x_wconf 79' lang='lat' dir='ltr'><strong>vos</strong></span> <span class='ocrx_word' id='word_1_118' title='bbox 379 1612 729 1683; x_wconf 89' lang='lat' dir='ltr'><strong>sequentium</strong></span> <span class='ocrx_word' id='word_1_119' title='bbox 769 1608 1141 1680; x_wconf 90' lang='lat' dir='ltr'><strong>circumpositi</strong></span> <span class='ocrx_word' id='word_1_120' title='bbox 1171 1606 1353 1679; x_wconf 88' lang='lat' dir='ltr'><strong>populi</strong></span> <span class='ocrx_word' id='word_1_121' title='bbox 1381 1604 1741 1661; x_wconf 90' lang='lat' dir='ltr'><strong>consideran-</strong></span> 
     </span>
    </p>
   </div>
   <div class='ocr_carea' id='block_1_19' title="bbox 149 1698 1740 1777">
    <p class='ocr_par' dir='ltr' id='par_1_19' title="bbox 149 1698 1740 1777">
     <span class='ocr_line' id='line_1_19' title="bbox 149 1698 1740 1777; baseline -0.005 -17"><span class='ocrx_word' id='word_1_122' title='bbox 149 1712 231 1761; x_wconf 89' lang='lat' dir='ltr'><strong>tes</strong></span> <span class='ocrx_word' id='word_1_123' title='bbox 255 1713 449 1762; x_wconf 85' lang='lat' dir='ltr'><strong>sancta</strong></span> <span class='ocrx_word' id='word_1_124' title='bbox 476 1721 638 1777; x_wconf 89' lang='lat' dir='ltr'><strong>opera</strong></span> <span class='ocrx_word' id='word_1_125' title='bbox 655 1746 671 1772; x_wconf 94' lang='lat'><strong>,</strong></span> <span class='ocrx_word' id='word_1_126' title='bbox 698 1704 1005 1777; x_wconf 86' lang='lat' dir='ltr'><strong>glorificent</strong></span> <span class='ocrx_word' id='word_1_127' title='bbox 1028 1706 1245 1758; x_wconf 85' lang='lat' dir='ltr'><strong>Patrem</strong></span> <span class='ocrx_word' id='word_1_128' title='bbox 1274 1708 1519 1757; x_wconf 91' lang='lat' dir='ltr'><strong>vestrum</strong></span> <span class='ocrx_word' id='word_1_129' title='bbox 1549 1699 1645 1771; x_wconf 91' lang='lat' dir='ltr'><strong>qui</strong></span> <span class='ocrx_word' id='word_1_130' title='bbox 1681 1698 1740 1753; x_wconf 90' lang='lat' dir='ltr'><strong>in</strong></span> 
     </span>
    </p>
   </div>
   <div class='ocr_carea' id='block_1_20' title="bbox 146 1792 1742 1869">
    <p class='ocr_par' dir='ltr' id='par_1_20' title="bbox 146 1792 1742 1869">
     <span class='ocr_line' id='line_1_20' title="bbox 146 1792 1742 1869; baseline -0.005 -14"><span class='ocrx_word' id='word_1_131' title='bbox 146 1799 300 1855; x_wconf 67' lang='lat' dir='ltr'><strong>caelis</strong></span> <span class='ocrx_word' id='word_1_132' title='bbox 335 1807 442 1855; x_wconf 92' lang='lat' dir='ltr'><strong>est.</strong></span> <span class='ocrx_word' id='word_1_133' title='bbox 482 1802 599 1856; x_wconf 87' lang='lat' dir='ltr'><strong>Nos</strong></span> <span class='ocrx_word' id='word_1_134' title='bbox 625 1807 807 1855; x_wconf 91' lang='lat' dir='ltr'><strong>autem</strong></span> <span class='ocrx_word' id='word_1_135' title='bbox 844 1799 1029 1869; x_wconf 89' lang='lat' dir='ltr'><strong>ipsum</strong></span> <span class='ocrx_word' id='word_1_136' title='bbox 1066 1811 1342 1862; x_wconf 91' lang='lat' dir='ltr'><strong>amorem,</strong></span> <span class='ocrx_word' id='word_1_137' title='bbox 1385 1809 1549 1865; x_wconf 90' lang='lat' dir='ltr'><strong>quem</strong></span> <span class='ocrx_word' id='word_1_138' title='bbox 1591 1792 1742 1848; x_wconf 89' lang='lat' dir='ltr'><strong>Patri</strong></span> 
     </span>
    </p>
   </div>
   <div class='ocr_carea' id='block_1_21' title="bbox 148 1885 1741 1963">
    <p class='ocr_par' dir='ltr' id='par_1_21' title="bbox 148 1885 1741 1963">
     <span class='ocr_line' id='line_1_21' title="bbox 148 1885 1741 1963; baseline -0.003 -18"><span class='ocrx_word' id='word_1_139' title='bbox 148 1901 326 1948; x_wconf 80' lang='lat' dir='ltr'><strong>vestro</strong></span> <span class='ocrx_word' id='word_1_140' title='bbox 356 1901 412 1947; x_wconf 88' lang='lat' dir='ltr'><strong>et</strong></span> <span class='ocrx_word' id='word_1_141' title='bbox 430 1892 581 1948; x_wconf 87' lang='lat' dir='ltr'><strong>vobis</strong></span> <span class='ocrx_word' id='word_1_142' title='bbox 601 1892 738 1948; x_wconf 90' lang='lat' dir='ltr'><strong>olim</strong></span> <span class='ocrx_word' id='word_1_143' title='bbox 762 1891 1134 1963; x_wconf 87' lang='lat' dir='ltr'><strong>impendimus</strong></span> <span class='ocrx_word' id='word_1_144' title='bbox 1148 1932 1167 1959; x_wconf 91' lang='lat'><strong>,</strong></span> <span class='ocrx_word' id='word_1_145' title='bbox 1191 1889 1364 1945; x_wconf 92' lang='lat' dir='ltr'><strong>donec</strong></span> <span class='ocrx_word' id='word_1_146' title='bbox 1385 1895 1606 1943; x_wconf 88' lang='lat' dir='ltr'><strong>nostros</strong></span> <span class='ocrx_word' id='word_1_147' title='bbox 1629 1885 1741 1956; x_wconf 89' lang='lat' dir='ltr'><strong>spi-</strong></span> 
     </span>
    </p>
   </div>
   <div class='ocr_carea' id='block_1_22' title="bbox 145 1982 1740 2053">
    <p class='ocr_par' dir='ltr' id='par_1_22' title="bbox 145 1982 1740 2053">
     <span class='ocr_line' id='line_1_22' title="bbox 145 1982 1740 2053; baseline -0.004 -13"><span class='ocrx_word' id='word_1_148' title='bbox 145 1987 282 2041; x_wconf 87' lang='lat' dir='ltr'><strong>ritus</strong></span> <span class='ocrx_word' id='word_1_149' title='bbox 331 1987 539 2042; x_wconf 83' lang='lat' dir='ltr'><strong>rexerit</strong></span> <span class='ocrx_word' id='word_1_150' title='bbox 562 1994 732 2053; x_wconf 87' lang='lat' dir='ltr'><strong>artus,</strong></span> <span class='ocrx_word' id='word_1_151' title='bbox 772 1986 1029 2041; x_wconf 79' lang='lat' dir='ltr'><strong>exhibere</strong></span> <span class='ocrx_word' id='word_1_152' title='bbox 1057 1982 1464 2050; x_wconf 89' lang='lat' dir='ltr'><strong>desideramus,</strong></span> <span class='ocrx_word' id='word_1_153' title='bbox 1507 1990 1563 2036; x_wconf 92' lang='lat' dir='ltr'><strong>et</strong></span> <span class='ocrx_word' id='word_1_154' title='bbox 1588 1988 1740 2034; x_wconf 90' lang='lat' dir='ltr'><strong>tanto</strong></span> 
     </span>
    </p>
   </div>
   <div class='ocr_carea' id='block_1_23' title="bbox 147 2073 1740 2151">
    <p class='ocr_par' dir='ltr' id='par_1_23' title="bbox 147 2073 1740 2151">
     <span class='ocr_line' id='line_1_23' title="bbox 147 2073 1740 2151; baseline -0.004 -16"><span class='ocrx_word' id='word_1_155' title='bbox 147 2078 376 2151; x_wconf 89' lang='lat' dir='ltr'><strong>quidem</strong></span> <span class='ocrx_word' id='word_1_156' title='bbox 428 2079 688 2151; x_wconf 83' lang='lat' dir='ltr'><strong>deinceps</strong></span> <span class='ocrx_word' id='word_1_157' title='bbox 736 2079 929 2151; x_wconf 92' lang='lat' dir='ltr'><strong>majori</strong></span> <span class='ocrx_word' id='word_1_158' title='bbox 960 2094 1055 2133; x_wconf 88' lang='lat' dir='ltr'><strong>vos</strong></span> <span class='ocrx_word' id='word_1_159' title='bbox 1104 2077 1363 2133; x_wconf 88' lang='lat' dir='ltr'><strong>charitate</strong></span> <span class='ocrx_word' id='word_1_160' title='bbox 1412 2073 1740 2141; x_wconf 82' lang='lat' dir='ltr'><strong>fovebimus,</strong></span> 
     </span>
    </p>
   </div>
   <div class='ocr_carea' id='block_1_24' title="bbox 150 2170 1740 2245">
    <p class='ocr_par' dir='ltr' id='par_1_24' title="bbox 150 2170 1740 2245">
     <span class='ocr_line' id='line_1_24' title="bbox 150 2170 1740 2245; baseline -0.004 -16"><span class='ocrx_word' id='word_1_161' title='bbox 150 2183 363 2244; x_wconf 88' lang='lat' dir='ltr'><strong>quanto</strong></span> <span class='ocrx_word' id='word_1_162' title='bbox 395 2189 493 2230; x_wconf 90' lang='lat' dir='ltr'><strong>vos</strong></span> <span class='ocrx_word' id='word_1_163' title='bbox 517 2174 577 2229; x_wconf 90' lang='lat' dir='ltr'><strong>in</strong></span> <span class='ocrx_word' id='word_1_164' title='bbox 598 2173 796 2230; x_wconf 88' lang='lat' dir='ltr'><strong>divinis</strong></span> <span class='ocrx_word' id='word_1_165' title='bbox 822 2173 1055 2245; x_wconf 85' lang='lat' dir='ltr'><strong>negotiis</strong></span> <span class='ocrx_word' id='word_1_166' title='bbox 1082 2170 1441 2228; x_wconf 89' lang='lat' dir='ltr'><strong>ferventiores</strong></span> <span class='ocrx_word' id='word_1_167' title='bbox 1464 2184 1581 2225; x_wconf 88' lang='lat' dir='ltr'><strong>esse</strong></span> <span class='ocrx_word' id='word_1_168' title='bbox 1608 2184 1740 2239; x_wconf 89' lang='lat' dir='ltr'><strong>pro-</strong></span> 
     </span>
    </p>
   </div>
   <div class='ocr_carea' id='block_1_25' title="bbox 154 2262 1743 2339">
    <p class='ocr_par' dir='ltr' id='par_1_25' title="bbox 154 2262 1743 2339">
     <span class='ocr_line' id='line_1_25' title="bbox 154 2262 1743 2339; baseline -0.004 -17"><span class='ocrx_word' id='word_1_169' title='bbox 154 2266 432 2334; x_wconf 88' lang='lat' dir='ltr'><strong>babimus,</strong></span> <span class='ocrx_word' id='word_1_170' title='bbox 471 2268 673 2339; x_wconf 85' lang='lat' dir='ltr'><strong>quibus</strong></span> <span class='ocrx_word' id='word_1_171' title='bbox 707 2284 823 2324; x_wconf 93' lang='lat' dir='ltr'><strong>non</strong></span> <span class='ocrx_word' id='word_1_172' title='bbox 860 2267 1041 2322; x_wconf 91' lang='lat' dir='ltr'><strong>solum</strong></span> <span class='ocrx_word' id='word_1_173' title='bbox 1076 2265 1387 2337; x_wconf 88' lang='lat' dir='ltr'><strong>spirituale,</strong></span> <span class='ocrx_word' id='word_1_174' title='bbox 1421 2262 1517 2318; x_wconf 90' lang='lat' dir='ltr'><strong>sed</strong></span> <span class='ocrx_word' id='word_1_175' title='bbox 1550 2270 1605 2317; x_wconf 93' lang='lat' dir='ltr'><strong>et</strong></span> <span class='ocrx_word' id='word_1_176' title='bbox 1646 2276 1743 2317; x_wconf 79' lang='lat' dir='ltr'><strong>sae-</strong></span> 
     </span>
    </p>
   </div>
   <div class='ocr_carea' id='block_1_26' title="bbox 156 2355 1738 2429">
    <p class='ocr_par' dir='ltr' id='par_1_26' title="bbox 156 2355 1738 2429">
     <span class='ocr_line' id='line_1_26' title="bbox 156 2355 1738 2429; baseline -0.003 -15"><span class='ocrx_word' id='word_1_177' title='bbox 156 2361 365 2429; x_wconf 87' lang='lat' dir='ltr'><strong>culare,</strong></span> <span class='ocrx_word' id='word_1_178' title='bbox 397 2362 445 2416; x_wconf 89' lang='lat' dir='ltr'><strong>si</strong></span> <span class='ocrx_word' id='word_1_179' title='bbox 484 2377 700 2417; x_wconf 89' lang='lat' dir='ltr'><strong>necesse</strong></span> <span class='ocrx_word' id='word_1_180' title='bbox 730 2360 913 2427; x_wconf 83' lang='lat' dir='ltr'><strong>fuerit,</strong></span> <span class='ocrx_word' id='word_1_181' title='bbox 944 2359 1240 2423; x_wconf 83' lang='lat' dir='ltr'><strong>auxilium,</strong></span> <span class='ocrx_word' id='word_1_182' title='bbox 1266 2360 1386 2413; x_wconf 91' lang='lat' dir='ltr'><strong>Deo</strong></span> <span class='ocrx_word' id='word_1_183' title='bbox 1415 2355 1738 2427; x_wconf 89' lang='lat' dir='ltr'><strong>adjuvante,</strong></span> 
     </span>
    </p>
   </div>
   <div class='ocr_carea' id='block_1_27' title="bbox 159 2449 1742 2525">
    <p class='ocr_par' dir='ltr' id='par_1_27' title="bbox 159 2449 1742 2525">
     <span class='ocr_line' id='line_1_27' title="bbox 159 2449 1742 2525; baseline -0.004 -16"><span class='ocrx_word' id='word_1_184' title='bbox 159 2454 613 2513; x_wconf 83' lang='lat' dir='ltr'><strong>ministrabimus.</strong></span> <span class='ocrx_word' id='word_1_185' title='bbox 646 2457 755 2511; x_wconf 88' lang='lat' dir='ltr'><strong>Vos</strong></span> <span class='ocrx_word' id='word_1_186' title='bbox 784 2454 950 2525; x_wconf 82' lang='lat' dir='ltr'><strong>igitur</strong></span> <span class='ocrx_word' id='word_1_187' title='bbox 976 2452 1415 2522; x_wconf 88' lang='lat' dir='ltr'><strong>omnipotentem</strong></span> <span class='ocrx_word' id='word_1_188' title='bbox 1437 2449 1742 2504; x_wconf 89' lang='lat' dir='ltr'><strong>Dominum</strong></span> 
     </span>
    </p>
   </div>
   <div class='ocr_carea' id='block_1_28' title="bbox 163 2542 1737 2619">
    <p class='ocr_par' dir='ltr' id='par_1_28' title="bbox 163 2542 1737 2619">
     <span class='ocr_line' id='line_1_28' title="bbox 163 2542 1737 2619; baseline -0.006 -16"><span class='ocrx_word' id='word_1_189' title='bbox 163 2556 394 2614; x_wconf 80' lang='lat' dir='ltr'><strong>exorate,</strong></span> <span class='ocrx_word' id='word_1_190' title='bbox 457 2557 517 2603; x_wconf 92' lang='lat' dir='ltr'><strong>ut</strong></span> <span class='ocrx_word' id='word_1_191' title='bbox 560 2549 678 2619; x_wconf 89' lang='lat' dir='ltr'><strong>ipse</strong></span> <span class='ocrx_word' id='word_1_192' title='bbox 705 2547 844 2603; x_wconf 89' lang='lat' dir='ltr'><strong>vires</strong></span> <span class='ocrx_word' id='word_1_193' title='bbox 880 2554 936 2603; x_wconf 93' lang='lat' dir='ltr'><strong>et</strong></span> <span class='ocrx_word' id='word_1_194' title='bbox 978 2545 1266 2602; x_wconf 83' lang='lat' dir='ltr'><strong>facultates</strong></span> <span class='ocrx_word' id='word_1_195' title='bbox 1311 2544 1472 2599; x_wconf 90' lang='lat' dir='ltr'><strong>nobis</strong></span> <span class='ocrx_word' id='word_1_196' title='bbox 1519 2542 1737 2601; x_wconf 87' lang='lat' dir='ltr'><strong>tribuat,</strong></span> 
     </span>
    </p>
   </div>
   <div class='ocr_carea' id='block_1_29' title="bbox 164 2636 1742 2714">
    <p class='ocr_par' dir='ltr' id='par_1_29' title="bbox 164 2636 1742 2714">
     <span class='ocr_line' id='line_1_29' title="bbox 164 2636 1742 2714; baseline -0.005 -19"><span class='ocrx_word' id='word_1_197' title='bbox 164 2651 424 2714; x_wconf 87' lang='lat' dir='ltr'><strong>quatenus</strong></span> <span class='ocrx_word' id='word_1_198' title='bbox 444 2642 677 2712; x_wconf 86' lang='lat' dir='ltr'><strong>suscepti</strong></span> <span class='ocrx_word' id='word_1_199' title='bbox 701 2640 986 2712; x_wconf 90' lang='lat' dir='ltr'><strong>regiminis</strong></span> <span class='ocrx_word' id='word_1_200' title='bbox 1008 2638 1355 2711; x_wconf 90' lang='lat' dir='ltr'><strong>importabile</strong></span> <span class='ocrx_word' id='word_1_201' title='bbox 1386 2636 1600 2708; x_wconf 90' lang='lat' dir='ltr'><strong>pondus</strong></span> <span class='ocrx_word' id='word_1_202' title='bbox 1620 2650 1742 2705; x_wconf 84' lang='lat' dir='ltr'><strong>pos-</strong></span> 
     </span>
    </p>
   </div>
   <div class='ocr_carea' id='block_1_30' title="bbox 165 2729 1743 2800">
    <p class='ocr_par' dir='ltr' id='par_1_30' title="bbox 165 2729 1743 2800">
     <span class='ocr_line' id='line_1_30' title="bbox 165 2729 1743 2800; baseline -0.006 -11"><span class='ocrx_word' id='word_1_203' title='bbox 165 2736 324 2790; x_wconf 80' lang='lat' dir='ltr'><strong>simus</strong></span> <span class='ocrx_word' id='word_1_204' title='bbox 352 2735 611 2800; x_wconf 90' lang='lat' dir='ltr'><strong>tolerare,</strong></span> <span class='ocrx_word' id='word_1_205' title='bbox 635 2742 689 2790; x_wconf 92' lang='lat' dir='ltr'><strong>et</strong></span> <span class='ocrx_word' id='word_1_206' title='bbox 716 2742 962 2789; x_wconf 89' lang='lat' dir='ltr'><strong>sanctam</strong></span> <span class='ocrx_word' id='word_1_207' title='bbox 988 2730 1289 2788; x_wconf 85' lang='lat' dir='ltr'><strong>Ecclesiam</strong></span> <span class='ocrx_word' id='word_1_208' title='bbox 1321 2729 1376 2784; x_wconf 90' lang='lat' dir='ltr'><strong>in</strong></span> <span class='ocrx_word' id='word_1_209' title='bbox 1405 2737 1610 2785; x_wconf 89' lang='lat' dir='ltr'><strong>statum</strong></span> <span class='ocrx_word' id='word_1_210' title='bbox 1636 2743 1743 2780; x_wconf 91' lang='lat' dir='ltr'><strong>an-</strong></span> 
     </span>
    </p>
   </div>
   <div class='ocr_carea' id='block_1_31' title="bbox 163 2826 1179 2901">
    <p class='ocr_par' dir='ltr' id='par_1_31' title="bbox 163 2826 1179 2901">
     <span class='ocr_line' id='line_1_31' title="bbox 163 2826 1179 2901; baseline -0.006 -18"><span class='ocrx_word' id='word_1_211' title='bbox 163 2830 318 2901; x_wconf 64' lang='lat' dir='ltr'><strong>tique</strong></span> <span class='ocrx_word' id='word_1_212' title='bbox 345 2828 630 2901; x_wconf 87' lang='lat' dir='ltr'><strong>religionis</strong></span> <span class='ocrx_word' id='word_1_213' title='bbox 657 2828 935 2886; x_wconf 89' lang='lat' dir='ltr'><strong>reducere.</strong></span> <span class='ocrx_word' id='word_1_214' title='bbox 974 2826 1179 2881; x_wconf 88' lang='lat' dir='ltr'><strong>Valete.</strong></span> 
     </span>
    </p>
   </div>
   <div class='ocr_carea' id='block_1_32' title="bbox 903 2931 1004 2987">
    <p class='ocr_par' dir='ltr' id='par_1_32' title="bbox 903 2931 1004 2987">
     <span class='ocr_line' id='line_1_32' title="bbox 903 2931 1004 2987; baseline -0.01 -3"><span class='ocrx_word' id='word_1_215' title='bbox 903 2931 1004 2987; x_wconf 88' lang='lat' dir='ltr'><strong>III.</strong></span> 
     </span>
    </p>
   </div>
   <div class='ocr_carea' id='block_1_33' title="bbox 1848 389 3437 463">
    <p class='ocr_par' dir='ltr' id='par_1_33' title="bbox 1848 389 3437 463">
     <span class='ocr_line' id='line_1_33' title="bbox 1848 389 3437 463; baseline 0.001 -16"><span class='ocrx_word' id='word_1_216' title='bbox 1848 392 1955 447; x_wconf 90' lang='lat' dir='ltr'><strong>sias</strong></span> <span class='ocrx_word' id='word_1_217' title='bbox 1982 391 2204 447; x_wconf 88' lang='lat' dir='ltr'><strong>datione</strong></span> <span class='ocrx_word' id='word_1_218' title='bbox 2229 390 2473 461; x_wconf 72' lang='lat' dir='ltr'><strong>pecuniae</strong></span> <span class='ocrx_word' id='word_1_219' title='bbox 2500 389 2770 457; x_wconf 89' lang='lat' dir='ltr'><strong>obtinent,</strong></span> <span class='ocrx_word' id='word_1_220' title='bbox 2802 391 3028 447; x_wconf 92' lang='lat' dir='ltr'><strong>omnino</strong></span> <span class='ocrx_word' id='word_1_221' title='bbox 3057 407 3149 447; x_wconf 90' lang='lat' dir='ltr'><strong>eas</strong></span> <span class='ocrx_word' id='word_1_222' title='bbox 3175 392 3437 463; x_wconf 89' lang='lat' dir='ltr'><strong>perdant;</strong></span> 
     </span>
    </p>
   </div>
   <div class='ocr_carea' id='block_1_34' title="bbox 1849 479 3445 554">
    <p class='ocr_par' dir='ltr' id='par_1_34' title="bbox 1849 479 3445 554">
     <span class='ocr_line' id='line_1_34' title="bbox 1849 479 3445 554; baseline 0.003 -15"><span class='ocrx_word' id='word_1_223' title='bbox 1849 501 1952 540; x_wconf 93' lang='lat' dir='ltr'><strong>nec</strong></span> <span class='ocrx_word' id='word_1_224' title='bbox 1995 484 2251 554; x_wconf 84' lang='lat' dir='ltr'><strong>deinceps</strong></span> <span class='ocrx_word' id='word_1_225' title='bbox 2291 484 2523 540; x_wconf 90' lang='lat' dir='ltr'><strong>vendere</strong></span> <span class='ocrx_word' id='word_1_226' title='bbox 2563 484 2643 539; x_wconf 92' lang='lat' dir='ltr'><strong>vel</strong></span> <span class='ocrx_word' id='word_1_227' title='bbox 2694 479 2883 540; x_wconf 78' lang='lat' dir='ltr'><strong>emere</strong></span> <span class='ocrx_word' id='word_1_228' title='bbox 2909 484 3070 541; x_wconf 90' lang='lat' dir='ltr'><strong>alicui</strong></span> <span class='ocrx_word' id='word_1_229' title='bbox 3102 485 3283 543; x_wconf 89' lang='lat' dir='ltr'><strong>liceat.</strong></span> <span class='ocrx_word' id='word_1_230' title='bbox 3337 487 3445 545; x_wconf 89' lang='lat' dir='ltr'><strong>Sed</strong></span> 
     </span>
    </p>
   </div>
   <div class='ocr_carea' id='block_1_35' title="bbox 1847 577 3443 650">
    <p class='ocr_par' dir='ltr' id='par_1_35' title="bbox 1847 577 3443 650">
     <span class='ocr_line' id='line_1_35' title="bbox 1847 577 3443 650; baseline 0.003 -17"><span class='ocrx_word' id='word_1_231' title='bbox 1847 594 1947 635; x_wconf 90' lang='lat' dir='ltr'><strong>nec</strong></span> <span class='ocrx_word' id='word_1_232' title='bbox 1994 578 2067 632; x_wconf 90' lang='lat' dir='ltr'><strong>illi</strong></span> <span class='ocrx_word' id='word_1_233' title='bbox 2108 579 2201 649; x_wconf 90' lang='lat' dir='ltr'><strong>qui</strong></span> <span class='ocrx_word' id='word_1_234' title='bbox 2238 578 2294 632; x_wconf 92' lang='lat' dir='ltr'><strong>in</strong></span> <span class='ocrx_word' id='word_1_235' title='bbox 2340 577 2567 633; x_wconf 89' lang='lat' dir='ltr'><strong>crimine</strong></span> <span class='ocrx_word' id='word_1_236' title='bbox 2597 577 2976 634; x_wconf 77' lang='lat' dir='ltr'><strong>fornicationis</strong></span> <span class='ocrx_word' id='word_1_237' title='bbox 3014 579 3198 650; x_wconf 89' lang='lat' dir='ltr'><strong>jacent</strong></span> <span class='ocrx_word' id='word_1_238' title='bbox 3244 582 3443 637; x_wconf 90' lang='lat' dir='ltr'><strong>missas</strong></span> 
     </span>
    </p>
   </div>
   <div class='ocr_carea' id='block_1_36' title="bbox 1850 669 3441 729">
    <p class='ocr_par' dir='ltr' id='par_1_36' title="bbox 1850 669 3441 729">
     <span class='ocr_line' id='line_1_36' title="bbox 1850 669 3441 729; baseline 0.001 -2"><span class='ocrx_word' id='word_1_239' title='bbox 1850 670 2124 727; x_wconf 90' lang='lat' dir='ltr'><strong>celebrare</strong></span> <span class='ocrx_word' id='word_1_240' title='bbox 2174 680 2269 726; x_wconf 91' lang='lat' dir='ltr'><strong>aut</strong></span> <span class='ocrx_word' id='word_1_241' title='bbox 2311 670 2620 727; x_wconf 90' lang='lat' dir='ltr'><strong>secundum</strong></span> <span class='ocrx_word' id='word_1_242' title='bbox 2662 669 2952 727; x_wconf 91' lang='lat' dir='ltr'><strong>inferiores</strong></span> <span class='ocrx_word' id='word_1_243' title='bbox 3001 672 3223 729; x_wconf 89' lang='lat' dir='ltr'><strong>ordines</strong></span> <span class='ocrx_word' id='word_1_244' title='bbox 3270 674 3441 729; x_wconf 90' lang='lat' dir='ltr'><strong>mini-</strong></span> 
     </span>
    </p>
   </div>
   <div class='ocr_carea' id='block_1_37' title="bbox 1850 764 3440 839">
    <p class='ocr_par' dir='ltr' id='par_1_37' title="bbox 1850 764 3440 839">
     <span class='ocr_line' id='line_1_37' title="bbox 1850 764 3440 839; baseline 0.003 -20"><span class='ocrx_word' id='word_1_245' title='bbox 1850 770 2024 819; x_wconf 89' lang='lat' dir='ltr'><strong>strare</strong></span> <span class='ocrx_word' id='word_1_246' title='bbox 2072 764 2233 820; x_wconf 84' lang='lat' dir='ltr'><strong>altari</strong></span> <span class='ocrx_word' id='word_1_247' title='bbox 2285 764 2539 821; x_wconf 90' lang='lat' dir='ltr'><strong>debeant.</strong></span> <span class='ocrx_word' id='word_1_248' title='bbox 2594 765 2903 820; x_wconf 89' lang='lat' dir='ltr'><strong>Statuimus</strong></span> <span class='ocrx_word' id='word_1_249' title='bbox 2940 766 3105 821; x_wconf 85' lang='lat' dir='ltr'><strong>etiam</strong></span> <span class='ocrx_word' id='word_1_250' title='bbox 3159 776 3224 823; x_wconf 82' lang='lat' dir='ltr'><strong>ut</strong></span> <span class='ocrx_word' id='word_1_251' title='bbox 3269 767 3313 822; x_wconf 91' lang='lat' dir='ltr'><strong>si</strong></span> <span class='ocrx_word' id='word_1_252' title='bbox 3342 767 3440 839; x_wconf 86' lang='lat' dir='ltr'><strong>ipsi</strong></span> 
     </span>
    </p>
   </div>
   <div class='ocr_carea' id='block_1_38' title="bbox 1852 858 3440 928">
    <p class='ocr_par' dir='ltr' id='par_1_38' title="bbox 1852 858 3440 928">
     <span class='ocr_line' id='line_1_38' title="bbox 1852 858 3440 928; baseline 0.002 -15"><span class='ocrx_word' id='word_1_253' title='bbox 1852 866 2257 928; x_wconf 89' lang='lat' dir='ltr'><strong>contemptores</strong></span> <span class='ocrx_word' id='word_1_254' title='bbox 2310 858 2505 914; x_wconf 88' lang='lat' dir='ltr'><strong>fuerint</strong></span> <span class='ocrx_word' id='word_1_255' title='bbox 2557 866 2901 923; x_wconf 90' lang='lat' dir='ltr'><strong>nostrarum,</strong></span> <span class='ocrx_word' id='word_1_256' title='bbox 2952 858 3069 915; x_wconf 90' lang='lat' dir='ltr'><strong>imo</strong></span> <span class='ocrx_word' id='word_1_257' title='bbox 3124 868 3440 918; x_wconf 88' lang='lat' dir='ltr'><strong>sanctorum</strong></span> 
     </span>
    </p>
   </div>
   <div class='ocr_carea' id='block_1_39' title="bbox 1852 951 3442 1023">
    <p class='ocr_par' dir='ltr' id='par_1_39' title="bbox 1852 951 3442 1023">
     <span class='ocr_line' id='line_1_39' title="bbox 1852 951 3442 1023; baseline 0.001 -15"><span class='ocrx_word' id='word_1_258' title='bbox 1852 955 2077 1008; x_wconf 89' lang='lat' dir='ltr'><strong>Patrum</strong></span> <span class='ocrx_word' id='word_1_259' title='bbox 2104 952 2581 1017; x_wconf 88' lang='lat' dir='ltr'><strong>constitutionum,</strong></span> <span class='ocrx_word' id='word_1_260' title='bbox 2615 951 2845 1023; x_wconf 88' lang='lat' dir='ltr'><strong>populus</strong></span> <span class='ocrx_word' id='word_1_261' title='bbox 2872 952 3023 1008; x_wconf 91' lang='lat' dir='ltr'><strong>nullo</strong></span> <span class='ocrx_word' id='word_1_262' title='bbox 3046 954 3215 1010; x_wconf 91' lang='lat' dir='ltr'><strong>modo</strong></span> <span class='ocrx_word' id='word_1_263' title='bbox 3246 970 3442 1010; x_wconf 87' lang='lat' dir='ltr'><strong>eorum</strong></span> 
     </span>
    </p>
   </div>
   <div class='ocr_carea' id='block_1_40' title="bbox 1852 1041 3442 1118">
    <p class='ocr_par' dir='ltr' id='par_1_40' title="bbox 1852 1041 3442 1118">
     <span class='ocr_line' id='line_1_40' title="bbox 1852 1041 3442 1118; baseline 0.001 -18"><span class='ocrx_word' id='word_1_264' title='bbox 1852 1041 2034 1100; x_wconf 83' lang='lat' dir='ltr'><strong>officia</strong></span> <span class='ocrx_word' id='word_1_265' title='bbox 2083 1046 2341 1116; x_wconf 84' lang='lat' dir='ltr'><strong>recipiat;</strong></span> <span class='ocrx_word' id='word_1_266' title='bbox 2371 1055 2431 1102; x_wconf 92' lang='lat' dir='ltr'><strong>ut</strong></span> <span class='ocrx_word' id='word_1_267' title='bbox 2471 1044 2560 1118; x_wconf 91' lang='lat' dir='ltr'><strong>qui</strong></span> <span class='ocrx_word' id='word_1_268' title='bbox 2586 1062 2685 1117; x_wconf 91' lang='lat' dir='ltr'><strong>pro</strong></span> <span class='ocrx_word' id='word_1_269' title='bbox 2717 1065 2904 1107; x_wconf 88' lang='lat' dir='ltr'><strong>amore</strong></span> <span class='ocrx_word' id='word_1_270' title='bbox 2928 1047 3030 1102; x_wconf 91' lang='lat' dir='ltr'><strong>Dei</strong></span> <span class='ocrx_word' id='word_1_271' title='bbox 3058 1057 3113 1102; x_wconf 89' lang='lat' dir='ltr'><strong>et</strong></span> <span class='ocrx_word' id='word_1_272' title='bbox 3151 1047 3317 1104; x_wconf 85' lang='lat' dir='ltr'><strong>ofﬁcii</strong></span> <span class='ocrx_word' id='word_1_273' title='bbox 3351 1047 3442 1103; x_wconf 89' lang='lat' dir='ltr'><strong>di-</strong></span> 
     </span>
    </p>
   </div>
   <div class='ocr_carea' id='block_1_41' title="bbox 1850 1139 3441 1212">
    <p class='ocr_par' dir='ltr' id='par_1_41' title="bbox 1850 1139 3441 1212">
     <span class='ocr_line' id='line_1_41' title="bbox 1850 1139 3441 1212; baseline 0.002 -19"><span class='ocrx_word' id='word_1_274' title='bbox 1850 1139 2055 1210; x_wconf 89' lang='lat' dir='ltr'><strong>gnitate</strong></span> <span class='ocrx_word' id='word_1_275' title='bbox 2098 1156 2210 1195; x_wconf 93' lang='lat' dir='ltr'><strong>non</strong></span> <span class='ocrx_word' id='word_1_276' title='bbox 2247 1140 2620 1212; x_wconf 84' lang='lat' dir='ltr'><strong>corriguntur,</strong></span> <span class='ocrx_word' id='word_1_277' title='bbox 2650 1144 2974 1201; x_wconf 88' lang='lat' dir='ltr'><strong>verecundia</strong></span> <span class='ocrx_word' id='word_1_278' title='bbox 3012 1141 3197 1199; x_wconf 67' lang='lat' dir='ltr'><strong>saeculi</strong></span> <span class='ocrx_word' id='word_1_279' title='bbox 3236 1150 3294 1197; x_wconf 89' lang='lat' dir='ltr'><strong>et</strong></span> <span class='ocrx_word' id='word_1_280' title='bbox 3337 1141 3441 1196; x_wconf 89' lang='lat' dir='ltr'><strong>ob-</strong></span> 
     </span>
    </p>
   </div>
   <div class='ocr_carea' id='block_1_42' title="bbox 1844 1232 3443 1307">
    <p class='ocr_par' dir='ltr' id='par_1_42' title="bbox 1844 1232 3443 1307">
     <span class='ocr_line' id='line_1_42' title="bbox 1844 1232 3443 1307; baseline 0.002 -21"><span class='ocrx_word' id='word_1_281' title='bbox 1844 1232 2154 1305; x_wconf 88' lang='lat' dir='ltr'><strong>jurgatione</strong></span> <span class='ocrx_word' id='word_1_282' title='bbox 2196 1234 2379 1305; x_wconf 80' lang='lat' dir='ltr'><strong>papuli</strong></span> <span class='ocrx_word' id='word_1_283' title='bbox 2419 1236 2756 1307; x_wconf 87' lang='lat' dir='ltr'><strong>resipiscant.</strong></span> <span class='ocrx_word' id='word_1_284' title='bbox 2784 1238 3019 1294; x_wconf 85' lang='lat' dir='ltr'><strong>Studeat</strong></span> <span class='ocrx_word' id='word_1_285' title='bbox 3048 1237 3210 1307; x_wconf 85' lang='lat' dir='ltr'><strong>igitur</strong></span> <span class='ocrx_word' id='word_1_286' title='bbox 3251 1234 3443 1289; x_wconf 85' lang='lat' dir='ltr'><strong>frater-</strong></span> 
     </span>
    </p>
   </div>
   <div class='ocr_carea' id='block_1_43' title="bbox 1850 1326 3445 1404">
    <p class='ocr_par' dir='ltr' id='par_1_43' title="bbox 1850 1326 3445 1404">
     <span class='ocr_line' id='line_1_43' title="bbox 1850 1326 3445 1404; baseline 0.001 -23"><span class='ocrx_word' id='word_1_287' title='bbox 1850 1326 1992 1382; x_wconf 88' lang='lat' dir='ltr'><strong>nitas</strong></span> <span class='ocrx_word' id='word_1_288' title='bbox 2032 1333 2125 1383; x_wconf 90' lang='lat' dir='ltr'><strong>tua</strong></span> <span class='ocrx_word' id='word_1_289' title='bbox 2174 1327 2251 1382; x_wconf 91' lang='lat' dir='ltr'><strong>sic</strong></span> <span class='ocrx_word' id='word_1_290' title='bbox 2298 1343 2355 1383; x_wconf 91' lang='lat' dir='ltr'><strong>se</strong></span> <span class='ocrx_word' id='word_1_291' title='bbox 2396 1329 2451 1383; x_wconf 92' lang='lat' dir='ltr'><strong>in</strong></span> <span class='ocrx_word' id='word_1_292' title='bbox 2494 1328 2579 1385; x_wconf 90' lang='lat' dir='ltr'><strong>his</strong></span> <span class='ocrx_word' id='word_1_293' title='bbox 2625 1331 2789 1386; x_wconf 90' lang='lat' dir='ltr'><strong>nobis</strong></span> <span class='ocrx_word' id='word_1_294' title='bbox 2836 1330 3265 1404; x_wconf 84' lang='lat' dir='ltr'><strong>cooperatricem</strong></span> <span class='ocrx_word' id='word_1_295' title='bbox 3298 1327 3445 1383; x_wconf 85' lang='lat' dir='ltr'><strong>exhi-</strong></span> 
     </span>
    </p>
   </div>
   <div class='ocr_carea' id='block_1_44' title="bbox 1850 1420 3446 1489">
    <p class='ocr_par' dir='ltr' id='par_1_44' title="bbox 1850 1420 3446 1489">
     <span class='ocr_line' id='line_1_44' title="bbox 1850 1420 3446 1489; baseline 0.001 -14"><span class='ocrx_word' id='word_1_296' title='bbox 1850 1420 1999 1489; x_wconf 91' lang='lat' dir='ltr'><strong>bere,</strong></span> <span class='ocrx_word' id='word_1_297' title='bbox 2035 1437 2129 1477; x_wconf 90' lang='lat' dir='ltr'><strong>seu</strong></span> <span class='ocrx_word' id='word_1_298' title='bbox 2172 1422 2403 1478; x_wconf 89' lang='lat' dir='ltr'><strong>crimina</strong></span> <span class='ocrx_word' id='word_1_299' title='bbox 2452 1423 2556 1480; x_wconf 87' lang='lat' dir='ltr'><strong>ista</strong></span> <span class='ocrx_word' id='word_1_300' title='bbox 2621 1424 2689 1481; x_wconf 91' lang='lat' dir='ltr'><strong>de</strong></span> <span class='ocrx_word' id='word_1_301' title='bbox 2738 1424 2991 1481; x_wconf 87' lang='lat' dir='ltr'><strong>Ecclesiis</strong></span> <span class='ocrx_word' id='word_1_302' title='bbox 3039 1425 3152 1480; x_wconf 90' lang='lat' dir='ltr'><strong>tuis</strong></span> <span class='ocrx_word' id='word_1_303' title='bbox 3182 1422 3446 1478; x_wconf 90' lang='lat' dir='ltr'><strong>radicitus</strong></span> 
     </span>
    </p>
   </div>
   <div class='ocr_carea' id='block_1_45' title="bbox 1852 1514 3442 1590">
    <p class='ocr_par' dir='ltr' id='par_1_45' title="bbox 1852 1514 3442 1590">
     <span class='ocr_line' id='line_1_45' title="bbox 1852 1514 3442 1590; baseline 0 -20"><span class='ocrx_word' id='word_1_304' title='bbox 1852 1514 2107 1583; x_wconf 87' lang='lat' dir='ltr'><strong>evellere,</strong></span> <span class='ocrx_word' id='word_1_305' title='bbox 2166 1526 2435 1586; x_wconf 88' lang='lat' dir='ltr'><strong>quatenus</strong></span> <span class='ocrx_word' id='word_1_306' title='bbox 2488 1517 2621 1573; x_wconf 90' lang='lat' dir='ltr'><strong>boni</strong></span> <span class='ocrx_word' id='word_1_307' title='bbox 2681 1520 2916 1590; x_wconf 91' lang='lat' dir='ltr'><strong>pastoris</strong></span> <span class='ocrx_word' id='word_1_308' title='bbox 2972 1517 3231 1573; x_wconf 90' lang='lat' dir='ltr'><strong>meritum</strong></span> <span class='ocrx_word' id='word_1_309' title='bbox 3295 1515 3442 1586; x_wconf 88' lang='lat' dir='ltr'><strong>apud</strong></span> 
     </span>
    </p>
   </div>
   <div class='ocr_carea' id='block_1_46' title="bbox 1852 1608 3445 1682">
    <p class='ocr_par' dir='ltr' id='par_1_46' title="bbox 1852 1608 3445 1682">
     <span class='ocr_line' id='line_1_46' title="bbox 1852 1608 3445 1682; baseline 0.001 -19"><span class='ocrx_word' id='word_1_310' title='bbox 1852 1610 2039 1666; x_wconf 89' lang='lat' dir='ltr'><strong>Deum</strong></span> <span class='ocrx_word' id='word_1_311' title='bbox 2080 1610 2263 1666; x_wconf 88' lang='lat' dir='ltr'><strong>valeas</strong></span> <span class='ocrx_word' id='word_1_312' title='bbox 2305 1611 2651 1682; x_wconf 33' lang='lat' dir='ltr'><strong>obtinerel&#39;et</strong></span> <span class='ocrx_word' id='word_1_313' title='bbox 2689 1615 2945 1667; x_wconf 83' lang='lat' dir='ltr'><strong>Romana</strong></span> <span class='ocrx_word' id='word_1_314' title='bbox 2992 1609 3229 1667; x_wconf 87' lang='lat' dir='ltr'><strong>Ecclesia</strong></span> <span class='ocrx_word' id='word_1_315' title='bbox 3278 1608 3347 1664; x_wconf 91' lang='lat' dir='ltr'><strong>de</strong></span> <span class='ocrx_word' id='word_1_316' title='bbox 3389 1615 3445 1665; x_wconf 87' lang='lat' dir='ltr'><strong>te</strong></span> 
     </span>
    </p>
   </div>
   <div class='ocr_carea' id='block_1_47' title="bbox 1851 1700 3443 1775">
    <p class='ocr_par' dir='ltr' id='par_1_47' title="bbox 1851 1700 3443 1775">
     <span class='ocr_line' id='line_1_47' title="bbox 1851 1700 3443 1775; baseline -0.001 -17"><span class='ocrx_word' id='word_1_317' title='bbox 1851 1702 1993 1758; x_wconf 88' lang='lat' dir='ltr'><strong>sicut</strong></span> <span class='ocrx_word' id='word_1_318' title='bbox 2029 1701 2100 1759; x_wconf 93' lang='lat' dir='ltr'><strong>de</strong></span> <span class='ocrx_word' id='word_1_319' title='bbox 2124 1703 2272 1760; x_wconf 88' lang='lat' dir='ltr'><strong>bono</strong></span> <span class='ocrx_word' id='word_1_320' title='bbox 2303 1702 2470 1760; x_wconf 88' lang='lat' dir='ltr'><strong>fratre</strong></span> <span class='ocrx_word' id='word_1_321' title='bbox 2494 1712 2548 1761; x_wconf 90' lang='lat' dir='ltr'><strong>et</strong></span> <span class='ocrx_word' id='word_1_322' title='bbox 2575 1704 2822 1761; x_wconf 91' lang='lat' dir='ltr'><strong>studioso</strong></span> <span class='ocrx_word' id='word_1_323' title='bbox 2860 1711 3218 1775; x_wconf 89' lang='lat' dir='ltr'><strong>cooperatore</strong></span> <span class='ocrx_word' id='word_1_324' title='bbox 3247 1700 3443 1758; x_wconf 88' lang='lat' dir='ltr'><strong>debeat</strong></span> 
     </span>
    </p>
   </div>
   <div class='ocr_carea' id='block_1_48' title="bbox 1848 1796 2102 1869">
    <p class='ocr_par' dir='ltr' id='par_1_48' title="bbox 1848 1796 2102 1869">
     <span class='ocr_line' id='line_1_48' title="bbox 1848 1796 2102 1869; baseline 0.012 -18"><span class='ocrx_word' id='word_1_325' title='bbox 1848 1796 2102 1869; x_wconf 86' lang='lat' dir='ltr'><strong>gaudere.</strong></span> 
     </span>
    </p>
   </div>
   <div class='ocr_carea' id='block_1_49' title="bbox 2613 1906 2762 1968">
    <p class='ocr_par' dir='ltr' id='par_1_49' title="bbox 2613 1906 2762 1968">
     <span class='ocr_line' id='line_1_49' title="bbox 2613 1906 2762 1968; baseline 0.007 -1"><span class='ocrx_word' id='word_1_326' title='bbox 2613 1906 2762 1968; x_wconf 66' lang='lat' dir='ltr'><strong>V.’</strong></span> 
     </span>
    </p>
   </div>
   <div class='ocr_carea' id='block_1_50' title="bbox 1850 2020 3444 2147">
    <p class='ocr_par' dir='ltr' id='par_1_50' title="bbox 1850 2020 3444 2147">
     <span class='ocr_line' id='line_1_50' title="bbox 1850 2020 3444 2147; baseline 0 -72"><span class='ocrx_word' id='word_1_327' title='bbox 1850 2021 2197 2090; x_wconf 80' lang='lat' dir='ltr'><strong>Privilegium</strong></span> <span class='ocrx_word' id='word_1_328' title='bbox 2224 2022 2473 2091; x_wconf 78' lang='lat' dir='ltr'><strong>Gregorii</strong></span> <span class='ocrx_word' id='word_1_329' title='bbox 2502 2024 2605 2147; x_wconf 67' lang='lat' dir='ltr'><strong>VIII</strong></span> <span class='ocrx_word' id='word_1_330' title='bbox 2618 2038 2779 2106; x_wconf 63' lang='lat' dir='ltr'><strong>paper</strong></span> <span class='ocrx_word' id='word_1_331' title='bbox 2804 2038 2905 2093; x_wconf 83' lang='lat' dir='ltr'><strong>pro</strong></span> <span class='ocrx_word' id='word_1_332' title='bbox 2934 2023 3125 2077; x_wconf 77' lang='lat' dir='ltr'><strong>eremio</strong></span> <span class='ocrx_word' id='word_1_333' title='bbox 3154 2020 3444 2079; x_wconf 85' lang='lat' dir='ltr'><strong>Camaldu-</strong></span> 
     </span>
     <span class='ocr_line' id='line_1_51' title="bbox 2590 2110 2720 2147; baseline 0 0"><span class='ocrx_word' id='word_1_334' title='bbox 2590 2110 2720 2147; x_wconf 70' lang='lat' dir='ltr'><strong>ense.</strong></span> 
     </span>
    </p>
   </div>
   <div class='ocr_carea' id='block_1_51' title="bbox 2590 2110 2720 2149">
    <p class='ocr_par' dir='ltr' id='par_1_51' title="bbox 2590 2110 2720 2149">
     <span class='ocr_line' id='line_1_52' title="bbox 2590 2110 2720 2149; baseline -0.008 0"><span class='ocrx_word' id='word_1_335' title='bbox 2590 2110 2720 2149; x_wconf 62' lang='grc' dir='ltr'><strong>ϐηςςι.</strong></span> 
     </span>
    </p>
   </div>
   <div class='ocr_carea' id='block_1_52' title="bbox 2174 2198 3125 2270">
    <p class='ocr_par' dir='ltr' id='par_1_52' title="bbox 2174 2198 3125 2270">
     <span class='ocr_line' id='line_1_53' title="bbox 2174 2198 3125 2270; baseline 0 -17"><span class='ocrx_word' id='word_1_336' title='bbox 2174 2198 2352 2269; x_wconf 79' lang='lat' dir='ltr'><strong>(Anno</strong></span> <span class='ocrx_word' id='word_1_337' title='bbox 2382 2204 2540 2267; x_wconf 83' lang='lat'><strong>1074,</strong></span> <span class='ocrx_word' id='word_1_338' title='bbox 2573 2215 2695 2256; x_wconf 84' lang='lat' dir='ltr'><strong>xm</strong></span> <span class='ocrx_word' id='word_1_339' title='bbox 2724 2199 2851 2254; x_wconf 85' lang='lat' dir='ltr'><strong>Kal.</strong></span> <span class='ocrx_word' id='word_1_340' title='bbox 2878 2198 3125 2270; x_wconf 81' lang='lat' dir='ltr'><strong>Aprilis.)</strong></span> 
     </span>
    </p>
   </div>
   <div class='ocr_carea' id='block_1_53' title="bbox 1848 2296 3446 2381">
    <p class='ocr_par' dir='ltr' id='par_1_53' title="bbox 1848 2296 3446 2381">
     <span class='ocr_line' id='line_1_54' title="bbox 1848 2296 3446 2381; baseline -0.001 -27"><span class='ocrx_word' id='word_1_341' title='bbox 1848 2302 2282 2381; x_wconf 60' lang='lat' dir='ltr'><strong>[Mrrunstnn</strong></span> <span class='ocrx_word' id='word_1_342' title='bbox 2320 2302 2531 2381; x_wconf 83' lang='lat' dir='ltr'><strong>Annal._</strong></span> <span class='ocrx_word' id='word_1_343' title='bbox 2560 2302 2872 2381; x_wconf 56' lang='lat' dir='ltr'><strong>Catualda],</strong></span> <span class='ocrx_word' id='word_1_344' title='bbox 2912 2308 3049 2381; x_wconf 58' lang='lat' dir='ltr'><strong>tom:</strong></span> <span class='ocrx_word' id='word_1_345' title='bbox 3075 2301 3160 2381; x_wconf 61' lang='grc' dir='ltr'>Ἰξ,</span> <span class='ocrx_word' id='word_1_346' title='bbox 3184 2296 3446 2381; x_wconf 55' lang='grc' dir='ltr'><strong>ξιρρξιιᾶη</strong></span> 
     </span>
    </p>
   </div>
   <div class='ocr_carea' id='block_1_54' title="bbox 1920 2370 3446 2509">
    <p class='ocr_par' dir='ltr' id='par_1_54' title="bbox 1920 2370 3446 2509">
     <span class='ocr_line' id='line_1_55' title="bbox 1920 2370 3446 2442; baseline -0.001 -17"><span class='ocrx_word' id='word_1_347' title='bbox 1920 2387 2042 2442; x_wconf 88' lang='lat' dir='ltr'><strong>pag.</strong></span> <span class='ocrx_word' id='word_1_348' title='bbox 2082 2378 2208 2435; x_wconf 80' lang='lat'><strong>247,</strong></span> <span class='ocrx_word' id='word_1_349' title='bbox 2263 2388 2328 2425; x_wconf 88' lang='lat' dir='ltr'><strong>ex</strong></span> <span class='ocrx_word' id='word_1_350' title='bbox 2371 2374 2535 2428; x_wconf 89' lang='lat' dir='ltr'><strong>veteri</strong></span> <span class='ocrx_word' id='word_1_351' title='bbox 2578 2373 2897 2429; x_wconf 90' lang='lat' dir='ltr'><strong>authentico</strong></span> <span class='ocrx_word' id='word_1_352' title='bbox 2936 2371 3142 2426; x_wconf 88' lang='lat' dir='ltr'><strong>archivi</strong></span> <span class='ocrx_word' id='word_1_353' title='bbox 3180 2372 3237 2426; x_wconf 90' lang='lat' dir='ltr'><strong>S.</strong></span> <span class='ocrx_word' id='word_1_354' title='bbox 3278 2370 3446 2424; x_wconf 87' lang='lat' dir='ltr'><strong>Blasii</strong></span> 
     </span>
     <span class='ocr_line' id='line_1_56' title="bbox 1920 2442 2337 2509; baseline 0 -13"><span class='ocrx_word' id='word_1_355' title='bbox 1920 2444 1988 2497; x_wconf 90' lang='lat' dir='ltr'><strong>de</strong></span> <span class='ocrx_word' id='word_1_356' title='bbox 2023 2442 2337 2509; x_wconf 87' lang='lat' dir='ltr'><strong>Fabriano.]</strong></span> 
     </span>
    </p>
   </div>
   <div class='ocr_carea' id='block_1_55' title="bbox 1960 2458 2311 2497">
    <p class='ocr_par' dir='ltr' id='par_1_55' title="bbox 1960 2458 2311 2497">
     <span class='ocr_line' id='line_1_57' title="bbox 1960 2458 2311 2497; baseline -0.003 0"><span class='ocrx_word' id='word_1_357' title='bbox 1960 2458 1988 2497; x_wconf 78' lang='grc' dir='ltr'>Θ</span> <span class='ocrx_word' id='word_1_358' title='bbox 2023 2458 2311 2497; x_wconf 56' lang='grc' dir='ltr'><strong>[801⁸18Πο.</strong></span> 
     </span>
    </p>
   </div>
   <div class='ocr_carea' id='block_1_56' title="bbox 1920 2548 3450 2619">
    <p class='ocr_par' dir='ltr' id='par_1_56' title="bbox 1920 2548 3450 2619">
     <span class='ocr_line' id='line_1_58' title="bbox 1920 2548 3450 2619; baseline 0.001 -16"><span class='ocrx_word' id='word_1_359' title='bbox 1920 2550 2278 2604; x_wconf 78' lang='lat' dir='ltr'><strong>Gnsconws</strong></span> <span class='ocrx_word' id='word_1_360' title='bbox 2301 2548 2610 2619; x_wconf 90' lang='lat' dir='ltr'><strong>episcopus,</strong></span> <span class='ocrx_word' id='word_1_361' title='bbox 2633 2562 2825 2605; x_wconf 91' lang='lat' dir='ltr'><strong>servus</strong></span> <span class='ocrx_word' id='word_1_362' title='bbox 2842 2564 3127 2605; x_wconf 90' lang='lat' dir='ltr'><strong>servorum</strong></span> <span class='ocrx_word' id='word_1_363' title='bbox 3150 2548 3275 2616; x_wconf 90' lang='lat' dir='ltr'><strong>Dei,</strong></span> <span class='ocrx_word' id='word_1_364' title='bbox 3296 2550 3450 2605; x_wconf 83' lang='lat' dir='ltr'><strong>Rus-</strong></span> 
     </span>
    </p>
   </div>
   <div class='ocr_carea' id='block_1_57' title="bbox 1846 2641 3448 2713">
    <p class='ocr_par' dir='ltr' id='par_1_57' title="bbox 1846 2641 3448 2713">
     <span class='ocr_line' id='line_1_59' title="bbox 1846 2641 3448 2713; baseline -0.001 -16"><span class='ocrx_word' id='word_1_365' title='bbox 1846 2656 1987 2697; x_wconf 80' lang='lat' dir='ltr'><strong>TICO</strong></span> <span class='ocrx_word' id='word_1_366' title='bbox 2002 2641 2169 2710; x_wconf 90' lang='lat' dir='ltr'><strong>priori</strong></span> <span class='ocrx_word' id='word_1_367' title='bbox 2200 2649 2256 2695; x_wconf 90' lang='lat' dir='ltr'><strong>et</strong></span> <span class='ocrx_word' id='word_1_368' title='bbox 2297 2649 2515 2696; x_wconf 61' lang='lat' dir='ltr'><strong>cuncta</strong></span> <span class='ocrx_word' id='word_1_369' title='bbox 2543 2641 2661 2713; x_wconf 89' lang='lat' dir='ltr'><strong>ejus</strong></span> <span class='ocrx_word' id='word_1_370' title='bbox 2685 2642 3096 2713; x_wconf 86' lang='lat' dir='ltr'><strong>congregationi</strong></span> <span class='ocrx_word' id='word_1_371' title='bbox 3121 2641 3191 2696; x_wconf 88' lang='lat' dir='ltr'><strong>de</strong></span> <span class='ocrx_word' id='word_1_372' title='bbox 3216 2641 3338 2697; x_wconf 90' lang='lat' dir='ltr'><strong>loco</strong></span> <span class='ocrx_word' id='word_1_373' title='bbox 3358 2641 3448 2712; x_wconf 91' lang='lat' dir='ltr'><strong>qui</strong></span> 
     </span>
    </p>
   </div>
   <div class='ocr_carea' id='block_1_58' title="bbox 1851 2733 3088 2806">
    <p class='ocr_par' dir='ltr' id='par_1_58' title="bbox 1851 2733 3088 2806">
     <span class='ocr_line' id='line_1_60' title="bbox 1851 2733 3088 2806; baseline 0.001 -17"><span class='ocrx_word' id='word_1_374' title='bbox 1851 2735 2047 2790; x_wconf 87' lang='lat' dir='ltr'><strong>dicitur</strong></span> <span class='ocrx_word' id='word_1_375' title='bbox 2072 2736 2318 2804; x_wconf 88' lang='lat' dir='ltr'><strong>Campus</strong></span> <span class='ocrx_word' id='word_1_376' title='bbox 2342 2733 2633 2799; x_wconf 79' lang='lat' dir='ltr'><strong>Amabilis,</strong></span> <span class='ocrx_word' id='word_1_377' title='bbox 2666 2735 2720 2789; x_wconf 93' lang='lat' dir='ltr'><strong>in</strong></span> <span class='ocrx_word' id='word_1_378' title='bbox 2742 2743 3088 2806; x_wconf 79' lang='lat' dir='ltr'><strong>perpetuum.</strong></span> 
     </span>
    </p>
   </div>
   <div class='ocr_carea' id='block_1_59' title="bbox 1924 2826 3447 2899">
    <p class='ocr_par' dir='ltr' id='par_1_59' title="bbox 1924 2826 3447 2899">
     <span class='ocr_line' id='line_1_61' title="bbox 1924 2826 3447 2899; baseline 0.001 -17"><span class='ocrx_word' id='word_1_379' title='bbox 1924 2828 2065 2883; x_wconf 87' lang='lat' dir='ltr'><strong>Nulli</strong></span> <span class='ocrx_word' id='word_1_380' title='bbox 2096 2827 2339 2882; x_wconf 86' lang='lat' dir='ltr'><strong>fidelium</strong></span> <span class='ocrx_word' id='word_1_381' title='bbox 2386 2828 2535 2882; x_wconf 89' lang='lat' dir='ltr'><strong>venit</strong></span> <span class='ocrx_word' id='word_1_382' title='bbox 2576 2827 2631 2882; x_wconf 92' lang='lat' dir='ltr'><strong>in</strong></span> <span class='ocrx_word' id='word_1_383' title='bbox 2659 2827 2890 2883; x_wconf 90' lang='lat' dir='ltr'><strong>dubium</strong></span> <span class='ocrx_word' id='word_1_384' title='bbox 2936 2828 3072 2899; x_wconf 90' lang='lat' dir='ltr'><strong>quin</strong></span> <span class='ocrx_word' id='word_1_385' title='bbox 3108 2826 3265 2883; x_wconf 89' lang='lat' dir='ltr'><strong>sedes</strong></span> <span class='ocrx_word' id='word_1_386' title='bbox 3313 2843 3447 2899; x_wconf 83' lang='lat' dir='ltr'><strong>apo-</strong></span> 
     </span>
    </p>
   </div>
   <div class='ocr_carea' id='block_1_60' title="bbox 1851 2919 3447 2993">
    <p class='ocr_par' dir='ltr' id='par_1_60' title="bbox 1851 2919 3447 2993">
     <span class='ocr_line' id='line_1_62' title="bbox 1851 2919 3447 2993; baseline -0.001 -16"><span class='ocrx_word' id='word_1_387' title='bbox 1851 2923 2061 2990; x_wconf 90' lang='lat' dir='ltr'><strong>stolica,</strong></span> <span class='ocrx_word' id='word_1_388' title='bbox 2092 2937 2158 2977; x_wconf 92' lang='lat' dir='ltr'><strong>eo</strong></span> <span class='ocrx_word' id='word_1_389' title='bbox 2186 2919 2336 2993; x_wconf 93' lang='lat' dir='ltr'><strong>quod</strong></span> <span class='ocrx_word' id='word_1_390' title='bbox 2378 2921 2631 2993; x_wconf 89' lang='lat' dir='ltr'><strong>princeps</strong></span> <span class='ocrx_word' id='word_1_391' title='bbox 2670 2928 2726 2976; x_wconf 90' lang='lat' dir='ltr'><strong>et</strong></span> <span class='ocrx_word' id='word_1_392' title='bbox 2752 2929 2932 2977; x_wconf 92' lang='lat' dir='ltr'><strong>mater</strong></span> <span class='ocrx_word' id='word_1_393' title='bbox 2970 2921 3225 2977; x_wconf 90' lang='lat' dir='ltr'><strong>omnium</strong></span> <span class='ocrx_word' id='word_1_394' title='bbox 3264 2922 3447 2977; x_wconf 87' lang='lat' dir='ltr'><strong>Eccle-</strong></span> 
     </span>
    </p>
   </div>
   <div class='ocr_carea' id='block_1_61' title="bbox 159 3014 3450 3106">
    <p class='ocr_par' dir='ltr' id='par_1_61' title="bbox 159 3014 3450 3106">
     <span class='ocr_line' id='line_1_63' title="bbox 159 3014 3450 3106; baseline -0.006 -16"><span class='ocrx_word' id='word_1_395' title='bbox 159 3036 395 3106; x_wconf 73' lang='lat' dir='ltr'><strong>Epistola</strong></span> <span class='ocrx_word' id='word_1_396' title='bbox 433 3036 678 3102; x_wconf 75' lang='lat' dir='ltr'><strong>Gregorii</strong></span> <span class='ocrx_word' id='word_1_397' title='bbox 720 3036 819 3089; x_wconf 83' lang='lat' dir='ltr'><strong>V11</strong></span> <span class='ocrx_word' id='word_1_398' title='bbox 849 3032 923 3087; x_wconf 79' lang='lat' dir='ltr'><strong>ad</strong></span> <span class='ocrx_word' id='word_1_399' title='bbox 948 3034 1198 3106; x_wconf 70' lang='lat' dir='ltr'><strong>Sancitum</strong></span> <span class='ocrx_word' id='word_1_400' title='bbox 1223 3044 1399 3106; x_wconf 80' lang='lat' dir='ltr'><strong>regem</strong></span> <span class='ocrx_word' id='word_1_401' title='bbox 1429 3026 1745 3095; x_wconf 77' lang='lat' dir='ltr'><strong>Aragoncn-</strong></span> <span class='ocrx_word' id='word_1_402' title='bbox 1773 3044 1818 3106; x_wconf 67' lang='grc' dir='ltr'>Ο</span> <span class='ocrx_word' id='word_1_403' title='bbox 1849 3016 2084 3085; x_wconf 72' lang='grc' dir='ltr'><strong>δίδωσι,</strong></span> <span class='ocrx_word' id='word_1_404' title='bbox 2137 3015 2400 3071; x_wconf 88' lang='lat' dir='ltr'><strong>omnibus</strong></span> <span class='ocrx_word' id='word_1_405' title='bbox 2449 3014 2555 3070; x_wconf 92' lang='lat' dir='ltr'><strong>hoc</strong></span> <span class='ocrx_word' id='word_1_406' title='bbox 2582 3014 2711 3087; x_wconf 88' lang='lat' dir='ltr'><strong>.jure</strong></span> <span class='ocrx_word' id='word_1_407' title='bbox 2767 3022 2821 3071; x_wconf 91' lang='lat' dir='ltr'><strong>et</strong></span> <span class='ocrx_word' id='word_1_408' title='bbox 2864 3014 3048 3071; x_wconf 88' lang='lat' dir='ltr'><strong>debita</strong></span> <span class='ocrx_word' id='word_1_409' title='bbox 3092 3014 3450 3071; x_wconf 87' lang='lat' dir='ltr'><strong>sollicitudine</strong></span> 
     </span>
    </p>
   </div>
   <div class='ocr_carea' id='block_1_62' title="bbox 222 3104 1744 3174">
    <p class='ocr_par' dir='ltr' id='par_1_62' title="bbox 222 3104 1744 3174">
     <span class='ocr_line' id='line_1_64' title="bbox 222 3104 1744 3174; baseline -0.008 -13"><span class='ocrx_word' id='word_1_410' title='bbox 222 3110 362 3162; x_wconf 80' lang='lat' dir='ltr'><strong>siam</strong></span> <span class='ocrx_word' id='word_1_411' title='bbox 386 3111 438 3160; x_wconf 89' lang='lat' dir='ltr'><strong>et</strong></span> <span class='ocrx_word' id='word_1_412' title='bbox 462 3107 968 3174; x_wconf 75' lang='lat' dir='ltr'><strong>Pampilonense’um.</strong></span> <span class='ocrx_word' id='word_1_413' title='bbox 989 3132 1060 3144; x_wconf 81' lang='lat'><strong>-—</strong></span> <span class='ocrx_word' id='word_1_414' title='bbox 1084 3104 1387 3170; x_wconf 71' lang='lat' dir='ltr'><strong>Gregorius,</strong></span> <span class='ocrx_word' id='word_1_415' title='bbox 1420 3114 1598 3174; x_wconf 78' lang='lat' dir='ltr'><strong>recens</strong></span> <span class='ocrx_word' id='word_1_416' title='bbox 1614 3114 1744 3174; x_wconf 66' lang='lat' dir='ltr'><strong>pon-</strong></span> 
     </span>
    </p>
   </div>
   <div class='ocr_carea' id='block_1_63' title="bbox 226 3170 1748 3257">
    <p class='ocr_par' dir='ltr' id='par_1_63' title="bbox 226 3170 1748 3257">
     <span class='ocr_line' id='line_1_65' title="bbox 226 3170 1748 3257; baseline -0.008 -24"><span class='ocrx_word' id='word_1_417' title='bbox 226 3181 374 3257; x_wconf 73' lang='lat' dir='ltr'><strong>tifea:_</strong></span> <span class='ocrx_word' id='word_1_418' title='bbox 404 3170 731 3257; x_wconf 69' lang='lat' dir='ltr'><strong>creatus._ad</strong></span> <span class='ocrx_word' id='word_1_419' title='bbox 763 3176 1062 3257; x_wconf 63' lang='lat' dir='ltr'><strong>exemplum</strong></span> <span class='ocrx_word' id='word_1_420' title='bbox 1086 3172 1486 3257; x_wconf 64' lang='lat' dir='ltr'><strong>praedecesson&#39;s</strong></span> <span class='ocrx_word' id='word_1_421' title='bbox 1510 3172 1599 3223; x_wconf 80' lang='lat' dir='ltr'><strong>sui</strong></span> 
     </span>
    </p>
   </div>
   <div class='ocr_carea' id='block_1_64' title="bbox 218 3242 1749 3313">
    <p class='ocr_par' dir='ltr' id='par_1_64' title="bbox 218 3242 1749 3313">
     <span class='ocr_line' id='line_1_66' title="bbox 218 3242 1749 3313; baseline -0.007 -10"><span class='ocrx_word' id='word_1_422' title='bbox 218 3242 429 3303; x_wconf 63' lang='grc' dir='ltr'><strong>τάπιεινὶ</strong></span> <span class='ocrx_word' id='word_1_423' title='bbox 448 3248 686 3309; x_wconf 85' lang='lat' dir='ltr'><strong>secundi,</strong></span> <span class='ocrx_word' id='word_1_424' title='bbox 732 3250 781 3301; x_wconf 86' lang='lat' dir='ltr'><strong>ei</strong></span> <span class='ocrx_word' id='word_1_425' title='bbox 814 3242 1298 3313; x_wconf 68' lang='lat' dir='ltr'><strong>successoribusth</strong></span> <span class='ocrx_word' id='word_1_426' title='bbox 1331 3243 1445 3311; x_wconf 86' lang='lat' dir='ltr'><strong>ejus</strong></span> <span class='ocrx_word' id='word_1_427' title='bbox 1469 3242 1749 3311; x_wconf 72' lang='lat' dir='ltr'><strong>permittit</strong></span> 
     </span>
    </p>
   </div>
   <div class='ocr_carea' id='block_1_65' title="bbox 224 3316 1747 3389">
    <p class='ocr_par' dir='ltr' id='par_1_65' title="bbox 224 3316 1747 3389">
     <span class='ocr_line' id='line_1_67' title="bbox 224 3316 1747 3389; baseline -0.008 -14"><span class='ocrx_word' id='word_1_428' title='bbox 224 3322 452 3375; x_wconf 75' lang='lat' dir='ltr'><strong>liberam</strong></span> <span class='ocrx_word' id='word_1_429' title='bbox 504 3320 904 3389; x_wconf 72' lang='lat' dir='ltr'><strong>dispositionem</strong></span> <span class='ocrx_word' id='word_1_430' title='bbox 968 3320 1202 3371; x_wconf 76' lang='lat' dir='ltr'><strong>omnium</strong></span> <span class='ocrx_word' id='word_1_431' title='bbox 1249 3316 1586 3389; x_wconf 71' lang='lat' dir='ltr'><strong>ecclesiarum</strong></span> <span class='ocrx_word' id='word_1_432' title='bbox 1639 3327 1747 3389; x_wconf 60' lang='lat' dir='ltr'><strong>(Lua</strong></span> 
     </span>
    </p>
   </div>
   <div class='ocr_carea' id='block_1_66' title="bbox 224 3384 1747 3461">
    <p class='ocr_par' dir='ltr' id='par_1_66' title="bbox 224 3384 1747 3461">
     <span class='ocr_line' id='line_1_68' title="bbox 224 3384 1747 3461; baseline -0.007 -14"><span class='ocrx_word' id='word_1_433' title='bbox 224 3394 337 3461; x_wconf 77' lang='lat' dir='ltr'><strong>ipse</strong></span> <span class='ocrx_word' id='word_1_434' title='bbox 373 3392 456 3446; x_wconf 80' lang='lat' dir='ltr'><strong>vel</strong></span> <span class='ocrx_word' id='word_1_435' title='bbox 482 3384 795 3446; x_wconf 71' lang='lat' dir='ltr'><strong>successores</strong></span> <span class='ocrx_word' id='word_1_436' title='bbox 826 3392 998 3459; x_wconf 74' lang='lat' dir='ltr'><strong>ipsius</strong></span> <span class='ocrx_word' id='word_1_437' title='bbox 1028 3390 1254 3457; x_wconf 76' lang='lat' dir='ltr'><strong>erith</strong></span> <span class='ocrx_word' id='word_1_438' title='bbox 1279 3386 1344 3440; x_wconf 86' lang='lat' dir='ltr'><strong>de</strong></span> <span class='ocrx_word' id='word_1_439' title='bbox 1369 3384 1616 3461; x_wconf 62' lang='lat' dir='ltr'><strong>manibus</strong></span> <span class='ocrx_word' id='word_1_440' title='bbox 1644 3384 1747 3461; x_wconf 69' lang='lat' dir='ltr'><strong>Sq-</strong></span> 
     </span>
    </p>
   </div>
   <div class='ocr_carea' id='block_1_67' title="bbox 225 3454 1744 3531">
    <p class='ocr_par' dir='ltr' id='par_1_67' title="bbox 225 3454 1744 3531">
     <span class='ocr_line' id='line_1_69' title="bbox 225 3454 1744 3531; baseline -0.008 -14"><span class='ocrx_word' id='word_1_441' title='bbox 225 3454 561 3527; x_wconf 62' lang='lat' dir='ltr'><strong>Facenorum,</strong></span> <span class='ocrx_word' id='word_1_442' title='bbox 584 3464 666 3517; x_wconf 81' lang='lat' dir='ltr'><strong>vel</strong></span> <span class='ocrx_word' id='word_1_443' title='bbox 690 3477 823 3531; x_wconf 86' lang='lat' dir='ltr'><strong>quas</strong></span> <span class='ocrx_word' id='word_1_444' title='bbox 844 3454 966 3530; x_wconf 58' lang='lat' dir='ltr'><strong>ipsi</strong></span> <span class='ocrx_word' id='word_1_445' title='bbox 994 3454 1232 3531; x_wconf 6' lang='lat' dir='ltr'><strong>ingregno</strong></span> <span class='ocrx_word' id='word_1_446' title='bbox 1259 3472 1352 3511; x_wconf 83' lang='lat' dir='ltr'><strong>suo</strong></span> <span class='ocrx_word' id='word_1_447' title='bbox 1384 3454 1744 3531; x_wconf 57' lang='lat' dir='ltr'><strong>cediﬁcubupt,</strong></span> 
     </span>
    </p>
   </div>
   <div class='ocr_carea' id='block_1_68' title="bbox 226 3528 1749 3601">
    <p class='ocr_par' dir='ltr' id='par_1_68' title="bbox 226 3528 1749 3601">
     <span class='ocr_line' id='line_1_70' title="bbox 226 3528 1749 3601; baseline -0.006 -14"><span class='ocrx_word' id='word_1_448' title='bbox 226 3534 431 3600; x_wconf 79' lang='lat' dir='ltr'><strong>fecibus</strong></span> <span class='ocrx_word' id='word_1_449' title='bbox 469 3528 746 3587; x_wconf 70' lang='lat' dir='ltr'><strong>duntaxat</strong></span> <span class='ocrx_word' id='word_1_450' title='bbox 794 3528 1181 3601; x_wconf 70' lang='lat' dir='ltr'><strong>episcopalibus</strong></span> <span class='ocrx_word' id='word_1_451' title='bbox 1238 3530 1490 3601; x_wconf 64' lang='lat' dir='ltr'><strong>exceptis.</strong></span> <span class='ocrx_word' id='word_1_452' title='bbox 1538 3555 1603 3563; x_wconf 92' lang='grc'><strong>--</strong></span> <span class='ocrx_word' id='word_1_453' title='bbox 1652 3528 1749 3601; x_wconf 83' lang='lat' dir='ltr'><strong>D__e-_</strong></span> 
     </span>
    </p>
   </div>
   <div class='ocr_carea' id='block_1_69' title="bbox 231 3596 1750 3723">
    <p class='ocr_par' dir='ltr' id='par_1_69' title="bbox 231 3596 1750 3723">
     <span class='ocr_line' id='line_1_71' title="bbox 231 3596 1750 3673; baseline -0.007 -14"><span class='ocrx_word' id='word_1_454' title='bbox 231 3596 483 3673; x_wconf 68' lang='lat' dir='ltr'><strong>Scriptum</strong></span> <span class='ocrx_word' id='word_1_455' title='bbox 512 3621 579 3659; x_wconf 78' lang='lat' dir='ltr'><strong>ea:</strong></span> <span class='ocrx_word' id='word_1_456' title='bbox 603 3596 987 3671; x_wconf 50' lang='lat' dir='ltr'><strong>archivo-regio</strong></span> <span class='ocrx_word' id='word_1_457' title='bbox 1026 3602 1403 3657; x_wconf 81' lang='lat' dir='ltr'><strong>Barcinonensi</strong></span> <span class='ocrx_word' id='word_1_458' title='bbox 1431 3598 1572 3650; x_wconf 83' lang='lat' dir='ltr'><strong>ultro</strong></span> <span class='ocrx_word' id='word_1_459' title='bbox 1610 3596 1750 3649; x_wconf 78' lang='lat' dir='ltr'><strong>mihi</strong></span> 
     </span>
     <span class='ocr_line' id='line_1_72' title="bbox 236 3669 1750 3723; baseline -0.002 0"><span class='ocrx_word' id='word_1_460' title='bbox 236 3676 497 3723; x_wconf 71' lang='lat' dir='ltr'><strong>libensque</strong></span> <span class='ocrx_word' id='word_1_461' title='bbox 523 3678 837 3723; x_wconf 73' lang='lat' dir='ltr'><strong>mnmiserat</strong></span> <span class='ocrx_word' id='word_1_462' title='bbox 865 3678 950 3723; x_wconf 77' lang='lat' dir='ltr'><strong>vir</strong></span> <span class='ocrx_word' id='word_1_463' title='bbox 978 3689 1263 3723; x_wconf 78' lang='lat' dir='ltr'><strong>numnam</strong></span> <span class='ocrx_word' id='word_1_464' title='bbox 1301 3672 1435 3723; x_wconf 80' lang='lat' dir='ltr'><strong>satis</strong></span> <span class='ocrx_word' id='word_1_465' title='bbox 1456 3669 1595 3723; x_wconf 74' lang='lat' dir='ltr'><strong>mihi</strong></span> <span class='ocrx_word' id='word_1_466' title='bbox 1614 3683 1750 3721; x_wconf 88' lang='lat' dir='ltr'><strong>com-</strong></span> 
     </span>
    </p>
   </div>
   <div class='ocr_carea' id='block_1_70' title="bbox 236 3676 1749 3823">
    <p class='ocr_par' dir='ltr' id='par_1_70' title="bbox 236 3676 1749 3823">
     <span class='ocr_line' id='line_1_73' title="bbox 236 3676 1749 3747; baseline -0.005 -19"><span class='ocrx_word' id='word_1_467' title='bbox 236 3676 497 3744; x_wconf 75' lang='lat' dir='ltr'><strong>libensque</strong></span> <span class='ocrx_word' id='word_1_468' title='bbox 519 3678 837 3747; x_wconf 74' lang='lat' dir='ltr'><strong>promiserat</strong></span> <span class='ocrx_word' id='word_1_469' title='bbox 865 3678 950 3727; x_wconf 84' lang='lat' dir='ltr'><strong>vir</strong></span> <span class='ocrx_word' id='word_1_470' title='bbox 978 3689 1263 3741; x_wconf 80' lang='lat' dir='ltr'><strong>nunquam</strong></span> <span class='ocrx_word' id='word_1_471' title='bbox 1301 3676 1435 3724; x_wconf 79' lang='lat' dir='ltr'><strong>satis</strong></span> <span class='ocrx_word' id='word_1_472' title='bbox 1456 3676 1594 3723; x_wconf 74' lang='lat' dir='ltr'><strong>mihi;</strong></span> <span class='ocrx_word' id='word_1_473' title='bbox 1614 3683 1749 3721; x_wconf 87' lang='lat' dir='ltr'><strong>com-</strong></span> 
     </span>
     <span class='ocr_line' id='line_1_74' title="bbox 239 3740 1749 3823; baseline -0.007 -23"><span class='ocrx_word' id='word_1_474' title='bbox 239 3746 583 3823; x_wconf 55' lang='lat' dir='ltr'><strong>mendandus</strong></span> <span class='ocrx_word' id='word_1_475' title='bbox 596 3751 784 3823; x_wconf 64' lang='lat' dir='ltr'><strong>Petrus</strong></span> <span class='ocrx_word' id='word_1_476' title='bbox 806 3747 871 3800; x_wconf 80' lang='lat' dir='ltr'><strong>de</strong></span> <span class='ocrx_word' id='word_1_477' title='bbox 899 3748 1096 3823; x_wconf 65' lang='lat' dir='ltr'><strong>Marco:</strong></span> <span class='ocrx_word' id='word_1_478' title='bbox 1120 3744 1520 3823; x_wconf 69' lang='lat' dir='ltr'><strong>illustrissimus</strong></span> <span class='ocrx_word' id='word_1_479' title='bbox 1556 3740 1749 3823; x_wconf 57' lang='lat' dir='ltr'><strong>(archi-</strong></span> 
     </span>
    </p>
   </div>
   <div class='ocr_carea' id='block_1_71' title="bbox 239 3811 1747 3886">
    <p class='ocr_par' dir='ltr' id='par_1_71' title="bbox 239 3811 1747 3886">
     <span class='ocr_line' id='line_1_75' title="bbox 239 3811 1747 3886; baseline -0.006 -15"><span class='ocrx_word' id='word_1_480' title='bbox 239 3819 501 3886; x_wconf 80' lang='lat' dir='ltr'><strong>episcopus</strong></span> <span class='ocrx_word' id='word_1_481' title='bbox 544 3819 829 3874; x_wconf 82' lang='lat' dir='ltr'><strong>Tolosanus</strong></span> <span class='ocrx_word' id='word_1_482' title='bbox 875 3821 924 3871; x_wconf 89' lang='lat' dir='ltr'><strong>et</strong></span> <span class='ocrx_word' id='word_1_483' title='bbox 954 3816 1297 3870; x_wconf 81' lang='lat' dir='ltr'><strong>Parisiensis.</strong></span> <span class='ocrx_word' id='word_1_484' title='bbox 1338 3813 1473 3868; x_wconf 88' lang='lat' dir='ltr'><strong>Vide</strong></span> <span class='ocrx_word' id='word_1_485' title='bbox 1501 3811 1747 3886; x_wconf 66' lang='lat' dir='ltr'><strong>publicas</strong></span> 
     </span>
    </p>
   </div>
   <div class='ocr_carea' id='block_1_72' title="bbox 235 3883 1752 3960">
    <p class='ocr_par' dir='ltr' id='par_1_72' title="bbox 235 3883 1752 3960">
     <span class='ocr_line' id='line_1_76' title="bbox 235 3883 1752 3960; baseline -0.005 -19"><span class='ocrx_word' id='word_1_486' title='bbox 235 3883 581 3960; x_wconf 70' lang='lat' dir='ltr'><strong>sblemizesque</strong></span> <span class='ocrx_word' id='word_1_487' title='bbox 606 3890 912 3960; x_wconf 73' lang='lat' dir='ltr'><strong>donationis</strong></span> <span class='ocrx_word' id='word_1_488' title='bbox 944 3888 1096 3941; x_wconf 83' lang='lat' dir='ltr'><strong>illius</strong></span> <span class='ocrx_word' id='word_1_489' title='bbox 1118 3887 1346 3947; x_wconf 83' lang='lat' dir='ltr'><strong>tabulas,</strong></span> <span class='ocrx_word' id='word_1_490' title='bbox 1367 3900 1426 3954; x_wconf 74' lang='grc' dir='ltr'><strong>Ρ.</strong></span> <span class='ocrx_word' id='word_1_491' title='bbox 1460 3887 1563 3938; x_wconf 84' lang='grc'><strong>379</strong></span> <span class='ocrx_word' id='word_1_492' title='bbox 1589 3883 1752 3936; x_wconf 81' lang='lat' dir='ltr'><strong>histo-</strong></span> 
     </span>
    </p>
   </div>
   <div class='ocr_carea' id='block_1_73' title="bbox 234 3959 1278 4032">
    <p class='ocr_par' dir='ltr' id='par_1_73' title="bbox 234 3959 1278 4032">
     <span class='ocr_line' id='line_1_77' title="bbox 234 3959 1278 4032; baseline -0.004 -16"><span class='ocrx_word' id='word_1_493' title='bbox 234 3961 358 4016; x_wconf 69' lang='lat' dir='ltr'><strong>rica</strong></span> <span class='ocrx_word' id='word_1_494' title='bbox 383 3976 664 4032; x_wconf 80' lang='lat' dir='ltr'><strong>synopseos</strong></span> <span class='ocrx_word' id='word_1_495' title='bbox 694 3959 1045 4018; x_wconf 79' lang='lat' dir='ltr'><strong>Conciliorum</strong></span> <span class='ocrx_word' id='word_1_496' title='bbox 1072 3960 1278 4013; x_wconf 79' lang='lat' dir='ltr'><strong>Mansi.</strong></span> 
     </span>
    </p>
   </div>
   <div class='ocr_carea' id='block_1_74' title="bbox 767 4054 1160 4124">
    <p class='ocr_par' dir='ltr' id='par_1_74' title="bbox 767 4054 1160 4124">
     <span class='ocr_line' id='line_1_78' title="bbox 767 4054 1160 4124; baseline -0.01 -15"><span class='ocrx_word' id='word_1_497' title='bbox 767 4054 947 4124; x_wconf 82' lang='lat' dir='ltr'><strong>(Anno</strong></span> <span class='ocrx_word' id='word_1_498' title='bbox 980 4056 1160 4116; x_wconf 79' lang='lat' dir='ltr'><strong>107s.)</strong></span> 
     </span>
    </p>
   </div>
   <div class='ocr_carea' id='block_1_75' title="bbox 540 4145 1375 4217">
    <p class='ocr_par' dir='ltr' id='par_1_75' title="bbox 540 4145 1375 4217">
     <span class='ocr_line' id='line_1_79' title="bbox 540 4145 1375 4217; baseline -0.006 -13"><span class='ocrx_word' id='word_1_499' title='bbox 540 4151 785 4217; x_wconf 59' lang='lat' dir='ltr'><strong>[Manen</strong></span> <span class='ocrx_word' id='word_1_500' title='bbox 825 4146 1025 4205; x_wconf 83' lang='lat' dir='ltr'><strong>Concil.</strong></span> <span class='ocrx_word' id='word_1_501' title='bbox 1054 4146 1190 4208; x_wconf 81' lang='lat' dir='ltr'><strong>XX,</strong></span> <span class='ocrx_word' id='word_1_502' title='bbox 1228 4145 1375 4210; x_wconf 84' lang='lat'><strong>622.]</strong></span> 
     </span>
    </p>
   </div>
   <div class='ocr_carea' id='block_1_76' title="bbox 909 4251 1007 4305">
    <p class='ocr_par' dir='ltr' id='par_1_76' title="bbox 909 4251 1007 4305">
     <span class='ocr_line' id='line_1_80' title="bbox 909 4251 1007 4305; baseline 0 0"><span class='ocrx_word' id='word_1_503' title='bbox 909 4251 1007 4305; x_wconf 86' lang='lat' dir='ltr'><strong>IV.</strong></span> 
     </span>
    </p>
   </div>
   <div class='ocr_carea' id='block_1_77' title="bbox 172 4344 1754 4421">
    <p class='ocr_par' dir='ltr' id='par_1_77' title="bbox 172 4344 1754 4421">
     <span class='ocr_line' id='line_1_81' title="bbox 172 4344 1754 4421; baseline -0.004 -19"><span class='ocrx_word' id='word_1_504' title='bbox 172 4349 227 4402; x_wconf 92' lang='lat' dir='ltr'><strong>S.</strong></span> <span class='ocrx_word' id='word_1_505' title='bbox 274 4350 506 4419; x_wconf 73' lang='lat' dir='ltr'><strong>Gregorii</strong></span> <span class='ocrx_word' id='word_1_506' title='bbox 545 4350 790 4421; x_wconf 73' lang='lat' dir='ltr'><strong>epistola.</strong></span> <span class='ocrx_word' id='word_1_507' title='bbox 848 4347 938 4404; x_wconf 82' lang='lat' dir='ltr'><strong>Ad</strong></span> <span class='ocrx_word' id='word_1_508' title='bbox 984 4349 1223 4404; x_wconf 85' lang='lat' dir='ltr'><strong>Ottonem</strong></span> <span class='ocrx_word' id='word_1_509' title='bbox 1270 4348 1568 4421; x_wconf 81' lang='lat' dir='ltr'><strong>episcopum</strong></span> <span class='ocrx_word' id='word_1_510' title='bbox 1622 4344 1754 4400; x_wconf 86' lang='lat' dir='ltr'><strong>Con-</strong></span> 
     </span>
    </p>
   </div>
   <div class='ocr_carea' id='block_1_78' title="bbox 237 4420 1555 4489">
    <p class='ocr_par' dir='ltr' id='par_1_78' title="bbox 237 4420 1555 4489">
     <span class='ocr_line' id='line_1_82' title="bbox 237 4420 1555 4489; baseline -0.003 -12"><span class='ocrx_word' id='word_1_511' title='bbox 237 4426 597 4479; x_wconf 78' lang='lat' dir='ltr'><strong>stantiensem.</strong></span> <span class='ocrx_word' id='word_1_512' title='bbox 633 4451 705 4462; x_wconf 96' lang='lat'><strong><em>—</em></strong></span> <span class='ocrx_word' id='word_1_513' title='bbox 743 4426 820 4478; x_wconf 88' lang='lat' dir='ltr'><strong>De</strong></span> <span class='ocrx_word' id='word_1_514' title='bbox 851 4422 1108 4489; x_wconf 66' lang='lat' dir='ltr'><strong>episcopis</strong></span> <span class='ocrx_word' id='word_1_515' title='bbox 1150 4420 1483 4476; x_wconf 69' lang='lat' dir='ltr'><strong>Simontacis.</strong></span> <span class='ocrx_word' id='word_1_516' title='bbox 1550 4470 1555 4473; x_wconf 79' lang='lat'><strong>.</strong></span> 
     </span>
    </p>
   </div>
   <div class='ocr_carea' id='block_1_79' title="bbox 756 4514 1176 4585">
    <p class='ocr_par' dir='ltr' id='par_1_79' title="bbox 756 4514 1176 4585">
     <span class='ocr_line' id='line_1_83' title="bbox 756 4514 1176 4585; baseline -0.002 -17"><span class='ocrx_word' id='word_1_517' title='bbox 756 4514 941 4585; x_wconf 78' lang='lat' dir='ltr'><strong>(Anno</strong></span> <span class='ocrx_word' id='word_1_518' title='bbox 993 4516 1176 4578; x_wconf 88' lang='grc'><strong>1074.)</strong></span> 
     </span>
    </p>
   </div>
   <div class='ocr_carea' id='block_1_80' title="bbox 402 4607 1515 4680">
    <p class='ocr_par' dir='ltr' id='par_1_80' title="bbox 402 4607 1515 4680">
     <span class='ocr_line' id='line_1_84' title="bbox 402 4607 1515 4680; baseline -0.007 -14"><span class='ocrx_word' id='word_1_519' title='bbox 402 4611 647 4680; x_wconf 65' lang='grc' dir='ltr'><strong>[ΒΑιιυΖ.</strong></span> <span class='ocrx_word' id='word_1_520' title='bbox 685 4609 908 4665; x_wconf 77' lang='lat' dir='ltr'><strong>Miseell.</strong></span> <span class='ocrx_word' id='word_1_521' title='bbox 940 4607 1072 4663; x_wconf 87' lang='lat' dir='ltr'><strong>edit.</strong></span> <span class='ocrx_word' id='word_1_522' title='bbox 1105 4609 1239 4661; x_wconf 90' lang='lat' dir='ltr'><strong>Luc.</strong></span> <span class='ocrx_word' id='word_1_523' title='bbox 1270 4607 1338 4672; x_wconf 94' lang='lat' dir='ltr'><strong>ll,</strong></span> <span class='ocrx_word' id='word_1_524' title='bbox 1364 4607 1515 4672; x_wconf 74' lang='lat'><strong>232.]</strong></span> 
     </span>
    </p>
   </div>
   <div class='ocr_carea' id='block_1_81' title="bbox 239 4696 1754 4773">
    <p class='ocr_par' dir='ltr' id='par_1_81' title="bbox 239 4696 1754 4773">
     <span class='ocr_line' id='line_1_85' title="bbox 239 4696 1754 4773; baseline -0.004 -16"><span class='ocrx_word' id='word_1_525' title='bbox 239 4702 591 4760; x_wconf 72' lang='lat' dir='ltr'><strong>Caesonius</strong></span> <span class='ocrx_word' id='word_1_526' title='bbox 602 4702 909 4773; x_wconf 88' lang='lat' dir='ltr'><strong>episcopus,</strong></span> <span class='ocrx_word' id='word_1_527' title='bbox 927 4714 1406 4757; x_wconf 87' lang='lat' dir='ltr'><strong>servusservorum</strong></span> <span class='ocrx_word' id='word_1_528' title='bbox 1418 4696 1754 4765; x_wconf 88' lang='lat' dir='ltr'><strong>Dei,dilecto</strong></span> 
     </span>
    </p>
   </div>
   <div class='ocr_carea' id='block_1_82' title="bbox 178 4792 1753 4863">
    <p class='ocr_par' dir='ltr' id='par_1_82' title="bbox 178 4792 1753 4863">
     <span class='ocr_line' id='line_1_86' title="bbox 178 4792 1753 4863; baseline -0.001 -15"><span class='ocrx_word' id='word_1_529' title='bbox 178 4794 225 4848; x_wconf 88' lang='lat' dir='ltr'><strong>in</strong></span> <span class='ocrx_word' id='word_1_530' title='bbox 254 4797 468 4853; x_wconf 89' lang='lat' dir='ltr'><strong>Christo</strong></span> <span class='ocrx_word' id='word_1_531' title='bbox 497 4797 653 4852; x_wconf 83' lang='lat' dir='ltr'><strong>fratri</strong></span> <span class='ocrx_word' id='word_1_532' title='bbox 683 4800 927 4853; x_wconf 70' lang='lat' dir='ltr'><strong>Omont</strong></span> <span class='ocrx_word' id='word_1_533' title='bbox 957 4793 1363 4851; x_wconf 89' lang='lat' dir='ltr'><strong>Constantiensi</strong></span> <span class='ocrx_word' id='word_1_534' title='bbox 1384 4792 1641 4863; x_wconf 88' lang='lat' dir='ltr'><strong>episcopo</strong></span> <span class='ocrx_word' id='word_1_535' title='bbox 1667 4806 1753 4846; x_wconf 87' lang='lat' dir='ltr'><strong>sa-</strong></span> 
     </span>
    </p>
   </div>
   <div class='ocr_carea' id='block_1_83' title="bbox 175 4885 1292 4963">
    <p class='ocr_par' dir='ltr' id='par_1_83' title="bbox 175 4885 1292 4963">
     <span class='ocr_line' id='line_1_87' title="bbox 175 4885 1292 4963; baseline 0.003 -24"><span class='ocrx_word' id='word_1_536' title='bbox 175 4885 335 4945; x_wconf 81' lang='lat' dir='ltr'><strong>lutem</strong></span> <span class='ocrx_word' id='word_1_537' title='bbox 364 4900 417 4947; x_wconf 89' lang='lat' dir='ltr'><strong>et</strong></span> <span class='ocrx_word' id='word_1_538' title='bbox 444 4892 807 4963; x_wconf 87' lang='lat' dir='ltr'><strong>apostolicam</strong></span> <span class='ocrx_word' id='word_1_539' title='bbox 836 4888 1292 4945; x_wconf 88' lang='lat' dir='ltr'><strong>benedictionem.</strong></span> 
     </span>
    </p>
   </div>
   <div class='ocr_carea' id='block_1_84' title="bbox 236 4978 1756 5042">
    <p class='ocr_par' dir='ltr' id='par_1_84' title="bbox 236 4978 1756 5042">
     <span class='ocr_line' id='line_1_88' title="bbox 236 4978 1756 5042; baseline -0.004 -3"><span class='ocrx_word' id='word_1_540' title='bbox 236 4986 497 5042; x_wconf 86' lang='lat' dir='ltr'><strong>lnstantia</strong></span> <span class='ocrx_word' id='word_1_541' title='bbox 553 4985 877 5040; x_wconf 89' lang='lat' dir='ltr'><strong>nuntiorum</strong></span> <span class='ocrx_word' id='word_1_542' title='bbox 923 4992 1143 5040; x_wconf 87' lang='lat' dir='ltr'><strong>tuorum</strong></span> <span class='ocrx_word' id='word_1_543' title='bbox 1209 4980 1525 5037; x_wconf 87' lang='lat' dir='ltr'><strong>festinanter</strong></span> <span class='ocrx_word' id='word_1_544' title='bbox 1577 4978 1756 5035; x_wconf 89' lang='lat' dir='ltr'><strong>redire</strong></span> 
     </span>
    </p>
   </div>
   <div class='ocr_carea' id='block_1_85' title="bbox 173 5074 1754 5150">
    <p class='ocr_par' dir='ltr' id='par_1_85' title="bbox 173 5074 1754 5150">
     <span class='ocr_line' id='line_1_89' title="bbox 173 5074 1754 5150; baseline -0.003 -19"><span class='ocrx_word' id='word_1_545' title='bbox 173 5076 458 5135; x_wconf 79' lang='lat' dir='ltr'><strong>volentium</strong></span> <span class='ocrx_word' id='word_1_546' title='bbox 493 5094 610 5135; x_wconf 91' lang='lat' dir='ltr'><strong>non</strong></span> <span class='ocrx_word' id='word_1_547' title='bbox 640 5075 888 5150; x_wconf 82' lang='lat' dir='ltr'><strong>permisit</strong></span> <span class='ocrx_word' id='word_1_548' title='bbox 920 5092 1021 5133; x_wconf 90' lang='lat' dir='ltr'><strong>nos</strong></span> <span class='ocrx_word' id='word_1_549' title='bbox 1052 5075 1373 5131; x_wconf 88' lang='lat' dir='ltr'><strong>fraternitati</strong></span> <span class='ocrx_word' id='word_1_550' title='bbox 1404 5084 1515 5130; x_wconf 69' lang='lat' dir='ltr'><strong>tua:</strong></span> <span class='ocrx_word' id='word_1_551' title='bbox 1544 5088 1666 5145; x_wconf 64' lang='lat' dir='ltr'><strong>quas</strong></span> <span class='ocrx_word' id='word_1_552' title='bbox 1701 5074 1754 5126; x_wconf 91' lang='lat' dir='ltr'><strong>in</strong></span> 
     </span>
    </p>
   </div>
   <div class='ocr_carea' id='block_1_86' title="bbox 173 5167 1751 5246">
    <p class='ocr_par' dir='ltr' id='par_1_86' title="bbox 173 5167 1751 5246">
     <span class='ocr_line' id='line_1_90' title="bbox 173 5167 1751 5246; baseline -0.003 -21"><span class='ocrx_word' id='word_1_553' title='bbox 173 5169 417 5229; x_wconf 83' lang='lat' dir='ltr'><strong>Romana</strong></span> <span class='ocrx_word' id='word_1_554' title='bbox 437 5171 653 5246; x_wconf 87' lang='lat' dir='ltr'><strong>synodo</strong></span> <span class='ocrx_word' id='word_1_555' title='bbox 694 5170 990 5228; x_wconf 88' lang='lat' dir='ltr'><strong>constituta</strong></span> <span class='ocrx_word' id='word_1_556' title='bbox 1030 5176 1163 5225; x_wconf 87' lang='lat' dir='ltr'><strong>sunt</strong></span> <span class='ocrx_word' id='word_1_557' title='bbox 1189 5169 1431 5225; x_wconf 88' lang='lat' dir='ltr'><strong>seriatim</strong></span> <span class='ocrx_word' id='word_1_558' title='bbox 1473 5167 1751 5222; x_wconf 89' lang='lat' dir='ltr'><strong>intimare.</strong></span> 
     </span>
    </p>
   </div>
   <div class='ocr_carea' id='block_1_87' title="bbox 172 5260 1755 5324">
    <p class='ocr_par' dir='ltr' id='par_1_87' title="bbox 172 5260 1755 5324">
     <span class='ocr_line' id='line_1_91' title="bbox 172 5260 1755 5324; baseline -0.003 -6"><span class='ocrx_word' id='word_1_559' title='bbox 172 5263 301 5322; x_wconf 74' lang='lat' dir='ltr'><strong>Haec</strong></span> <span class='ocrx_word' id='word_1_560' title='bbox 329 5276 513 5324; x_wconf 88' lang='lat' dir='ltr'><strong>tamen</strong></span> <span class='ocrx_word' id='word_1_561' title='bbox 543 5264 856 5322; x_wconf 88' lang='lat' dir='ltr'><strong>necessario</strong></span> <span class='ocrx_word' id='word_1_562' title='bbox 899 5263 1001 5319; x_wconf 91' lang='lat' dir='ltr'><strong>tibi</strong></span> <span class='ocrx_word' id='word_1_563' title='bbox 1029 5262 1320 5319; x_wconf 89' lang='lat' dir='ltr'><strong>scribendo</strong></span> <span class='ocrx_word' id='word_1_564' title='bbox 1347 5260 1468 5317; x_wconf 89' lang='lat' dir='ltr'><strong>fore</strong></span> <span class='ocrx_word' id='word_1_565' title='bbox 1503 5260 1755 5316; x_wconf 88' lang='lat' dir='ltr'><strong>arbitrati</strong></span> 
     </span>
    </p>
   </div>
   <div class='ocr_carea' id='block_1_88' title="bbox 168 5357 1753 5432">
    <p class='ocr_par' dir='ltr' id='par_1_88' title="bbox 168 5357 1753 5432">
     <span class='ocr_line' id='line_1_92' title="bbox 168 5357 1753 5432; baseline -0.001 -21"><span class='ocrx_word' id='word_1_566' title='bbox 168 5373 378 5430; x_wconf 86' lang='lat' dir='ltr'><strong>sumus,</strong></span> <span class='ocrx_word' id='word_1_567' title='bbox 407 5378 510 5418; x_wconf 87' lang='lat' dir='ltr'><strong>nos</strong></span> <span class='ocrx_word' id='word_1_568' title='bbox 544 5361 700 5432; x_wconf 77' lang='lat' dir='ltr'><strong>juxta</strong></span> <span class='ocrx_word' id='word_1_569' title='bbox 744 5358 1125 5415; x_wconf 86' lang='lat' dir='ltr'><strong>auctoritatem</strong></span> <span class='ocrx_word' id='word_1_570' title='bbox 1156 5360 1472 5412; x_wconf 86' lang='lat' dir='ltr'><strong>sanctorum</strong></span> <span class='ocrx_word' id='word_1_571' title='bbox 1528 5357 1753 5410; x_wconf 85' lang='lat' dir='ltr'><strong>Patrum</strong></span> 
     </span>
    </p>
   </div>
   <div class='ocr_carea' id='block_1_89' title="bbox 164 5448 1756 5527">
    <p class='ocr_par' dir='ltr' id='par_1_89' title="bbox 164 5448 1756 5527">
     <span class='ocr_line' id='line_1_93' title="bbox 164 5448 1756 5527; baseline -0.004 -20"><span class='ocrx_word' id='word_1_572' title='bbox 164 5449 219 5507; x_wconf 89' lang='lat' dir='ltr'><strong>in</strong></span> <span class='ocrx_word' id='word_1_573' title='bbox 264 5456 457 5512; x_wconf 86' lang='lat' dir='ltr'><strong>eadem</strong></span> <span class='ocrx_word' id='word_1_574' title='bbox 485 5454 699 5527; x_wconf 85' lang='lat' dir='ltr'><strong>synodo</strong></span> <span class='ocrx_word' id='word_1_575' title='bbox 730 5453 1057 5510; x_wconf 85' lang='lat' dir='ltr'><strong>sententiam</strong></span> <span class='ocrx_word' id='word_1_576' title='bbox 1106 5450 1315 5507; x_wconf 82' lang='lat' dir='ltr'><strong>dedisse</strong></span> <span class='ocrx_word' id='word_1_577' title='bbox 1358 5448 1513 5505; x_wconf 86' lang='lat' dir='ltr'><strong>uthi</strong></span> <span class='ocrx_word' id='word_1_578' title='bbox 1541 5448 1631 5521; x_wconf 90' lang='lat' dir='ltr'><strong>qui</strong></span> <span class='ocrx_word' id='word_1_579' title='bbox 1662 5464 1756 5518; x_wconf 88' lang='lat' dir='ltr'><strong>per</strong></span> 
     </span>
    </p>
   </div>
   <div class='ocr_carea' id='block_1_90' title="bbox 167 5540 1757 5614">
    <p class='ocr_par' dir='ltr' id='par_1_90' title="bbox 167 5540 1757 5614">
     <span class='ocr_line' id='line_1_94' title="bbox 167 5540 1757 5614; baseline -0.007 -8"><span class='ocrx_word' id='word_1_580' title='bbox 167 5545 532 5607; x_wconf 83' lang='lat' dir='ltr'><strong>Simoniacam</strong></span> <span class='ocrx_word' id='word_1_581' title='bbox 558 5548 832 5614; x_wconf 69' lang='lat' dir='ltr'><strong>hmresim,</strong></span> <span class='ocrx_word' id='word_1_582' title='bbox 870 5548 973 5602; x_wconf 90' lang='lat' dir='ltr'><strong>hoc</strong></span> <span class='ocrx_word' id='word_1_583' title='bbox 1003 5555 1106 5613; x_wconf 90' lang='lat' dir='ltr'><strong>est,</strong></span> <span class='ocrx_word' id='word_1_584' title='bbox 1136 5545 1441 5601; x_wconf 88' lang='lat' dir='ltr'><strong>interventu</strong></span> <span class='ocrx_word' id='word_1_585' title='bbox 1476 5542 1652 5613; x_wconf 81' lang='lat' dir='ltr'><strong>pretii,</strong></span> <span class='ocrx_word' id='word_1_586' title='bbox 1685 5540 1757 5596; x_wconf 88' lang='lat' dir='ltr'><strong>ad</strong></span> 
     </span>
    </p>
   </div>
   <div class='ocr_carea' id='block_1_91' title="bbox 173 5634 1754 5713">
    <p class='ocr_par' dir='ltr' id='par_1_91' title="bbox 173 5634 1754 5713">
     <span class='ocr_line' id='line_1_95' title="bbox 173 5634 1754 5713; baseline -0.004 -17"><span class='ocrx_word' id='word_1_587' title='bbox 173 5639 409 5713; x_wconf 76' lang='lat' dir='ltr'><strong>aliquem</strong></span> <span class='ocrx_word' id='word_1_588' title='bbox 454 5658 740 5700; x_wconf 86' lang='lat' dir='ltr'><strong>sacrorum</strong></span> <span class='ocrx_word' id='word_1_589' title='bbox 790 5640 1047 5697; x_wconf 83' lang='lat' dir='ltr'><strong>ordinum</strong></span> <span class='ocrx_word' id='word_1_590' title='bbox 1096 5640 1329 5712; x_wconf 90' lang='lat' dir='ltr'><strong>gradum</strong></span> <span class='ocrx_word' id='word_1_591' title='bbox 1372 5637 1451 5693; x_wconf 90' lang='lat' dir='ltr'><strong>vel</strong></span> <span class='ocrx_word' id='word_1_592' title='bbox 1508 5634 1754 5691; x_wconf 83' lang='lat' dir='ltr'><strong>ofﬁcium</strong></span> 
     </span>
    </p>
   </div>
   <div class='ocr_carea' id='block_1_92' title="bbox 174 5729 1759 5803">
    <p class='ocr_par' dir='ltr' id='par_1_92' title="bbox 174 5729 1759 5803">
     <span class='ocr_line' id='line_1_96' title="bbox 174 5729 1759 5803; baseline -0.007 -7"><span class='ocrx_word' id='word_1_593' title='bbox 174 5738 407 5796; x_wconf 82' lang='lat' dir='ltr'><strong>Promoti</strong></span> <span class='ocrx_word' id='word_1_594' title='bbox 463 5743 620 5803; x_wconf 84' lang='lat' dir='ltr'><strong>sunt,</strong></span> <span class='ocrx_word' id='word_1_595' title='bbox 667 5735 880 5791; x_wconf 88' lang='lat' dir='ltr'><strong>nullum</strong></span> <span class='ocrx_word' id='word_1_596' title='bbox 910 5733 967 5789; x_wconf 87' lang='lat' dir='ltr'><strong>in</strong></span> <span class='ocrx_word' id='word_1_597' title='bbox 1005 5744 1189 5791; x_wconf 84' lang='lat' dir='ltr'><strong>sancta</strong></span> <span class='ocrx_word' id='word_1_598' title='bbox 1241 5731 1477 5790; x_wconf 85' lang='lat' dir='ltr'><strong>Ecclesia</strong></span> <span class='ocrx_word' id='word_1_599' title='bbox 1530 5729 1759 5786; x_wconf 83' lang='lat' dir='ltr'><strong>ulterius</strong></span> 
     </span>
    </p>
   </div>
   <div class='ocr_carea' id='block_1_93' title="bbox 1856 3106 3449 3179">
    <p class='ocr_par' dir='ltr' id='par_1_93' title="bbox 1856 3106 3449 3179">
     <span class='ocr_line' id='line_1_97' title="bbox 1856 3106 3449 3179; baseline -0.001 -14"><span class='ocrx_word' id='word_1_600' title='bbox 1856 3109 2111 3165; x_wconf 86' lang='lat' dir='ltr'><strong>Ecclesiis</strong></span> <span class='ocrx_word' id='word_1_601' title='bbox 2146 3124 2381 3179; x_wconf 62' lang='lat' dir='ltr'><strong>praesse</strong></span> <span class='ocrx_word' id='word_1_602' title='bbox 2426 3107 2641 3177; x_wconf 91' lang='lat' dir='ltr'><strong>debeat,</strong></span> <span class='ocrx_word' id='word_1_603' title='bbox 2682 3117 2745 3164; x_wconf 89' lang='lat' dir='ltr'><strong>ut</strong></span> <span class='ocrx_word' id='word_1_604' title='bbox 2776 3124 2890 3164; x_wconf 94' lang='lat' dir='ltr'><strong>non</strong></span> <span class='ocrx_word' id='word_1_605' title='bbox 2919 3110 3098 3164; x_wconf 90' lang='lat' dir='ltr'><strong>solum</strong></span> <span class='ocrx_word' id='word_1_606' title='bbox 3127 3123 3218 3164; x_wconf 88' lang='lat' dir='ltr'><strong>eas</strong></span> <span class='ocrx_word' id='word_1_607' title='bbox 3265 3106 3449 3163; x_wconf 89' lang='lat' dir='ltr'><strong>catho-</strong></span> 
     </span>
    </p>
   </div>
   <div class='ocr_carea' id='block_1_94' title="bbox 1857 3201 3450 3275">
    <p class='ocr_par' dir='ltr' id='par_1_94' title="bbox 1857 3201 3450 3275">
     <span class='ocr_line' id='line_1_98' title="bbox 1857 3201 3450 3275; baseline 0 -19"><span class='ocrx_word' id='word_1_608' title='bbox 1857 3203 1975 3259; x_wconf 73' lang='lat' dir='ltr'><strong>licae</strong></span> <span class='ocrx_word' id='word_1_609' title='bbox 2002 3203 2286 3275; x_wconf 86' lang='lat' dir='ltr'><strong>religionis</strong></span> <span class='ocrx_word' id='word_1_610' title='bbox 2313 3202 2523 3257; x_wconf 87' lang='lat' dir='ltr'><strong>unitate</strong></span> <span class='ocrx_word' id='word_1_611' title='bbox 2557 3202 2872 3271; x_wconf 88' lang='lat' dir='ltr'><strong>concludat,</strong></span> <span class='ocrx_word' id='word_1_612' title='bbox 2903 3201 3001 3259; x_wconf 89' lang='lat' dir='ltr'><strong>sed</strong></span> <span class='ocrx_word' id='word_1_613' title='bbox 3029 3202 3356 3275; x_wconf 86' lang='lat' dir='ltr'><strong>generaliter</strong></span> <span class='ocrx_word' id='word_1_614' title='bbox 3381 3201 3450 3257; x_wconf 93' lang='lat' dir='ltr'><strong>ab</strong></span> 
     </span>
    </p>
   </div>
   <div class='ocr_carea' id='block_1_95' title="bbox 1857 3295 3453 3367">
    <p class='ocr_par' dir='ltr' id='par_1_95' title="bbox 1857 3295 3453 3367">
     <span class='ocr_line' id='line_1_99' title="bbox 1857 3295 3453 3367; baseline 0 -17"><span class='ocrx_word' id='word_1_615' title='bbox 1857 3295 1942 3351; x_wconf 91' lang='lat' dir='ltr'><strong>his</strong></span> <span class='ocrx_word' id='word_1_616' title='bbox 1981 3311 2106 3367; x_wconf 63' lang='lat' dir='ltr'><strong>quae</strong></span> <span class='ocrx_word' id='word_1_617' title='bbox 2144 3295 2479 3350; x_wconf 84' lang='lat' dir='ltr'><strong>extrinsecus</strong></span> <span class='ocrx_word' id='word_1_618' title='bbox 2524 3302 2937 3364; x_wconf 87' lang='lat' dir='ltr'><strong>promoventur,</strong></span> <span class='ocrx_word' id='word_1_619' title='bbox 2977 3310 3075 3351; x_wconf 91' lang='lat' dir='ltr'><strong>sua</strong></span> <span class='ocrx_word' id='word_1_620' title='bbox 3126 3295 3453 3351; x_wconf 89' lang='lat' dir='ltr'><strong>auctoritate</strong></span> 
     </span>
    </p>
   </div>
   <div class='ocr_carea' id='block_1_96' title="bbox 1856 3388 3450 3459">
    <p class='ocr_par' dir='ltr' id='par_1_96' title="bbox 1856 3388 3450 3459">
     <span class='ocr_line' id='line_1_100' title="bbox 1856 3388 3450 3459; baseline -0.001 -15"><span class='ocrx_word' id='word_1_621' title='bbox 1856 3389 2030 3445; x_wconf 87' lang='lat' dir='ltr'><strong>salvet</strong></span> <span class='ocrx_word' id='word_1_622' title='bbox 2057 3396 2113 3443; x_wconf 91' lang='lat' dir='ltr'><strong>et</strong></span> <span class='ocrx_word' id='word_1_623' title='bbox 2140 3388 2374 3443; x_wconf 88' lang='lat' dir='ltr'><strong>muniat.</strong></span> <span class='ocrx_word' id='word_1_624' title='bbox 2402 3389 2554 3443; x_wconf 91' lang='lat' dir='ltr'><strong>Inter</strong></span> <span class='ocrx_word' id='word_1_625' title='bbox 2579 3403 2716 3457; x_wconf 90' lang='lat' dir='ltr'><strong>quas</strong></span> <span class='ocrx_word' id='word_1_626' title='bbox 2748 3397 2933 3444; x_wconf 86' lang='lat' dir='ltr'><strong>tamen</strong></span> <span class='ocrx_word' id='word_1_627' title='bbox 2964 3389 3273 3459; x_wconf 87' lang='lat' dir='ltr'><strong>complures</strong></span> <span class='ocrx_word' id='word_1_628' title='bbox 3298 3388 3450 3443; x_wconf 85' lang='lat' dir='ltr'><strong>inve—</strong></span> 
     </span>
    </p>
   </div>
   <div class='ocr_carea' id='block_1_97' title="bbox 1856 3480 3453 3554">
    <p class='ocr_par' dir='ltr' id='par_1_97' title="bbox 1856 3480 3453 3554">
     <span class='ocr_line' id='line_1_101' title="bbox 1856 3480 3453 3554; baseline 0 -17"><span class='ocrx_word' id='word_1_629' title='bbox 1856 3484 2105 3550; x_wconf 90' lang='lat' dir='ltr'><strong>niuntur,</strong></span> <span class='ocrx_word' id='word_1_630' title='bbox 2131 3497 2253 3554; x_wconf 70' lang='lat' dir='ltr'><strong>quae</strong></span> <span class='ocrx_word' id='word_1_631' title='bbox 2282 3480 2501 3553; x_wconf 87' lang='lat' dir='ltr'><strong>speciali</strong></span> <span class='ocrx_word' id='word_1_632' title='bbox 2526 3497 2589 3537; x_wconf 89' lang='lat' dir='ltr'><strong>ac</strong></span> <span class='ocrx_word' id='word_1_633' title='bbox 2618 3483 2836 3554; x_wconf 90' lang='lat' dir='ltr'><strong>propria</strong></span> <span class='ocrx_word' id='word_1_634' title='bbox 2881 3482 3366 3538; x_wconf 90' lang='lat' dir='ltr'><strong>commendatione</strong></span> <span class='ocrx_word' id='word_1_635' title='bbox 3392 3481 3453 3537; x_wconf 91' lang='lat' dir='ltr'><strong>in</strong></span> 
     </span>
    </p>
   </div>
   <div class='ocr_carea' id='block_1_98' title="bbox 1857 3574 3451 3647">
    <p class='ocr_par' dir='ltr' id='par_1_98' title="bbox 1857 3574 3451 3647">
     <span class='ocr_line' id='line_1_102' title="bbox 1857 3574 3451 3647; baseline -0.001 -16"><span class='ocrx_word' id='word_1_636' title='bbox 1857 3577 2083 3632; x_wconf 88' lang='lat' dir='ltr'><strong>tutelam</strong></span> <span class='ocrx_word' id='word_1_637' title='bbox 2128 3575 2373 3647; x_wconf 91' lang='lat' dir='ltr'><strong>ejusdem</strong></span> <span class='ocrx_word' id='word_1_638' title='bbox 2429 3574 2572 3631; x_wconf 89' lang='lat' dir='ltr'><strong>sedis</strong></span> <span class='ocrx_word' id='word_1_639' title='bbox 2615 3576 2930 3647; x_wconf 63' lang='lat' dir='ltr'><strong>apostolica:</strong></span> <span class='ocrx_word' id='word_1_640' title='bbox 2980 3592 3038 3632; x_wconf 90' lang='lat' dir='ltr'><strong>se</strong></span> <span class='ocrx_word' id='word_1_641' title='bbox 3078 3576 3451 3645; x_wconf 87' lang='lat' dir='ltr'><strong>contulerunt,</strong></span> 
     </span>
    </p>
   </div>
   <div class='ocr_carea' id='block_1_99' title="bbox 1857 3668 3455 3741">
    <p class='ocr_par' dir='ltr' id='par_1_99' title="bbox 1857 3668 3455 3741">
     <span class='ocr_line' id='line_1_103' title="bbox 1857 3668 3455 3741; baseline -0.001 -16"><span class='ocrx_word' id='word_1_642' title='bbox 1857 3679 1920 3725; x_wconf 93' lang='lat' dir='ltr'><strong>ut</strong></span> <span class='ocrx_word' id='word_1_643' title='bbox 1942 3668 2162 3741; x_wconf 89' lang='lat' dir='ltr'><strong>speciali</strong></span> <span class='ocrx_word' id='word_1_644' title='bbox 2199 3668 2464 3725; x_wconf 90' lang='lat' dir='ltr'><strong>charitate</strong></span> <span class='ocrx_word' id='word_1_645' title='bbox 2490 3678 2547 3724; x_wconf 90' lang='lat' dir='ltr'><strong>et</strong></span> <span class='ocrx_word' id='word_1_646' title='bbox 2569 3668 2752 3724; x_wconf 84' lang='lat' dir='ltr'><strong>studio</strong></span> <span class='ocrx_word' id='word_1_647' title='bbox 2786 3684 2901 3726; x_wconf 78' lang='lat' dir='ltr'><strong>suae</strong></span> <span class='ocrx_word' id='word_1_648' title='bbox 2933 3669 3131 3725; x_wconf 85' lang='lat' dir='ltr'><strong>matris</strong></span> <span class='ocrx_word' id='word_1_649' title='bbox 3170 3669 3455 3739; x_wconf 71' lang='lat' dir='ltr'><strong>amplectar,</strong></span> 
     </span>
    </p>
   </div>
   <div class='ocr_carea' id='block_1_100' title="bbox 1857 3761 3451 3819">
    <p class='ocr_par' dir='ltr' id='par_1_100' title="bbox 1857 3761 3451 3819">
     <span class='ocr_line' id='line_1_104' title="bbox 1857 3761 3451 3819; baseline -0.001 -1"><span class='ocrx_word' id='word_1_650' title='bbox 1857 3764 2161 3819; x_wconf 87' lang='lat' dir='ltr'><strong>securiores</strong></span> <span class='ocrx_word' id='word_1_651' title='bbox 2214 3770 2271 3818; x_wconf 88' lang='lat' dir='ltr'><strong>et</strong></span> <span class='ocrx_word' id='word_1_652' title='bbox 2308 3761 2589 3818; x_wconf 89' lang='lat' dir='ltr'><strong>liberiores</strong></span> <span class='ocrx_word' id='word_1_653' title='bbox 2636 3761 2708 3817; x_wconf 89' lang='lat' dir='ltr'><strong>ab</strong></span> <span class='ocrx_word' id='word_1_654' title='bbox 2746 3763 2895 3818; x_wconf 89' lang='lat' dir='ltr'><strong>omni</strong></span> <span class='ocrx_word' id='word_1_655' title='bbox 2942 3761 3290 3819; x_wconf 86' lang='lat' dir='ltr'><strong>infestatione</strong></span> <span class='ocrx_word' id='word_1_656' title='bbox 3318 3777 3451 3818; x_wconf 85' lang='lat' dir='ltr'><strong>con-</strong></span> 
     </span>
    </p>
   </div>
   <div class='ocr_carea' id='block_1_101' title="bbox 1858 3856 2135 3912">
    <p class='ocr_par' dir='ltr' id='par_1_101' title="bbox 1858 3856 2135 3912">
     <span class='ocr_line' id='line_1_105' title="bbox 1858 3856 2135 3912; baseline -0.004 0"><span class='ocrx_word' id='word_1_657' title='bbox 1858 3856 2135 3912; x_wconf 88' lang='lat' dir='ltr'><strong>sisterent.</strong></span> 
     </span>
    </p>
   </div>
   <div class='ocr_carea' id='block_1_102' title="bbox 1930 3949 3451 4021">
    <p class='ocr_par' dir='ltr' id='par_1_102' title="bbox 1930 3949 3451 4021">
     <span class='ocr_line' id='line_1_106' title="bbox 1930 3949 3451 4021; baseline -0.001 -16"><span class='ocrx_word' id='word_1_658' title='bbox 1930 3954 2097 4021; x_wconf 86' lang='lat' dir='ltr'><strong>Quas,</strong></span> <span class='ocrx_word' id='word_1_659' title='bbox 2145 3957 2208 4005; x_wconf 91' lang='lat' dir='ltr'><strong>ut</strong></span> <span class='ocrx_word' id='word_1_660' title='bbox 2234 3949 2461 4021; x_wconf 88' lang='lat' dir='ltr'><strong>dignum</strong></span> <span class='ocrx_word' id='word_1_661' title='bbox 2491 3959 2628 4018; x_wconf 86' lang='lat' dir='ltr'><strong>erat,</strong></span> <span class='ocrx_word' id='word_1_662' title='bbox 2678 3949 2751 4005; x_wconf 90' lang='lat' dir='ltr'><strong>ita</strong></span> <span class='ocrx_word' id='word_1_663' title='bbox 2802 3950 2857 4005; x_wconf 90' lang='lat' dir='ltr'><strong>in</strong></span> <span class='ocrx_word' id='word_1_664' title='bbox 2889 3965 2989 4006; x_wconf 91' lang='lat' dir='ltr'><strong>suo</strong></span> <span class='ocrx_word' id='word_1_665' title='bbox 3042 3950 3163 4005; x_wconf 90' lang='lat' dir='ltr'><strong>sinu</strong></span> <span class='ocrx_word' id='word_1_666' title='bbox 3195 3953 3451 4006; x_wconf 81' lang='lat' dir='ltr'><strong>Romana</strong></span> 
     </span>
    </p>
   </div>
   <div class='ocr_carea' id='block_1_103' title="bbox 1860 4042 3457 4116">
    <p class='ocr_par' dir='ltr' id='par_1_103' title="bbox 1860 4042 3457 4116">
     <span class='ocr_line' id='line_1_107' title="bbox 1860 4042 3457 4116; baseline -0.001 -18"><span class='ocrx_word' id='word_1_667' title='bbox 1860 4044 2101 4114; x_wconf 90' lang='lat' dir='ltr'><strong>suscepit</strong></span> <span class='ocrx_word' id='word_1_668' title='bbox 2150 4043 2407 4110; x_wconf 85' lang='lat' dir='ltr'><strong>Ecclesia,</strong></span> <span class='ocrx_word' id='word_1_669' title='bbox 2461 4051 2727 4116; x_wconf 87' lang='lat' dir='ltr'><strong>tantaque</strong></span> <span class='ocrx_word' id='word_1_670' title='bbox 2780 4044 3019 4115; x_wconf 80' lang='lat' dir='ltr'><strong>protexit</strong></span> <span class='ocrx_word' id='word_1_671' title='bbox 3056 4043 3297 4115; x_wconf 89' lang='lat' dir='ltr'><strong>undique</strong></span> <span class='ocrx_word' id='word_1_672' title='bbox 3334 4042 3457 4097; x_wconf 89' lang='lat' dir='ltr'><strong>dili-</strong></span> 
     </span>
    </p>
   </div>
   <div class='ocr_carea' id='block_1_104' title="bbox 1860 4136 3457 4208">
    <p class='ocr_par' dir='ltr' id='par_1_104' title="bbox 1860 4136 3457 4208">
     <span class='ocr_line' id='line_1_108' title="bbox 1860 4136 3457 4208; baseline -0.001 -16"><span class='ocrx_word' id='word_1_673' title='bbox 1860 4138 2043 4208; x_wconf 89' lang='lat' dir='ltr'><strong>gentia</strong></span> <span class='ocrx_word' id='word_1_674' title='bbox 2061 4177 2076 4205; x_wconf 94' lang='lat'><strong>,</strong></span> <span class='ocrx_word' id='word_1_675' title='bbox 2106 4146 2171 4192; x_wconf 90' lang='lat' dir='ltr'><strong>ut</strong></span> <span class='ocrx_word' id='word_1_676' title='bbox 2196 4136 2451 4193; x_wconf 91' lang='lat' dir='ltr'><strong>omnibus</strong></span> <span class='ocrx_word' id='word_1_677' title='bbox 2480 4145 2803 4192; x_wconf 88' lang='lat' dir='ltr'><strong>ornamenta</strong></span> <span class='ocrx_word' id='word_1_678' title='bbox 2833 4145 3148 4208; x_wconf 67' lang='lat' dir='ltr'><strong>prmstaret,</strong></span> <span class='ocrx_word' id='word_1_679' title='bbox 3179 4136 3457 4193; x_wconf 89' lang='lat' dir='ltr'><strong>nonnullis</strong></span> 
     </span>
    </p>
   </div>
   <div class='ocr_carea' id='block_1_105' title="bbox 1863 4228 3455 4302">
    <p class='ocr_par' dir='ltr' id='par_1_105' title="bbox 1863 4228 3455 4302">
     <span class='ocr_line' id='line_1_109' title="bbox 1863 4228 3455 4302; baseline 0 -17"><span class='ocrx_word' id='word_1_680' title='bbox 1863 4245 2079 4302; x_wconf 90' lang='lat' dir='ltr'><strong>quoque</strong></span> <span class='ocrx_word' id='word_1_681' title='bbox 2113 4230 2347 4302; x_wconf 89' lang='lat' dir='ltr'><strong>gratiam</strong></span> <span class='ocrx_word' id='word_1_682' title='bbox 2377 4228 2652 4285; x_wconf 89' lang='lat' dir='ltr'><strong>conferret</strong></span> <span class='ocrx_word' id='word_1_683' title='bbox 2676 4230 3143 4301; x_wconf 81' lang='lat' dir='ltr'><strong>amplificationis.</strong></span> <span class='ocrx_word' id='word_1_684' title='bbox 3177 4231 3346 4302; x_wconf 89' lang='lat' dir='ltr'><strong>Cujus</strong></span> <span class='ocrx_word' id='word_1_685' title='bbox 3374 4231 3455 4285; x_wconf 89' lang='lat' dir='ltr'><strong>rei</strong></span> 
     </span>
    </p>
   </div>
   <div class='ocr_carea' id='block_1_106' title="bbox 1863 4323 3456 4394">
    <p class='ocr_par' dir='ltr' id='par_1_106' title="bbox 1863 4323 3456 4394">
     <span class='ocr_line' id='line_1_110' title="bbox 1863 4323 3456 4394; baseline 0.001 -17"><span class='ocrx_word' id='word_1_686' title='bbox 1863 4324 2098 4394; x_wconf 89' lang='lat' dir='ltr'><strong>plurima</strong></span> <span class='ocrx_word' id='word_1_687' title='bbox 2126 4324 2288 4379; x_wconf 90' lang='lat' dir='ltr'><strong>nobis</strong></span> <span class='ocrx_word' id='word_1_688' title='bbox 2323 4323 2571 4394; x_wconf 84' lang='lat' dir='ltr'><strong>exempla</strong></span> <span class='ocrx_word' id='word_1_689' title='bbox 2604 4324 2939 4378; x_wconf 89' lang='lat' dir='ltr'><strong>sanctissimi</strong></span> <span class='ocrx_word' id='word_1_690' title='bbox 2971 4324 3069 4378; x_wconf 85' lang='lat' dir='ltr'><strong>viri</strong></span> <span class='ocrx_word' id='word_1_691' title='bbox 3098 4338 3456 4394; x_wconf 78' lang='lat' dir='ltr'><strong>praecessores</strong></span> 
     </span>
    </p>
   </div>
   <div class='ocr_carea' id='block_1_107' title="bbox 1780 4415 3454 4488">
    <p class='ocr_par' dir='ltr' id='par_1_107' title="bbox 1780 4415 3454 4488">
     <span class='ocr_line' id='line_1_111' title="bbox 1780 4415 3454 4488; baseline -0.004 -12"><span class='ocrx_word' id='word_1_692' title='bbox 1780 4415 1831 4476; x_wconf 91' lang='lat' dir='ltr'><strong>D</strong></span> <span class='ocrx_word' id='word_1_693' title='bbox 1854 4418 2033 4474; x_wconf 90' lang='lat' dir='ltr'><strong>nostri</strong></span> <span class='ocrx_word' id='word_1_694' title='bbox 2066 4416 2431 4488; x_wconf 88' lang='lat' dir='ltr'><strong>reliquerunt,</strong></span> <span class='ocrx_word' id='word_1_695' title='bbox 2462 4416 2553 4487; x_wconf 92' lang='lat' dir='ltr'><strong>qui</strong></span> <span class='ocrx_word' id='word_1_696' title='bbox 2604 4423 2731 4472; x_wconf 89' lang='lat' dir='ltr'><strong>ante</strong></span> <span class='ocrx_word' id='word_1_697' title='bbox 2768 4432 2869 4471; x_wconf 91' lang='lat' dir='ltr'><strong>nos</strong></span> <span class='ocrx_word' id='word_1_698' title='bbox 2898 4416 2955 4471; x_wconf 89' lang='lat' dir='ltr'><strong>in</strong></span> <span class='ocrx_word' id='word_1_699' title='bbox 3002 4432 3087 4481; x_wconf 88' lang='lat' dir='ltr'><strong>ea,</strong></span> <span class='ocrx_word' id='word_1_700' title='bbox 3113 4431 3281 4487; x_wconf 89' lang='lat' dir='ltr'><strong>quam</strong></span> <span class='ocrx_word' id='word_1_701' title='bbox 3309 4415 3454 4469; x_wconf 84' lang='lat' dir='ltr'><strong>dixi-</strong></span> 
     </span>
    </p>
   </div>
   <div class='ocr_carea' id='block_1_108' title="bbox 1863 4508 3451 4582">
    <p class='ocr_par' dir='ltr' id='par_1_108' title="bbox 1863 4508 3451 4582">
     <span class='ocr_line' id='line_1_112' title="bbox 1863 4508 3451 4582; baseline -0.002 -16"><span class='ocrx_word' id='word_1_702' title='bbox 1863 4527 2008 4579; x_wconf 87' lang='lat' dir='ltr'><strong>mus,</strong></span> <span class='ocrx_word' id='word_1_703' title='bbox 2036 4511 2339 4581; x_wconf 89' lang='lat' dir='ltr'><strong>apostolica</strong></span> <span class='ocrx_word' id='word_1_704' title='bbox 2368 4508 2494 4566; x_wconf 91' lang='lat' dir='ltr'><strong>sede</strong></span> <span class='ocrx_word' id='word_1_705' title='bbox 2520 4509 2789 4582; x_wconf 87' lang='lat' dir='ltr'><strong>fulgentes</strong></span> <span class='ocrx_word' id='word_1_706' title='bbox 2818 4525 2916 4581; x_wconf 91' lang='lat' dir='ltr'><strong>pro</strong></span> <span class='ocrx_word' id='word_1_707' title='bbox 2946 4509 3156 4565; x_wconf 87' lang='lat' dir='ltr'><strong>honore</strong></span> <span class='ocrx_word' id='word_1_708' title='bbox 3182 4508 3451 4565; x_wconf 82' lang='lat' dir='ltr'><strong>Ecclesia-</strong></span> 
     </span>
    </p>
   </div>
   <div class='ocr_carea' id='block_1_109' title="bbox 1861 4602 3457 4676">
    <p class='ocr_par' dir='ltr' id='par_1_109' title="bbox 1861 4602 3457 4676">
     <span class='ocr_line' id='line_1_113' title="bbox 1861 4602 3457 4676; baseline -0.003 -15"><span class='ocrx_word' id='word_1_709' title='bbox 1861 4621 1987 4661; x_wconf 90' lang='lat' dir='ltr'><strong>rum</strong></span> <span class='ocrx_word' id='word_1_710' title='bbox 2017 4605 2116 4660; x_wconf 93' lang='lat' dir='ltr'><strong>Dei</strong></span> <span class='ocrx_word' id='word_1_711' title='bbox 2144 4612 2199 4660; x_wconf 90' lang='lat' dir='ltr'><strong>et</strong></span> <span class='ocrx_word' id='word_1_712' title='bbox 2229 4619 2417 4660; x_wconf 90' lang='lat' dir='ltr'><strong>earum</strong></span> <span class='ocrx_word' id='word_1_713' title='bbox 2458 4602 2786 4659; x_wconf 83' lang='lat' dir='ltr'><strong>exaltatione</strong></span> <span class='ocrx_word' id='word_1_714' title='bbox 2818 4604 2994 4676; x_wconf 89' lang='lat' dir='ltr'><strong>magis</strong></span> <span class='ocrx_word' id='word_1_715' title='bbox 3019 4619 3185 4675; x_wconf 91' lang='lat' dir='ltr'><strong>quam</strong></span> <span class='ocrx_word' id='word_1_716' title='bbox 3214 4618 3314 4676; x_wconf 92' lang='lat' dir='ltr'><strong>pro</strong></span> <span class='ocrx_word' id='word_1_717' title='bbox 3343 4604 3457 4657; x_wconf 82' lang='lat' dir='ltr'><strong>vita</strong></span> 
     </span>
    </p>
   </div>
   <div class='ocr_carea' id='block_1_110' title="bbox 1862 4695 3454 4754">
    <p class='ocr_par' dir='ltr' id='par_1_110' title="bbox 1862 4695 3454 4754">
     <span class='ocr_line' id='line_1_114' title="bbox 1862 4695 3454 4754; baseline 0.001 -2"><span class='ocrx_word' id='word_1_718' title='bbox 1862 4707 1957 4753; x_wconf 90' lang='lat' dir='ltr'><strong>aut</strong></span> <span class='ocrx_word' id='word_1_719' title='bbox 1988 4700 2161 4754; x_wconf 89' lang='lat' dir='ltr'><strong>salute</strong></span> <span class='ocrx_word' id='word_1_720' title='bbox 2201 4713 2295 4753; x_wconf 91' lang='lat' dir='ltr'><strong>sua</strong></span> <span class='ocrx_word' id='word_1_721' title='bbox 2327 4697 2540 4752; x_wconf 90' lang='lat' dir='ltr'><strong>solliciti</strong></span> <span class='ocrx_word' id='word_1_722' title='bbox 2574 4695 2817 4753; x_wconf 86' lang='lat' dir='ltr'><strong>fuerunt.</strong></span> <span class='ocrx_word' id='word_1_723' title='bbox 2852 4697 3119 4753; x_wconf 88' lang='lat' dir='ltr'><strong>Novimus</strong></span> <span class='ocrx_word' id='word_1_724' title='bbox 3154 4697 3302 4754; x_wconf 91' lang='lat' dir='ltr'><strong>enim</strong></span> <span class='ocrx_word' id='word_1_725' title='bbox 3332 4712 3454 4753; x_wconf 87' lang='lat' dir='ltr'><strong>mo-</strong></span> 
     </span>
    </p>
   </div>
   <div class='ocr_carea' id='block_1_111' title="bbox 1862 4790 3456 4864">
    <p class='ocr_par' dir='ltr' id='par_1_111' title="bbox 1862 4790 3456 4864">
     <span class='ocr_line' id='line_1_115' title="bbox 1862 4790 3456 4864; baseline 0 -17"><span class='ocrx_word' id='word_1_726' title='bbox 1862 4792 2095 4848; x_wconf 90' lang='lat' dir='ltr'><strong>nasteria</strong></span> <span class='ocrx_word' id='word_1_727' title='bbox 2134 4790 2363 4864; x_wconf 91' lang='lat' dir='ltr'><strong>plurima</strong></span> <span class='ocrx_word' id='word_1_728' title='bbox 2400 4799 2455 4846; x_wconf 88' lang='lat' dir='ltr'><strong>et</strong></span> <span class='ocrx_word' id='word_1_729' title='bbox 2491 4800 2685 4849; x_wconf 59' lang='lat' dir='ltr'><strong>cetera</strong></span> <span class='ocrx_word' id='word_1_730' title='bbox 2725 4790 2867 4847; x_wconf 89' lang='lat' dir='ltr'><strong>bona</strong></span> <span class='ocrx_word' id='word_1_731' title='bbox 2902 4792 3291 4860; x_wconf 89' lang='lat' dir='ltr'><strong>ecclesiastica,</strong></span> <span class='ocrx_word' id='word_1_732' title='bbox 3328 4807 3456 4863; x_wconf 80' lang='lat' dir='ltr'><strong>quae</strong></span> 
     </span>
    </p>
   </div>
   <div class='ocr_carea' id='block_1_112' title="bbox 1864 4884 3453 4959">
    <p class='ocr_par' dir='ltr' id='par_1_112' title="bbox 1864 4884 3453 4959">
     <span class='ocr_line' id='line_1_116' title="bbox 1864 4884 3453 4959; baseline -0.001 -17"><span class='ocrx_word' id='word_1_733' title='bbox 1864 4903 1894 4942; x_wconf 91' lang='lat' dir='ltr'><strong>a</strong></span> <span class='ocrx_word' id='word_1_734' title='bbox 1952 4886 2218 4959; x_wconf 88' lang='lat' dir='ltr'><strong>religiosis</strong></span> <span class='ocrx_word' id='word_1_735' title='bbox 2264 4886 2398 4939; x_wconf 91' lang='lat' dir='ltr'><strong>viris</strong></span> <span class='ocrx_word' id='word_1_736' title='bbox 2446 4885 2516 4941; x_wconf 91' lang='lat' dir='ltr'><strong>ad</strong></span> <span class='ocrx_word' id='word_1_737' title='bbox 2561 4886 2929 4956; x_wconf 88' lang='lat' dir='ltr'><strong>patrocinium</strong></span> <span class='ocrx_word' id='word_1_738' title='bbox 2977 4893 3033 4941; x_wconf 89' lang='lat' dir='ltr'><strong>et</strong></span> <span class='ocrx_word' id='word_1_739' title='bbox 3076 4884 3453 4941; x_wconf 89' lang='lat' dir='ltr'><strong>defensionem</strong></span> 
     </span>
    </p>
   </div>
   <div class='ocr_carea' id='block_1_113' title="bbox 1863 4978 3457 5052">
    <p class='ocr_par' dir='ltr' id='par_1_113' title="bbox 1863 4978 3457 5052">
     <span class='ocr_line' id='line_1_117' title="bbox 1863 4978 3457 5052; baseline -0.001 -17"><span class='ocrx_word' id='word_1_740' title='bbox 1863 4981 2177 5052; x_wconf 69' lang='lat' dir='ltr'><strong>apostolica:</strong></span> <span class='ocrx_word' id='word_1_741' title='bbox 2202 4979 2350 5035; x_wconf 90' lang='lat' dir='ltr'><strong>sedis</strong></span> <span class='ocrx_word' id='word_1_742' title='bbox 2386 4989 2516 5035; x_wconf 89' lang='lat' dir='ltr'><strong>sunt</strong></span> <span class='ocrx_word' id='word_1_743' title='bbox 2548 4978 2749 5046; x_wconf 90' lang='lat' dir='ltr'><strong>delata,</strong></span> <span class='ocrx_word' id='word_1_744' title='bbox 2782 4995 2907 5035; x_wconf 92' lang='lat' dir='ltr'><strong>cum</strong></span> <span class='ocrx_word' id='word_1_745' title='bbox 2941 4993 3163 5034; x_wconf 87' lang='lat' dir='ltr'><strong>summa</strong></span> <span class='ocrx_word' id='word_1_746' title='bbox 3193 4978 3457 5034; x_wconf 87' lang='lat' dir='ltr'><strong>charitate</strong></span> 
     </span>
    </p>
   </div>
   <div class='ocr_carea' id='block_1_114' title="bbox 1863 5070 3458 5145">
    <p class='ocr_par' dir='ltr' id='par_1_114' title="bbox 1863 5070 3458 5145">
     <span class='ocr_line' id='line_1_118' title="bbox 1863 5070 3458 5145; baseline -0.002 -16"><span class='ocrx_word' id='word_1_747' title='bbox 1863 5074 1931 5129; x_wconf 89' lang='lat' dir='ltr'><strong>ab</strong></span> <span class='ocrx_word' id='word_1_748' title='bbox 1965 5074 2074 5129; x_wconf 82' lang='lat' dir='ltr'><strong>illis</strong></span> <span class='ocrx_word' id='word_1_749' title='bbox 2128 5081 2400 5145; x_wconf 88' lang='lat' dir='ltr'><strong>suscepta,</strong></span> <span class='ocrx_word' id='word_1_750' title='bbox 2442 5082 2497 5128; x_wconf 90' lang='lat' dir='ltr'><strong>et</strong></span> <span class='ocrx_word' id='word_1_751' title='bbox 2533 5073 2816 5145; x_wconf 87' lang='lat' dir='ltr'><strong>privilegio</strong></span> <span class='ocrx_word' id='word_1_752' title='bbox 2852 5073 3165 5144; x_wconf 71' lang='lat' dir='ltr'><strong>apostolicae</strong></span> <span class='ocrx_word' id='word_1_753' title='bbox 3194 5070 3458 5128; x_wconf 87' lang='lat' dir='ltr'><strong>defensio-</strong></span> 
     </span>
    </p>
   </div>
   <div class='ocr_carea' id='block_1_115' title="bbox 1864 5166 3458 5239">
    <p class='ocr_par' dir='ltr' id='par_1_115' title="bbox 1864 5166 3458 5239">
     <span class='ocr_line' id='line_1_119' title="bbox 1864 5166 3458 5239; baseline 0 -18"><span class='ocrx_word' id='word_1_754' title='bbox 1864 5168 1948 5223; x_wconf 89' lang='lat' dir='ltr'><strong>nis</strong></span> <span class='ocrx_word' id='word_1_755' title='bbox 1969 5168 2125 5239; x_wconf 90' lang='lat' dir='ltr'><strong>quasi</strong></span> <span class='ocrx_word' id='word_1_756' title='bbox 2149 5183 2307 5222; x_wconf 93' lang='lat' dir='ltr'><strong>muro</strong></span> <span class='ocrx_word' id='word_1_757' title='bbox 2334 5167 2547 5221; x_wconf 89' lang='lat' dir='ltr'><strong>munita</strong></span> <span class='ocrx_word' id='word_1_758' title='bbox 2587 5166 2923 5222; x_wconf 81' lang='lat' dir='ltr'><strong>firmissimo.</strong></span> <span class='ocrx_word' id='word_1_759' title='bbox 2960 5169 3023 5220; x_wconf 83' lang='lat' dir='ltr'><strong>In</strong></span> <span class='ocrx_word' id='word_1_760' title='bbox 3050 5183 3157 5238; x_wconf 89' lang='lat' dir='ltr'><strong>qua</strong></span> <span class='ocrx_word' id='word_1_761' title='bbox 3186 5181 3245 5221; x_wconf 90' lang='lat' dir='ltr'><strong>re</strong></span> <span class='ocrx_word' id='word_1_762' title='bbox 3288 5182 3458 5238; x_wconf 91' lang='lat' dir='ltr'><strong>quam</strong></span> 
     </span>
    </p>
   </div>
   <div class='ocr_carea' id='block_1_116' title="bbox 1866 5259 3460 5332">
    <p class='ocr_par' dir='ltr' id='par_1_116' title="bbox 1866 5259 3460 5332">
     <span class='ocr_line' id='line_1_120' title="bbox 1866 5259 3460 5332; baseline -0.002 -16"><span class='ocrx_word' id='word_1_763' title='bbox 1866 5261 1972 5331; x_wconf 90' lang='lat' dir='ltr'><strong>pie,</strong></span> <span class='ocrx_word' id='word_1_764' title='bbox 2003 5277 2166 5332; x_wconf 90' lang='lat' dir='ltr'><strong>quam</strong></span> <span class='ocrx_word' id='word_1_765' title='bbox 2196 5268 2379 5316; x_wconf 90' lang='lat' dir='ltr'><strong>sancte</strong></span> <span class='ocrx_word' id='word_1_766' title='bbox 2413 5259 2660 5325; x_wconf 89' lang='lat' dir='ltr'><strong>fecerint,</strong></span> <span class='ocrx_word' id='word_1_767' title='bbox 2696 5270 2751 5315; x_wconf 90' lang='lat' dir='ltr'><strong>et</strong></span> <span class='ocrx_word' id='word_1_768' title='bbox 2780 5262 2999 5316; x_wconf 87' lang='lat' dir='ltr'><strong>illorum</strong></span> <span class='ocrx_word' id='word_1_769' title='bbox 3030 5259 3185 5315; x_wconf 89' lang='lat' dir='ltr'><strong>nobis</strong></span> <span class='ocrx_word' id='word_1_770' title='bbox 3214 5260 3460 5316; x_wconf 90' lang='lat' dir='ltr'><strong>ostendit</strong></span> 
     </span>
    </p>
   </div>
   <div class='ocr_carea' id='block_1_117' title="bbox 1865 5353 3455 5426">
    <p class='ocr_par' dir='ltr' id='par_1_117' title="bbox 1865 5353 3455 5426">
     <span class='ocr_line' id='line_1_121' title="bbox 1865 5353 3455 5426; baseline 0.001 -20"><span class='ocrx_word' id='word_1_771' title='bbox 1865 5356 2056 5426; x_wconf 84' lang='lat' dir='ltr'><strong>gloria,</strong></span> <span class='ocrx_word' id='word_1_772' title='bbox 2088 5364 2142 5409; x_wconf 92' lang='lat' dir='ltr'><strong>et</strong></span> <span class='ocrx_word' id='word_1_773' title='bbox 2171 5355 2341 5426; x_wconf 88' lang='lat' dir='ltr'><strong>ipsius</strong></span> <span class='ocrx_word' id='word_1_774' title='bbox 2366 5354 2445 5409; x_wconf 92' lang='lat' dir='ltr'><strong>rei</strong></span> <span class='ocrx_word' id='word_1_775' title='bbox 2471 5362 2584 5408; x_wconf 89' lang='lat' dir='ltr'><strong>tam</strong></span> <span class='ocrx_word' id='word_1_776' title='bbox 2606 5353 2887 5409; x_wconf 87' lang='lat' dir='ltr'><strong>fructuosa</strong></span> <span class='ocrx_word' id='word_1_777' title='bbox 2916 5354 3106 5425; x_wconf 76' lang='lat' dir='ltr'><strong>gratia.</strong></span> <span class='ocrx_word' id='word_1_778' title='bbox 3142 5356 3282 5409; x_wconf 88' lang='lat' dir='ltr'><strong>Nam</strong></span> <span class='ocrx_word' id='word_1_779' title='bbox 3324 5370 3455 5408; x_wconf 90' lang='lat' dir='ltr'><strong>cum</strong></span> 
     </span>
    </p>
   </div>
   <div class='ocr_carea' id='block_1_118' title="bbox 1864 5444 3461 5518">
    <p class='ocr_par' dir='ltr' id='par_1_118' title="bbox 1864 5444 3461 5518">
     <span class='ocr_line' id='line_1_122' title="bbox 1864 5444 3461 5518; baseline -0.001 -15"><span class='ocrx_word' id='word_1_780' title='bbox 1864 5449 2097 5503; x_wconf 89' lang='lat' dir='ltr'><strong>oratoria</strong></span> <span class='ocrx_word' id='word_1_781' title='bbox 2124 5449 2181 5501; x_wconf 94' lang='lat' dir='ltr'><strong>in</strong></span> <span class='ocrx_word' id='word_1_782' title='bbox 2204 5464 2332 5518; x_wconf 88' lang='lat' dir='ltr'><strong>pace</strong></span> <span class='ocrx_word' id='word_1_783' title='bbox 2352 5456 2405 5503; x_wconf 89' lang='lat' dir='ltr'><strong>et</strong></span> <span class='ocrx_word' id='word_1_784' title='bbox 2429 5448 2827 5517; x_wconf 88' lang='lat' dir='ltr'><strong>tranquillitate</strong></span> <span class='ocrx_word' id='word_1_785' title='bbox 2852 5444 3177 5513; x_wconf 86' lang='lat' dir='ltr'><strong>consistunt,</strong></span> <span class='ocrx_word' id='word_1_786' title='bbox 3211 5456 3265 5501; x_wconf 90' lang='lat' dir='ltr'><strong>et</strong></span> <span class='ocrx_word' id='word_1_787' title='bbox 3294 5447 3461 5501; x_wconf 77' lang='lat' dir='ltr'><strong>eccle-</strong></span> 
     </span>
    </p>
   </div>
   <div class='ocr_carea' id='block_1_119' title="bbox 1864 5540 3459 5612">
    <p class='ocr_par' dir='ltr' id='par_1_119' title="bbox 1864 5540 3459 5612">
     <span class='ocr_line' id='line_1_123' title="bbox 1864 5540 3459 5612; baseline -0.003 -16"><span class='ocrx_word' id='word_1_788' title='bbox 1864 5542 2081 5597; x_wconf 87' lang='lat' dir='ltr'><strong>siastica</strong></span> <span class='ocrx_word' id='word_1_789' title='bbox 2129 5540 2382 5596; x_wconf 83' lang='lat' dir='ltr'><strong>beneficia</strong></span> <span class='ocrx_word' id='word_1_790' title='bbox 2436 5555 2701 5612; x_wconf 82' lang='lat' dir='ltr'><strong>panperes</strong></span> <span class='ocrx_word' id='word_1_791' title='bbox 2754 5540 2954 5595; x_wconf 86' lang='lat' dir='ltr'><strong>Christi</strong></span> <span class='ocrx_word' id='word_1_792' title='bbox 3008 5540 3275 5607; x_wconf 87' lang='lat' dir='ltr'><strong>nutriunt,</strong></span> <span class='ocrx_word' id='word_1_793' title='bbox 3346 5542 3459 5593; x_wconf 84' lang='lat' dir='ltr'><strong>laus</strong></span> 
     </span>
    </p>
   </div>
   <div class='ocr_carea' id='block_1_120' title="bbox 1863 5633 3454 5706">
    <p class='ocr_par' dir='ltr' id='par_1_120' title="bbox 1863 5633 3454 5706">
     <span class='ocr_line' id='line_1_124' title="bbox 1863 5633 3454 5706; baseline -0.005 -17"><span class='ocrx_word' id='word_1_794' title='bbox 1863 5639 1982 5691; x_wconf 92' lang='lat' dir='ltr'><strong>Deo</strong></span> <span class='ocrx_word' id='word_1_795' title='bbox 2008 5634 2170 5705; x_wconf 90' lang='lat' dir='ltr'><strong>digna</strong></span> <span class='ocrx_word' id='word_1_796' title='bbox 2201 5634 2562 5706; x_wconf 89' lang='lat' dir='ltr'><strong>depromitur,</strong></span> <span class='ocrx_word' id='word_1_797' title='bbox 2596 5642 2651 5688; x_wconf 88' lang='lat' dir='ltr'><strong>et</strong></span> <span class='ocrx_word' id='word_1_798' title='bbox 2681 5633 2919 5688; x_wconf 80' lang='lat' dir='ltr'><strong>remedia</strong></span> <span class='ocrx_word' id='word_1_799' title='bbox 2957 5644 3306 5704; x_wconf 88' lang='lat' dir='ltr'><strong>peccatorum</strong></span> <span class='ocrx_word' id='word_1_800' title='bbox 3339 5639 3454 5684; x_wconf 88' lang='lat' dir='ltr'><strong>tam</strong></span> 
     </span>
    </p>
   </div>
   <div class='ocr_carea' id='block_1_121' title="bbox 1864 5721 3463 5799">
    <p class='ocr_par' dir='ltr' id='par_1_121' title="bbox 1864 5721 3463 5799">
     <span class='ocr_line' id='line_1_125' title="bbox 1864 5721 3463 5799; baseline -0.005 -17"><span class='ocrx_word' id='word_1_801' title='bbox 1864 5729 2001 5785; x_wconf 80' lang='lat' dir='ltr'><strong>vivis</strong></span> <span class='ocrx_word' id='word_1_802' title='bbox 2029 5743 2199 5799; x_wconf 92' lang='lat' dir='ltr'><strong>quam</strong></span> <span class='ocrx_word' id='word_1_803' title='bbox 2243 5727 2410 5784; x_wconf 86' lang='lat' dir='ltr'><strong>etiam</strong></span> <span class='ocrx_word' id='word_1_804' title='bbox 2438 5726 2709 5786; x_wconf 86' lang='lat' dir='ltr'><strong>defunctis</strong></span> <span class='ocrx_word' id='word_1_805' title='bbox 2738 5724 2822 5792; x_wconf 91' lang='lat' dir='ltr'><strong>pie</strong></span> <span class='ocrx_word' id='word_1_806' title='bbox 2852 5725 3263 5795; x_wconf 81' lang='lat' dir='ltr'><strong>impenduntur.</strong></span> <span class='ocrx_word' id='word_1_807' title='bbox 3294 5721 3463 5780; x_wconf 86' lang='lat' dir='ltr'><strong>Unde</strong></span> 
     </span>
    </p>
   </div>
   <div class='ocr_carea' id='block_1_122' title="bbox 3532 462 3565 469">
    <p class='ocr_par' dir='ltr' id='par_1_122' title="bbox 3532 462 3565 469">
     <span class='ocr_line' id='line_1_126' title="bbox 3532 462 3565 469; baseline 0 0"><span class='ocrx_word' id='word_1_808' title='bbox 3532 462 3565 469; x_wconf 55' lang='grc'><strong>4</strong></span> 
     </span>
    </p>
   </div>
  </div>
