  <div class='ocr_page' id='page_1' title='image "/cluster/home/n/w/nwhite01/storage/ocr_20150623/148/hvd.32044054760061/329.png"; bbox 0 0 4044 6164; ppageno 0'>
   <div class='ocr_carea' id='block_1_1' title="bbox 522 288 621 342">
    <p class='ocr_par' dir='ltr' id='par_1_1' title="bbox 522 288 621 342">
     <span class='ocr_line' id='line_1_1' title="bbox 522 288 621 342; baseline 0.03 -3"><span class='ocrx_word' id='word_1_1' title='bbox 522 288 621 342; x_wconf 74' lang='grc'><strong>647</strong></span> 
     </span>
    </p>
   </div>
   <div class='ocr_carea' id='block_1_2' title="bbox 1464 272 2885 332">
    <p class='ocr_par' dir='ltr' id='par_1_2' title="bbox 1464 272 2885 332">
     <span class='ocr_line' id='line_1_2' title="bbox 1464 272 2885 332; baseline -0.004 -1"><span class='ocrx_word' id='word_1_2' title='bbox 1464 278 1520 331; x_wconf 91' lang='lat' dir='ltr'><strong>S.</strong></span> <span class='ocrx_word' id='word_1_3' title='bbox 1563 275 1883 332; x_wconf 77' lang='lat' dir='ltr'><strong>GREGORII</strong></span> <span class='ocrx_word' id='word_1_4' title='bbox 1919 276 2008 331; x_wconf 82' lang='lat' dir='ltr'><strong>VII</strong></span> <span class='ocrx_word' id='word_1_5' title='bbox 2046 276 2239 331; x_wconf 77' lang='grc' dir='ltr'><strong>ΡΑΡᾹΞ</strong></span> <span class='ocrx_word' id='word_1_6' title='bbox 2278 274 2555 330; x_wconf 78' lang='lat' dir='ltr'><strong>OPERUM</strong></span> <span class='ocrx_word' id='word_1_7' title='bbox 2593 272 2765 327; x_wconf 83' lang='lat' dir='ltr'><strong>PARS</strong></span> <span class='ocrx_word' id='word_1_8' title='bbox 2806 274 2885 326; x_wconf 86' lang='grc' dir='ltr'><strong>ΙΙ..</strong></span> 
     </span>
    </p>
   </div>
   <div class='ocr_carea' id='block_1_3' title="bbox 3714 267 3827 323">
    <p class='ocr_par' dir='ltr' id='par_1_3' title="bbox 3714 267 3827 323">
     <span class='ocr_line' id='line_1_3' title="bbox 3714 267 3827 323; baseline -0.009 -1"><span class='ocrx_word' id='word_1_9' title='bbox 3714 267 3827 323; x_wconf 68' lang='grc'><strong>648</strong></span> 
     </span>
    </p>
   </div>
   <div class='ocr_carea' id='block_1_4' title="bbox 524 391 3829 478">
    <p class='ocr_par' dir='ltr' id='par_1_4' title="bbox 524 391 3829 478">
     <span class='ocr_line' id='line_1_4' title="bbox 524 391 3829 478; baseline -0.006 -11"><span class='ocrx_word' id='word_1_10' title='bbox 524 426 642 478; x_wconf 92' lang='lat' dir='ltr'><strong>nos,</strong></span> <span class='ocrx_word' id='word_1_11' title='bbox 681 410 737 463; x_wconf 91' lang='lat' dir='ltr'><strong>in</strong></span> <span class='ocrx_word' id='word_1_12' title='bbox 781 405 970 461; x_wconf 83' lang='lat' dir='ltr'><strong>eadem</strong></span> <span class='ocrx_word' id='word_1_13' title='bbox 1006 402 1306 475; x_wconf 89' lang='lat' dir='ltr'><strong>apostolica</strong></span> <span class='ocrx_word' id='word_1_14' title='bbox 1334 399 1463 457; x_wconf 88' lang='lat' dir='ltr'><strong>sede</strong></span> <span class='ocrx_word' id='word_1_15' title='bbox 1506 416 1617 455; x_wconf 90' lang='lat' dir='ltr'><strong>non</strong></span> <span class='ocrx_word' id='word_1_16' title='bbox 1648 402 1853 457; x_wconf 82' lang='lat' dir='ltr'><strong>nostris</strong></span> <span class='ocrx_word' id='word_1_17' title='bbox 1885 401 2116 469; x_wconf 89' lang='lat' dir='ltr'><strong>meritis,</strong></span> <span class='ocrx_word' id='word_1_18' title='bbox 2150 404 2201 465; x_wconf 85' lang='grc' dir='ltr'><strong>Α</strong></span> <span class='ocrx_word' id='word_1_19' title='bbox 2230 408 2403 466; x_wconf 87' lang='lat' dir='ltr'><strong>vatus,</strong></span> <span class='ocrx_word' id='word_1_20' title='bbox 2435 407 2498 452; x_wconf 91' lang='lat' dir='ltr'><strong>ut</strong></span> <span class='ocrx_word' id='word_1_21' title='bbox 2523 398 2628 453; x_wconf 91' lang='lat' dir='ltr'><strong>rite</strong></span> <span class='ocrx_word' id='word_1_22' title='bbox 2655 405 2711 452; x_wconf 92' lang='lat' dir='ltr'><strong>et</strong></span> <span class='ocrx_word' id='word_1_23' title='bbox 2729 395 2994 451; x_wconf 86' lang='lat' dir='ltr'><strong>canonice</strong></span> <span class='ocrx_word' id='word_1_24' title='bbox 3034 393 3341 465; x_wconf 80' lang='lat' dir='ltr'><strong>episcopale</strong></span> <span class='ocrx_word' id='word_1_25' title='bbox 3368 408 3480 448; x_wconf 92' lang='lat' dir='ltr'><strong>non</strong></span> <span class='ocrx_word' id='word_1_26' title='bbox 3518 391 3689 463; x_wconf 77' lang='lat' dir='ltr'><strong>possit</strong></span> <span class='ocrx_word' id='word_1_27' title='bbox 3717 392 3829 447; x_wconf 75' lang='lat' dir='ltr'><strong>im-</strong></span> 
     </span>
    </p>
   </div>
   <div class='ocr_carea' id='block_1_5' title="bbox 521 494 2113 570">
    <p class='ocr_par' dir='ltr' id='par_1_5' title="bbox 521 494 2113 570">
     <span class='ocr_line' id='line_1_5' title="bbox 521 494 2113 570; baseline -0.007 -10"><span class='ocrx_word' id='word_1_28' title='bbox 521 504 618 561; x_wconf 91' lang='lat' dir='ltr'><strong>sed</strong></span> <span class='ocrx_word' id='word_1_29' title='bbox 649 502 829 558; x_wconf 89' lang='lat' dir='ltr'><strong>divina</strong></span> <span class='ocrx_word' id='word_1_30' title='bbox 858 498 1017 555; x_wconf 85' lang='lat' dir='ltr'><strong>locati</strong></span> <span class='ocrx_word' id='word_1_31' title='bbox 1041 497 1238 570; x_wconf 88' lang='lat' dir='ltr'><strong>gratia,</strong></span> <span class='ocrx_word' id='word_1_32' title='bbox 1268 494 1572 552; x_wconf 89' lang='lat' dir='ltr'><strong>oratorium</strong></span> <span class='ocrx_word' id='word_1_33' title='bbox 1595 496 1776 550; x_wconf 78' lang='lat' dir='ltr'><strong>Sancti</strong></span> <span class='ocrx_word' id='word_1_34' title='bbox 1818 494 2113 549; x_wconf 90' lang='lat' dir='ltr'><strong>Salvatoris</strong></span> 
     </span>
    </p>
   </div>
   <div class='ocr_carea' id='block_1_6' title="bbox 526 587 2114 667">
    <p class='ocr_par' dir='ltr' id='par_1_6' title="bbox 526 587 2114 667">
     <span class='ocr_line' id='line_1_6' title="bbox 526 587 2114 667; baseline -0.006 -14"><span class='ocrx_word' id='word_1_35' title='bbox 526 600 582 653; x_wconf 89' lang='lat' dir='ltr'><strong>in</strong></span> <span class='ocrx_word' id='word_1_36' title='bbox 608 598 816 667; x_wconf 88' lang='lat' dir='ltr'><strong>Campo</strong></span> <span class='ocrx_word' id='word_1_37' title='bbox 849 592 1085 649; x_wconf 84' lang='lat' dir='ltr'><strong>Amabili</strong></span> <span class='ocrx_word' id='word_1_38' title='bbox 1112 598 1587 655; x_wconf 89' lang='lat' dir='ltr'><strong>constructum,et</strong></span> <span class='ocrx_word' id='word_1_39' title='bbox 1615 588 1778 667; x_wconf 83' lang='lat' dir='ltr'><strong>cellas</strong></span> <span class='ocrx_word' id='word_1_40' title='bbox 1800 587 1898 659; x_wconf 87' lang='lat' dir='ltr'><strong>ipsi</strong></span> <span class='ocrx_word' id='word_1_41' title='bbox 1932 587 2114 643; x_wconf 88' lang='lat' dir='ltr'><strong>adha-</strong></span> 
     </span>
    </p>
   </div>
   <div class='ocr_carea' id='block_1_7' title="bbox 526 680 2115 755">
    <p class='ocr_par' dir='ltr' id='par_1_7' title="bbox 526 680 2115 755">
     <span class='ocr_line' id='line_1_7' title="bbox 526 680 2115 755; baseline -0.008 -8"><span class='ocrx_word' id='word_1_42' title='bbox 526 700 707 747; x_wconf 88' lang='lat' dir='ltr'><strong>rentes</strong></span> <span class='ocrx_word' id='word_1_43' title='bbox 740 698 795 744; x_wconf 93' lang='lat' dir='ltr'><strong>et</strong></span> <span class='ocrx_word' id='word_1_44' title='bbox 829 689 1038 743; x_wconf 87' lang='lat' dir='ltr'><strong>circum</strong></span> <span class='ocrx_word' id='word_1_45' title='bbox 1077 687 1220 740; x_wconf 91' lang='lat' dir='ltr'><strong>circa</strong></span> <span class='ocrx_word' id='word_1_46' title='bbox 1266 684 1597 755; x_wconf 89' lang='lat' dir='ltr'><strong>adjacentes,</strong></span> <span class='ocrx_word' id='word_1_47' title='bbox 1646 683 1757 737; x_wconf 84' lang='lat' dir='ltr'><strong>sive</strong></span> <span class='ocrx_word' id='word_1_48' title='bbox 1812 680 1999 736; x_wconf 84' lang='lat' dir='ltr'><strong>omnia</strong></span> <span class='ocrx_word' id='word_1_49' title='bbox 2044 680 2115 735; x_wconf 90' lang='lat' dir='ltr'><strong>ad</strong></span> 
     </span>
    </p>
   </div>
   <div class='ocr_carea' id='block_1_8' title="bbox 526 773 2116 856">
    <p class='ocr_par' dir='ltr' id='par_1_8' title="bbox 526 773 2116 856">
     <span class='ocr_line' id='line_1_8' title="bbox 526 773 2116 856; baseline -0.007 -18"><span class='ocrx_word' id='word_1_50' title='bbox 526 785 710 856; x_wconf 89' lang='lat' dir='ltr'><strong>ipsum</strong></span> <span class='ocrx_word' id='word_1_51' title='bbox 743 781 1095 854; x_wconf 81' lang='lat' dir='ltr'><strong>pertinentia,</strong></span> <span class='ocrx_word' id='word_1_52' title='bbox 1134 777 1420 834; x_wconf 87' lang='lat' dir='ltr'><strong>communi</strong></span> <span class='ocrx_word' id='word_1_53' title='bbox 1463 776 1751 847; x_wconf 79' lang='lat' dir='ltr'><strong>rogatione</strong></span> <span class='ocrx_word' id='word_1_54' title='bbox 1788 773 2025 830; x_wconf 85' lang='lat' dir='ltr'><strong>fratrum</strong></span> <span class='ocrx_word' id='word_1_55' title='bbox 2058 774 2116 827; x_wconf 89' lang='lat' dir='ltr'><strong>in</strong></span> 
     </span>
    </p>
   </div>
   <div class='ocr_carea' id='block_1_9' title="bbox 528 870 2117 945">
    <p class='ocr_par' dir='ltr' id='par_1_9' title="bbox 528 870 2117 945">
     <span class='ocr_line' id='line_1_9' title="bbox 528 870 2117 945; baseline -0.008 -12"><span class='ocrx_word' id='word_1_56' title='bbox 528 877 754 933; x_wconf 82' lang='lat' dir='ltr'><strong>tutelam</strong></span> <span class='ocrx_word' id='word_1_57' title='bbox 783 874 1097 945; x_wconf 82' lang='lat' dir='ltr'><strong>apostolica</strong></span> <span class='ocrx_word' id='word_1_58' title='bbox 1112 870 1454 928; x_wconf 83' lang='lat' dir='ltr'><strong>auctoritatis</strong></span> <span class='ocrx_word' id='word_1_59' title='bbox 1480 877 1535 925; x_wconf 90' lang='lat' dir='ltr'><strong>et</strong></span> <span class='ocrx_word' id='word_1_60' title='bbox 1554 876 1823 933; x_wconf 89' lang='lat' dir='ltr'><strong>nostram,</strong></span> <span class='ocrx_word' id='word_1_61' title='bbox 1844 882 2117 923; x_wconf 84' lang='lat' dir='ltr'><strong>successo-</strong></span> 
     </span>
    </p>
   </div>
   <div class='ocr_carea' id='block_1_10' title="bbox 528 960 2116 1042">
    <p class='ocr_par' dir='ltr' id='par_1_10' title="bbox 528 960 2116 1042">
     <span class='ocr_line' id='line_1_10' title="bbox 528 960 2116 1042; baseline -0.008 -15"><span class='ocrx_word' id='word_1_62' title='bbox 528 986 758 1042; x_wconf 89' lang='lat' dir='ltr'><strong>rumque</strong></span> <span class='ocrx_word' id='word_1_63' title='bbox 793 977 1130 1031; x_wconf 90' lang='lat' dir='ltr'><strong>nostrorum,</strong></span> <span class='ocrx_word' id='word_1_64' title='bbox 1177 964 1514 1035; x_wconf 85' lang='lat' dir='ltr'><strong>suscepimus</strong></span> <span class='ocrx_word' id='word_1_65' title='bbox 1542 961 1940 1042; x_wconf 84' lang='lat' dir='ltr'><strong>defensionem,</strong></span> <span class='ocrx_word' id='word_1_66' title='bbox 1971 960 2116 1015; x_wconf 90' lang='lat' dir='ltr'><strong>salva</strong></span> 
     </span>
    </p>
   </div>
   <div class='ocr_carea' id='block_1_11' title="bbox 527 1040 2120 1136">
    <p class='ocr_par' dir='ltr' id='par_1_11' title="bbox 527 1040 2120 1136">
     <span class='ocr_line' id='line_1_11' title="bbox 527 1040 2120 1136; baseline -0.008 -15"><span class='ocrx_word' id='word_1_67' title='bbox 527 1040 751 1136; x_wconf 78' lang='lat' dir='ltr'><strong>quidem</strong></span> <span class='ocrx_word' id='word_1_68' title='bbox 786 1077 901 1119; x_wconf 86' lang='lat' dir='ltr'><strong>sua</strong></span> <span class='ocrx_word' id='word_1_69' title='bbox 947 1059 1190 1115; x_wconf 88' lang='lat' dir='ltr'><strong>matricis</strong></span> <span class='ocrx_word' id='word_1_70' title='bbox 1238 1056 1481 1112; x_wconf 78' lang='lat' dir='ltr'><strong>Aretina</strong></span> <span class='ocrx_word' id='word_1_71' title='bbox 1540 1055 1793 1111; x_wconf 86' lang='lat' dir='ltr'><strong>Ecclesia</strong></span> <span class='ocrx_word' id='word_1_72' title='bbox 1842 1040 2024 1110; x_wconf 84' lang='lat' dir='ltr'><strong>debita</strong></span> <span class='ocrx_word' id='word_1_73' title='bbox 2065 1061 2120 1108; x_wconf 91' lang='lat' dir='ltr'><strong>et</strong></span> 
     </span>
    </p>
   </div>
   <div class='ocr_carea' id='block_1_12' title="bbox 527 1147 2116 1220">
    <p class='ocr_par' dir='ltr' id='par_1_12' title="bbox 527 1147 2116 1220">
     <span class='ocr_line' id='line_1_12' title="bbox 527 1147 2116 1220; baseline -0.008 -6"><span class='ocrx_word' id='word_1_74' title='bbox 527 1157 791 1213; x_wconf 90' lang='lat' dir='ltr'><strong>canonica</strong></span> <span class='ocrx_word' id='word_1_75' title='bbox 818 1153 1144 1211; x_wconf 88' lang='lat' dir='ltr'><strong>reverentia.</strong></span> <span class='ocrx_word' id='word_1_76' title='bbox 1172 1152 1433 1207; x_wconf 86' lang='lat' dir='ltr'><strong>Volentes</strong></span> <span class='ocrx_word' id='word_1_77' title='bbox 1460 1158 1522 1205; x_wconf 93' lang='lat' dir='ltr'><strong>ut</strong></span> <span class='ocrx_word' id='word_1_78' title='bbox 1551 1157 1665 1205; x_wconf 90' lang='lat' dir='ltr'><strong>tam</strong></span> <span class='ocrx_word' id='word_1_79' title='bbox 1693 1149 1777 1220; x_wconf 90' lang='lat' dir='ltr'><strong>pia</strong></span> <span class='ocrx_word' id='word_1_80' title='bbox 1807 1148 2028 1204; x_wconf 88' lang='lat' dir='ltr'><strong>collatio</strong></span> <span class='ocrx_word' id='word_1_81' title='bbox 2048 1147 2116 1201; x_wconf 89' lang='lat' dir='ltr'><strong>ﬁ-</strong></span> 
     </span>
    </p>
   </div>
   <div class='ocr_carea' id='block_1_13' title="bbox 525 1241 2115 1317">
    <p class='ocr_par' dir='ltr' id='par_1_13' title="bbox 525 1241 2115 1317">
     <span class='ocr_line' id='line_1_13' title="bbox 525 1241 2115 1317; baseline -0.007 -11"><span class='ocrx_word' id='word_1_82' title='bbox 525 1250 732 1307; x_wconf 90' lang='lat' dir='ltr'><strong>delium</strong></span> <span class='ocrx_word' id='word_1_83' title='bbox 757 1249 1089 1314; x_wconf 88' lang='lat' dir='ltr'><strong>animarum,</strong></span> <span class='ocrx_word' id='word_1_84' title='bbox 1112 1263 1142 1301; x_wconf 91' lang='lat' dir='ltr'><strong>a</strong></span> <span class='ocrx_word' id='word_1_85' title='bbox 1169 1245 1370 1317; x_wconf 89' lang='lat' dir='ltr'><strong>quibus</strong></span> <span class='ocrx_word' id='word_1_86' title='bbox 1396 1242 1545 1299; x_wconf 90' lang='lat' dir='ltr'><strong>idem</strong></span> <span class='ocrx_word' id='word_1_87' title='bbox 1571 1242 1873 1299; x_wconf 87' lang='lat' dir='ltr'><strong>oratorium</strong></span> <span class='ocrx_word' id='word_1_88' title='bbox 1902 1241 2007 1297; x_wconf 87' lang='lat' dir='ltr'><strong>fuit</strong></span> <span class='ocrx_word' id='word_1_89' title='bbox 2031 1241 2115 1296; x_wconf 92' lang='lat' dir='ltr'><strong>in-</strong></span> 
     </span>
    </p>
   </div>
   <div class='ocr_carea' id='block_1_14' title="bbox 527 1338 2117 1414">
    <p class='ocr_par' dir='ltr' id='par_1_14' title="bbox 527 1338 2117 1414">
     <span class='ocr_line' id='line_1_14' title="bbox 527 1338 2117 1414; baseline -0.006 -15"><span class='ocrx_word' id='word_1_90' title='bbox 527 1352 790 1414; x_wconf 74' lang='lat' dir='ltr'><strong>coeptum,</strong></span> <span class='ocrx_word' id='word_1_91' title='bbox 819 1351 874 1397; x_wconf 93' lang='lat' dir='ltr'><strong>et</strong></span> <span class='ocrx_word' id='word_1_92' title='bbox 903 1342 1010 1397; x_wconf 92' lang='lat' dir='ltr'><strong>huc</strong></span> <span class='ocrx_word' id='word_1_93' title='bbox 1038 1356 1215 1412; x_wconf 91' lang='lat' dir='ltr'><strong>usque</strong></span> <span class='ocrx_word' id='word_1_94' title='bbox 1248 1338 1600 1411; x_wconf 90' lang='lat' dir='ltr'><strong>productum,</strong></span> <span class='ocrx_word' id='word_1_95' title='bbox 1653 1340 1770 1392; x_wconf 92' lang='lat' dir='ltr'><strong>Deo</strong></span> <span class='ocrx_word' id='word_1_96' title='bbox 1798 1344 2029 1402; x_wconf 87' lang='lat' dir='ltr'><strong>crescat,</strong></span> <span class='ocrx_word' id='word_1_97' title='bbox 2060 1343 2117 1391; x_wconf 91' lang='lat' dir='ltr'><strong>et</strong></span> 
     </span>
    </p>
   </div>
   <div class='ocr_carea' id='block_1_15' title="bbox 527 1428 2114 1507">
    <p class='ocr_par' dir='ltr' id='par_1_15' title="bbox 527 1428 2114 1507">
     <span class='ocr_line' id='line_1_15' title="bbox 527 1428 2114 1507; baseline -0.006 -15"><span class='ocrx_word' id='word_1_98' title='bbox 527 1436 633 1492; x_wconf 93' lang='lat' dir='ltr'><strong>illis</strong></span> <span class='ocrx_word' id='word_1_99' title='bbox 664 1450 963 1507; x_wconf 90' lang='lat' dir='ltr'><strong>eorumque</strong></span> <span class='ocrx_word' id='word_1_100' title='bbox 1003 1434 1239 1505; x_wconf 86' lang='lat' dir='ltr'><strong>posteris</strong></span> <span class='ocrx_word' id='word_1_101' title='bbox 1260 1441 1315 1487; x_wconf 90' lang='lat' dir='ltr'><strong>et</strong></span> <span class='ocrx_word' id='word_1_102' title='bbox 1338 1430 1754 1489; x_wconf 83' lang='lat' dir='ltr'><strong>successoribus</strong></span> <span class='ocrx_word' id='word_1_103' title='bbox 1776 1428 1846 1484; x_wconf 90' lang='lat' dir='ltr'><strong>ad</strong></span> <span class='ocrx_word' id='word_1_104' title='bbox 1884 1429 2114 1485; x_wconf 88' lang='lat' dir='ltr'><strong>salutem</strong></span> 
     </span>
    </p>
   </div>
   <div class='ocr_carea' id='block_1_16' title="bbox 528 1523 2113 1601">
    <p class='ocr_par' dir='ltr' id='par_1_16' title="bbox 528 1523 2113 1601">
     <span class='ocr_line' id='line_1_16' title="bbox 528 1523 2113 1601; baseline -0.006 -16"><span class='ocrx_word' id='word_1_105' title='bbox 528 1529 769 1601; x_wconf 86' lang='lat' dir='ltr'><strong>corporis</strong></span> <span class='ocrx_word' id='word_1_106' title='bbox 787 1537 842 1585; x_wconf 92' lang='lat' dir='ltr'><strong>et</strong></span> <span class='ocrx_word' id='word_1_107' title='bbox 867 1528 1071 1583; x_wconf 84' lang='lat' dir='ltr'><strong>anima</strong></span> <span class='ocrx_word' id='word_1_108' title='bbox 1096 1526 1368 1599; x_wconf 89' lang='lat' dir='ltr'><strong>proﬁciat.</strong></span> <span class='ocrx_word' id='word_1_109' title='bbox 1408 1526 1493 1582; x_wconf 92' lang='lat' dir='ltr'><strong>Sic</strong></span> <span class='ocrx_word' id='word_1_110' title='bbox 1518 1524 1753 1596; x_wconf 92' lang='lat' dir='ltr'><strong>denique</strong></span> <span class='ocrx_word' id='word_1_111' title='bbox 1783 1523 1960 1594; x_wconf 90' lang='lat' dir='ltr'><strong>ipsum</strong></span> <span class='ocrx_word' id='word_1_112' title='bbox 1990 1537 2113 1577; x_wconf 87' lang='lat' dir='ltr'><strong>ora-</strong></span> 
     </span>
    </p>
   </div>
   <div class='ocr_carea' id='block_1_17' title="bbox 525 1616 2120 1694">
    <p class='ocr_par' dir='ltr' id='par_1_17' title="bbox 525 1616 2120 1694">
     <span class='ocr_line' id='line_1_17' title="bbox 525 1616 2120 1694; baseline -0.006 -15"><span class='ocrx_word' id='word_1_113' title='bbox 525 1623 729 1679; x_wconf 89' lang='lat' dir='ltr'><strong>torium</strong></span> <span class='ocrx_word' id='word_1_114' title='bbox 752 1631 806 1678; x_wconf 88' lang='lat' dir='ltr'><strong>et</strong></span> <span class='ocrx_word' id='word_1_115' title='bbox 835 1621 1160 1694; x_wconf 87' lang='lat' dir='ltr'><strong>pradictum</strong></span> <span class='ocrx_word' id='word_1_116' title='bbox 1180 1621 1365 1676; x_wconf 92' lang='lat' dir='ltr'><strong>locum</strong></span> <span class='ocrx_word' id='word_1_117' title='bbox 1386 1634 1515 1675; x_wconf 91' lang='lat' dir='ltr'><strong>cum</strong></span> <span class='ocrx_word' id='word_1_118' title='bbox 1541 1617 1800 1673; x_wconf 84' lang='lat' dir='ltr'><strong>omnibus</strong></span> <span class='ocrx_word' id='word_1_119' title='bbox 1829 1616 2036 1671; x_wconf 89' lang='lat' dir='ltr'><strong>cellulis</strong></span> <span class='ocrx_word' id='word_1_120' title='bbox 2065 1623 2120 1670; x_wconf 92' lang='lat' dir='ltr'><strong>et</strong></span> 
     </span>
    </p>
   </div>
   <div class='ocr_carea' id='block_1_18' title="bbox 523 1709 2120 1787">
    <p class='ocr_par' dir='ltr' id='par_1_18' title="bbox 523 1709 2120 1787">
     <span class='ocr_line' id='line_1_18' title="bbox 523 1709 2120 1787; baseline -0.006 -15"><span class='ocrx_word' id='word_1_121' title='bbox 523 1716 774 1787; x_wconf 86' lang='lat' dir='ltr'><strong>hospitiis</strong></span> <span class='ocrx_word' id='word_1_122' title='bbox 796 1716 932 1782; x_wconf 85' lang='lat' dir='ltr'><strong>suis,</strong></span> <span class='ocrx_word' id='word_1_123' title='bbox 963 1730 1059 1771; x_wconf 89' lang='lat' dir='ltr'><strong>seu</strong></span> <span class='ocrx_word' id='word_1_124' title='bbox 1088 1714 1353 1770; x_wconf 82' lang='lat' dir='ltr'><strong>universis</strong></span> <span class='ocrx_word' id='word_1_125' title='bbox 1378 1712 1544 1768; x_wconf 89' lang='lat' dir='ltr'><strong>rebus</strong></span> <span class='ocrx_word' id='word_1_126' title='bbox 1571 1711 1638 1767; x_wconf 91' lang='lat' dir='ltr'><strong>ad</strong></span> <span class='ocrx_word' id='word_1_127' title='bbox 1664 1726 1797 1767; x_wconf 90' lang='lat' dir='ltr'><strong>eum</strong></span> <span class='ocrx_word' id='word_1_128' title='bbox 1832 1709 2120 1781; x_wconf 84' lang='lat' dir='ltr'><strong>pertinen-</strong></span> 
     </span>
    </p>
   </div>
   <div class='ocr_carea' id='block_1_19' title="bbox 524 1805 2114 1876">
    <p class='ocr_par' dir='ltr' id='par_1_19' title="bbox 524 1805 2114 1876">
     <span class='ocr_line' id='line_1_19' title="bbox 524 1805 2114 1876; baseline -0.005 -11"><span class='ocrx_word' id='word_1_129' title='bbox 524 1810 671 1867; x_wconf 87' lang='lat' dir='ltr'><strong>tibus</strong></span> <span class='ocrx_word' id='word_1_130' title='bbox 699 1810 755 1865; x_wconf 89' lang='lat' dir='ltr'><strong>in</strong></span> <span class='ocrx_word' id='word_1_131' title='bbox 794 1818 1046 1864; x_wconf 90' lang='lat' dir='ltr'><strong>nostram</strong></span> <span class='ocrx_word' id='word_1_132' title='bbox 1087 1806 1466 1863; x_wconf 83' lang='lat' dir='ltr'><strong>defensionem</strong></span> <span class='ocrx_word' id='word_1_133' title='bbox 1510 1805 1855 1876; x_wconf 85' lang='lat' dir='ltr'><strong>suscipimus,</strong></span> <span class='ocrx_word' id='word_1_134' title='bbox 1904 1812 1964 1857; x_wconf 91' lang='lat' dir='ltr'><strong>ut</strong></span> <span class='ocrx_word' id='word_1_135' title='bbox 2000 1811 2114 1857; x_wconf 91' lang='lat' dir='ltr'><strong>tam</strong></span> 
     </span>
    </p>
   </div>
   <div class='ocr_carea' id='block_1_20' title="bbox 523 1898 2119 1975">
    <p class='ocr_par' dir='ltr' id='par_1_20' title="bbox 523 1898 2119 1975">
     <span class='ocr_line' id='line_1_20' title="bbox 523 1898 2119 1975; baseline -0.005 -16"><span class='ocrx_word' id='word_1_136' title='bbox 523 1904 613 1959; x_wconf 89' lang='lat' dir='ltr'><strong>illa</strong></span> <span class='ocrx_word' id='word_1_137' title='bbox 642 1920 763 1975; x_wconf 84' lang='lat' dir='ltr'><strong>qua</strong></span> <span class='ocrx_word' id='word_1_138' title='bbox 788 1904 952 1959; x_wconf 91' lang='lat' dir='ltr'><strong>modo</strong></span> <span class='ocrx_word' id='word_1_139' title='bbox 980 1902 1179 1958; x_wconf 91' lang='lat' dir='ltr'><strong>habere</strong></span> <span class='ocrx_word' id='word_1_140' title='bbox 1226 1909 1283 1956; x_wconf 93' lang='lat' dir='ltr'><strong>et</strong></span> <span class='ocrx_word' id='word_1_141' title='bbox 1302 1910 1489 1956; x_wconf 90' lang='lat' dir='ltr'><strong>tenere</strong></span> <span class='ocrx_word' id='word_1_142' title='bbox 1522 1898 1757 1961; x_wconf 89' lang='lat' dir='ltr'><strong>videtur,</strong></span> <span class='ocrx_word' id='word_1_143' title='bbox 1804 1914 1969 1968; x_wconf 84' lang='lat' dir='ltr'><strong>quam</strong></span> <span class='ocrx_word' id='word_1_144' title='bbox 1996 1911 2119 1968; x_wconf 82' lang='lat' dir='ltr'><strong>qua</strong></span> 
     </span>
    </p>
   </div>
   <div class='ocr_carea' id='block_1_21' title="bbox 522 1990 2118 2067">
    <p class='ocr_par' dir='ltr' id='par_1_21' title="bbox 522 1990 2118 2067">
     <span class='ocr_line' id='line_1_21' title="bbox 522 1990 2118 2067; baseline -0.006 -16"><span class='ocrx_word' id='word_1_145' title='bbox 522 1997 575 2052; x_wconf 94' lang='lat' dir='ltr'><strong>in</strong></span> <span class='ocrx_word' id='word_1_146' title='bbox 606 2005 766 2053; x_wconf 86' lang='lat' dir='ltr'><strong>antea</strong></span> <span class='ocrx_word' id='word_1_147' title='bbox 786 2035 802 2063; x_wconf 88' lang='lat'><strong>,</strong></span> <span class='ocrx_word' id='word_1_148' title='bbox 828 2001 944 2052; x_wconf 91' lang='lat' dir='ltr'><strong>Deo</strong></span> <span class='ocrx_word' id='word_1_149' title='bbox 970 1996 1252 2067; x_wconf 82' lang='lat' dir='ltr'><strong>largiente,</strong></span> <span class='ocrx_word' id='word_1_150' title='bbox 1268 1994 1417 2065; x_wconf 89' lang='lat' dir='ltr'><strong>juste</strong></span> <span class='ocrx_word' id='word_1_151' title='bbox 1445 1992 1723 2064; x_wconf 84' lang='lat' dir='ltr'><strong>acquirere</strong></span> <span class='ocrx_word' id='word_1_152' title='bbox 1744 1992 1966 2062; x_wconf 89' lang='lat' dir='ltr'><strong>poterit,</strong></span> <span class='ocrx_word' id='word_1_153' title='bbox 1993 1990 2118 2044; x_wconf 87' lang='lat' dir='ltr'><strong>ubi-</strong></span> 
     </span>
    </p>
   </div>
   <div class='ocr_carea' id='block_1_22' title="bbox 526 2083 2121 2161">
    <p class='ocr_par' dir='ltr' id='par_1_22' title="bbox 526 2083 2121 2161">
     <span class='ocr_line' id='line_1_22' title="bbox 526 2083 2121 2161; baseline -0.006 -16"><span class='ocrx_word' id='word_1_154' title='bbox 526 2106 742 2161; x_wconf 87' lang='lat' dir='ltr'><strong>cunque</strong></span> <span class='ocrx_word' id='word_1_155' title='bbox 794 2090 968 2160; x_wconf 85' lang='lat' dir='ltr'><strong>posita</strong></span> <span class='ocrx_word' id='word_1_156' title='bbox 1012 2088 1231 2154; x_wconf 81' lang='lat' dir='ltr'><strong>fuerint,</strong></span> <span class='ocrx_word' id='word_1_157' title='bbox 1288 2087 1389 2142; x_wconf 89' lang='lat' dir='ltr'><strong>sub</strong></span> <span class='ocrx_word' id='word_1_158' title='bbox 1431 2085 1730 2157; x_wconf 88' lang='lat' dir='ltr'><strong>apostolica</strong></span> <span class='ocrx_word' id='word_1_159' title='bbox 1768 2083 2016 2139; x_wconf 89' lang='lat' dir='ltr'><strong>custodia</strong></span> <span class='ocrx_word' id='word_1_160' title='bbox 2066 2091 2121 2137; x_wconf 93' lang='lat' dir='ltr'><strong>et</strong></span> 
     </span>
    </p>
   </div>
   <div class='ocr_carea' id='block_1_23' title="bbox 527 2177 2118 2249">
    <p class='ocr_par' dir='ltr' id='par_1_23' title="bbox 527 2177 2118 2249">
     <span class='ocr_line' id='line_1_23' title="bbox 527 2177 2118 2249; baseline -0.005 -11"><span class='ocrx_word' id='word_1_161' title='bbox 527 2183 760 2239; x_wconf 90' lang='lat' dir='ltr'><strong>tuitione</strong></span> <span class='ocrx_word' id='word_1_162' title='bbox 781 2183 1104 2237; x_wconf 86' lang='lat' dir='ltr'><strong>consistant.</strong></span> <span class='ocrx_word' id='word_1_163' title='bbox 1133 2181 1318 2234; x_wconf 90' lang='lat' dir='ltr'><strong>Primo</strong></span> <span class='ocrx_word' id='word_1_164' title='bbox 1352 2180 1538 2249; x_wconf 87' lang='lat' dir='ltr'><strong>itaque</strong></span> <span class='ocrx_word' id='word_1_165' title='bbox 1567 2179 1689 2233; x_wconf 92' lang='lat' dir='ltr'><strong>loco</strong></span> <span class='ocrx_word' id='word_1_166' title='bbox 1720 2177 1977 2249; x_wconf 88' lang='lat' dir='ltr'><strong>ponimus</strong></span> <span class='ocrx_word' id='word_1_167' title='bbox 2004 2192 2118 2231; x_wconf 88' lang='lat' dir='ltr'><strong>ere-</strong></span> 
     </span>
    </p>
   </div>
   <div class='ocr_carea' id='block_1_24' title="bbox 526 2270 2119 2353">
    <p class='ocr_par' dir='ltr' id='par_1_24' title="bbox 526 2270 2119 2353">
     <span class='ocr_line' id='line_1_24' title="bbox 526 2270 2119 2353; baseline -0.006 -21"><span class='ocrx_word' id='word_1_168' title='bbox 526 2292 681 2332; x_wconf 90' lang='lat' dir='ltr'><strong>mum</strong></span> <span class='ocrx_word' id='word_1_169' title='bbox 702 2284 756 2331; x_wconf 93' lang='lat' dir='ltr'><strong>et</strong></span> <span class='ocrx_word' id='word_1_170' title='bbox 778 2275 1079 2331; x_wconf 89' lang='lat' dir='ltr'><strong>oratorium</strong></span> <span class='ocrx_word' id='word_1_171' title='bbox 1100 2274 1273 2353; x_wconf 80' lang='lat' dir='ltr'><strong>situm</strong></span> <span class='ocrx_word' id='word_1_172' title='bbox 1297 2272 1348 2326; x_wconf 92' lang='lat' dir='ltr'><strong>in</strong></span> <span class='ocrx_word' id='word_1_173' title='bbox 1377 2272 1495 2326; x_wconf 93' lang='lat' dir='ltr'><strong>loco</strong></span> <span class='ocrx_word' id='word_1_174' title='bbox 1523 2271 1617 2342; x_wconf 93' lang='lat' dir='ltr'><strong>qui</strong></span> <span class='ocrx_word' id='word_1_175' title='bbox 1646 2270 1848 2326; x_wconf 89' lang='lat' dir='ltr'><strong>dicitur</strong></span> <span class='ocrx_word' id='word_1_176' title='bbox 1880 2271 2119 2339; x_wconf 88' lang='lat' dir='ltr'><strong>Campus</strong></span> 
     </span>
    </p>
   </div>
   <div class='ocr_carea' id='block_1_25' title="bbox 525 2361 2119 2436">
    <p class='ocr_par' dir='ltr' id='par_1_25' title="bbox 525 2361 2119 2436">
     <span class='ocr_line' id='line_1_25' title="bbox 525 2361 2119 2436; baseline -0.005 -12"><span class='ocrx_word' id='word_1_177' title='bbox 525 2369 812 2425; x_wconf 82' lang='lat' dir='ltr'><strong>Amabilis.</strong></span> <span class='ocrx_word' id='word_1_178' title='bbox 863 2365 1136 2434; x_wconf 88' lang='lat' dir='ltr'><strong>Secundo,</strong></span> <span class='ocrx_word' id='word_1_179' title='bbox 1190 2365 1492 2436; x_wconf 89' lang='lat' dir='ltr'><strong>hospitium</strong></span> <span class='ocrx_word' id='word_1_180' title='bbox 1533 2364 1680 2435; x_wconf 89' lang='lat' dir='ltr'><strong>ejus,</strong></span> <span class='ocrx_word' id='word_1_181' title='bbox 1731 2362 1877 2434; x_wconf 90' lang='lat' dir='ltr'><strong>quod</strong></span> <span class='ocrx_word' id='word_1_182' title='bbox 1916 2361 2119 2418; x_wconf 91' lang='lat' dir='ltr'><strong>dicitur</strong></span> 
     </span>
    </p>
   </div>
   <div class='ocr_carea' id='block_1_26' title="bbox 526 2456 2116 2528">
    <p class='ocr_par' dir='ltr' id='par_1_26' title="bbox 526 2456 2116 2528">
     <span class='ocr_line' id='line_1_26' title="bbox 526 2456 2116 2528; baseline -0.006 -10"><span class='ocrx_word' id='word_1_183' title='bbox 526 2464 672 2518; x_wconf 84' lang='lat' dir='ltr'><strong>Fons</strong></span> <span class='ocrx_word' id='word_1_184' title='bbox 687 2464 893 2517; x_wconf 89' lang='lat' dir='ltr'><strong>Bonus.</strong></span> <span class='ocrx_word' id='word_1_185' title='bbox 919 2461 1128 2525; x_wconf 86' lang='lat' dir='ltr'><strong>Tertio,</strong></span> <span class='ocrx_word' id='word_1_186' title='bbox 1145 2458 1461 2515; x_wconf 69' lang='lat' dir='ltr'><strong>coenobium</strong></span> <span class='ocrx_word' id='word_1_187' title='bbox 1481 2456 1629 2528; x_wconf 91' lang='lat' dir='ltr'><strong>quod</strong></span> <span class='ocrx_word' id='word_1_188' title='bbox 1648 2464 1729 2511; x_wconf 89' lang='lat' dir='ltr'><strong>est</strong></span> <span class='ocrx_word' id='word_1_189' title='bbox 1744 2462 2116 2510; x_wconf 90' lang='lat' dir='ltr'><strong>constructum</strong></span> 
     </span>
    </p>
   </div>
   <div class='ocr_carea' id='block_1_27' title="bbox 525 2548 2116 2625">
    <p class='ocr_par' dir='ltr' id='par_1_27' title="bbox 525 2548 2116 2625">
     <span class='ocr_line' id='line_1_27' title="bbox 525 2548 2116 2625; baseline -0.005 -16"><span class='ocrx_word' id='word_1_190' title='bbox 525 2557 582 2610; x_wconf 89' lang='lat' dir='ltr'><strong>in</strong></span> <span class='ocrx_word' id='word_1_191' title='bbox 607 2556 726 2610; x_wconf 92' lang='lat' dir='ltr'><strong>loco</strong></span> <span class='ocrx_word' id='word_1_192' title='bbox 755 2555 847 2625; x_wconf 93' lang='lat' dir='ltr'><strong>qui</strong></span> <span class='ocrx_word' id='word_1_193' title='bbox 870 2554 1071 2609; x_wconf 90' lang='lat' dir='ltr'><strong>dicitur</strong></span> <span class='ocrx_word' id='word_1_194' title='bbox 1085 2551 1356 2608; x_wconf 90' lang='lat' dir='ltr'><strong>Cerritum</strong></span> <span class='ocrx_word' id='word_1_195' title='bbox 1375 2551 1500 2622; x_wconf 88' lang='lat' dir='ltr'><strong>,qui</strong></span> <span class='ocrx_word' id='word_1_196' title='bbox 1530 2558 1613 2604; x_wconf 83' lang='lat' dir='ltr'><strong>est</strong></span> <span class='ocrx_word' id='word_1_197' title='bbox 1634 2549 1773 2603; x_wconf 90' lang='lat' dir='ltr'><strong>infra</strong></span> <span class='ocrx_word' id='word_1_198' title='bbox 1794 2548 2116 2603; x_wconf 83' lang='lat' dir='ltr'><strong>comitatum</strong></span> 
     </span>
    </p>
   </div>
   <div class='ocr_carea' id='block_1_28' title="bbox 527 2642 2117 2713">
    <p class='ocr_par' dir='ltr' id='par_1_28' title="bbox 527 2642 2117 2713">
     <span class='ocr_line' id='line_1_28' title="bbox 527 2642 2117 2713; baseline -0.006 -9"><span class='ocrx_word' id='word_1_199' title='bbox 527 2650 970 2713; x_wconf 87' lang='lat' dir='ltr'><strong>Vulternensem,</strong></span> <span class='ocrx_word' id='word_1_200' title='bbox 1004 2662 1107 2701; x_wconf 91' lang='lat' dir='ltr'><strong>nec</strong></span> <span class='ocrx_word' id='word_1_201' title='bbox 1134 2662 1247 2701; x_wconf 92' lang='lat' dir='ltr'><strong>non</strong></span> <span class='ocrx_word' id='word_1_202' title='bbox 1283 2653 1338 2699; x_wconf 91' lang='lat' dir='ltr'><strong>et</strong></span> <span class='ocrx_word' id='word_1_203' title='bbox 1369 2644 1651 2699; x_wconf 90' lang='lat' dir='ltr'><strong>abbatiam</strong></span> <span class='ocrx_word' id='word_1_204' title='bbox 1679 2644 1896 2697; x_wconf 87' lang='lat' dir='ltr'><strong>Sancta</strong></span> <span class='ocrx_word' id='word_1_205' title='bbox 1927 2642 2117 2695; x_wconf 83' lang='lat' dir='ltr'><strong>Maria</strong></span> 
     </span>
    </p>
   </div>
   <div class='ocr_carea' id='block_1_29' title="bbox 524 2735 2117 2813">
    <p class='ocr_par' dir='ltr' id='par_1_29' title="bbox 524 2735 2117 2813">
     <span class='ocr_line' id='line_1_29' title="bbox 524 2735 2117 2813; baseline -0.004 -18"><span class='ocrx_word' id='word_1_206' title='bbox 524 2741 751 2813; x_wconf 78' lang='lat' dir='ltr'><strong>virginis</strong></span> <span class='ocrx_word' id='word_1_207' title='bbox 792 2739 1111 2811; x_wconf 90' lang='lat' dir='ltr'><strong>supradicto</strong></span> <span class='ocrx_word' id='word_1_208' title='bbox 1168 2739 1292 2794; x_wconf 93' lang='lat' dir='ltr'><strong>loco</strong></span> <span class='ocrx_word' id='word_1_209' title='bbox 1342 2736 1736 2800; x_wconf 84' lang='lat' dir='ltr'><strong>adharentem,</strong></span> <span class='ocrx_word' id='word_1_210' title='bbox 1785 2735 2015 2807; x_wconf 90' lang='lat' dir='ltr'><strong>positam</strong></span> <span class='ocrx_word' id='word_1_211' title='bbox 2061 2735 2117 2789; x_wconf 91' lang='lat' dir='ltr'><strong>in</strong></span> 
     </span>
    </p>
   </div>
   <div class='ocr_carea' id='block_1_30' title="bbox 524 2828 2112 2907">
    <p class='ocr_par' dir='ltr' id='par_1_30' title="bbox 524 2828 2112 2907">
     <span class='ocr_line' id='line_1_30' title="bbox 524 2828 2112 2907; baseline -0.006 -16"><span class='ocrx_word' id='word_1_212' title='bbox 524 2835 646 2891; x_wconf 96' lang='lat' dir='ltr'><strong>loco</strong></span> <span class='ocrx_word' id='word_1_213' title='bbox 675 2835 769 2907; x_wconf 90' lang='lat' dir='ltr'><strong>qui</strong></span> <span class='ocrx_word' id='word_1_214' title='bbox 807 2833 1005 2889; x_wconf 91' lang='lat' dir='ltr'><strong>dicitur</strong></span> <span class='ocrx_word' id='word_1_215' title='bbox 1036 2832 1336 2887; x_wconf 90' lang='lat' dir='ltr'><strong>Puliciano.</strong></span> <span class='ocrx_word' id='word_1_216' title='bbox 1368 2834 1596 2901; x_wconf 88' lang='lat' dir='ltr'><strong>Quarto,</strong></span> <span class='ocrx_word' id='word_1_217' title='bbox 1623 2829 1677 2884; x_wconf 89' lang='lat' dir='ltr'><strong>in</strong></span> <span class='ocrx_word' id='word_1_218' title='bbox 1710 2829 1830 2883; x_wconf 95' lang='lat' dir='ltr'><strong>loco</strong></span> <span class='ocrx_word' id='word_1_219' title='bbox 1860 2829 1953 2899; x_wconf 91' lang='lat' dir='ltr'><strong>qui</strong></span> <span class='ocrx_word' id='word_1_220' title='bbox 1984 2828 2112 2882; x_wconf 89' lang='lat' dir='ltr'><strong>dici-</strong></span> 
     </span>
    </p>
   </div>
   <div class='ocr_carea' id='block_1_31' title="bbox 521 2921 2108 2999">
    <p class='ocr_par' dir='ltr' id='par_1_31' title="bbox 521 2921 2108 2999">
     <span class='ocr_line' id='line_1_31' title="bbox 521 2921 2108 2999; baseline -0.007 -15"><span class='ocrx_word' id='word_1_221' title='bbox 521 2937 611 2984; x_wconf 88' lang='lat' dir='ltr'><strong>tur</strong></span> <span class='ocrx_word' id='word_1_222' title='bbox 632 2932 810 2999; x_wconf 79' lang='lat' dir='ltr'><strong>Agna.</strong></span> <span class='ocrx_word' id='word_1_223' title='bbox 843 2927 1068 2996; x_wconf 90' lang='lat' dir='ltr'><strong>Quinto,</strong></span> <span class='ocrx_word' id='word_1_224' title='bbox 1098 2926 1156 2980; x_wconf 90' lang='lat' dir='ltr'><strong>in</strong></span> <span class='ocrx_word' id='word_1_225' title='bbox 1186 2926 1303 2980; x_wconf 91' lang='lat' dir='ltr'><strong>loco</strong></span> <span class='ocrx_word' id='word_1_226' title='bbox 1325 2925 1419 2995; x_wconf 90' lang='lat' dir='ltr'><strong>qui</strong></span> <span class='ocrx_word' id='word_1_227' title='bbox 1445 2924 1644 2980; x_wconf 89' lang='lat' dir='ltr'><strong>dicitur</strong></span> <span class='ocrx_word' id='word_1_228' title='bbox 1668 2927 1855 2978; x_wconf 86' lang='lat' dir='ltr'><strong>Monte</strong></span> <span class='ocrx_word' id='word_1_229' title='bbox 1884 2930 1937 2976; x_wconf 92' lang='lat' dir='ltr'><strong>et</strong></span> <span class='ocrx_word' id='word_1_230' title='bbox 1964 2921 2108 2977; x_wconf 92' lang='lat' dir='ltr'><strong>Soci.</strong></span> 
     </span>
    </p>
   </div>
   <div class='ocr_carea' id='block_1_32' title="bbox 519 3017 2113 3092">
    <p class='ocr_par' dir='ltr' id='par_1_32' title="bbox 519 3017 2113 3092">
     <span class='ocr_line' id='line_1_32' title="bbox 519 3017 2113 3092; baseline -0.006 -13"><span class='ocrx_word' id='word_1_231' title='bbox 519 3025 707 3087; x_wconf 84' lang='lat' dir='ltr'><strong>Sexto,</strong></span> <span class='ocrx_word' id='word_1_232' title='bbox 733 3022 931 3077; x_wconf 92' lang='lat' dir='ltr'><strong>inloco</strong></span> <span class='ocrx_word' id='word_1_233' title='bbox 950 3021 1043 3092; x_wconf 92' lang='lat' dir='ltr'><strong>qui</strong></span> <span class='ocrx_word' id='word_1_234' title='bbox 1069 3019 1275 3075; x_wconf 89' lang='lat' dir='ltr'><strong>dicitur</strong></span> <span class='ocrx_word' id='word_1_235' title='bbox 1293 3018 1519 3074; x_wconf 90' lang='lat' dir='ltr'><strong>Caliano</strong></span> <span class='ocrx_word' id='word_1_236' title='bbox 1546 3025 1601 3072; x_wconf 88' lang='lat' dir='ltr'><strong>et</strong></span> <span class='ocrx_word' id='word_1_237' title='bbox 1630 3017 1860 3071; x_wconf 90' lang='lat' dir='ltr'><strong>Punina.</strong></span> <span class='ocrx_word' id='word_1_238' title='bbox 1886 3018 2113 3083; x_wconf 90' lang='lat' dir='ltr'><strong>Octavo,</strong></span> 
     </span>
    </p>
   </div>
   <div class='ocr_carea' id='block_1_33' title="bbox 520 3109 2111 3185">
    <p class='ocr_par' dir='ltr' id='par_1_33' title="bbox 520 3109 2111 3185">
     <span class='ocr_line' id='line_1_33' title="bbox 520 3109 2111 3185; baseline -0.006 -14"><span class='ocrx_word' id='word_1_239' title='bbox 520 3117 575 3171; x_wconf 92' lang='lat' dir='ltr'><strong>in</strong></span> <span class='ocrx_word' id='word_1_240' title='bbox 611 3116 734 3171; x_wconf 92' lang='lat' dir='ltr'><strong>loco</strong></span> <span class='ocrx_word' id='word_1_241' title='bbox 786 3115 877 3185; x_wconf 91' lang='lat' dir='ltr'><strong>qui</strong></span> <span class='ocrx_word' id='word_1_242' title='bbox 909 3113 1108 3169; x_wconf 89' lang='lat' dir='ltr'><strong>dicitur</strong></span> <span class='ocrx_word' id='word_1_243' title='bbox 1155 3112 1209 3166; x_wconf 93' lang='lat' dir='ltr'><strong>in</strong></span> <span class='ocrx_word' id='word_1_244' title='bbox 1248 3111 1412 3180; x_wconf 90' lang='lat' dir='ltr'><strong>Chio,</strong></span> <span class='ocrx_word' id='word_1_245' title='bbox 1459 3119 1514 3165; x_wconf 90' lang='lat' dir='ltr'><strong>et</strong></span> <span class='ocrx_word' id='word_1_246' title='bbox 1552 3110 1777 3165; x_wconf 89' lang='lat' dir='ltr'><strong>ecclesia</strong></span> <span class='ocrx_word' id='word_1_247' title='bbox 1804 3109 1988 3164; x_wconf 84' lang='lat' dir='ltr'><strong>Sancti</strong></span> <span class='ocrx_word' id='word_1_248' title='bbox 2031 3110 2111 3163; x_wconf 88' lang='lat' dir='ltr'><strong>Sa-</strong></span> 
     </span>
    </p>
   </div>
   <div class='ocr_carea' id='block_1_34' title="bbox 519 3201 2114 3276">
    <p class='ocr_par' dir='ltr' id='par_1_34' title="bbox 519 3201 2114 3276">
     <span class='ocr_line' id='line_1_34' title="bbox 519 3201 2114 3276; baseline -0.004 -14"><span class='ocrx_word' id='word_1_249' title='bbox 519 3208 648 3265; x_wconf 90' lang='lat' dir='ltr'><strong>vini.</strong></span> <span class='ocrx_word' id='word_1_250' title='bbox 694 3210 876 3274; x_wconf 83' lang='lat' dir='ltr'><strong>Nono,</strong></span> <span class='ocrx_word' id='word_1_251' title='bbox 909 3208 963 3261; x_wconf 91' lang='lat' dir='ltr'><strong>in</strong></span> <span class='ocrx_word' id='word_1_252' title='bbox 1006 3206 1127 3261; x_wconf 93' lang='lat' dir='ltr'><strong>loco</strong></span> <span class='ocrx_word' id='word_1_253' title='bbox 1156 3205 1247 3276; x_wconf 91' lang='lat' dir='ltr'><strong>qui</strong></span> <span class='ocrx_word' id='word_1_254' title='bbox 1276 3204 1471 3259; x_wconf 88' lang='lat' dir='ltr'><strong>dicitur</strong></span> <span class='ocrx_word' id='word_1_255' title='bbox 1523 3204 1788 3273; x_wconf 88' lang='lat' dir='ltr'><strong>Fogiano.</strong></span> <span class='ocrx_word' id='word_1_256' title='bbox 1828 3201 2114 3258; x_wconf 89' lang='lat' dir='ltr'><strong>Sancimus</strong></span> 
     </span>
    </p>
   </div>
   <div class='ocr_carea' id='block_1_35' title="bbox 517 3296 2108 3374">
    <p class='ocr_par' dir='ltr' id='par_1_35' title="bbox 517 3296 2108 3374">
     <span class='ocr_line' id='line_1_35' title="bbox 517 3296 2108 3374; baseline -0.006 -17"><span class='ocrx_word' id='word_1_257' title='bbox 517 3304 681 3374; x_wconf 91' lang='lat' dir='ltr'><strong>igitur</strong></span> <span class='ocrx_word' id='word_1_258' title='bbox 710 3301 817 3357; x_wconf 91' lang='lat' dir='ltr'><strong>hoc</strong></span> <span class='ocrx_word' id='word_1_259' title='bbox 858 3308 1048 3355; x_wconf 90' lang='lat' dir='ltr'><strong>nostro</strong></span> <span class='ocrx_word' id='word_1_260' title='bbox 1088 3298 1371 3369; x_wconf 87' lang='lat' dir='ltr'><strong>privilegio</strong></span> <span class='ocrx_word' id='word_1_261' title='bbox 1401 3304 1461 3352; x_wconf 89' lang='lat' dir='ltr'><strong>ut</strong></span> <span class='ocrx_word' id='word_1_262' title='bbox 1508 3312 1686 3368; x_wconf 89' lang='lat' dir='ltr'><strong>neque</strong></span> <span class='ocrx_word' id='word_1_263' title='bbox 1715 3312 1830 3361; x_wconf 81' lang='lat' dir='ltr'><strong>rex,</strong></span> <span class='ocrx_word' id='word_1_264' title='bbox 1874 3296 2108 3364; x_wconf 89' lang='lat' dir='ltr'><strong>impera-</strong></span> 
     </span>
    </p>
   </div>
   <div class='ocr_carea' id='block_1_36' title="bbox 518 3389 2110 3463">
    <p class='ocr_par' dir='ltr' id='par_1_36' title="bbox 518 3389 2110 3463">
     <span class='ocr_line' id='line_1_36' title="bbox 518 3389 2110 3463; baseline -0.006 -12"><span class='ocrx_word' id='word_1_265' title='bbox 518 3404 627 3463; x_wconf 88' lang='lat' dir='ltr'><strong>tor,</strong></span> <span class='ocrx_word' id='word_1_266' title='bbox 657 3395 798 3460; x_wconf 81' lang='lat' dir='ltr'><strong>dux,</strong></span> <span class='ocrx_word' id='word_1_267' title='bbox 849 3408 1039 3449; x_wconf 89' lang='lat' dir='ltr'><strong>comes</strong></span> <span class='ocrx_word' id='word_1_268' title='bbox 1077 3400 1174 3448; x_wconf 91' lang='lat' dir='ltr'><strong>aut</strong></span> <span class='ocrx_word' id='word_1_269' title='bbox 1216 3390 1482 3462; x_wconf 82' lang='lat' dir='ltr'><strong>pontifex,</strong></span> <span class='ocrx_word' id='word_1_270' title='bbox 1525 3399 1621 3445; x_wconf 90' lang='lat' dir='ltr'><strong>aut</strong></span> <span class='ocrx_word' id='word_1_271' title='bbox 1662 3389 1841 3461; x_wconf 90' lang='lat' dir='ltr'><strong>aliqua</strong></span> <span class='ocrx_word' id='word_1_272' title='bbox 1879 3404 2110 3459; x_wconf 82' lang='lat' dir='ltr'><strong>persona</strong></span> 
     </span>
    </p>
   </div>
   <div class='ocr_carea' id='block_1_37' title="bbox 516 3483 2111 3553">
    <p class='ocr_par' dir='ltr' id='par_1_37' title="bbox 516 3483 2111 3553">
     <span class='ocr_line' id='line_1_37' title="bbox 516 3483 2111 3553; baseline -0.005 -10"><span class='ocrx_word' id='word_1_273' title='bbox 516 3488 659 3545; x_wconf 90' lang='lat' dir='ltr'><strong>idem</strong></span> <span class='ocrx_word' id='word_1_274' title='bbox 685 3487 1012 3551; x_wconf 87' lang='lat' dir='ltr'><strong>oratorium,</strong></span> <span class='ocrx_word' id='word_1_275' title='bbox 1041 3493 1138 3541; x_wconf 89' lang='lat' dir='ltr'><strong>aut</strong></span> <span class='ocrx_word' id='word_1_276' title='bbox 1165 3484 1363 3541; x_wconf 84' lang='lat' dir='ltr'><strong>fratres</strong></span> <span class='ocrx_word' id='word_1_277' title='bbox 1383 3484 1457 3541; x_wconf 91' lang='lat' dir='ltr'><strong>ibi</strong></span> <span class='ocrx_word' id='word_1_278' title='bbox 1487 3488 1604 3540; x_wconf 92' lang='lat' dir='ltr'><strong>Deo</strong></span> <span class='ocrx_word' id='word_1_279' title='bbox 1624 3484 1943 3549; x_wconf 83' lang='lat' dir='ltr'><strong>servientes,</strong></span> <span class='ocrx_word' id='word_1_280' title='bbox 1970 3483 2111 3553; x_wconf 88' lang='lat' dir='ltr'><strong>ejus-</strong></span> 
     </span>
    </p>
   </div>
   <div class='ocr_carea' id='block_1_38' title="bbox 514 3576 2108 3653">
    <p class='ocr_par' dir='ltr' id='par_1_38' title="bbox 514 3576 2108 3653">
     <span class='ocr_line' id='line_1_38' title="bbox 514 3576 2108 3653; baseline -0.006 -14"><span class='ocrx_word' id='word_1_281' title='bbox 514 3598 619 3653; x_wconf 90' lang='lat' dir='ltr'><strong>que</strong></span> <span class='ocrx_word' id='word_1_282' title='bbox 657 3581 950 3647; x_wconf 89' lang='lat' dir='ltr'><strong>territoria,</strong></span> <span class='ocrx_word' id='word_1_283' title='bbox 973 3588 1069 3635; x_wconf 90' lang='lat' dir='ltr'><strong>aut</strong></span> <span class='ocrx_word' id='word_1_284' title='bbox 1097 3578 1275 3650; x_wconf 90' lang='lat' dir='ltr'><strong>aliqua</strong></span> <span class='ocrx_word' id='word_1_285' title='bbox 1300 3578 1401 3634; x_wconf 91' lang='lat' dir='ltr'><strong>sibi</strong></span> <span class='ocrx_word' id='word_1_286' title='bbox 1423 3578 1575 3649; x_wconf 89' lang='lat' dir='ltr'><strong>justo</strong></span> <span class='ocrx_word' id='word_1_287' title='bbox 1605 3576 1773 3632; x_wconf 91' lang='lat' dir='ltr'><strong>modo</strong></span> <span class='ocrx_word' id='word_1_288' title='bbox 1800 3584 1895 3631; x_wconf 89' lang='lat' dir='ltr'><strong>aut</strong></span> <span class='ocrx_word' id='word_1_289' title='bbox 1922 3577 1978 3630; x_wconf 90' lang='lat' dir='ltr'><strong>in</strong></span> <span class='ocrx_word' id='word_1_290' title='bbox 2011 3591 2108 3630; x_wconf 87' lang='lat' dir='ltr'><strong>an-</strong></span> 
     </span>
    </p>
   </div>
   <div class='ocr_carea' id='block_1_39' title="bbox 516 3670 2107 3745">
    <p class='ocr_par' dir='ltr' id='par_1_39' title="bbox 516 3670 2107 3745">
     <span class='ocr_line' id='line_1_39' title="bbox 516 3670 2107 3745; baseline -0.003 -16"><span class='ocrx_word' id='word_1_291' title='bbox 516 3683 601 3730; x_wconf 89' lang='lat' dir='ltr'><strong>tea</strong></span> <span class='ocrx_word' id='word_1_292' title='bbox 636 3674 991 3745; x_wconf 86' lang='lat' dir='ltr'><strong>pertinentia,</strong></span> <span class='ocrx_word' id='word_1_293' title='bbox 1026 3671 1285 3727; x_wconf 86' lang='lat' dir='ltr'><strong>invadere</strong></span> <span class='ocrx_word' id='word_1_294' title='bbox 1328 3679 1425 3726; x_wconf 90' lang='lat' dir='ltr'><strong>aut</strong></span> <span class='ocrx_word' id='word_1_295' title='bbox 1454 3671 1764 3737; x_wconf 90' lang='lat' dir='ltr'><strong>molestare,</strong></span> <span class='ocrx_word' id='word_1_296' title='bbox 1807 3670 1887 3725; x_wconf 92' lang='lat' dir='ltr'><strong>vel</strong></span> <span class='ocrx_word' id='word_1_297' title='bbox 1926 3670 2107 3740; x_wconf 92' lang='lat' dir='ltr'><strong>aliquo</strong></span> 
     </span>
    </p>
   </div>
   <div class='ocr_carea' id='block_1_40' title="bbox 515 3762 2108 3836">
    <p class='ocr_par' dir='ltr' id='par_1_40' title="bbox 515 3762 2108 3836">
     <span class='ocr_line' id='line_1_40' title="bbox 515 3762 2108 3836; baseline -0.003 -14"><span class='ocrx_word' id='word_1_298' title='bbox 515 3766 685 3822; x_wconf 86' lang='lat' dir='ltr'><strong>modo</strong></span> <span class='ocrx_word' id='word_1_299' title='bbox 707 3766 1012 3836; x_wconf 85' lang='lat' dir='ltr'><strong>inquietare</strong></span> <span class='ocrx_word' id='word_1_300' title='bbox 1034 3772 1351 3835; x_wconf 87' lang='lat' dir='ltr'><strong>prasumat,</strong></span> <span class='ocrx_word' id='word_1_301' title='bbox 1382 3763 1686 3818; x_wconf 91' lang='lat' dir='ltr'><strong>libertatem</strong></span> <span class='ocrx_word' id='word_1_302' title='bbox 1714 3771 1811 3818; x_wconf 91' lang='lat' dir='ltr'><strong>aut</strong></span> <span class='ocrx_word' id='word_1_303' title='bbox 1835 3762 2108 3819; x_wconf 87' lang='lat' dir='ltr'><strong>licentiam</strong></span> 
     </span>
    </p>
   </div>
   <div class='ocr_carea' id='block_1_41' title="bbox 511 3856 2104 3929">
    <p class='ocr_par' dir='ltr' id='par_1_41' title="bbox 511 3856 2104 3929">
     <span class='ocr_line' id='line_1_41' title="bbox 511 3856 2104 3929; baseline -0.004 -14"><span class='ocrx_word' id='word_1_304' title='bbox 511 3858 855 3915; x_wconf 89' lang='lat' dir='ltr'><strong>ecclesiastici</strong></span> <span class='ocrx_word' id='word_1_305' title='bbox 877 3857 1038 3929; x_wconf 85' lang='lat' dir='ltr'><strong>juris,</strong></span> <span class='ocrx_word' id='word_1_306' title='bbox 1063 3873 1231 3929; x_wconf 85' lang='lat' dir='ltr'><strong>quam</strong></span> <span class='ocrx_word' id='word_1_307' title='bbox 1261 3858 1366 3912; x_wconf 91' lang='lat' dir='ltr'><strong>huc</strong></span> <span class='ocrx_word' id='word_1_308' title='bbox 1396 3872 1572 3927; x_wconf 89' lang='lat' dir='ltr'><strong>usque</strong></span> <span class='ocrx_word' id='word_1_309' title='bbox 1603 3856 1806 3912; x_wconf 89' lang='lat' dir='ltr'><strong>habere</strong></span> <span class='ocrx_word' id='word_1_310' title='bbox 1837 3857 1934 3911; x_wconf 88' lang='lat' dir='ltr'><strong>visi</strong></span> <span class='ocrx_word' id='word_1_311' title='bbox 1957 3862 2104 3921; x_wconf 89' lang='lat' dir='ltr'><strong>sunt,</strong></span> 
     </span>
    </p>
   </div>
   <div class='ocr_carea' id='block_1_42' title="bbox 516 3948 2104 4022">
    <p class='ocr_par' dir='ltr' id='par_1_42' title="bbox 516 3948 2104 4022">
     <span class='ocr_line' id='line_1_42' title="bbox 516 3948 2104 4022; baseline -0.004 -15"><span class='ocrx_word' id='word_1_312' title='bbox 516 3968 615 4007; x_wconf 90' lang='lat' dir='ltr'><strong>seu</strong></span> <span class='ocrx_word' id='word_1_313' title='bbox 641 3966 808 4022; x_wconf 91' lang='lat' dir='ltr'><strong>quam</strong></span> <span class='ocrx_word' id='word_1_314' title='bbox 836 3952 890 4005; x_wconf 92' lang='lat' dir='ltr'><strong>in</strong></span> <span class='ocrx_word' id='word_1_315' title='bbox 914 3958 1070 4004; x_wconf 88' lang='lat' dir='ltr'><strong>antea</strong></span> <span class='ocrx_word' id='word_1_316' title='bbox 1094 3949 1243 4020; x_wconf 90' lang='lat' dir='ltr'><strong>juste</strong></span> <span class='ocrx_word' id='word_1_317' title='bbox 1272 3948 1475 4005; x_wconf 90' lang='lat' dir='ltr'><strong>habere</strong></span> <span class='ocrx_word' id='word_1_318' title='bbox 1502 3948 1758 4018; x_wconf 88' lang='lat' dir='ltr'><strong>poterint,</strong></span> <span class='ocrx_word' id='word_1_319' title='bbox 1791 3948 1848 4002; x_wconf 91' lang='lat' dir='ltr'><strong>in</strong></span> <span class='ocrx_word' id='word_1_320' title='bbox 1879 3948 1982 4003; x_wconf 87' lang='lat' dir='ltr'><strong>hac</strong></span> <span class='ocrx_word' id='word_1_321' title='bbox 2011 3963 2104 4001; x_wconf 87' lang='lat' dir='ltr'><strong>ea-</strong></span> 
     </span>
    </p>
   </div>
   <div class='ocr_carea' id='block_1_43' title="bbox 514 4039 2107 4112">
    <p class='ocr_par' dir='ltr' id='par_1_43' title="bbox 514 4039 2107 4112">
     <span class='ocr_line' id='line_1_43' title="bbox 514 4039 2107 4112; baseline -0.004 -12"><span class='ocrx_word' id='word_1_322' title='bbox 514 4044 645 4101; x_wconf 88' lang='lat' dir='ltr'><strong>dem</strong></span> <span class='ocrx_word' id='word_1_323' title='bbox 680 4044 817 4099; x_wconf 90' lang='lat' dir='ltr'><strong>serie</strong></span> <span class='ocrx_word' id='word_1_324' title='bbox 852 4042 1252 4098; x_wconf 87' lang='lat' dir='ltr'><strong>conﬁrmamus</strong></span> <span class='ocrx_word' id='word_1_325' title='bbox 1289 4048 1346 4096; x_wconf 91' lang='lat' dir='ltr'><strong>et</strong></span> <span class='ocrx_word' id='word_1_326' title='bbox 1388 4049 1708 4112; x_wconf 90' lang='lat' dir='ltr'><strong>perpetuam</strong></span> <span class='ocrx_word' id='word_1_327' title='bbox 1757 4039 1873 4095; x_wconf 91' lang='lat' dir='ltr'><strong>fore</strong></span> <span class='ocrx_word' id='word_1_328' title='bbox 1911 4039 2107 4095; x_wconf 87' lang='lat' dir='ltr'><strong>statui-</strong></span> 
     </span>
    </p>
   </div>
   <div class='ocr_carea' id='block_1_44' title="bbox 514 4134 2109 4207">
    <p class='ocr_par' dir='ltr' id='par_1_44' title="bbox 514 4134 2109 4207">
     <span class='ocr_line' id='line_1_44' title="bbox 514 4134 2109 4207; baseline -0.003 -14"><span class='ocrx_word' id='word_1_329' title='bbox 514 4152 659 4194; x_wconf 87' lang='lat' dir='ltr'><strong>mus.</strong></span> <span class='ocrx_word' id='word_1_330' title='bbox 700 4139 783 4192; x_wconf 85' lang='lat' dir='ltr'><strong>Ne</strong></span> <span class='ocrx_word' id='word_1_331' title='bbox 819 4134 945 4207; x_wconf 90' lang='lat' dir='ltr'><strong>quis</strong></span> <span class='ocrx_word' id='word_1_332' title='bbox 981 4142 1165 4189; x_wconf 89' lang='lat' dir='ltr'><strong>autem</strong></span> <span class='ocrx_word' id='word_1_333' title='bbox 1205 4135 1375 4189; x_wconf 88' lang='lat' dir='ltr'><strong>malas</strong></span> <span class='ocrx_word' id='word_1_334' title='bbox 1410 4134 1839 4190; x_wconf 90' lang='lat' dir='ltr'><strong>consuetudines</strong></span> <span class='ocrx_word' id='word_1_335' title='bbox 1865 4134 2109 4206; x_wconf 85' lang='lat' dir='ltr'><strong>superin-</strong></span> 
     </span>
    </p>
   </div>
   <div class='ocr_carea' id='block_1_45' title="bbox 512 4226 2107 4299">
    <p class='ocr_par' dir='ltr' id='par_1_45' title="bbox 512 4226 2107 4299">
     <span class='ocr_line' id='line_1_45' title="bbox 512 4226 2107 4299; baseline -0.001 -14"><span class='ocrx_word' id='word_1_336' title='bbox 512 4229 698 4297; x_wconf 89' lang='lat' dir='ltr'><strong>ducat,</strong></span> <span class='ocrx_word' id='word_1_337' title='bbox 729 4228 930 4299; x_wconf 87' lang='lat' dir='ltr'><strong>quibus</strong></span> <span class='ocrx_word' id='word_1_338' title='bbox 952 4226 1101 4282; x_wconf 88' lang='lat' dir='ltr'><strong>idem</strong></span> <span class='ocrx_word' id='word_1_339' title='bbox 1123 4226 1428 4282; x_wconf 88' lang='lat' dir='ltr'><strong>oratorium</strong></span> <span class='ocrx_word' id='word_1_340' title='bbox 1452 4243 1484 4283; x_wconf 91' lang='lat' dir='ltr'><strong>a</strong></span> <span class='ocrx_word' id='word_1_341' title='bbox 1514 4242 1610 4282; x_wconf 90' lang='lat' dir='ltr'><strong>sua</strong></span> <span class='ocrx_word' id='word_1_342' title='bbox 1640 4227 1900 4298; x_wconf 87' lang='lat' dir='ltr'><strong>religione</strong></span> <span class='ocrx_word' id='word_1_343' title='bbox 1928 4227 2107 4283; x_wconf 90' lang='lat' dir='ltr'><strong>turbe-</strong></span> 
     </span>
    </p>
   </div>
   <div class='ocr_carea' id='block_1_46' title="bbox 514 4320 2107 4394">
    <p class='ocr_par' dir='ltr' id='par_1_46' title="bbox 514 4320 2107 4394">
     <span class='ocr_line' id='line_1_46' title="bbox 514 4320 2107 4394; baseline -0.001 -16"><span class='ocrx_word' id='word_1_344' title='bbox 514 4331 624 4389; x_wconf 88' lang='lat' dir='ltr'><strong>tur,</strong></span> <span class='ocrx_word' id='word_1_345' title='bbox 657 4321 964 4394; x_wconf 89' lang='lat' dir='ltr'><strong>apostolica</strong></span> <span class='ocrx_word' id='word_1_346' title='bbox 999 4321 1328 4377; x_wconf 88' lang='lat' dir='ltr'><strong>auctoritate</strong></span> <span class='ocrx_word' id='word_1_347' title='bbox 1364 4320 1755 4391; x_wconf 84' lang='lat' dir='ltr'><strong>prohibemus;</strong></span> <span class='ocrx_word' id='word_1_348' title='bbox 1787 4320 1892 4377; x_wconf 93' lang='lat' dir='ltr'><strong>hoc</strong></span> <span class='ocrx_word' id='word_1_349' title='bbox 1920 4329 2107 4377; x_wconf 88' lang='lat' dir='ltr'><strong>tamen</strong></span> 
     </span>
    </p>
   </div>
   <div class='ocr_carea' id='block_1_47' title="bbox 513 4414 2105 4487">
    <p class='ocr_par' dir='ltr' id='par_1_47' title="bbox 513 4414 2105 4487">
     <span class='ocr_line' id='line_1_47' title="bbox 513 4414 2105 4487; baseline -0.001 -17"><span class='ocrx_word' id='word_1_350' title='bbox 513 4416 784 4473; x_wconf 90' lang='lat' dir='ltr'><strong>voluimus</strong></span> <span class='ocrx_word' id='word_1_351' title='bbox 808 4424 864 4472; x_wconf 90' lang='lat' dir='ltr'><strong>et</strong></span> <span class='ocrx_word' id='word_1_352' title='bbox 891 4415 1282 4471; x_wconf 90' lang='lat' dir='ltr'><strong>constituimus</strong></span> <span class='ocrx_word' id='word_1_353' title='bbox 1312 4423 1373 4469; x_wconf 92' lang='lat' dir='ltr'><strong>ut</strong></span> <span class='ocrx_word' id='word_1_354' title='bbox 1396 4416 1511 4487; x_wconf 89' lang='lat' dir='ltr'><strong>jam</strong></span> <span class='ocrx_word' id='word_1_355' title='bbox 1550 4414 1761 4471; x_wconf 88' lang='lat' dir='ltr'><strong>dictum</strong></span> <span class='ocrx_word' id='word_1_356' title='bbox 1803 4415 2105 4471; x_wconf 89' lang='lat' dir='ltr'><strong>oratorium</strong></span> 
     </span>
    </p>
   </div>
   <div class='ocr_carea' id='block_1_48' title="bbox 2148 1772 2196 1832">
    <p class='ocr_par' dir='ltr' id='par_1_48' title="bbox 2148 1772 2196 1832">
     <span class='ocr_line' id='line_1_48' title="bbox 2148 1772 2196 1832; baseline 0 0"><span class='ocrx_word' id='word_1_357' title='bbox 2148 1772 2196 1832; x_wconf 90' lang='lat' dir='ltr'><strong>B</strong></span> 
     </span>
    </p>
   </div>
   <div class='ocr_carea' id='block_1_49' title="bbox 2226 485 3823 564">
    <p class='ocr_par' dir='ltr' id='par_1_49' title="bbox 2226 485 3823 564">
     <span class='ocr_line' id='line_1_49' title="bbox 2226 485 3823 564; baseline -0.006 -17"><span class='ocrx_word' id='word_1_358' title='bbox 2226 494 2369 564; x_wconf 86' lang='lat' dir='ltr'><strong>plere</strong></span> <span class='ocrx_word' id='word_1_359' title='bbox 2411 491 2679 557; x_wconf 82' lang='lat' dir='ltr'><strong>ofﬁcium,</strong></span> <span class='ocrx_word' id='word_1_360' title='bbox 2719 498 2851 544; x_wconf 88' lang='lat' dir='ltr'><strong>tunc</strong></span> <span class='ocrx_word' id='word_1_361' title='bbox 2888 488 3057 543; x_wconf 90' lang='lat' dir='ltr'><strong>libera</strong></span> <span class='ocrx_word' id='word_1_362' title='bbox 3096 487 3325 543; x_wconf 88' lang='lat' dir='ltr'><strong>facultas</strong></span> <span class='ocrx_word' id='word_1_363' title='bbox 3356 502 3420 541; x_wconf 91' lang='lat' dir='ltr'><strong>ac</strong></span> <span class='ocrx_word' id='word_1_364' title='bbox 3454 485 3671 541; x_wconf 89' lang='lat' dir='ltr'><strong>licentia</strong></span> <span class='ocrx_word' id='word_1_365' title='bbox 3718 501 3823 557; x_wconf 81' lang='lat' dir='ltr'><strong>pa-</strong></span> 
     </span>
    </p>
   </div>
   <div class='ocr_carea' id='block_1_50' title="bbox 2224 579 3820 649">
    <p class='ocr_par' dir='ltr' id='par_1_50' title="bbox 2224 579 3820 649">
     <span class='ocr_line' id='line_1_50' title="bbox 2224 579 3820 649; baseline -0.004 -8"><span class='ocrx_word' id='word_1_366' title='bbox 2224 594 2335 641; x_wconf 90' lang='lat' dir='ltr'><strong>teat</strong></span> <span class='ocrx_word' id='word_1_367' title='bbox 2372 585 2527 640; x_wconf 93' lang='lat' dir='ltr'><strong>vobis</strong></span> <span class='ocrx_word' id='word_1_368' title='bbox 2554 583 2702 639; x_wconf 90' lang='lat' dir='ltr'><strong>adire</strong></span> <span class='ocrx_word' id='word_1_369' title='bbox 2740 582 3073 639; x_wconf 89' lang='lat' dir='ltr'><strong>catholicum</strong></span> <span class='ocrx_word' id='word_1_370' title='bbox 3118 589 3173 636; x_wconf 89' lang='lat' dir='ltr'><strong>et</strong></span> <span class='ocrx_word' id='word_1_371' title='bbox 3216 580 3353 635; x_wconf 88' lang='lat' dir='ltr'><strong>bene</strong></span> <span class='ocrx_word' id='word_1_372' title='bbox 3377 579 3653 634; x_wconf 86' lang='lat' dir='ltr'><strong>viventem</strong></span> <span class='ocrx_word' id='word_1_373' title='bbox 3698 580 3820 649; x_wconf 92' lang='lat' dir='ltr'><strong>epi-</strong></span> 
     </span>
    </p>
   </div>
   <div class='ocr_carea' id='block_1_51' title="bbox 2225 672 3822 749">
    <p class='ocr_par' dir='ltr' id='par_1_51' title="bbox 2225 672 3822 749">
     <span class='ocr_line' id='line_1_51' title="bbox 2225 672 3822 749; baseline -0.004 -15"><span class='ocrx_word' id='word_1_374' title='bbox 2225 676 2800 749; x_wconf 61' lang='lat' dir='ltr'><strong>sc0pum3ubicunque</strong></span> <span class='ocrx_word' id='word_1_375' title='bbox 2827 676 2884 731; x_wconf 89' lang='lat' dir='ltr'><strong>in</strong></span> <span class='ocrx_word' id='word_1_376' title='bbox 2908 683 3090 731; x_wconf 89' lang='lat' dir='ltr'><strong>vestra</strong></span> <span class='ocrx_word' id='word_1_377' title='bbox 3128 675 3207 729; x_wconf 90' lang='lat' dir='ltr'><strong>vel</strong></span> <span class='ocrx_word' id='word_1_378' title='bbox 3251 673 3498 745; x_wconf 82' lang='lat' dir='ltr'><strong>proxima</strong></span> <span class='ocrx_word' id='word_1_379' title='bbox 3536 672 3822 742; x_wconf 86' lang='lat' dir='ltr'><strong>provincia</strong></span> 
     </span>
    </p>
   </div>
   <div class='ocr_carea' id='block_1_52' title="bbox 2227 764 3825 843">
    <p class='ocr_par' dir='ltr' id='par_1_52' title="bbox 2227 764 3825 843">
     <span class='ocr_line' id='line_1_52' title="bbox 2227 764 3825 843; baseline -0.004 -16"><span class='ocrx_word' id='word_1_380' title='bbox 2227 771 2459 828; x_wconf 89' lang='lat' dir='ltr'><strong>inveniri</strong></span> <span class='ocrx_word' id='word_1_381' title='bbox 2492 770 2711 843; x_wconf 88' lang='lat' dir='ltr'><strong>poterit,</strong></span> <span class='ocrx_word' id='word_1_382' title='bbox 2738 778 2802 825; x_wconf 93' lang='lat' dir='ltr'><strong>ut</strong></span> <span class='ocrx_word' id='word_1_383' title='bbox 2828 769 2897 825; x_wconf 89' lang='lat' dir='ltr'><strong>ab</strong></span> <span class='ocrx_word' id='word_1_384' title='bbox 2928 769 3045 840; x_wconf 90' lang='lat' dir='ltr'><strong>ipso</strong></span> <span class='ocrx_word' id='word_1_385' title='bbox 3073 769 3131 823; x_wconf 91' lang='lat' dir='ltr'><strong>in</strong></span> <span class='ocrx_word' id='word_1_386' title='bbox 3157 765 3536 823; x_wconf 87' lang='lat' dir='ltr'><strong>ecclesiasticis</strong></span> <span class='ocrx_word' id='word_1_387' title='bbox 3558 764 3825 839; x_wconf 84' lang='lat' dir='ltr'><strong>gradibus</strong></span> 
     </span>
    </p>
   </div>
   <div class='ocr_carea' id='block_1_53' title="bbox 2226 870 3825 939">
    <p class='ocr_par' dir='ltr' id='par_1_53' title="bbox 2226 870 3825 939">
     <span class='ocr_line' id='line_1_53' title="bbox 2226 870 3825 939; baseline -0.005 -11"><span class='ocrx_word' id='word_1_388' title='bbox 2226 882 2280 928; x_wconf 92' lang='lat' dir='ltr'><strong>et</strong></span> <span class='ocrx_word' id='word_1_389' title='bbox 2308 872 2504 928; x_wconf 82' lang='lat' dir='ltr'><strong>ofﬁciis</strong></span> <span class='ocrx_word' id='word_1_390' title='bbox 2549 871 2791 928; x_wconf 89' lang='lat' dir='ltr'><strong>ordinari</strong></span> <span class='ocrx_word' id='word_1_391' title='bbox 2823 878 2877 925; x_wconf 90' lang='lat' dir='ltr'><strong>et</strong></span> <span class='ocrx_word' id='word_1_392' title='bbox 2912 870 3222 925; x_wconf 87' lang='lat' dir='ltr'><strong>consecrari</strong></span> <span class='ocrx_word' id='word_1_393' title='bbox 3272 883 3336 924; x_wconf 83' lang='lat' dir='ltr'><strong>ex</strong></span> <span class='ocrx_word' id='word_1_394' title='bbox 3382 875 3563 923; x_wconf 87' lang='lat' dir='ltr'><strong>vestra</strong></span> <span class='ocrx_word' id='word_1_395' title='bbox 3590 882 3825 939; x_wconf 86' lang='lat' dir='ltr'><strong>congre-</strong></span> 
     </span>
    </p>
   </div>
   <div class='ocr_carea' id='block_1_54' title="bbox 2226 960 3825 1039">
    <p class='ocr_par' dir='ltr' id='par_1_54' title="bbox 2226 960 3825 1039">
     <span class='ocr_line' id='line_1_54' title="bbox 2226 960 3825 1039; baseline -0.005 -16"><span class='ocrx_word' id='word_1_396' title='bbox 2226 967 2470 1039; x_wconf 86' lang='lat' dir='ltr'><strong>gatione,</strong></span> <span class='ocrx_word' id='word_1_397' title='bbox 2501 966 2593 1037; x_wconf 92' lang='lat' dir='ltr'><strong>qui</strong></span> <span class='ocrx_word' id='word_1_398' title='bbox 2628 964 2825 1036; x_wconf 88' lang='lat' dir='ltr'><strong>dignus</strong></span> <span class='ocrx_word' id='word_1_399' title='bbox 2856 972 2939 1019; x_wconf 91' lang='lat' dir='ltr'><strong>est</strong></span> <span class='ocrx_word' id='word_1_400' title='bbox 2967 962 3161 1034; x_wconf 86' lang='lat' dir='ltr'><strong>possit.</strong></span> <span class='ocrx_word' id='word_1_401' title='bbox 3208 962 3384 1018; x_wconf 90' lang='lat' dir='ltr'><strong>Sacris</strong></span> <span class='ocrx_word' id='word_1_402' title='bbox 3412 961 3566 1017; x_wconf 88' lang='lat' dir='ltr'><strong>enim</strong></span> <span class='ocrx_word' id='word_1_403' title='bbox 3596 960 3825 1017; x_wconf 79' lang='lat' dir='ltr'><strong>canoni-</strong></span> 
     </span>
    </p>
   </div>
   <div class='ocr_carea' id='block_1_55' title="bbox 2227 1052 3825 1127">
    <p class='ocr_par' dir='ltr' id='par_1_55' title="bbox 2227 1052 3825 1127">
     <span class='ocr_line' id='line_1_55' title="bbox 2227 1052 3825 1127; baseline -0.004 -11"><span class='ocrx_word' id='word_1_404' title='bbox 2227 1061 2329 1117; x_wconf 91' lang='lat' dir='ltr'><strong>bus</strong></span> <span class='ocrx_word' id='word_1_405' title='bbox 2358 1069 2412 1115; x_wconf 90' lang='lat' dir='ltr'><strong>et</strong></span> <span class='ocrx_word' id='word_1_406' title='bbox 2438 1058 2598 1116; x_wconf 89' lang='lat' dir='ltr'><strong>bonis</strong></span> <span class='ocrx_word' id='word_1_407' title='bbox 2630 1057 2856 1113; x_wconf 91' lang='lat' dir='ltr'><strong>omnino</strong></span> <span class='ocrx_word' id='word_1_408' title='bbox 2882 1055 3138 1127; x_wconf 89' lang='lat' dir='ltr'><strong>congruit</strong></span> <span class='ocrx_word' id='word_1_409' title='bbox 3174 1054 3445 1121; x_wconf 89' lang='lat' dir='ltr'><strong>moribus,</strong></span> <span class='ocrx_word' id='word_1_410' title='bbox 3475 1062 3538 1109; x_wconf 92' lang='lat' dir='ltr'><strong>ut</strong></span> <span class='ocrx_word' id='word_1_411' title='bbox 3573 1054 3724 1109; x_wconf 90' lang='lat' dir='ltr'><strong>sicut</strong></span> <span class='ocrx_word' id='word_1_412' title='bbox 3768 1052 3825 1109; x_wconf 89' lang='lat' dir='ltr'><strong>hi</strong></span> 
     </span>
    </p>
   </div>
   <div class='ocr_carea' id='block_1_56' title="bbox 2225 1147 3828 1225">
    <p class='ocr_par' dir='ltr' id='par_1_56' title="bbox 2225 1147 3828 1225">
     <span class='ocr_line' id='line_1_56' title="bbox 2225 1147 3828 1225; baseline -0.004 -15"><span class='ocrx_word' id='word_1_413' title='bbox 2225 1153 2317 1225; x_wconf 92' lang='lat' dir='ltr'><strong>qui</strong></span> <span class='ocrx_word' id='word_1_414' title='bbox 2353 1152 2647 1209; x_wconf 87' lang='lat' dir='ltr'><strong>ordinandi</strong></span> <span class='ocrx_word' id='word_1_415' title='bbox 2690 1159 2843 1218; x_wconf 90' lang='lat' dir='ltr'><strong>sunt,</strong></span> <span class='ocrx_word' id='word_1_416' title='bbox 2873 1150 3033 1206; x_wconf 83' lang='lat' dir='ltr'><strong>bona</strong></span> <span class='ocrx_word' id='word_1_417' title='bbox 3061 1150 3196 1205; x_wconf 85' lang='lat' dir='ltr'><strong>vita</strong></span> <span class='ocrx_word' id='word_1_418' title='bbox 3225 1156 3527 1220; x_wconf 87' lang='lat' dir='ltr'><strong>erectaque</strong></span> <span class='ocrx_word' id='word_1_419' title='bbox 3573 1147 3828 1203; x_wconf 83' lang='lat' dir='ltr'><strong>scientia</strong></span> 
     </span>
    </p>
   </div>
   <div class='ocr_carea' id='block_1_57' title="bbox 2226 1240 3825 1319">
    <p class='ocr_par' dir='ltr' id='par_1_57' title="bbox 2226 1240 3825 1319">
     <span class='ocr_line' id='line_1_57' title="bbox 2226 1240 3825 1319; baseline -0.005 -16"><span class='ocrx_word' id='word_1_420' title='bbox 2226 1248 2457 1303; x_wconf 81' lang='lat' dir='ltr'><strong>existere</strong></span> <span class='ocrx_word' id='word_1_421' title='bbox 2491 1244 2716 1314; x_wconf 90' lang='lat' dir='ltr'><strong>debent,</strong></span> <span class='ocrx_word' id='word_1_422' title='bbox 2748 1245 2848 1311; x_wconf 92' lang='lat' dir='ltr'><strong>sic,</strong></span> <span class='ocrx_word' id='word_1_423' title='bbox 2883 1243 3039 1313; x_wconf 86' lang='lat' dir='ltr'><strong>juxta</strong></span> <span class='ocrx_word' id='word_1_424' title='bbox 3071 1242 3324 1319; x_wconf 79' lang='lat' dir='ltr'><strong>Apostoli</strong></span> <span class='ocrx_word' id='word_1_425' title='bbox 3356 1240 3719 1309; x_wconf 89' lang='lat' dir='ltr'><strong>sententiam,</strong></span> <span class='ocrx_word' id='word_1_426' title='bbox 3748 1240 3825 1295; x_wconf 90' lang='lat' dir='ltr'><strong>illi</strong></span> 
     </span>
    </p>
   </div>
   <div class='ocr_carea' id='block_1_58' title="bbox 2225 1334 3829 1413">
    <p class='ocr_par' dir='ltr' id='par_1_58' title="bbox 2225 1334 3829 1413">
     <span class='ocr_line' id='line_1_58' title="bbox 2225 1334 3829 1413; baseline -0.003 -18"><span class='ocrx_word' id='word_1_427' title='bbox 2225 1342 2319 1413; x_wconf 90' lang='lat' dir='ltr'><strong>qui</strong></span> <span class='ocrx_word' id='word_1_428' title='bbox 2349 1356 2543 1396; x_wconf 91' lang='lat' dir='ltr'><strong>manus</strong></span> <span class='ocrx_word' id='word_1_429' title='bbox 2589 1336 2909 1395; x_wconf 90' lang='lat' dir='ltr'><strong>ordinandis</strong></span> <span class='ocrx_word' id='word_1_430' title='bbox 2948 1337 3260 1408; x_wconf 91' lang='lat' dir='ltr'><strong>imponunt,</strong></span> <span class='ocrx_word' id='word_1_431' title='bbox 3318 1334 3829 1405; x_wconf 78' lang='lat' dir='ltr'><strong>irreprehensibiles</strong></span> 
     </span>
    </p>
   </div>
   <div class='ocr_carea' id='block_1_59' title="bbox 2226 1428 3826 1505">
    <p class='ocr_par' dir='ltr' id='par_1_59' title="bbox 2226 1428 3826 1505">
     <span class='ocr_line' id='line_1_59' title="bbox 2226 1428 3826 1505; baseline -0.004 -16"><span class='ocrx_word' id='word_1_432' title='bbox 2226 1442 2279 1489; x_wconf 92' lang='lat' dir='ltr'><strong>et</strong></span> <span class='ocrx_word' id='word_1_433' title='bbox 2307 1434 2511 1505; x_wconf 90' lang='lat' dir='ltr'><strong>absque</strong></span> <span class='ocrx_word' id='word_1_434' title='bbox 2537 1432 2771 1488; x_wconf 90' lang='lat' dir='ltr'><strong>crimine</strong></span> <span class='ocrx_word' id='word_1_435' title='bbox 2795 1430 3163 1485; x_wconf 89' lang='lat' dir='ltr'><strong>inveniantur.</strong></span> <span class='ocrx_word' id='word_1_436' title='bbox 3191 1429 3247 1485; x_wconf 92' lang='lat' dir='ltr'><strong>Si</strong></span> <span class='ocrx_word' id='word_1_437' title='bbox 3274 1428 3400 1500; x_wconf 89' lang='lat' dir='ltr'><strong>quis</strong></span> <span class='ocrx_word' id='word_1_438' title='bbox 3424 1436 3612 1483; x_wconf 90' lang='lat' dir='ltr'><strong>autem</strong></span> <span class='ocrx_word' id='word_1_439' title='bbox 3642 1436 3826 1483; x_wconf 87' lang='lat' dir='ltr'><strong>teme-</strong></span> 
     </span>
    </p>
   </div>
   <div class='ocr_carea' id='block_1_60' title="bbox 2228 1520 3828 1595">
    <p class='ocr_par' dir='ltr' id='par_1_60' title="bbox 2228 1520 3828 1595">
     <span class='ocr_line' id='line_1_60' title="bbox 2228 1520 3828 1595; baseline -0.003 -14"><span class='ocrx_word' id='word_1_440' title='bbox 2228 1527 2373 1583; x_wconf 89' lang='lat' dir='ltr'><strong>rario</strong></span> <span class='ocrx_word' id='word_1_441' title='bbox 2409 1541 2545 1582; x_wconf 92' lang='lat' dir='ltr'><strong>ausu</strong></span> <span class='ocrx_word' id='word_1_442' title='bbox 2581 1533 2637 1581; x_wconf 91' lang='lat' dir='ltr'><strong>et</strong></span> <span class='ocrx_word' id='word_1_443' title='bbox 2664 1525 2721 1579; x_wconf 90' lang='lat' dir='ltr'><strong>in</strong></span> <span class='ocrx_word' id='word_1_444' title='bbox 2762 1523 3121 1595; x_wconf 87' lang='lat' dir='ltr'><strong>incorrigibili</strong></span> <span class='ocrx_word' id='word_1_445' title='bbox 3151 1521 3491 1587; x_wconf 87' lang='lat' dir='ltr'><strong>temeritate,</strong></span> <span class='ocrx_word' id='word_1_446' title='bbox 3523 1520 3673 1591; x_wconf 89' lang='lat' dir='ltr'><strong>quod</strong></span> <span class='ocrx_word' id='word_1_447' title='bbox 3703 1520 3828 1577; x_wconf 82' lang='lat' dir='ltr'><strong>ﬁeri</strong></span> 
     </span>
    </p>
   </div>
   <div class='ocr_carea' id='block_1_61' title="bbox 2226 1614 3829 1688">
    <p class='ocr_par' dir='ltr' id='par_1_61' title="bbox 2226 1614 3829 1688">
     <span class='ocr_line' id='line_1_61' title="bbox 2226 1614 3829 1688; baseline -0.004 -13"><span class='ocrx_word' id='word_1_448' title='bbox 2226 1636 2337 1675; x_wconf 93' lang='lat' dir='ltr'><strong>non</strong></span> <span class='ocrx_word' id='word_1_449' title='bbox 2374 1619 2671 1685; x_wconf 90' lang='lat' dir='ltr'><strong>credimus,</strong></span> <span class='ocrx_word' id='word_1_450' title='bbox 2717 1625 2905 1673; x_wconf 88' lang='lat' dir='ltr'><strong>contra</strong></span> <span class='ocrx_word' id='word_1_451' title='bbox 2936 1616 3101 1688; x_wconf 87' lang='lat' dir='ltr'><strong>hujus</strong></span> <span class='ocrx_word' id='word_1_452' title='bbox 3134 1622 3340 1671; x_wconf 85' lang='lat' dir='ltr'><strong>nostra</strong></span> <span class='ocrx_word' id='word_1_453' title='bbox 3368 1614 3687 1685; x_wconf 86' lang='lat' dir='ltr'><strong>apostolica</strong></span> <span class='ocrx_word' id='word_1_454' title='bbox 3721 1630 3829 1670; x_wconf 85' lang='lat' dir='ltr'><strong>au-</strong></span> 
     </span>
    </p>
   </div>
   <div class='ocr_carea' id='block_1_62' title="bbox 2226 1709 3827 1781">
    <p class='ocr_par' dir='ltr' id='par_1_62' title="bbox 2226 1709 3827 1781">
     <span class='ocr_line' id='line_1_62' title="bbox 2226 1709 3827 1781; baseline -0.005 -11"><span class='ocrx_word' id='word_1_455' title='bbox 2226 1713 2496 1770; x_wconf 91' lang='lat' dir='ltr'><strong>ctoritatis</strong></span> <span class='ocrx_word' id='word_1_456' title='bbox 2524 1722 2580 1769; x_wconf 92' lang='lat' dir='ltr'><strong>et</strong></span> <span class='ocrx_word' id='word_1_457' title='bbox 2606 1710 3041 1767; x_wconf 90' lang='lat' dir='ltr'><strong>conﬁrmationis</strong></span> <span class='ocrx_word' id='word_1_458' title='bbox 3078 1709 3277 1766; x_wconf 90' lang='lat' dir='ltr'><strong>seriem</strong></span> <span class='ocrx_word' id='word_1_459' title='bbox 3307 1724 3465 1781; x_wconf 86' lang='lat' dir='ltr'><strong>agere</strong></span> <span class='ocrx_word' id='word_1_460' title='bbox 3504 1709 3827 1773; x_wconf 87' lang='lat' dir='ltr'><strong>tentaverit,</strong></span> 
     </span>
    </p>
   </div>
   <div class='ocr_carea' id='block_1_63' title="bbox 2226 1800 3833 1874">
    <p class='ocr_par' dir='ltr' id='par_1_63' title="bbox 2226 1800 3833 1874">
     <span class='ocr_line' id='line_1_63' title="bbox 2226 1800 3833 1874; baseline -0.006 -10"><span class='ocrx_word' id='word_1_461' title='bbox 2226 1808 2365 1864; x_wconf 89' lang='lat' dir='ltr'><strong>sciat</strong></span> <span class='ocrx_word' id='word_1_462' title='bbox 2406 1822 2463 1862; x_wconf 91' lang='lat' dir='ltr'><strong>se</strong></span> <span class='ocrx_word' id='word_1_463' title='bbox 2490 1806 2810 1862; x_wconf 90' lang='lat' dir='ltr'><strong>auctoritate</strong></span> <span class='ocrx_word' id='word_1_464' title='bbox 2856 1803 3235 1874; x_wconf 89' lang='lat' dir='ltr'><strong>apostolorum</strong></span> <span class='ocrx_word' id='word_1_465' title='bbox 3267 1802 3412 1859; x_wconf 89' lang='lat' dir='ltr'><strong>Petri</strong></span> <span class='ocrx_word' id='word_1_466' title='bbox 3455 1808 3510 1857; x_wconf 91' lang='lat' dir='ltr'><strong>et</strong></span> <span class='ocrx_word' id='word_1_467' title='bbox 3551 1800 3707 1859; x_wconf 88' lang='lat' dir='ltr'><strong>Pauli</strong></span> <span class='ocrx_word' id='word_1_468' title='bbox 3736 1800 3833 1857; x_wconf 91' lang='lat' dir='ltr'><strong>di-</strong></span> 
     </span>
    </p>
   </div>
   <div class='ocr_carea' id='block_1_64' title="bbox 2223 1894 3827 1958">
    <p class='ocr_par' dir='ltr' id='par_1_64' title="bbox 2223 1894 3827 1958">
     <span class='ocr_line' id='line_1_64' title="bbox 2223 1894 3827 1958; baseline -0.006 0"><span class='ocrx_word' id='word_1_469' title='bbox 2223 1902 2430 1958; x_wconf 88' lang='lat' dir='ltr'><strong>stricta</strong></span> <span class='ocrx_word' id='word_1_470' title='bbox 2508 1898 2997 1955; x_wconf 77' lang='lat' dir='ltr'><strong>animadversionis</strong></span> <span class='ocrx_word' id='word_1_471' title='bbox 3081 1896 3417 1952; x_wconf 88' lang='lat' dir='ltr'><strong>sententiam</strong></span> <span class='ocrx_word' id='word_1_472' title='bbox 3482 1894 3827 1951; x_wconf 87' lang='lat' dir='ltr'><strong>subiturum.</strong></span> 
     </span>
    </p>
   </div>
   <div class='ocr_carea' id='block_1_65' title="bbox 2225 1989 3831 2065">
    <p class='ocr_par' dir='ltr' id='par_1_65' title="bbox 2225 1989 3831 2065">
     <span class='ocr_line' id='line_1_65' title="bbox 2225 1989 3831 2065; baseline -0.003 -17"><span class='ocrx_word' id='word_1_473' title='bbox 2225 1995 2332 2065; x_wconf 87' lang='lat' dir='ltr'><strong>Qui</strong></span> <span class='ocrx_word' id='word_1_474' title='bbox 2374 2009 2503 2050; x_wconf 91' lang='lat' dir='ltr'><strong>vero</strong></span> <span class='ocrx_word' id='word_1_475' title='bbox 2530 1999 2714 2049; x_wconf 85' lang='lat' dir='ltr'><strong>custos</strong></span> <span class='ocrx_word' id='word_1_476' title='bbox 2760 2001 2816 2048; x_wconf 92' lang='lat' dir='ltr'><strong>et</strong></span> <span class='ocrx_word' id='word_1_477' title='bbox 2865 1991 3181 2047; x_wconf 88' lang='lat' dir='ltr'><strong>observator</strong></span> <span class='ocrx_word' id='word_1_478' title='bbox 3226 1989 3390 2061; x_wconf 91' lang='lat' dir='ltr'><strong>hujus</strong></span> <span class='ocrx_word' id='word_1_479' title='bbox 3431 1989 3611 2044; x_wconf 87' lang='lat' dir='ltr'><strong>nostri</strong></span> <span class='ocrx_word' id='word_1_480' title='bbox 3649 1989 3831 2059; x_wconf 86' lang='lat' dir='ltr'><strong>privi-</strong></span> 
     </span>
    </p>
   </div>
   <div class='ocr_carea' id='block_1_66' title="bbox 2227 2082 3831 2161">
    <p class='ocr_par' dir='ltr' id='par_1_66' title="bbox 2227 2082 3831 2161">
     <span class='ocr_line' id='line_1_66' title="bbox 2227 2082 3831 2161; baseline -0.003 -18"><span class='ocrx_word' id='word_1_481' title='bbox 2227 2088 2345 2161; x_wconf 87' lang='lat' dir='ltr'><strong>legii</strong></span> <span class='ocrx_word' id='word_1_482' title='bbox 2415 2087 2719 2153; x_wconf 89' lang='lat' dir='ltr'><strong>exstiterit,</strong></span> <span class='ocrx_word' id='word_1_483' title='bbox 2804 2084 3202 2141; x_wconf 88' lang='lat' dir='ltr'><strong>benedictionis</strong></span> <span class='ocrx_word' id='word_1_484' title='bbox 3254 2084 3489 2155; x_wconf 90' lang='lat' dir='ltr'><strong>gratiam</strong></span> <span class='ocrx_word' id='word_1_485' title='bbox 3542 2090 3603 2138; x_wconf 91' lang='lat' dir='ltr'><strong>et</strong></span> <span class='ocrx_word' id='word_1_486' title='bbox 3652 2082 3831 2138; x_wconf 88' lang='lat' dir='ltr'><strong>vitam</strong></span> 
     </span>
    </p>
   </div>
   <div class='ocr_carea' id='block_1_67' title="bbox 2225 2177 3604 2249">
    <p class='ocr_par' dir='ltr' id='par_1_67' title="bbox 2225 2177 3604 2249">
     <span class='ocr_line' id='line_1_67' title="bbox 2225 2177 3604 2249; baseline -0.004 -12"><span class='ocrx_word' id='word_1_487' title='bbox 2225 2191 2494 2237; x_wconf 83' lang='lat' dir='ltr'><strong>atemam</strong></span> <span class='ocrx_word' id='word_1_488' title='bbox 2524 2198 2553 2237; x_wconf 94' lang='lat' dir='ltr'><strong>a</strong></span> <span class='ocrx_word' id='word_1_489' title='bbox 2590 2180 2830 2236; x_wconf 90' lang='lat' dir='ltr'><strong>Domino</strong></span> <span class='ocrx_word' id='word_1_490' title='bbox 2863 2181 2973 2235; x_wconf 91' lang='lat' dir='ltr'><strong>Deo</strong></span> <span class='ocrx_word' id='word_1_491' title='bbox 3002 2177 3265 2249; x_wconf 88' lang='lat' dir='ltr'><strong>consequi</strong></span> <span class='ocrx_word' id='word_1_492' title='bbox 3307 2183 3604 2233; x_wconf 83' lang='lat' dir='ltr'><strong>mereatur.</strong></span> 
     </span>
    </p>
   </div>
   <div class='ocr_carea' id='block_1_68' title="bbox 2294 2271 3828 2343">
    <p class='ocr_par' dir='ltr' id='par_1_68' title="bbox 2294 2271 3828 2343">
     <span class='ocr_line' id='line_1_68' title="bbox 2294 2271 3828 2343; baseline -0.003 -13"><span class='ocrx_word' id='word_1_493' title='bbox 2294 2279 2500 2331; x_wconf 89' lang='lat' dir='ltr'><strong>Datum</strong></span> <span class='ocrx_word' id='word_1_494' title='bbox 2531 2277 2726 2331; x_wconf 82' lang='lat' dir='ltr'><strong>Roma</strong></span> <span class='ocrx_word' id='word_1_495' title='bbox 2752 2288 2873 2329; x_wconf 81' lang='lat' dir='ltr'><strong>xm</strong></span> <span class='ocrx_word' id='word_1_496' title='bbox 2903 2273 3028 2328; x_wconf 82' lang='lat' dir='ltr'><strong>Kal.</strong></span> <span class='ocrx_word' id='word_1_497' title='bbox 3060 2272 3264 2343; x_wconf 83' lang='lat' dir='ltr'><strong>Aprilis</strong></span> <span class='ocrx_word' id='word_1_498' title='bbox 3295 2286 3391 2342; x_wconf 90' lang='lat' dir='ltr'><strong>per</strong></span> <span class='ocrx_word' id='word_1_499' title='bbox 3414 2285 3617 2326; x_wconf 91' lang='lat' dir='ltr'><strong>manus</strong></span> <span class='ocrx_word' id='word_1_500' title='bbox 3652 2271 3828 2337; x_wconf 86' lang='lat' dir='ltr'><strong>Petri,</strong></span> 
     </span>
    </p>
   </div>
   <div class='ocr_carea' id='block_1_69' title="bbox 2225 2362 3830 2436">
    <p class='ocr_par' dir='ltr' id='par_1_69' title="bbox 2225 2362 3830 2436">
     <span class='ocr_line' id='line_1_69' title="bbox 2225 2362 3830 2436; baseline -0.003 -12"><span class='ocrx_word' id='word_1_501' title='bbox 2225 2377 2431 2424; x_wconf 87' lang='lat' dir='ltr'><strong>sancta</strong></span> <span class='ocrx_word' id='word_1_502' title='bbox 2471 2371 2743 2423; x_wconf 82' lang='lat' dir='ltr'><strong>Romana</strong></span> <span class='ocrx_word' id='word_1_503' title='bbox 2774 2366 3030 2422; x_wconf 81' lang='lat' dir='ltr'><strong>Ecclesia</strong></span> <span class='ocrx_word' id='word_1_504' title='bbox 3063 2365 3363 2436; x_wconf 89' lang='lat' dir='ltr'><strong>presbyteri</strong></span> <span class='ocrx_word' id='word_1_505' title='bbox 3407 2362 3709 2419; x_wconf 89' lang='lat' dir='ltr'><strong>cardinalis</strong></span> <span class='ocrx_word' id='word_1_506' title='bbox 3740 2380 3830 2419; x_wconf 82' lang='lat' dir='ltr'><strong>ar-</strong></span> 
     </span>
    </p>
   </div>
   <div class='ocr_carea' id='block_1_70' title="bbox 2227 2458 3827 2530">
    <p class='ocr_par' dir='ltr' id='par_1_70' title="bbox 2227 2458 3827 2530">
     <span class='ocr_line' id='line_1_70' title="bbox 2227 2458 3827 2530; baseline -0.003 -14"><span class='ocrx_word' id='word_1_507' title='bbox 2227 2459 2745 2527; x_wconf 88' lang='lat' dir='ltr'><strong>chibibliothecarii,</strong></span> <span class='ocrx_word' id='word_1_508' title='bbox 2776 2476 2924 2515; x_wconf 91' lang='lat' dir='ltr'><strong>anno</strong></span> <span class='ocrx_word' id='word_1_509' title='bbox 2960 2458 3136 2530; x_wconf 91' lang='lat' dir='ltr'><strong>primo</strong></span> <span class='ocrx_word' id='word_1_510' title='bbox 3178 2458 3527 2528; x_wconf 87' lang='lat' dir='ltr'><strong>pontiﬁcatus</strong></span> <span class='ocrx_word' id='word_1_511' title='bbox 3556 2458 3827 2530; x_wconf 86' lang='lat' dir='ltr'><strong>Gregorii</strong></span> 
     </span>
    </p>
   </div>
   <div class='ocr_carea' id='block_1_71' title="bbox 2225 2550 3833 2626">
    <p class='ocr_par' dir='ltr' id='par_1_71' title="bbox 2225 2550 3833 2626">
     <span class='ocr_line' id='line_1_71' title="bbox 2225 2550 3833 2626; baseline -0.002 -17"><span class='ocrx_word' id='word_1_512' title='bbox 2225 2558 2326 2609; x_wconf 87' lang='lat' dir='ltr'><strong>Vll</strong></span> <span class='ocrx_word' id='word_1_513' title='bbox 2370 2570 2554 2626; x_wconf 86' lang='lat' dir='ltr'><strong>papa,</strong></span> <span class='ocrx_word' id='word_1_514' title='bbox 2585 2569 2730 2608; x_wconf 91' lang='lat' dir='ltr'><strong>anno</strong></span> <span class='ocrx_word' id='word_1_515' title='bbox 2770 2552 3022 2609; x_wconf 91' lang='lat' dir='ltr'><strong>videlicet</strong></span> <span class='ocrx_word' id='word_1_516' title='bbox 3055 2551 3365 2607; x_wconf 85' lang='lat' dir='ltr'><strong>Dominica</strong></span> <span class='ocrx_word' id='word_1_517' title='bbox 3412 2550 3833 2606; x_wconf 77' lang='lat' dir='ltr'><strong>lncarnationis</strong></span> 
     </span>
    </p>
   </div>
   <div class='ocr_carea' id='block_1_72' title="bbox 2226 2643 3828 2719">
    <p class='ocr_par' dir='ltr' id='par_1_72' title="bbox 2226 2643 3828 2719">
     <span class='ocr_line' id='line_1_72' title="bbox 2226 2643 3828 2719; baseline -0.002 -18"><span class='ocrx_word' id='word_1_518' title='bbox 2226 2648 2518 2703; x_wconf 91' lang='lat' dir='ltr'><strong>millesimo</strong></span> <span class='ocrx_word' id='word_1_519' title='bbox 2562 2646 2966 2719; x_wconf 89' lang='lat' dir='ltr'><strong>septuagesimo</strong></span> <span class='ocrx_word' id='word_1_520' title='bbox 3022 2652 3252 2717; x_wconf 91' lang='lat' dir='ltr'><strong>quarto,</strong></span> <span class='ocrx_word' id='word_1_521' title='bbox 3304 2643 3600 2700; x_wconf 86' lang='lat' dir='ltr'><strong>indictione</strong></span> <span class='ocrx_word' id='word_1_522' title='bbox 3653 2644 3828 2698; x_wconf 82' lang='lat' dir='ltr'><strong>tertia</strong></span> 
     </span>
    </p>
   </div>
   <div class='ocr_carea' id='block_1_73' title="bbox 2224 2742 2462 2798">
    <p class='ocr_par' dir='ltr' id='par_1_73' title="bbox 2224 2742 2462 2798">
     <span class='ocr_line' id='line_1_73' title="bbox 2224 2742 2462 2798; baseline -0.004 -1"><span class='ocrx_word' id='word_1_523' title='bbox 2224 2742 2462 2798; x_wconf 89' lang='lat' dir='ltr'><strong>decima.</strong></span> 
     </span>
    </p>
   </div>
   <div class='ocr_carea' id='block_1_74' title="bbox 2974 2838 3068 2892">
    <p class='ocr_par' dir='ltr' id='par_1_74' title="bbox 2974 2838 3068 2892">
     <span class='ocr_line' id='line_1_74' title="bbox 2974 2838 3068 2892; baseline -0.021 0"><span class='ocrx_word' id='word_1_524' title='bbox 2974 2838 3068 2892; x_wconf 86' lang='lat' dir='ltr'><strong>VI.</strong></span> 
     </span>
    </p>
   </div>
   <div class='ocr_carea' id='block_1_75' title="bbox 2230 2940 3830 3010">
    <p class='ocr_par' dir='ltr' id='par_1_75' title="bbox 2230 2940 3830 3010">
     <span class='ocr_line' id='line_1_75' title="bbox 2230 2940 3830 3010; baseline -0.003 -13"><span class='ocrx_word' id='word_1_525' title='bbox 2230 2944 2511 3010; x_wconf 74' lang='lat' dir='ltr'><strong>Gregorius</strong></span> <span class='ocrx_word' id='word_1_526' title='bbox 2575 2944 2678 2997; x_wconf 84' lang='lat' dir='ltr'><strong>VII</strong></span> <span class='ocrx_word' id='word_1_527' title='bbox 2740 2941 2983 2996; x_wconf 75' lang='lat' dir='ltr'><strong>Ecclesia:</strong></span> <span class='ocrx_word' id='word_1_528' title='bbox 3026 2940 3373 2993; x_wconf 70' lang='lat' dir='ltr'><strong>Bononiensis</strong></span> <span class='ocrx_word' id='word_1_529' title='bbox 3438 2940 3795 3007; x_wconf 76' lang='lat' dir='ltr'><strong>possessiones</strong></span> <span class='ocrx_word' id='word_1_530' title='bbox 3816 2981 3830 2999; x_wconf 90' lang='lat'><strong>,</strong></span> 
     </span>
    </p>
   </div>
   <div class='ocr_carea' id='block_1_76' title="bbox 2436 3012 3593 3082">
    <p class='ocr_par' dir='ltr' id='par_1_76' title="bbox 2436 3012 3593 3082">
     <span class='ocr_line' id='line_1_76' title="bbox 2436 3012 3593 3082; baseline -0.003 -15"><span class='ocrx_word' id='word_1_531' title='bbox 2436 3017 2646 3082; x_wconf 81' lang='lat' dir='ltr'><strong>petente</strong></span> <span class='ocrx_word' id='word_1_532' title='bbox 2685 3012 2961 3067; x_wconf 81' lang='lat' dir='ltr'><strong>Lamberto</strong></span> <span class='ocrx_word' id='word_1_533' title='bbox 2990 3013 3258 3082; x_wconf 80' lang='lat' dir='ltr'><strong>episcopo,</strong></span> <span class='ocrx_word' id='word_1_534' title='bbox 3294 3012 3593 3079; x_wconf 76' lang='lat' dir='ltr'><strong>conﬁrmat.</strong></span> 
     </span>
    </p>
   </div>
   <div class='ocr_carea' id='block_1_77' title="bbox 2811 3102 3235 3175">
    <p class='ocr_par' dir='ltr' id='par_1_77' title="bbox 2811 3102 3235 3175">
     <span class='ocr_line' id='line_1_77' title="bbox 2811 3102 3235 3175; baseline -0.005 -16"><span class='ocrx_word' id='word_1_535' title='bbox 2811 3105 2991 3175; x_wconf 81' lang='lat' dir='ltr'><strong>(Anno</strong></span> <span class='ocrx_word' id='word_1_536' title='bbox 3024 3142 3027 3143; x_wconf 49' lang='grc' dir='ltr'><em>ν</em></span> <span class='ocrx_word' id='word_1_537' title='bbox 3054 3102 3235 3172; x_wconf 85' lang='grc'><strong>1074.)</strong></span> 
     </span>
    </p>
   </div>
   <div class='ocr_carea' id='block_1_78' title="bbox 2527 3196 3526 3269">
    <p class='ocr_par' dir='ltr' id='par_1_78' title="bbox 2527 3196 3526 3269">
     <span class='ocr_line' id='line_1_78' title="bbox 2527 3196 3526 3269; baseline -0.006 -16"><span class='ocrx_word' id='word_1_538' title='bbox 2527 3198 2856 3269; x_wconf 65' lang='lat' dir='ltr'><strong>[UGHELLL</strong></span> <span class='ocrx_word' id='word_1_539' title='bbox 2900 3198 3065 3251; x_wconf 79' lang='lat' dir='ltr'><strong>Italia</strong></span> <span class='ocrx_word' id='word_1_540' title='bbox 3097 3211 3269 3259; x_wconf 86' lang='lat' dir='ltr'><strong>sacra,</strong></span> <span class='ocrx_word' id='word_1_541' title='bbox 3308 3196 3380 3262; x_wconf 91' lang='lat' dir='ltr'><strong>Il,</strong></span> <span class='ocrx_word' id='word_1_542' title='bbox 3418 3198 3526 3262; x_wconf 85' lang='lat'><strong>16.]</strong></span> 
     </span>
    </p>
   </div>
   <div class='ocr_carea' id='block_1_79' title="bbox 2296 3297 3376 3366">
    <p class='ocr_par' dir='ltr' id='par_1_79' title="bbox 2296 3297 3376 3366">
     <span class='ocr_line' id='line_1_79' title="bbox 2296 3297 3376 3366; baseline -0.007 -9"><span class='ocrx_word' id='word_1_543' title='bbox 2296 3302 2678 3366; x_wconf 76' lang='lat' dir='ltr'><strong>Gnaeomus,</strong></span> <span class='ocrx_word' id='word_1_544' title='bbox 2723 3314 2911 3354; x_wconf 88' lang='lat' dir='ltr'><strong>servus</strong></span> <span class='ocrx_word' id='word_1_545' title='bbox 2940 3313 3225 3354; x_wconf 90' lang='lat' dir='ltr'><strong>servorum</strong></span> <span class='ocrx_word' id='word_1_546' title='bbox 3254 3297 3376 3353; x_wconf 90' lang='lat' dir='ltr'><strong>Dei.</strong></span> 
     </span>
    </p>
   </div>
   <div class='ocr_carea' id='block_1_80' title="bbox 2292 3389 3826 3461">
    <p class='ocr_par' dir='ltr' id='par_1_80' title="bbox 2292 3389 3826 3461">
     <span class='ocr_line' id='line_1_80' title="bbox 2292 3389 3826 3461; baseline -0.001 -13"><span class='ocrx_word' id='word_1_547' title='bbox 2292 3396 2502 3449; x_wconf 86' lang='lat' dir='ltr'><strong>Notum</strong></span> <span class='ocrx_word' id='word_1_548' title='bbox 2539 3392 2803 3448; x_wconf 89' lang='lat' dir='ltr'><strong>omnibus</strong></span> <span class='ocrx_word' id='word_1_549' title='bbox 2831 3392 2945 3447; x_wconf 88' lang='lat' dir='ltr'><strong>ﬁeri</strong></span> <span class='ocrx_word' id='word_1_550' title='bbox 2978 3391 3232 3447; x_wconf 90' lang='lat' dir='ltr'><strong>volumus</strong></span> <span class='ocrx_word' id='word_1_551' title='bbox 3252 3390 3402 3461; x_wconf 89' lang='lat' dir='ltr'><strong>quod</strong></span> <span class='ocrx_word' id='word_1_552' title='bbox 3424 3389 3826 3446; x_wconf 83' lang='lat' dir='ltr'><strong>reverendissi-</strong></span> 
     </span>
    </p>
   </div>
   <div class='ocr_carea' id='block_1_81' title="bbox 2223 3483 3828 3555">
    <p class='ocr_par' dir='ltr' id='par_1_81' title="bbox 2223 3483 3828 3555">
     <span class='ocr_line' id='line_1_81' title="bbox 2223 3483 3828 3555; baseline -0.002 -12"><span class='ocrx_word' id='word_1_553' title='bbox 2223 3502 2350 3543; x_wconf 91' lang='lat' dir='ltr'><strong>mus</strong></span> <span class='ocrx_word' id='word_1_554' title='bbox 2372 3486 2704 3542; x_wconf 83' lang='lat' dir='ltr'><strong>Lambertus</strong></span> <span class='ocrx_word' id='word_1_555' title='bbox 2730 3486 2963 3541; x_wconf 89' lang='lat' dir='ltr'><strong>civitatis</strong></span> <span class='ocrx_word' id='word_1_556' title='bbox 2992 3484 3358 3541; x_wconf 84' lang='lat' dir='ltr'><strong>Bononiensis</strong></span> <span class='ocrx_word' id='word_1_557' title='bbox 3378 3483 3666 3555; x_wconf 79' lang='lat' dir='ltr'><strong>episcOpus</strong></span> <span class='ocrx_word' id='word_1_558' title='bbox 3712 3487 3828 3540; x_wconf 81' lang='lat' dir='ltr'><strong>Ro-</strong></span> 
     </span>
    </p>
   </div>
   <div class='ocr_carea' id='block_1_82' title="bbox 2224 3576 3831 3649">
    <p class='ocr_par' dir='ltr' id='par_1_82' title="bbox 2224 3576 3831 3649">
     <span class='ocr_line' id='line_1_82' title="bbox 2224 3576 3831 3649; baseline -0.003 -13"><span class='ocrx_word' id='word_1_559' title='bbox 2224 3596 2378 3636; x_wconf 90' lang='lat' dir='ltr'><strong>mam</strong></span> <span class='ocrx_word' id='word_1_560' title='bbox 2405 3581 2631 3635; x_wconf 79' lang='lat' dir='ltr'><strong>venieus</strong></span> <span class='ocrx_word' id='word_1_561' title='bbox 2668 3579 2889 3635; x_wconf 89' lang='lat' dir='ltr'><strong>visitare</strong></span> <span class='ocrx_word' id='word_1_562' title='bbox 2927 3578 3305 3649; x_wconf 90' lang='lat' dir='ltr'><strong>apostolorum</strong></span> <span class='ocrx_word' id='word_1_563' title='bbox 3344 3576 3550 3643; x_wconf 91' lang='lat' dir='ltr'><strong>limina,</strong></span> <span class='ocrx_word' id='word_1_564' title='bbox 3582 3576 3831 3633; x_wconf 83' lang='lat' dir='ltr'><strong>ostendit</strong></span> 
     </span>
    </p>
   </div>
   <div class='ocr_carea' id='block_1_83' title="bbox 2220 3668 3823 3730">
    <p class='ocr_par' dir='ltr' id='par_1_83' title="bbox 2220 3668 3823 3730">
     <span class='ocr_line' id='line_1_83' title="bbox 2220 3668 3823 3730; baseline -0.004 0"><span class='ocrx_word' id='word_1_565' title='bbox 2220 3675 2383 3730; x_wconf 91' lang='lat' dir='ltr'><strong>nobis</strong></span> <span class='ocrx_word' id='word_1_566' title='bbox 2411 3674 2724 3729; x_wconf 89' lang='lat' dir='ltr'><strong>munimina</strong></span> <span class='ocrx_word' id='word_1_567' title='bbox 2757 3682 2813 3728; x_wconf 91' lang='lat' dir='ltr'><strong>et</strong></span> <span class='ocrx_word' id='word_1_568' title='bbox 2861 3673 3241 3728; x_wconf 89' lang='lat' dir='ltr'><strong>investitiones</strong></span> <span class='ocrx_word' id='word_1_569' title='bbox 3271 3670 3439 3726; x_wconf 88' lang='lat' dir='ltr'><strong>factas</strong></span> <span class='ocrx_word' id='word_1_570' title='bbox 3466 3668 3534 3725; x_wconf 93' lang='lat' dir='ltr'><strong>ab</strong></span> <span class='ocrx_word' id='word_1_571' title='bbox 3570 3678 3823 3725; x_wconf 84' lang='lat' dir='ltr'><strong>anteces-</strong></span> 
     </span>
    </p>
   </div>
   <div class='ocr_carea' id='block_1_84' title="bbox 2219 3762 3824 3837">
    <p class='ocr_par' dir='ltr' id='par_1_84' title="bbox 2219 3762 3824 3837">
     <span class='ocr_line' id='line_1_84' title="bbox 2219 3762 3824 3837; baseline -0.002 -15"><span class='ocrx_word' id='word_1_572' title='bbox 2219 3768 2436 3823; x_wconf 90' lang='lat' dir='ltr'><strong>soribus</strong></span> <span class='ocrx_word' id='word_1_573' title='bbox 2476 3767 2702 3831; x_wconf 89' lang='lat' dir='ltr'><strong>nostris,</strong></span> <span class='ocrx_word' id='word_1_574' title='bbox 2734 3766 2787 3821; x_wconf 92' lang='lat' dir='ltr'><strong>id</strong></span> <span class='ocrx_word' id='word_1_575' title='bbox 2816 3774 2899 3820; x_wconf 92' lang='lat' dir='ltr'><strong>est</strong></span> <span class='ocrx_word' id='word_1_576' title='bbox 2937 3766 3174 3837; x_wconf 80' lang='lat' dir='ltr'><strong>Agapito</strong></span> <span class='ocrx_word' id='word_1_577' title='bbox 3193 3804 3208 3832; x_wconf 90' lang='lat'><strong>,</strong></span> <span class='ocrx_word' id='word_1_578' title='bbox 3237 3772 3294 3819; x_wconf 91' lang='lat' dir='ltr'><strong>et</strong></span> <span class='ocrx_word' id='word_1_579' title='bbox 3320 3762 3555 3835; x_wconf 88' lang='lat' dir='ltr'><strong>Pelagio,</strong></span> <span class='ocrx_word' id='word_1_580' title='bbox 3605 3771 3664 3819; x_wconf 90' lang='lat' dir='ltr'><strong>et</strong></span> <span class='ocrx_word' id='word_1_581' title='bbox 3690 3764 3824 3820; x_wconf 85' lang='lat' dir='ltr'><strong>Gre-</strong></span> 
     </span>
    </p>
   </div>
   <div class='ocr_carea' id='block_1_85' title="bbox 2218 3855 3824 3931">
    <p class='ocr_par' dir='ltr' id='par_1_85' title="bbox 2218 3855 3824 3931">
     <span class='ocr_line' id='line_1_85' title="bbox 2218 3855 3824 3931; baseline -0.001 -16"><span class='ocrx_word' id='word_1_582' title='bbox 2218 3862 2395 3931; x_wconf 87' lang='lat' dir='ltr'><strong>gorio,</strong></span> <span class='ocrx_word' id='word_1_583' title='bbox 2426 3860 2659 3931; x_wconf 88' lang='lat' dir='ltr'><strong>Dialogo</strong></span> <span class='ocrx_word' id='word_1_584' title='bbox 2684 3868 2739 3914; x_wconf 92' lang='lat' dir='ltr'><strong>et</strong></span> <span class='ocrx_word' id='word_1_585' title='bbox 2768 3860 3034 3914; x_wconf 89' lang='lat' dir='ltr'><strong>Formoso</strong></span> <span class='ocrx_word' id='word_1_586' title='bbox 3066 3856 3383 3930; x_wconf 89' lang='lat' dir='ltr'><strong>apostolicis</strong></span> <span class='ocrx_word' id='word_1_587' title='bbox 3411 3855 3478 3913; x_wconf 91' lang='lat' dir='ltr'><strong>de</strong></span> <span class='ocrx_word' id='word_1_588' title='bbox 3505 3856 3674 3911; x_wconf 89' lang='lat' dir='ltr'><strong>rebus</strong></span> <span class='ocrx_word' id='word_1_589' title='bbox 3704 3872 3824 3913; x_wconf 77' lang='lat' dir='ltr'><strong>sua</strong></span> 
     </span>
    </p>
   </div>
   <div class='ocr_carea' id='block_1_86' title="bbox 2220 3948 3821 4022">
    <p class='ocr_par' dir='ltr' id='par_1_86' title="bbox 2220 3948 3821 4022">
     <span class='ocr_line' id='line_1_86' title="bbox 2220 3948 3821 4022; baseline -0.002 -14"><span class='ocrx_word' id='word_1_590' title='bbox 2220 3954 2491 4011; x_wconf 86' lang='lat' dir='ltr'><strong>Ecclesia.</strong></span> <span class='ocrx_word' id='word_1_591' title='bbox 2543 3950 2784 4008; x_wconf 91' lang='lat' dir='ltr'><strong>Proinde</strong></span> <span class='ocrx_word' id='word_1_592' title='bbox 2824 3952 3067 4007; x_wconf 89' lang='lat' dir='ltr'><strong>inclinati</strong></span> <span class='ocrx_word' id='word_1_593' title='bbox 3107 3950 3358 4022; x_wconf 89' lang='lat' dir='ltr'><strong>precibus</strong></span> <span class='ocrx_word' id='word_1_594' title='bbox 3388 3954 3506 4021; x_wconf 82' lang='lat' dir='ltr'><strong>ejus</strong></span> <span class='ocrx_word' id='word_1_595' title='bbox 3553 3948 3821 4005; x_wconf 87' lang='lat' dir='ltr'><strong>concedi-</strong></span> 
     </span>
    </p>
   </div>
   <div class='ocr_carea' id='block_1_87' title="bbox 2218 4042 3823 4119">
    <p class='ocr_par' dir='ltr' id='par_1_87' title="bbox 2218 4042 3823 4119">
     <span class='ocr_line' id='line_1_87' title="bbox 2218 4042 3823 4119; baseline -0.002 -17"><span class='ocrx_word' id='word_1_596' title='bbox 2218 4063 2342 4102; x_wconf 91' lang='lat' dir='ltr'><strong>mus</strong></span> <span class='ocrx_word' id='word_1_597' title='bbox 2371 4056 2537 4119; x_wconf 88' lang='lat' dir='ltr'><strong>atque</strong></span> <span class='ocrx_word' id='word_1_598' title='bbox 2563 4046 2958 4101; x_wconf 88' lang='lat' dir='ltr'><strong>conﬁrmamus</strong></span> <span class='ocrx_word' id='word_1_599' title='bbox 2985 4059 3100 4100; x_wconf 86' lang='lat' dir='ltr'><strong>sua</strong></span> <span class='ocrx_word' id='word_1_600' title='bbox 3130 4044 3394 4109; x_wconf 80' lang='lat' dir='ltr'><strong>ecclesia,</strong></span> <span class='ocrx_word' id='word_1_601' title='bbox 3439 4042 3592 4099; x_wconf 89' lang='lat' dir='ltr'><strong>salvo</strong></span> <span class='ocrx_word' id='word_1_602' title='bbox 3620 4043 3681 4097; x_wconf 90' lang='lat' dir='ltr'><strong>in</strong></span> <span class='ocrx_word' id='word_1_603' title='bbox 3704 4058 3823 4099; x_wconf 87' lang='lat' dir='ltr'><strong>om-</strong></span> 
     </span>
    </p>
   </div>
   <div class='ocr_carea' id='block_1_88' title="bbox 2216 4135 3824 4211">
    <p class='ocr_par' dir='ltr' id='par_1_88' title="bbox 2216 4135 3824 4211">
     <span class='ocr_line' id='line_1_88' title="bbox 2216 4135 3824 4211; baseline -0.002 -16"><span class='ocrx_word' id='word_1_604' title='bbox 2216 4140 2375 4196; x_wconf 87' lang='lat' dir='ltr'><strong>nibus</strong></span> <span class='ocrx_word' id='word_1_605' title='bbox 2404 4140 2531 4211; x_wconf 89' lang='lat' dir='ltr'><strong>jure</strong></span> <span class='ocrx_word' id='word_1_606' title='bbox 2559 4148 2615 4196; x_wconf 88' lang='lat' dir='ltr'><strong>et</strong></span> <span class='ocrx_word' id='word_1_607' title='bbox 2657 4142 2932 4196; x_wconf 82' lang='lat' dir='ltr'><strong>Romana</strong></span> <span class='ocrx_word' id='word_1_608' title='bbox 2972 4138 3215 4194; x_wconf 85' lang='lat' dir='ltr'><strong>ecclesia</strong></span> <span class='ocrx_word' id='word_1_609' title='bbox 3260 4135 3574 4209; x_wconf 88' lang='lat' dir='ltr'><strong>privilegio,</strong></span> <span class='ocrx_word' id='word_1_610' title='bbox 3620 4151 3824 4193; x_wconf 79' lang='lat' dir='ltr'><strong>mona-</strong></span> 
     </span>
    </p>
   </div>
   <div class='ocr_carea' id='block_1_89' title="bbox 2217 4227 3823 4303">
    <p class='ocr_par' dir='ltr' id='par_1_89' title="bbox 2217 4227 3823 4303">
     <span class='ocr_line' id='line_1_89' title="bbox 2217 4227 3823 4303; baseline -0.001 -16"><span class='ocrx_word' id='word_1_611' title='bbox 2217 4234 2443 4289; x_wconf 89' lang='lat' dir='ltr'><strong>sterium</strong></span> <span class='ocrx_word' id='word_1_612' title='bbox 2487 4236 2542 4289; x_wconf 93' lang='lat' dir='ltr'><strong>S.</strong></span> <span class='ocrx_word' id='word_1_613' title='bbox 2578 4233 2856 4289; x_wconf 89' lang='lat' dir='ltr'><strong>Michaelis</strong></span> <span class='ocrx_word' id='word_1_614' title='bbox 2906 4231 3214 4303; x_wconf 86' lang='lat' dir='ltr'><strong>archangeli</strong></span> <span class='ocrx_word' id='word_1_615' title='bbox 3256 4231 3500 4303; x_wconf 89' lang='lat' dir='ltr'><strong>positum</strong></span> <span class='ocrx_word' id='word_1_616' title='bbox 3534 4229 3596 4285; x_wconf 91' lang='lat' dir='ltr'><strong>in</strong></span> <span class='ocrx_word' id='word_1_617' title='bbox 3638 4227 3823 4286; x_wconf 90' lang='lat' dir='ltr'><strong>fundo</strong></span> 
     </span>
    </p>
   </div>
   <div class='ocr_carea' id='block_1_90' title="bbox 2218 4323 3817 4398">
    <p class='ocr_par' dir='ltr' id='par_1_90' title="bbox 2218 4323 3817 4398">
     <span class='ocr_line' id='line_1_90' title="bbox 2218 4323 3817 4398; baseline -0.001 -17"><span class='ocrx_word' id='word_1_618' title='bbox 2218 4336 2446 4398; x_wconf 85' lang='lat' dir='ltr'><strong>paterno</strong></span> <span class='ocrx_word' id='word_1_619' title='bbox 2492 4342 2621 4381; x_wconf 91' lang='lat' dir='ltr'><strong>cum</strong></span> <span class='ocrx_word' id='word_1_620' title='bbox 2663 4326 2919 4382; x_wconf 91' lang='lat' dir='ltr'><strong>omnibus</strong></span> <span class='ocrx_word' id='word_1_621' title='bbox 2972 4325 3136 4381; x_wconf 90' lang='lat' dir='ltr'><strong>rebus</strong></span> <span class='ocrx_word' id='word_1_622' title='bbox 3184 4333 3241 4380; x_wconf 94' lang='lat' dir='ltr'><strong>et</strong></span> <span class='ocrx_word' id='word_1_623' title='bbox 3288 4323 3631 4396; x_wconf 89' lang='lat' dir='ltr'><strong>pertinentiis</strong></span> <span class='ocrx_word' id='word_1_624' title='bbox 3676 4323 3817 4389; x_wconf 89' lang='lat' dir='ltr'><strong>suis,</strong></span> 
     </span>
    </p>
   </div>
   <div class='ocr_carea' id='block_1_91' title="bbox 2216 4416 3827 4492">
    <p class='ocr_par' dir='ltr' id='par_1_91' title="bbox 2216 4416 3827 4492">
     <span class='ocr_line' id='line_1_91' title="bbox 2216 4416 3827 4492; baseline -0.002 -17"><span class='ocrx_word' id='word_1_625' title='bbox 2216 4428 2381 4492; x_wconf 90' lang='lat' dir='ltr'><strong>atque</strong></span> <span class='ocrx_word' id='word_1_626' title='bbox 2402 4419 2750 4476; x_wconf 88' lang='lat' dir='ltr'><strong>concedimus</strong></span> <span class='ocrx_word' id='word_1_627' title='bbox 2777 4428 2986 4475; x_wconf 89' lang='lat' dir='ltr'><strong>curtem</strong></span> <span class='ocrx_word' id='word_1_628' title='bbox 3018 4417 3085 4474; x_wconf 93' lang='lat' dir='ltr'><strong>de</strong></span> <span class='ocrx_word' id='word_1_629' title='bbox 3122 4420 3328 4473; x_wconf 88' lang='lat' dir='ltr'><strong>Brento</strong></span> <span class='ocrx_word' id='word_1_630' title='bbox 3348 4457 3364 4483; x_wconf 86' lang='lat'><strong>,</strong></span> <span class='ocrx_word' id='word_1_631' title='bbox 3397 4433 3525 4472; x_wconf 91' lang='lat' dir='ltr'><strong>cum</strong></span> <span class='ocrx_word' id='word_1_632' title='bbox 3558 4416 3734 4473; x_wconf 82' lang='lat' dir='ltr'><strong>servis</strong></span> <span class='ocrx_word' id='word_1_633' title='bbox 3764 4424 3827 4473; x_wconf 89' lang='lat' dir='ltr'><strong>et</strong></span> 
     </span>
    </p>
   </div>
   <div class='ocr_carea' id='block_1_92' title="bbox 510 4508 3822 4590">
    <p class='ocr_par' dir='ltr' id='par_1_92' title="bbox 510 4508 3822 4590">
     <span class='ocr_line' id='line_1_92' title="bbox 510 4508 3822 4590; baseline 0 -23"><span class='ocrx_word' id='word_1_634' title='bbox 510 4526 640 4567; x_wconf 91' lang='lat' dir='ltr'><strong>cum</strong></span> <span class='ocrx_word' id='word_1_635' title='bbox 670 4510 817 4567; x_wconf 88' lang='lat' dir='ltr'><strong>cellis</strong></span> <span class='ocrx_word' id='word_1_636' title='bbox 844 4510 961 4565; x_wconf 91' lang='lat' dir='ltr'><strong>suis</strong></span> <span class='ocrx_word' id='word_1_637' title='bbox 1004 4509 1156 4565; x_wconf 92' lang='lat' dir='ltr'><strong>omni</strong></span> <span class='ocrx_word' id='word_1_638' title='bbox 1200 4518 1473 4581; x_wconf 87' lang='lat' dir='ltr'><strong>tempore,</strong></span> <span class='ocrx_word' id='word_1_639' title='bbox 1523 4524 1589 4563; x_wconf 93' lang='lat' dir='ltr'><strong>eo</strong></span> <span class='ocrx_word' id='word_1_640' title='bbox 1637 4508 1803 4565; x_wconf 91' lang='lat' dir='ltr'><strong>modo</strong></span> <span class='ocrx_word' id='word_1_641' title='bbox 1829 4517 1995 4581; x_wconf 91' lang='lat' dir='ltr'><strong>atque</strong></span> <span class='ocrx_word' id='word_1_642' title='bbox 2024 4517 2103 4564; x_wconf 84' lang='lat' dir='ltr'><strong>te-</strong></span> <span class='ocrx_word' id='word_1_643' title='bbox 2133 4528 2185 4590; x_wconf 83' lang='lat' dir='ltr'><strong>D</strong></span> <span class='ocrx_word' id='word_1_644' title='bbox 2212 4513 2451 4582; x_wconf 90' lang='lat' dir='ltr'><strong>ancillis,</strong></span> <span class='ocrx_word' id='word_1_645' title='bbox 2483 4520 2539 4567; x_wconf 92' lang='lat' dir='ltr'><strong>et</strong></span> <span class='ocrx_word' id='word_1_646' title='bbox 2567 4528 2694 4569; x_wconf 92' lang='lat' dir='ltr'><strong>cum</strong></span> <span class='ocrx_word' id='word_1_647' title='bbox 2734 4513 2994 4569; x_wconf 92' lang='lat' dir='ltr'><strong>omnibus</strong></span> <span class='ocrx_word' id='word_1_648' title='bbox 3028 4511 3142 4568; x_wconf 92' lang='lat' dir='ltr'><strong>suis</strong></span> <span class='ocrx_word' id='word_1_649' title='bbox 3174 4510 3540 4583; x_wconf 88' lang='lat' dir='ltr'><strong>pertinentiis.</strong></span> <span class='ocrx_word' id='word_1_650' title='bbox 3579 4510 3690 4565; x_wconf 87' lang='lat' dir='ltr'><strong>Seu</strong></span> <span class='ocrx_word' id='word_1_651' title='bbox 3720 4510 3822 4568; x_wconf 86' lang='lat' dir='ltr'><strong>do-</strong></span> 
     </span>
    </p>
   </div>
   <div class='ocr_carea' id='block_1_93' title="bbox 509 4600 2106 4675">
    <p class='ocr_par' dir='ltr' id='par_1_93' title="bbox 509 4600 2106 4675">
     <span class='ocr_line' id='line_1_93' title="bbox 509 4600 2106 4675; baseline -0.002 -15"><span class='ocrx_word' id='word_1_652' title='bbox 509 4618 644 4660; x_wconf 90' lang='lat' dir='ltr'><strong>nore</strong></span> <span class='ocrx_word' id='word_1_653' title='bbox 689 4620 801 4675; x_wconf 93' lang='lat' dir='ltr'><strong>quo</strong></span> <span class='ocrx_word' id='word_1_654' title='bbox 837 4604 989 4675; x_wconf 89' lang='lat' dir='ltr'><strong>prius</strong></span> <span class='ocrx_word' id='word_1_655' title='bbox 1022 4603 1346 4659; x_wconf 90' lang='lat' dir='ltr'><strong>inchoatum</strong></span> <span class='ocrx_word' id='word_1_656' title='bbox 1383 4610 1496 4669; x_wconf 92' lang='lat' dir='ltr'><strong>est,</strong></span> <span class='ocrx_word' id='word_1_657' title='bbox 1528 4611 1586 4657; x_wconf 87' lang='lat' dir='ltr'><strong>et</strong></span> <span class='ocrx_word' id='word_1_658' title='bbox 1613 4600 1686 4656; x_wconf 89' lang='lat' dir='ltr'><strong>ad</strong></span> <span class='ocrx_word' id='word_1_659' title='bbox 1714 4610 1904 4658; x_wconf 89' lang='lat' dir='ltr'><strong>nostra</strong></span> <span class='ocrx_word' id='word_1_660' title='bbox 1935 4617 2106 4673; x_wconf 91' lang='lat' dir='ltr'><strong>usque</strong></span> 
     </span>
    </p>
   </div>
   <div class='ocr_carea' id='block_1_94' title="bbox 510 4694 2106 4767">
    <p class='ocr_par' dir='ltr' id='par_1_94' title="bbox 510 4694 2106 4767">
     <span class='ocr_line' id='line_1_94' title="bbox 510 4694 2106 4767; baseline -0.001 -15"><span class='ocrx_word' id='word_1_661' title='bbox 510 4706 757 4766; x_wconf 89' lang='lat' dir='ltr'><strong>tempora</strong></span> <span class='ocrx_word' id='word_1_662' title='bbox 808 4697 1160 4767; x_wconf 91' lang='lat' dir='ltr'><strong>perductum,</strong></span> <span class='ocrx_word' id='word_1_663' title='bbox 1214 4703 1435 4752; x_wconf 87' lang='lat' dir='ltr'><strong>maneat</strong></span> <span class='ocrx_word' id='word_1_664' title='bbox 1481 4694 1535 4749; x_wconf 91' lang='lat' dir='ltr'><strong>in</strong></span> <span class='ocrx_word' id='word_1_665' title='bbox 1575 4711 1675 4751; x_wconf 90' lang='lat' dir='ltr'><strong>suo</strong></span> <span class='ocrx_word' id='word_1_666' title='bbox 1726 4695 1911 4767; x_wconf 88' lang='lat' dir='ltr'><strong>vigore</strong></span> <span class='ocrx_word' id='word_1_667' title='bbox 1939 4703 2106 4766; x_wconf 87' lang='lat' dir='ltr'><strong>atque</strong></span> 
     </span>
    </p>
   </div>
   <div class='ocr_carea' id='block_1_95' title="bbox 512 4789 2104 4860">
    <p class='ocr_par' dir='ltr' id='par_1_95' title="bbox 512 4789 2104 4860">
     <span class='ocr_line' id='line_1_95' title="bbox 512 4789 2104 4860; baseline -0.001 -16"><span class='ocrx_word' id='word_1_668' title='bbox 512 4790 833 4856; x_wconf 89' lang='lat' dir='ltr'><strong>stabilitate,</strong></span> <span class='ocrx_word' id='word_1_669' title='bbox 865 4790 1075 4845; x_wconf 91' lang='lat' dir='ltr'><strong>scilicet</strong></span> <span class='ocrx_word' id='word_1_670' title='bbox 1112 4798 1173 4844; x_wconf 93' lang='lat' dir='ltr'><strong>ut</strong></span> <span class='ocrx_word' id='word_1_671' title='bbox 1210 4805 1425 4860; x_wconf 88' lang='lat' dir='ltr'><strong>semper</strong></span> <span class='ocrx_word' id='word_1_672' title='bbox 1455 4789 1737 4845; x_wconf 85' lang='lat' dir='ltr'><strong>eremitico</strong></span> <span class='ocrx_word' id='word_1_673' title='bbox 1766 4789 2010 4856; x_wconf 88' lang='lat' dir='ltr'><strong>tramite,</strong></span> <span class='ocrx_word' id='word_1_674' title='bbox 2050 4797 2104 4843; x_wconf 85' lang='lat' dir='ltr'><strong>et</strong></span> 
     </span>
    </p>
   </div>
   <div class='ocr_carea' id='block_1_96' title="bbox 510 4882 2102 4953">
    <p class='ocr_par' dir='ltr' id='par_1_96' title="bbox 510 4882 2102 4953">
     <span class='ocr_line' id='line_1_96' title="bbox 510 4882 2102 4953; baseline -0.001 -15"><span class='ocrx_word' id='word_1_675' title='bbox 510 4882 951 4953; x_wconf 86' lang='lat' dir='ltr'><strong>contemplativa</strong></span> <span class='ocrx_word' id='word_1_676' title='bbox 998 4882 1121 4939; x_wconf 87' lang='lat' dir='ltr'><strong>vita</strong></span> <span class='ocrx_word' id='word_1_677' title='bbox 1158 4882 1478 4938; x_wconf 90' lang='lat' dir='ltr'><strong>celsitudine</strong></span> <span class='ocrx_word' id='word_1_678' title='bbox 1521 4890 1860 4953; x_wconf 88' lang='lat' dir='ltr'><strong>perseveret,</strong></span> <span class='ocrx_word' id='word_1_679' title='bbox 1896 4899 1999 4938; x_wconf 89' lang='lat' dir='ltr'><strong>nec</strong></span> <span class='ocrx_word' id='word_1_680' title='bbox 2037 4883 2102 4937; x_wconf 91' lang='lat' dir='ltr'><strong>li-</strong></span> 
     </span>
    </p>
   </div>
   <div class='ocr_carea' id='block_1_97' title="bbox 510 4974 2103 5046">
    <p class='ocr_par' dir='ltr' id='par_1_97' title="bbox 510 4974 2103 5046">
     <span class='ocr_line' id='line_1_97' title="bbox 510 4974 2103 5046; baseline 0 -14"><span class='ocrx_word' id='word_1_681' title='bbox 510 4983 633 5033; x_wconf 86' lang='lat' dir='ltr'><strong>ceat</strong></span> <span class='ocrx_word' id='word_1_682' title='bbox 671 4974 925 5046; x_wconf 87' lang='lat' dir='ltr'><strong>cuiquam</strong></span> <span class='ocrx_word' id='word_1_683' title='bbox 969 4984 1066 5030; x_wconf 90' lang='lat' dir='ltr'><strong>aut</strong></span> <span class='ocrx_word' id='word_1_684' title='bbox 1107 4975 1367 5030; x_wconf 89' lang='lat' dir='ltr'><strong>abbatem</strong></span> <span class='ocrx_word' id='word_1_685' title='bbox 1396 4975 1470 5029; x_wconf 87' lang='lat' dir='ltr'><strong>ibi</strong></span> <span class='ocrx_word' id='word_1_686' title='bbox 1519 4992 1744 5046; x_wconf 85' lang='lat' dir='ltr'><strong>ponere,</strong></span> <span class='ocrx_word' id='word_1_687' title='bbox 1775 4984 1870 5032; x_wconf 90' lang='lat' dir='ltr'><strong>aut</strong></span> <span class='ocrx_word' id='word_1_688' title='bbox 1910 4992 2103 5032; x_wconf 74' lang='lat' dir='ltr'><strong>cano-</strong></span> 
     </span>
    </p>
   </div>
   <div class='ocr_carea' id='block_1_98' title="bbox 509 5066 2104 5139">
    <p class='ocr_par' dir='ltr' id='par_1_98' title="bbox 509 5066 2104 5139">
     <span class='ocr_line' id='line_1_98' title="bbox 509 5066 2104 5139; baseline 0.001 -16"><span class='ocrx_word' id='word_1_689' title='bbox 509 5068 666 5123; x_wconf 92' lang='lat' dir='ltr'><strong>bium</strong></span> <span class='ocrx_word' id='word_1_690' title='bbox 701 5066 908 5135; x_wconf 90' lang='lat' dir='ltr'><strong>facere,</strong></span> <span class='ocrx_word' id='word_1_691' title='bbox 958 5066 1055 5123; x_wconf 90' lang='lat' dir='ltr'><strong>sed</strong></span> <span class='ocrx_word' id='word_1_692' title='bbox 1095 5082 1314 5138; x_wconf 89' lang='lat' dir='ltr'><strong>semper</strong></span> <span class='ocrx_word' id='word_1_693' title='bbox 1350 5067 1605 5125; x_wconf 85' lang='lat' dir='ltr'><strong>solitaria</strong></span> <span class='ocrx_word' id='word_1_694' title='bbox 1637 5070 1764 5125; x_wconf 85' lang='lat' dir='ltr'><strong>vita</strong></span> <span class='ocrx_word' id='word_1_695' title='bbox 1800 5068 1952 5124; x_wconf 91' lang='lat' dir='ltr'><strong>locus</strong></span> <span class='ocrx_word' id='word_1_696' title='bbox 1988 5069 2104 5139; x_wconf 88' lang='lat' dir='ltr'><strong>ipse</strong></span> 
     </span>
    </p>
   </div>
   <div class='ocr_carea' id='block_1_99' title="bbox 508 5157 2107 5225">
    <p class='ocr_par' dir='ltr' id='par_1_99' title="bbox 508 5157 2107 5225">
     <span class='ocr_line' id='line_1_99' title="bbox 508 5157 2107 5225; baseline 0.001 -9"><span class='ocrx_word' id='word_1_697' title='bbox 508 5160 580 5216; x_wconf 90' lang='lat' dir='ltr'><strong>sit</strong></span> <span class='ocrx_word' id='word_1_698' title='bbox 620 5157 860 5225; x_wconf 89' lang='lat' dir='ltr'><strong>deditus,</strong></span> <span class='ocrx_word' id='word_1_699' title='bbox 906 5168 961 5215; x_wconf 93' lang='lat' dir='ltr'><strong>et</strong></span> <span class='ocrx_word' id='word_1_700' title='bbox 998 5158 1263 5215; x_wconf 89' lang='lat' dir='ltr'><strong>ﬁrmitate</strong></span> <span class='ocrx_word' id='word_1_701' title='bbox 1314 5161 1579 5217; x_wconf 87' lang='lat' dir='ltr'><strong>continua</strong></span> <span class='ocrx_word' id='word_1_702' title='bbox 1635 5159 1939 5217; x_wconf 88' lang='lat' dir='ltr'><strong>dedicatus.</strong></span> <span class='ocrx_word' id='word_1_703' title='bbox 1985 5163 2107 5217; x_wconf 85' lang='lat' dir='ltr'><strong>Hoc</strong></span> 
     </span>
    </p>
   </div>
   <div class='ocr_carea' id='block_1_100' title="bbox 508 5252 2105 5326">
    <p class='ocr_par' dir='ltr' id='par_1_100' title="bbox 508 5252 2105 5326">
     <span class='ocr_line' id='line_1_100' title="bbox 508 5252 2105 5326; baseline 0.001 -17"><span class='ocrx_word' id='word_1_704' title='bbox 508 5268 731 5325; x_wconf 92' lang='lat' dir='ltr'><strong>quoque</strong></span> <span class='ocrx_word' id='word_1_705' title='bbox 770 5262 952 5309; x_wconf 89' lang='lat' dir='ltr'><strong>vestra</strong></span> <span class='ocrx_word' id='word_1_706' title='bbox 990 5252 1255 5309; x_wconf 89' lang='lat' dir='ltr'><strong>charitate</strong></span> <span class='ocrx_word' id='word_1_707' title='bbox 1291 5264 1535 5326; x_wconf 90' lang='lat' dir='ltr'><strong>rogante,</strong></span> <span class='ocrx_word' id='word_1_708' title='bbox 1566 5262 1627 5308; x_wconf 91' lang='lat' dir='ltr'><strong>ut</strong></span> <span class='ocrx_word' id='word_1_709' title='bbox 1661 5254 1751 5310; x_wconf 91' lang='lat' dir='ltr'><strong>hic</strong></span> <span class='ocrx_word' id='word_1_710' title='bbox 1791 5254 2105 5326; x_wconf 82' lang='lat' dir='ltr'><strong>apostolica</strong></span> 
     </span>
    </p>
   </div>
   <div class='ocr_carea' id='block_1_101' title="bbox 510 5347 2103 5421">
    <p class='ocr_par' dir='ltr' id='par_1_101' title="bbox 510 5347 2103 5421">
     <span class='ocr_line' id='line_1_101' title="bbox 510 5347 2103 5421; baseline 0.002 -18"><span class='ocrx_word' id='word_1_711' title='bbox 510 5347 657 5403; x_wconf 86' lang='lat' dir='ltr'><strong>sedis</strong></span> <span class='ocrx_word' id='word_1_712' title='bbox 697 5349 975 5421; x_wconf 87' lang='lat' dir='ltr'><strong>privilegio</strong></span> <span class='ocrx_word' id='word_1_713' title='bbox 1004 5348 1373 5417; x_wconf 88' lang='lat' dir='ltr'><strong>adnectimus,</strong></span> <span class='ocrx_word' id='word_1_714' title='bbox 1403 5358 1459 5406; x_wconf 90' lang='lat' dir='ltr'><strong>et</strong></span> <span class='ocrx_word' id='word_1_715' title='bbox 1498 5351 1547 5406; x_wconf 89' lang='lat' dir='ltr'><strong>si</strong></span> <span class='ocrx_word' id='word_1_716' title='bbox 1577 5350 1798 5421; x_wconf 91' lang='lat' dir='ltr'><strong>quando</strong></span> <span class='ocrx_word' id='word_1_717' title='bbox 1836 5358 2103 5421; x_wconf 89' lang='lat' dir='ltr'><strong>opportu-</strong></span> 
     </span>
    </p>
   </div>
   <div class='ocr_carea' id='block_1_102' title="bbox 508 5440 2102 5514">
    <p class='ocr_par' dir='ltr' id='par_1_102' title="bbox 508 5440 2102 5514">
     <span class='ocr_line' id='line_1_102' title="bbox 508 5440 2102 5514; baseline 0.002 -20"><span class='ocrx_word' id='word_1_718' title='bbox 508 5455 646 5495; x_wconf 92' lang='lat' dir='ltr'><strong>num</strong></span> <span class='ocrx_word' id='word_1_719' title='bbox 685 5440 847 5496; x_wconf 89' lang='lat' dir='ltr'><strong>fuerit</strong></span> <span class='ocrx_word' id='word_1_720' title='bbox 883 5442 1125 5513; x_wconf 91' lang='lat' dir='ltr'><strong>aliquem</strong></span> <span class='ocrx_word' id='word_1_721' title='bbox 1159 5458 1225 5498; x_wconf 89' lang='lat' dir='ltr'><strong>ex</strong></span> <span class='ocrx_word' id='word_1_722' title='bbox 1256 5450 1437 5498; x_wconf 87' lang='lat' dir='ltr'><strong>vestra</strong></span> <span class='ocrx_word' id='word_1_723' title='bbox 1466 5442 1887 5514; x_wconf 87' lang='lat' dir='ltr'><strong>congregatione</strong></span> <span class='ocrx_word' id='word_1_724' title='bbox 1924 5443 1981 5497; x_wconf 93' lang='lat' dir='ltr'><strong>in</strong></span> <span class='ocrx_word' id='word_1_725' title='bbox 2009 5458 2102 5499; x_wconf 92' lang='lat' dir='ltr'><strong>ec-</strong></span> 
     </span>
    </p>
   </div>
   <div class='ocr_carea' id='block_1_103' title="bbox 508 5533 2104 5608">
    <p class='ocr_par' dir='ltr' id='par_1_103' title="bbox 508 5533 2104 5608">
     <span class='ocr_line' id='line_1_103' title="bbox 508 5533 2104 5608; baseline 0.002 -19"><span class='ocrx_word' id='word_1_726' title='bbox 508 5533 842 5590; x_wconf 90' lang='lat' dir='ltr'><strong>clesiasticos</strong></span> <span class='ocrx_word' id='word_1_727' title='bbox 870 5536 1073 5604; x_wconf 88' lang='lat' dir='ltr'><strong>gradus</strong></span> <span class='ocrx_word' id='word_1_728' title='bbox 1101 5535 1375 5603; x_wconf 88' lang='lat' dir='ltr'><strong>ordinari,</strong></span> <span class='ocrx_word' id='word_1_729' title='bbox 1408 5545 1462 5592; x_wconf 92' lang='lat' dir='ltr'><strong>et</strong></span> <span class='ocrx_word' id='word_1_730' title='bbox 1500 5537 1813 5608; x_wconf 89' lang='lat' dir='ltr'><strong>episcopus,</strong></span> <span class='ocrx_word' id='word_1_731' title='bbox 1853 5536 1924 5592; x_wconf 89' lang='lat' dir='ltr'><strong>ad</strong></span> <span class='ocrx_word' id='word_1_732' title='bbox 1948 5536 2104 5608; x_wconf 90' lang='lat' dir='ltr'><strong>cujus</strong></span> 
     </span>
    </p>
   </div>
   <div class='ocr_carea' id='block_1_104' title="bbox 505 5627 2102 5700">
    <p class='ocr_par' dir='ltr' id='par_1_104' title="bbox 505 5627 2102 5700">
     <span class='ocr_line' id='line_1_104' title="bbox 505 5627 2102 5700; baseline 0.003 -18"><span class='ocrx_word' id='word_1_733' title='bbox 505 5627 825 5697; x_wconf 90' lang='lat' dir='ltr'><strong>parochiam</strong></span> <span class='ocrx_word' id='word_1_734' title='bbox 872 5630 1108 5698; x_wconf 87' lang='lat' dir='ltr'><strong>pertinet</strong></span> <span class='ocrx_word' id='word_1_735' title='bbox 1146 5629 1266 5700; x_wconf 90' lang='lat' dir='ltr'><strong>jam</strong></span> <span class='ocrx_word' id='word_1_736' title='bbox 1314 5629 1525 5685; x_wconf 88' lang='lat' dir='ltr'><strong>dictum</strong></span> <span class='ocrx_word' id='word_1_737' title='bbox 1565 5631 1874 5686; x_wconf 90' lang='lat' dir='ltr'><strong>oratorium</strong></span> <span class='ocrx_word' id='word_1_738' title='bbox 1918 5630 2102 5687; x_wconf 89' lang='lat' dir='ltr'><strong>Sancti</strong></span> 
     </span>
    </p>
   </div>
   <div class='ocr_carea' id='block_1_105' title="bbox 506 5720 2105 5792">
    <p class='ocr_par' dir='ltr' id='par_1_105' title="bbox 506 5720 2105 5792">
     <span class='ocr_line' id='line_1_105' title="bbox 506 5720 2105 5792; baseline 0.003 -17"><span class='ocrx_word' id='word_1_739' title='bbox 506 5720 830 5787; x_wconf 87' lang='lat' dir='ltr'><strong>Salvatoris,</strong></span> <span class='ocrx_word' id='word_1_740' title='bbox 876 5735 972 5776; x_wconf 88' lang='lat' dir='ltr'><strong>seu</strong></span> <span class='ocrx_word' id='word_1_741' title='bbox 1009 5721 1188 5792; x_wconf 89' lang='lat' dir='ltr'><strong>aliqua</strong></span> <span class='ocrx_word' id='word_1_742' title='bbox 1236 5738 1301 5775; x_wconf 82' lang='lat' dir='ltr'><strong>ex</strong></span> <span class='ocrx_word' id='word_1_743' title='bbox 1331 5723 1571 5777; x_wconf 85' lang='lat' dir='ltr'><strong>ecclesiis</strong></span> <span class='ocrx_word' id='word_1_744' title='bbox 1601 5724 1679 5778; x_wconf 88' lang='lat' dir='ltr'><strong>vel</strong></span> <span class='ocrx_word' id='word_1_745' title='bbox 1719 5724 1870 5779; x_wconf 89' lang='lat' dir='ltr'><strong>cellis</strong></span> <span class='ocrx_word' id='word_1_746' title='bbox 1908 5726 2105 5779; x_wconf 85' lang='lat' dir='ltr'><strong>vestris</strong></span> 
     </span>
    </p>
   </div>
   <div class='ocr_carea' id='block_1_106' title="bbox 509 5810 2103 5887">
    <p class='ocr_par' dir='ltr' id='par_1_106' title="bbox 509 5810 2103 5887">
     <span class='ocr_line' id='line_1_106' title="bbox 509 5810 2103 5887; baseline 0.005 -21"><span class='ocrx_word' id='word_1_747' title='bbox 509 5810 575 5867; x_wconf 13' lang='lat' dir='ltr'><strong>in,</strong></span> <span class='ocrx_word' id='word_1_748' title='bbox 598 5822 753 5870; x_wconf 88' lang='lat' dir='ltr'><strong>antea</strong></span> <span class='ocrx_word' id='word_1_749' title='bbox 779 5814 1092 5885; x_wconf 86' lang='lat' dir='ltr'><strong>pertinebit,</strong></span> <span class='ocrx_word' id='word_1_750' title='bbox 1124 5815 1437 5871; x_wconf 88' lang='lat' dir='ltr'><strong>Simoniaca</strong></span> <span class='ocrx_word' id='word_1_751' title='bbox 1478 5816 1671 5872; x_wconf 81' lang='lat' dir='ltr'><strong>haresi</strong></span> <span class='ocrx_word' id='word_1_752' title='bbox 1710 5815 1877 5873; x_wconf 90' lang='lat' dir='ltr'><strong>fuerit</strong></span> <span class='ocrx_word' id='word_1_753' title='bbox 1903 5817 2103 5887; x_wconf 84' lang='lat' dir='ltr'><strong>depra-</strong></span> 
     </span>
    </p>
   </div>
   <div class='ocr_carea' id='block_1_107' title="bbox 2214 4603 3819 4676">
    <p class='ocr_par' dir='ltr' id='par_1_107' title="bbox 2214 4603 3819 4676">
     <span class='ocr_line' id='line_1_107' title="bbox 2214 4603 3819 4676; baseline -0.001 -15"><span class='ocrx_word' id='word_1_754' title='bbox 2214 4622 2409 4661; x_wconf 91' lang='lat' dir='ltr'><strong>namus</strong></span> <span class='ocrx_word' id='word_1_755' title='bbox 2437 4607 2838 4662; x_wconf 89' lang='lat' dir='ltr'><strong>monasterium</strong></span> <span class='ocrx_word' id='word_1_756' title='bbox 2866 4608 2922 4662; x_wconf 95' lang='lat' dir='ltr'><strong>S.</strong></span> <span class='ocrx_word' id='word_1_757' title='bbox 2951 4605 3160 4671; x_wconf 82' lang='lat' dir='ltr'><strong>Maria,</strong></span> <span class='ocrx_word' id='word_1_758' title='bbox 3189 4606 3356 4659; x_wconf 90' lang='lat' dir='ltr'><strong>situm</strong></span> <span class='ocrx_word' id='word_1_759' title='bbox 3396 4603 3451 4659; x_wconf 92' lang='lat' dir='ltr'><strong>in</strong></span> <span class='ocrx_word' id='word_1_760' title='bbox 3480 4604 3661 4659; x_wconf 87' lang='lat' dir='ltr'><strong>Massa</strong></span> <span class='ocrx_word' id='word_1_761' title='bbox 3689 4619 3819 4676; x_wconf 84' lang='lat' dir='ltr'><strong>qua</strong></span> 
     </span>
    </p>
   </div>
   <div class='ocr_carea' id='block_1_108' title="bbox 2214 4696 3819 4771">
    <p class='ocr_par' dir='ltr' id='par_1_108' title="bbox 2214 4696 3819 4771">
     <span class='ocr_line' id='line_1_108' title="bbox 2214 4696 3819 4771; baseline 0 -18"><span class='ocrx_word' id='word_1_762' title='bbox 2214 4709 2444 4755; x_wconf 90' lang='lat' dir='ltr'><strong>vocatur</strong></span> <span class='ocrx_word' id='word_1_763' title='bbox 2471 4706 2661 4755; x_wconf 91' lang='lat' dir='ltr'><strong>monte</strong></span> <span class='ocrx_word' id='word_1_764' title='bbox 2696 4700 2953 4765; x_wconf 87' lang='lat' dir='ltr'><strong>Pulense,</strong></span> <span class='ocrx_word' id='word_1_765' title='bbox 2985 4714 3154 4771; x_wconf 90' lang='lat' dir='ltr'><strong>quam</strong></span> <span class='ocrx_word' id='word_1_766' title='bbox 3180 4696 3487 4753; x_wconf 89' lang='lat' dir='ltr'><strong>Joanninus</strong></span> <span class='ocrx_word' id='word_1_767' title='bbox 3510 4697 3819 4767; x_wconf 87' lang='lat' dir='ltr'><strong>imperator</strong></span> 
     </span>
    </p>
   </div>
   <div class='ocr_carea' id='block_1_109' title="bbox 2212 4788 3818 4860">
    <p class='ocr_par' dir='ltr' id='par_1_109' title="bbox 2212 4788 3818 4860">
     <span class='ocr_line' id='line_1_109' title="bbox 2212 4788 3818 4860; baseline 0.001 -15"><span class='ocrx_word' id='word_1_768' title='bbox 2212 4792 2440 4849; x_wconf 90' lang='lat' dir='ltr'><strong>tradidit</strong></span> <span class='ocrx_word' id='word_1_769' title='bbox 2489 4793 2829 4848; x_wconf 89' lang='lat' dir='ltr'><strong>Bononiensi</strong></span> <span class='ocrx_word' id='word_1_770' title='bbox 2872 4792 3130 4848; x_wconf 82' lang='lat' dir='ltr'><strong>Ecclesia</strong></span> <span class='ocrx_word' id='word_1_771' title='bbox 3172 4806 3302 4845; x_wconf 88' lang='lat' dir='ltr'><strong>cum</strong></span> <span class='ocrx_word' id='word_1_772' title='bbox 3332 4798 3484 4845; x_wconf 89' lang='lat' dir='ltr'><strong>curte</strong></span> <span class='ocrx_word' id='word_1_773' title='bbox 3524 4788 3713 4860; x_wconf 88' lang='lat' dir='ltr'><strong>ibique</strong></span> <span class='ocrx_word' id='word_1_774' title='bbox 3737 4799 3818 4845; x_wconf 86' lang='lat' dir='ltr'><strong>te-</strong></span> 
     </span>
    </p>
   </div>
   <div class='ocr_carea' id='block_1_110' title="bbox 2208 4883 3816 4957">
    <p class='ocr_par' dir='ltr' id='par_1_110' title="bbox 2208 4883 3816 4957">
     <span class='ocr_line' id='line_1_110' title="bbox 2208 4883 3816 4957; baseline -0.001 -17"><span class='ocrx_word' id='word_1_775' title='bbox 2208 4894 2392 4953; x_wconf 90' lang='lat' dir='ltr'><strong>nente,</strong></span> <span class='ocrx_word' id='word_1_776' title='bbox 2430 4901 2658 4957; x_wconf 82' lang='lat' dir='ltr'><strong>quaque</strong></span> <span class='ocrx_word' id='word_1_777' title='bbox 2696 4886 3015 4941; x_wconf 91' lang='lat' dir='ltr'><strong>nominatur</strong></span> <span class='ocrx_word' id='word_1_778' title='bbox 3045 4885 3294 4949; x_wconf 86' lang='lat' dir='ltr'><strong>Aurelia,</strong></span> <span class='ocrx_word' id='word_1_779' title='bbox 3330 4898 3460 4938; x_wconf 91' lang='lat' dir='ltr'><strong>cum</strong></span> <span class='ocrx_word' id='word_1_780' title='bbox 3500 4883 3816 4948; x_wconf 87' lang='lat' dir='ltr'><strong>montibus,</strong></span> 
     </span>
    </p>
   </div>
   <div class='ocr_carea' id='block_1_111' title="bbox 2209 4974 3817 5050">
    <p class='ocr_par' dir='ltr' id='par_1_111' title="bbox 2209 4974 3817 5050">
     <span class='ocr_line' id='line_1_111' title="bbox 2209 4974 3817 5050; baseline -0.001 -17"><span class='ocrx_word' id='word_1_781' title='bbox 2209 4980 2306 5050; x_wconf 91' lang='lat' dir='ltr'><strong>qui</strong></span> <span class='ocrx_word' id='word_1_782' title='bbox 2356 4979 2415 5035; x_wconf 91' lang='lat' dir='ltr'><strong>in</strong></span> <span class='ocrx_word' id='word_1_783' title='bbox 2461 4980 2692 5035; x_wconf 91' lang='lat' dir='ltr'><strong>circuitu</strong></span> <span class='ocrx_word' id='word_1_784' title='bbox 2746 4976 2963 5049; x_wconf 82' lang='lat' dir='ltr'><strong>prafati</strong></span> <span class='ocrx_word' id='word_1_785' title='bbox 3008 4975 3329 5034; x_wconf 88' lang='lat' dir='ltr'><strong>monasterii</strong></span> <span class='ocrx_word' id='word_1_786' title='bbox 3357 4974 3519 5047; x_wconf 87' lang='lat' dir='ltr'><strong>positi</strong></span> <span class='ocrx_word' id='word_1_787' title='bbox 3564 4984 3722 5044; x_wconf 87' lang='lat' dir='ltr'><strong>sunt,</strong></span> <span class='ocrx_word' id='word_1_788' title='bbox 3762 4985 3817 5031; x_wconf 80' lang='lat' dir='ltr'><strong>et</strong></span> 
     </span>
    </p>
   </div>
   <div class='ocr_carea' id='block_1_112' title="bbox 2208 5069 3807 5143">
    <p class='ocr_par' dir='ltr' id='par_1_112' title="bbox 2208 5069 3807 5143">
     <span class='ocr_line' id='line_1_112' title="bbox 2208 5069 3807 5143; baseline -0.002 -14"><span class='ocrx_word' id='word_1_789' title='bbox 2208 5079 2424 5129; x_wconf 87' lang='lat' dir='ltr'><strong>curtem</strong></span> <span class='ocrx_word' id='word_1_790' title='bbox 2472 5073 2656 5139; x_wconf 91' lang='lat' dir='ltr'><strong>aliam,</strong></span> <span class='ocrx_word' id='word_1_791' title='bbox 2702 5087 2824 5143; x_wconf 88' lang='lat' dir='ltr'><strong>qua</strong></span> <span class='ocrx_word' id='word_1_792' title='bbox 2854 5080 3076 5128; x_wconf 90' lang='lat' dir='ltr'><strong>vocatur</strong></span> <span class='ocrx_word' id='word_1_793' title='bbox 3122 5069 3449 5126; x_wconf 90' lang='lat' dir='ltr'><strong>Bombiania</strong></span> <span class='ocrx_word' id='word_1_794' title='bbox 3481 5084 3615 5125; x_wconf 89' lang='lat' dir='ltr'><strong>cum</strong></span> <span class='ocrx_word' id='word_1_795' title='bbox 3640 5084 3807 5126; x_wconf 88' lang='lat' dir='ltr'><strong>casu-</strong></span> 
     </span>
    </p>
   </div>
   <div class='ocr_carea' id='block_1_113' title="bbox 2210 5162 3811 5235">
    <p class='ocr_par' dir='ltr' id='par_1_113' title="bbox 2210 5162 3811 5235">
     <span class='ocr_line' id='line_1_113' title="bbox 2210 5162 3811 5235; baseline -0.002 -15"><span class='ocrx_word' id='word_1_796' title='bbox 2210 5165 2349 5220; x_wconf 89' lang='lat' dir='ltr'><strong>Iibus</strong></span> <span class='ocrx_word' id='word_1_797' title='bbox 2390 5173 2445 5221; x_wconf 90' lang='lat' dir='ltr'><strong>et</strong></span> <span class='ocrx_word' id='word_1_798' title='bbox 2486 5166 2832 5235; x_wconf 90' lang='lat' dir='ltr'><strong>pertinentiis</strong></span> <span class='ocrx_word' id='word_1_799' title='bbox 2875 5166 2993 5220; x_wconf 87' lang='lat' dir='ltr'><strong>suis</strong></span> <span class='ocrx_word' id='word_1_800' title='bbox 3028 5172 3085 5220; x_wconf 87' lang='lat' dir='ltr'><strong>et</strong></span> <span class='ocrx_word' id='word_1_801' title='bbox 3132 5170 3407 5230; x_wconf 88' lang='lat' dir='ltr'><strong>montem,</strong></span> <span class='ocrx_word' id='word_1_802' title='bbox 3441 5162 3537 5233; x_wconf 87' lang='lat' dir='ltr'><strong>qui</strong></span> <span class='ocrx_word' id='word_1_803' title='bbox 3582 5171 3811 5218; x_wconf 88' lang='lat' dir='ltr'><strong>vocatur</strong></span> 
     </span>
    </p>
   </div>
   <div class='ocr_carea' id='block_1_114' title="bbox 2210 5255 3809 5329">
    <p class='ocr_par' dir='ltr' id='par_1_114' title="bbox 2210 5255 3809 5329">
     <span class='ocr_line' id='line_1_114' title="bbox 2210 5255 3809 5329; baseline -0.001 -16"><span class='ocrx_word' id='word_1_804' title='bbox 2210 5259 2579 5327; x_wconf 88' lang='lat' dir='ltr'><strong>Cavallorum,</strong></span> <span class='ocrx_word' id='word_1_805' title='bbox 2599 5266 2653 5313; x_wconf 91' lang='lat' dir='ltr'><strong>et</strong></span> <span class='ocrx_word' id='word_1_806' title='bbox 2676 5257 3033 5313; x_wconf 87' lang='lat' dir='ltr'><strong>concedimus</strong></span> <span class='ocrx_word' id='word_1_807' title='bbox 3057 5264 3303 5329; x_wconf 91' lang='lat' dir='ltr'><strong>portum,</strong></span> <span class='ocrx_word' id='word_1_808' title='bbox 3334 5255 3430 5327; x_wconf 90' lang='lat' dir='ltr'><strong>qui</strong></span> <span class='ocrx_word' id='word_1_809' title='bbox 3449 5256 3809 5327; x_wconf 82' lang='lat' dir='ltr'><strong>cognomina-</strong></span> 
     </span>
    </p>
   </div>
   <div class='ocr_carea' id='block_1_115' title="bbox 2210 5348 3808 5421">
    <p class='ocr_par' dir='ltr' id='par_1_115' title="bbox 2210 5348 3808 5421">
     <span class='ocr_line' id='line_1_115' title="bbox 2210 5348 3808 5421; baseline -0.002 -16"><span class='ocrx_word' id='word_1_810' title='bbox 2210 5359 2303 5407; x_wconf 91' lang='lat' dir='ltr'><strong>tur</strong></span> <span class='ocrx_word' id='word_1_811' title='bbox 2324 5351 2594 5420; x_wconf 88' lang='lat' dir='ltr'><strong>Galliona,</strong></span> <span class='ocrx_word' id='word_1_812' title='bbox 2626 5367 2751 5406; x_wconf 91' lang='lat' dir='ltr'><strong>cum</strong></span> <span class='ocrx_word' id='word_1_813' title='bbox 2780 5351 3036 5421; x_wconf 90' lang='lat' dir='ltr'><strong>ripatico,</strong></span> <span class='ocrx_word' id='word_1_814' title='bbox 3056 5358 3112 5405; x_wconf 93' lang='lat' dir='ltr'><strong>et</strong></span> <span class='ocrx_word' id='word_1_815' title='bbox 3141 5350 3378 5415; x_wconf 90' lang='lat' dir='ltr'><strong>teloneo,</strong></span> <span class='ocrx_word' id='word_1_816' title='bbox 3404 5356 3463 5404; x_wconf 93' lang='lat' dir='ltr'><strong>et</strong></span> <span class='ocrx_word' id='word_1_817' title='bbox 3492 5348 3808 5419; x_wconf 86' lang='lat' dir='ltr'><strong>paludibus,</strong></span> 
     </span>
    </p>
   </div>
   <div class='ocr_carea' id='block_1_116' title="bbox 2209 5440 3801 5515">
    <p class='ocr_par' dir='ltr' id='par_1_116' title="bbox 2209 5440 3801 5515">
     <span class='ocr_line' id='line_1_116' title="bbox 2209 5440 3801 5515; baseline -0.003 -14"><span class='ocrx_word' id='word_1_818' title='bbox 2209 5452 2265 5501; x_wconf 91' lang='lat' dir='ltr'><strong>et</strong></span> <span class='ocrx_word' id='word_1_819' title='bbox 2292 5444 2557 5515; x_wconf 89' lang='lat' dir='ltr'><strong>piscariis,</strong></span> <span class='ocrx_word' id='word_1_820' title='bbox 2584 5453 2641 5500; x_wconf 93' lang='lat' dir='ltr'><strong>et</strong></span> <span class='ocrx_word' id='word_1_821' title='bbox 2667 5445 2838 5512; x_wconf 90' lang='lat' dir='ltr'><strong>silvis,</strong></span> <span class='ocrx_word' id='word_1_822' title='bbox 2867 5453 2922 5500; x_wconf 90' lang='lat' dir='ltr'><strong>et</strong></span> <span class='ocrx_word' id='word_1_823' title='bbox 2947 5460 3074 5501; x_wconf 90' lang='lat' dir='ltr'><strong>cum</strong></span> <span class='ocrx_word' id='word_1_824' title='bbox 3105 5443 3363 5499; x_wconf 88' lang='lat' dir='ltr'><strong>omnibus</strong></span> <span class='ocrx_word' id='word_1_825' title='bbox 3396 5442 3562 5498; x_wconf 89' lang='lat' dir='ltr'><strong>rebus</strong></span> <span class='ocrx_word' id='word_1_826' title='bbox 3587 5457 3712 5514; x_wconf 79' lang='lat' dir='ltr'><strong>qua</strong></span> <span class='ocrx_word' id='word_1_827' title='bbox 3734 5440 3801 5497; x_wconf 89' lang='lat' dir='ltr'><strong>ad</strong></span> 
     </span>
    </p>
   </div>
   <div class='ocr_carea' id='block_1_117' title="bbox 2208 5536 3803 5610">
    <p class='ocr_par' dir='ltr' id='par_1_117' title="bbox 2208 5536 3803 5610">
     <span class='ocr_line' id='line_1_117' title="bbox 2208 5536 3803 5610; baseline -0.004 -16"><span class='ocrx_word' id='word_1_828' title='bbox 2208 5539 2389 5610; x_wconf 89' lang='lat' dir='ltr'><strong>ipsum</strong></span> <span class='ocrx_word' id='word_1_829' title='bbox 2434 5539 2706 5609; x_wconf 84' lang='lat' dir='ltr'><strong>pertinere</strong></span> <span class='ocrx_word' id='word_1_830' title='bbox 2751 5538 3174 5610; x_wconf 86' lang='lat' dir='ltr'><strong>dignoscnntur,</strong></span> <span class='ocrx_word' id='word_1_831' title='bbox 3213 5546 3270 5593; x_wconf 91' lang='lat' dir='ltr'><strong>et</strong></span> <span class='ocrx_word' id='word_1_832' title='bbox 3307 5536 3443 5593; x_wconf 90' lang='lat' dir='ltr'><strong>duas</strong></span> <span class='ocrx_word' id='word_1_833' title='bbox 3492 5544 3698 5601; x_wconf 87' lang='lat' dir='ltr'><strong>curtes,</strong></span> <span class='ocrx_word' id='word_1_834' title='bbox 3747 5542 3803 5590; x_wconf 90' lang='lat' dir='ltr'><strong>et</strong></span> 
     </span>
    </p>
   </div>
   <div class='ocr_carea' id='block_1_118' title="bbox 2209 5630 3803 5703">
    <p class='ocr_par' dir='ltr' id='par_1_118' title="bbox 2209 5630 3803 5703">
     <span class='ocr_line' id='line_1_118' title="bbox 2209 5630 3803 5703; baseline -0.004 -14"><span class='ocrx_word' id='word_1_835' title='bbox 2209 5648 2401 5703; x_wconf 90' lang='lat' dir='ltr'><strong>unam,</strong></span> <span class='ocrx_word' id='word_1_836' title='bbox 2434 5647 2556 5703; x_wconf 83' lang='lat' dir='ltr'><strong>qua</strong></span> <span class='ocrx_word' id='word_1_837' title='bbox 2585 5632 2906 5688; x_wconf 88' lang='lat' dir='ltr'><strong>nominatur</strong></span> <span class='ocrx_word' id='word_1_838' title='bbox 2933 5632 3105 5688; x_wconf 89' lang='lat' dir='ltr'><strong>curtis</strong></span> <span class='ocrx_word' id='word_1_839' title='bbox 3136 5632 3341 5703; x_wconf 91' lang='lat' dir='ltr'><strong>Major,</strong></span> <span class='ocrx_word' id='word_1_840' title='bbox 3366 5638 3420 5686; x_wconf 86' lang='lat' dir='ltr'><strong>et</strong></span> <span class='ocrx_word' id='word_1_841' title='bbox 3463 5630 3650 5696; x_wconf 90' lang='lat' dir='ltr'><strong>aliam,</strong></span> <span class='ocrx_word' id='word_1_842' title='bbox 3679 5642 3803 5699; x_wconf 76' lang='lat' dir='ltr'><strong>qua</strong></span> 
     </span>
    </p>
   </div>
   <div class='ocr_carea' id='block_1_119' title="bbox 2209 5719 3803 5797">
    <p class='ocr_par' dir='ltr' id='par_1_119' title="bbox 2209 5719 3803 5797">
     <span class='ocr_line' id='line_1_119' title="bbox 2209 5719 3803 5797; baseline -0.003 -16"><span class='ocrx_word' id='word_1_843' title='bbox 2209 5724 2409 5781; x_wconf 88' lang='lat' dir='ltr'><strong>dicitur</strong></span> <span class='ocrx_word' id='word_1_844' title='bbox 2428 5725 2632 5792; x_wconf 89' lang='lat' dir='ltr'><strong>Minor,</strong></span> <span class='ocrx_word' id='word_1_845' title='bbox 2656 5725 2829 5797; x_wconf 90' lang='lat' dir='ltr'><strong>posita</strong></span> <span class='ocrx_word' id='word_1_846' title='bbox 2859 5724 3002 5780; x_wconf 87' lang='lat' dir='ltr'><strong>infra</strong></span> <span class='ocrx_word' id='word_1_847' title='bbox 3029 5723 3269 5795; x_wconf 88' lang='lat' dir='ltr'><strong>plebem,</strong></span> <span class='ocrx_word' id='word_1_848' title='bbox 3309 5738 3436 5795; x_wconf 86' lang='lat' dir='ltr'><strong>qua</strong></span> <span class='ocrx_word' id='word_1_849' title='bbox 3452 5722 3655 5779; x_wconf 85' lang='lat' dir='ltr'><strong>dicitur</strong></span> <span class='ocrx_word' id='word_1_850' title='bbox 3678 5719 3803 5777; x_wconf 83' lang='lat' dir='ltr'><strong>Boi-</strong></span> 
     </span>
    </p>
   </div>
   <div class='ocr_carea' id='block_1_120' title="bbox 2208 5812 3801 5891">
    <p class='ocr_par' dir='ltr' id='par_1_120' title="bbox 2208 5812 3801 5891">
     <span class='ocr_line' id='line_1_120' title="bbox 2208 5812 3801 5891; baseline -0.006 -15"><span class='ocrx_word' id='word_1_851' title='bbox 2208 5818 2295 5876; x_wconf 85' lang='lat' dir='ltr'><strong>da.</strong></span> <span class='ocrx_word' id='word_1_852' title='bbox 2324 5821 2553 5891; x_wconf 86' lang='lat' dir='ltr'><strong>Insuper</strong></span> <span class='ocrx_word' id='word_1_853' title='bbox 2576 5827 2632 5875; x_wconf 90' lang='lat' dir='ltr'><strong>et</strong></span> <span class='ocrx_word' id='word_1_854' title='bbox 2652 5819 2850 5876; x_wconf 88' lang='lat' dir='ltr'><strong>damus</strong></span> <span class='ocrx_word' id='word_1_855' title='bbox 2875 5818 3271 5874; x_wconf 86' lang='lat' dir='ltr'><strong>monasterium</strong></span> <span class='ocrx_word' id='word_1_856' title='bbox 3306 5818 3361 5873; x_wconf 93' lang='lat' dir='ltr'><strong>S.</strong></span> <span class='ocrx_word' id='word_1_857' title='bbox 3386 5815 3653 5873; x_wconf 74' lang='lat' dir='ltr'><strong>Anastasii</strong></span> <span class='ocrx_word' id='word_1_858' title='bbox 3676 5812 3801 5868; x_wconf 83' lang='lat' dir='ltr'><strong>fun-</strong></span> 
     </span>
    </p>
   </div>
  </div>
