4044 6164
198 322 295 379 649

1124 318 1469 378 EPISTOL/E
1507 318 1729 377 ΕΧἸἮΑ
1767 316 2147 379 REGISTRUM
2186 318 2561 381 VAGANTES.

3384 328 3488 385 650

193 447 379 504 datum
406 449 466 503 in
503 445 680 503 fundo
708 447 980 503 Petriculo
1009 463 1139 503 cum
1172 455 1359 517 portu,
1389 454 1443 502 et
1472 446 1710 513 teloneo,
1732 453 1785 501 et
1808 450 1863 514 Α
1892 448 2246 519 Stalogalam,
2269 457 2323 505 et
2354 450 2527 516 locus,
2564 448 2654 521 qui
2688 458 2916 506 vocatur
2945 451 3134 516 Culce,
3181 459 3236 507 et
3264 451 3485 519 ﬂuvius,

192 542 441 612 ripatico,
462 557 589 596 cum
612 540 763 596 silvis
779 549 835 597 et
856 540 1255 609 venationibus,
1283 557 1410 596 cum
1436 539 1725 611 paludibus
1738 548 1791 595 et

193 651 323 692 cum
348 633 631 698 omnibus,
664 650 786 703 qua
832 633 902 689 ad
932 642 1167 701 curtem,
1196 650 1319 705 qua
1371 642 1598 690 vocatur
1622 634 1792 690 Petri-

193 729 340 797 culo,
369 737 423 784 et
447 727 517 784 ad
549 726 842 799 praefatum
875 729 1273 784 monasterium
1303 730 1575 798 pertinere
1606 728 1789 782 viden-

194 832 289 878 tur
322 841 336 877 :
371 839 471 878 nec
496 838 606 877 non
636 829 689 876 et
716 829 950 890 curtem,
978 838 1101 896 qua
1131 832 1352 878 vocatur
1380 822 1590 878 Cellula
1634 822 1791 892 juxta

196 918 437 985 ﬂumen,
469 916 612 986 quod
642 925 869 971 vocatur
899 918 1127 983 Savena,
1158 933 1285 973 cum
1312 916 1547 983 olivetis,
1596 916 1789 983 vineis,

191 1012 435 1081 campis,
468 1010 637 1076 silvis,
689 1009 937 1077 famulis,
990 1010 1223 1077 colonis,
1281 1018 1333 1065 et
1379 1024 1507 1065 cum
1534 1007 1793 1065 omnibus

194 1103 303 1159 sibi
336 1103 755 1175 pertinentibus,
788 1112 847 1159 et
873 1103 1056 1175 ibique
1079 1120 1191 1159 non
1230 1104 1389 1175 longe
1418 1101 1655 1159 fundum
1690 1102 1793 1157 Ve—

197 1195 365 1253 netia
391 1198 690 1268 integrum,
721 1195 871 1268 quod
914 1198 1193 1252 sociorum
1254 1205 1497 1263 vocatur,
1531 1196 1795 1266 pertinen-

188 1299 305 1347 tem
357 1291 430 1347 ad
458 1291 633 1361 ipsam
676 1299 913 1357 curtem,
954 1299 1116 1362 atque
1167 1299 1381 1346 curtem
1427 1291 1482 1345 in
1512 1290 1792 1361 Panigale,

188 1400 320 1458 qua
349 1384 593 1441 continet
623 1384 680 1439 in
708 1399 765 1440 se
792 1393 901 1439 tres
946 1384 1149 1440 fundos
1179 1392 1474 1446 terrarum,
1521 1392 1577 1439 et
1614 1384 1793 1438 vinea-

188 1496 347 1545 rum,
377 1494 501 1551 qua
526 1478 631 1535 hoc
670 1479 890 1534 nomine
920 1488 1184 1534 vocantur
1207 1477 1545 1543 Candidatis,
1575 1478 1794 1533 Pulosia

189 1581 242 1629 et
287 1572 609 1636 Grisintilli,
643 1580 699 1627 et
727 1573 1129 1627 monasterium
1153 1574 1209 1627 8.
1244 1572 1495 1642 Prosperi
1533 1572 1701 1627 situm
1732 1572 1791 1627 in

188 1664 518 1738 supradicto
547 1666 689 1735 loco,
723 1666 813 1738 qui
862 1674 1087 1721 vocatur
1132 1667 1404 1736 Panigale,
1452 1674 1507 1721 et
1563 1673 1792 1732 curtem,

188 1775 319 1833 qua:
373 1759 576 1815 dicitur
620 1761 797 1815 Cumo
827 1776 954 1815 cum
984 1757 1241 1815 omnibus
1282 1760 1397 1815 suis
1424 1759 1794 1830 pertinentiis;

191 1863 241 1911 et
271 1853 686 1911 monasterium
737 1855 793 1909 S.
830 1853 1052 1909 Martini
1086 1854 1137 1908 in
1170 1852 1303 1925 Pojo
1357 1869 1484 1909 cum
1536 1862 1710 1919 curte,
1742 1862 1797 1908 et
1829 1839 1875 1902 Β

190 1947 469 2005 omnibus
497 1947 595 2003 sibi
642 1947 1070 2019 pertinentibus;
1100 1955 1157 2003 et
1184 1948 1580 2003 monasterium
1610 1948 1661 2001 S.
1694 1950 1794 2002 Pe-

190 2044 251 2099 tri
278 2043 347 2098 in
364 2044 576 2107 Strata;
596 2048 650 2096 et
670 2043 1066 2097 monasterium
1090 2042 1146 2097 S.
1178 2042 1364 2097 Maria
1391 2042 1445 2096 in
1468 2043 1643 2096 Strata
1668 2057 1797 2097 cum

190 2136 469 2193 omnibus
512 2136 627 2190 suis
654 2136 1026 2207 pertinentiis;
1052 2142 1105 2190 et
1134 2135 1531 2190 monasterium
1563 2137 1620 2191 S.
1654 2135 1798 2190 Petri

188 2247 325 2287 cum
377 2236 557 2296 curte,
612 2246 737 2299 qua
787 2238 1016 2284 vocatur
1055 2227 1388 2297 Nurisatico,
1446 2236 1501 2284 et
1537 2229 1802 2285 omnibus

189 2325 309 2381 suis
346 2322 551 2390 rebus;
573 2330 627 2377 et
656 2322 1054 2378 monasterium
1086 2324 1140 2377 S.
1177 2322 1393 2377 Martini
1422 2322 1478 2377 in
1500 2322 1802 2378 Casalichio

188 2434 325 2474 cum
362 2416 625 2472 omnibus
644 2416 757 2472 suis
786 2416 1146 2486 pertinentiis.
1172 2420 1353 2487 Atque
1383 2415 1660 2471 donamus
1699 2415 1804 2471 l'ra-

188 2510 447 2567 tertinati
472 2518 583 2565 tua
611 2518 829 2580 portam
857 2508 910 2563 in
935 2509 1156 2564 civitate
1189 2508 1464 2576 Bononia,
1492 2525 1615 2581 qua
1646 2524 1804 2565 com-

191 2605 361 2663 muni
391 2605 623 2660 nomine
654 2602 855 2659 dicitur
885 2605 941 2658 S.
980 2604 1151 2670 Petri,
1190 2610 1242 2659 et
1278 2611 1507 2659 stratam
1538 2618 1660 2675 qua
1710 2618 1806 2658 no-

193 2700 456 2756 minatur
483 2695 683 2752 Salaria
711 2711 835 2751 cum
868 2695 1114 2762 stratico,
1145 2704 1198 2750 et
1226 2712 1351 2751 cum
1380 2696 1529 2751 omni
1567 2696 1803 2759 redditu,

194 2808 370 2864 quem
403 2789 712 2860 antiquitus
736 2790 1043 2860 persolvere
1071 2788 1248 2844 solent
1277 2789 1379 2859 ipsi
1411 2788 1682 2855 homines,
1715 2788 1807 2860 qui

195 2902 293 2958 per
325 2882 759 2956 pranomiuatas
779 2890 979 2939 stratas
1004 2882 1104 2947 ire,
1138 2882 1216 2937 vel
1246 2882 1423 2938 redire
1470 2882 1611 2938 soliti
1658 2890 1805 2937 sunt.

193 2981 649 3036 Commonemus
672 2991 892 3048 quoque
906 2985 985 3042 ut,
1013 2983 1217 3032 statuto
1239 2984 1504 3048 tempore,
1519 2974 1807 3048 prafatum

196 3071 490 3131 redditum
527 3069 733 3141 absque
757 3069 1081 3141 negligentia
1126 3070 1435 3141 persolvere
1463 3068 1721 3125 studeant
1756 3078 1811 3125 et

198 3164 613 3225 monasterium
640 3165 694 3219 S.
729 3164 935 3229 Maria,
966 3179 1089 3235 qua
1113 3164 1434 3219 nominatur
1451 3164 1650 3235 Major,
1681 3179 1809 3219 cum

200 3259 475 3317 omnibus
503 3257 616 3312 suis
658 3257 1013 3328 pertinentiis,
1050 3272 1181 3313 cum
1220 3272 1341 3313 casa
1371 3257 1626 3313 salariata
1675 3256 1813 3313 infra

200 3354 495 3410 civitatem
521 3350 813 3419 Bononia,
840 3366 964 3423 qua
991 3358 1073 3405 est
1111 3351 1249 3422 juris
1278 3350 1445 3423 ipsius
1476 3350 1813 3418 monasterii,

204 3455 254 3503 et
290 3444 709 3501 monasterium
730 3445 786 3501 8.
817 3443 1142 3501 Columbani
1182 3443 1509 3499 confessoris
1531 3460 1659 3499 cum
1690 3459 1814 3499 om-

202 3540 380 3596 nibus
426 3538 541 3593 suis
571 3536 770 3605 rebus;
816 3546 869 3592 et
918 3537 1312 3593 monasterium
1366 3538 1457 3593 SS.
1504 3544 1816 3609 martyrum

207 3631 461 3691 Gervasii
512 3638 567 3685 et
620 3629 850 3686 Protasii
895 3646 1025 3687 cum
1074 3630 1329 3687 omnibus
1357 3630 1471 3686 suis
1514 3629 1717 3695 rebus;
1762 3637 1819 3685 et

208 3725 613 3781 monasterium
662 3725 718 3780 8.
758 3722 994 3780 Thema
1044 3723 1274 3796 apostoli
1322 3724 1491 3779 situm
1526 3731 1651 3780 ante
1684 3738 1818 3795 por-

214 3826 339 3874 tam
370 3819 423 3873 S.
466 3817 607 3873 Petri
637 3832 764 3873 cum
795 3816 1054 3873 omnibus
1086 3817 1196 3873 suis
1224 3818 1414 3886 rebus;
1447 3825 1501 3873 et
1528 3825 1815 3873 monaste-

217 3911 369 3967 rium
400 3912 455 3965 S.
502 3910 732 3967 Joannis
757 3911 1105 3982 evangelista
1163 3908 1457 3966 fundatum
1498 3911 1553 3966 in
1606 3918 1815 3977 monte,

215 4005 312 4078 qui
344 4011 567 4060 vocatur
593 4002 811 4069 Oliveti,
844 4018 972 4060 cum
1017 4003 1272 4059 omnibus
1299 4003 1413 4060 suis
1452 4003 1815 4075 pertinentiis.

215 4096 491 4156 Similiter
562 4096 921 4155 concedimus
981 4097 1375 4154 monasterium
1419 4099 1477 4153 S.
1532 4096 1815 4168 Stephani,

216 4192 367 4264 quod
396 4198 626 4247 vocatur
657 4190 1022 4259 Hierusalem,
1049 4195 1102 4246 et
1120 4190 1267 4261 quod
1296 4193 1369 4246 D.
1391 4191 1674 4247 Petronius
1688 4190 1822 4246 adi-

221 4286 411 4341 ticavit
440 4284 511 4340 ad
566 4299 727 4340 usum
765 4283 1014 4356 ejusdem
1067 4283 1307 4341 ecclesia
1337 4292 1391 4339 et
1422 4300 1551 4340 cum
1576 4291 1820 4339 mercato

219 4379 277 4435 8.
306 4378 537 4435 Joannis
571 4378 836 4450 Baptista
871 4378 1059 4450 ibique
1110 4385 1349 4435 tenente.
1390 4380 1496 4435 Seu
1525 4379 1819 4434 conﬁrma—

220 4488 369 4541 mus,
402 4481 574 4544 atque
626 4472 937 4528 stabilimus
972 4480 1185 4529 curtem
1214 4488 1337 4545 qua
1368 4472 1685 4528 nominatur
1719 4471 1820 4527 Mi-

1840 3193 1888 3259 C

1900 541 1991 615 qui
2027 543 2225 599 dicitur
2253 546 2390 611 Leo,
2426 552 2481 598 et
2509 544 2669 613 alius,
2701 545 2793 615 qui
2829 553 3058 600 vocatur
3085 547 3292 601 Mazza.
3326 546 3491 602 Simi-

1900 636 2023 690 liter
2051 635 2403 691 concedimus
2434 636 2673 707 praelata
2703 637 2960 695 Ecclesia
2989 646 3219 706 curtem,
3258 654 3381 709 qua
3406 638 3490 694 di-

1899 728 2041 784 citur
2069 729 2481 785 Maximaticum
2514 746 2638 785 cum
2684 730 2877 797 rebus,
2937 740 2989 786 et
3036 731 3488 802 possessionibus,

1901 822 2218 894 cunctisque
2249 824 2604 894 pertinentiis.
2661 826 2791 880 Bac
2841 826 3050 891 omnia,
3091 841 3211 897 quae
3240 825 3492 896 superius

1900 916 2177 987 leguntur,
2207 933 2329 989 qua
2360 917 2583 989 prafata
2616 918 2853 972 Ecclesia
2872 918 3178 989 nuncjuste
3203 927 3374 987 tenet,
3409 917 3489 974 vel

1901 1009 2155 1082 deinceps
2210 1011 2543 1083 acquisitura
2600 1020 2702 1078 est,
2752 1019 2865 1066 tam
2916 1011 3013 1067 tibi
3069 1027 3235 1083 quam
3282 1011 3493 1068 cunctis

1901 1104 1994 1173 qui
2034 1103 2089 1157 in
2118 1119 2207 1169 eo,
2232 1120 2339 1175 quo
2388 1119 2445 1159 es
2474 1103 2687 1171 ordine,
2718 1103 2838 1159 loco
2870 1105 3252 1170 successerint,
3282 1105 3364 1160 vel
3394 1104 3492 1167 eis,

1901 1212 2140 1267 quorum
2162 1198 2423 1253 interesse
2453 1196 2791 1268 potuerit,in
2817 1207 3139 1270 perpetuum
3170 1197 3493 1255 reservanda

1901 1288 2273 1345 decernimus.

1972 1386 2177 1439 Datum
2212 1394 2253 1437 X
2304 1385 2431 1440 Kal.
2456 1384 2660 1456 Aprilis
2685 1399 2779 1455 per
2826 1398 3049 1440 manum
3096 1388 3152 1440 8.
3178 1387 3249 1440 Β.
3284 1386 3344 1441 Ε.
3379 1400 3497 1457 pre-

1904 1476 2107 1547 sbyteri
2136 1478 2340 1533 cardiu.
2373 1494 2437 1534 ac
2483 1478 2897 1541 bibliothecarii,
2927 1494 3017 1533 an.
3057 1479 3235 1549 primo
3273 1478 3498 1550 pontiﬁ-

1903 1578 2054 1629 catus
2088 1574 2158 1627 D.
2193 1572 2445 1643 Gregorii
2476 1574 2576 1628 VII
2608 1578 2781 1644 papae;
2811 1588 2956 1628 anno
2986 1578 3146 1639 1073,
3186 1572 3372 1627 indict.
3406 1586 3496 1630 ιι.

2644 1686 2768 1739 VII.

1909 1796 2195 1863 Gregorius
2239 1811 2418 1851 omnes
2469 1796 2685 1850 abbates
2742 1800 2790 1849 et
2826 1797 3085 1865 praelatos
3132 1810 3229 1864 per
3290 1796 3498 1853 Gallias

1976 1872 2289 1922 constitutos
2308 1869 2555 1921 hortatur
2576 1873 2637 1920 ut
2665 1867 3003 1921 ecclesiarum
3027 1870 3086 1922 B.
3120 1869 3276 1921 Petro
3298 1870 3501 1936 stipen-

1978 1940 2281 1993 diariamm
2306 1955 2487 1993 census
2500 1940 2659 2007 pensi
2664 1942 2774 1991 tcnt
2796 1940 3015 2005 Hugoni
3030 1940 3268 2008 episcopo
3283 1940 3490 2005 Diensi,

1977 2012 2065 2065 cui
2091 2013 2228 2067 vices
2252 2026 2377 2065 suas
2408 2012 2709 2065 commissas
2740 2012 2983 2064 nuntiat.

2410 2119 2414 2123 “
2512 2110 2697 2181 (Anno
2717 2117 2894 2177 1074.)

1907 2218 2120 2283 [Chron.
2148 2218 2389 2287 Hugonis
2409 2218 2649 2281 Flavia,
2682 2232 2773 2285 ap.
2804 2216 3016 2270 Pnn'rz.
3059 2218 3298 2271 Monum.
3324 2217 3501 2273 Germ.

2337 2289 2491 2351 hist,
2520 2288 2717 2359 Script,
2743 2288 2899 2351 VIII,
2930 2290 3077 2354 412.]

1981 2402 2138 2455 Gneo
2148 2414 2333 2455 ontus
2351 2400 2661 2470 episcopus,
2675 2414 2861 2453 servus
2876 2413 3163 2454 servorum
3189 2397 3309 2465 Dei,
3333 2398 3507 2454 omni-

1913 2493 2015 2548 bus
2041 2492 2332 2548 abbatibus
2362 2501 2417 2547 et
2444 2492 2683 2563 praelatis
2696 2499 2811 2546 tam
2833 2491 3233 2547 monachorum
3258 2508 3423 2564 quam
3454 2500 3510 2548 et

1914 2586 2309 2641 canonicorum
2350 2600 2445 2655 per
2494 2583 2699 2641 Gallias
2748 2584 3081 2653 constitutis,
3156 2586 3390 2641 salutem
3456 2592 3512 2642 et

1914 2678 2269 2750 apostolicam
2300 2677 2765 2733 benedictionem.

1986 2770 2411 2828 Fraternitatem
2436 2778 2693 2836 vestram,
2718 2769 3055 2825 dilectissimi
3090 2770 3302 2839 fratres,
3343 2771 3513 2827 latere

1916 2864 2143 2921 minime
2189 2862 2462 2919 credimus
2499 2862 2770 2935 quasdam
2817 2863 3170 2919 ecclesiarum
3207 2874 3512 2921 vestrarum

1917 2957 2075 3013 beato
2119 2958 2284 3011 Petro
2322 2963 2377 3009 et
2406 2954 2565 3010 nobis
2613 2970 2826 3009 annuos
2855 2970 3052 3010 census
3090 2954 3399 3025 persolvere
3440 2971 3507 3011 ex

1922 3050 2343 3121 praecedentium
2369 3051 2597 3105 Patrum
2646 3046 3089 3103 institutionibus
3133 3046 3349 3103 debere.
3403 3047 3514 3105 Sed

1922 3144 2047 3215 quia
2076 3142 2305 3215 quidam
2346 3150 2612 3211 vestrum,
2662 3142 2862 3213 partim
2911 3140 3259 3214 negligentia,
3304 3142 3511 3213 partim

1920 3254 2047 3293 vero
2076 3238 2254 3292 tenaci
2292 3235 2639 3292 induratione
2682 3235 2799 3291 hac
2824 3233 3090 3291 hactenus
3142 3235 3326 3290 minus
3356 3234 3515 3306 plene

1921 3346 2092 3401 quam
2123 3336 2400 3401 oporteret
2424 3336 2669 3400 egerunt,
2698 3327 2799 3382 bos
2832 3333 2894 3382 ut
2934 3326 3215 3383 emendari
3251 3335 3305 3382 et
3332 3326 3516 3382 debita

1922 3423 2145 3478 solvere
2168 3420 2445 3483 studeant,
2477 3435 2672 3476 omnes
2716 3427 2902 3475 autem
2957 3427 3018 3474 ut
3046 3419 3345 3492 apostolico
3375 3434 3516 3490 pra-

1926 3523 2081 3586 cepto
2117 3518 2208 3569 cui
2251 3513 2479 3582 vectigal
2520 3514 2766 3581 vectigal,
2796 3514 2893 3581 qui
2936 3512 3199 3566 tributum
3250 3514 3518 3568 tributum

1925 3607 2311 3679 obtemperetis
2337 3620 2777 3661 commonemus.
2802 3606 3202 3678 Unusquisque
3238 3606 3387 3661 enim
3415 3621 3521 3661 non

1928 3703 2072 3773 quod
2100 3718 2257 3757 suum
2283 3706 2380 3769 est,
2410 3700 2502 3755 sed
2530 3700 2676 3769 quod
2716 3697 2943 3755 alterius
2984 3704 3062 3754 est
3088 3704 3334 3769 quierat;
3378 3714 3515 3771 quo-

1928 3796 2077 3851 niam
2114 3794 2161 3849 si
2190 3793 2354 3866 digne
2392 3792 2742 3865 redarguitur
2766 3792 2881 3864 qui,
2918 3800 3082 3865 prout
3121 3800 3362 3865 oportet,
3390 3808 3519 3864 pro-

1929 3889 2046 3961 pria
2074 3903 2184 3943 non
2211 3887 2458 3959 largitur,
2487 3902 2595 3958 qua
2625 3886 2901 3941 sententia
2946 3886 3144 3958 dignus
3187 3893 3271 3941 est
3299 3887 3394 3958 qui
3421 3901 3522 3942 nec

1930 3982 2105 4037 aliena
2148 3995 2339 4053 rapere
2387 3995 2489 4035 nec
2536 3978 2715 4034 debita
2755 3978 2950 4034 metuit
3004 3978 3262 4045 retinere,
3308 3977 3522 4036 dicente

1933 4077 2179 4132 Domino
2210 4096 2221 4131 :
2262 4077 2390 4143 Qua
2417 4074 2584 4129 vultis
2610 4078 2673 4127 ut
2698 4075 2916 4139 faciant
2943 4073 3112 4139 vobis,
3141 4072 3250 4127 haec
3276 4074 3453 4139 facite
3475 4076 3526 4128 et

1931 4188 2021 4228 vos
2050 4172 2193 4237 illis;
2222 4178 2278 4225 et
2296 4188 2309 4224 :
2335 4168 2487 4235 Quod
2502 4168 2606 4222 tibi
2620 4184 2726 4222 non
2743 4170 2844 4231 vis,
2868 4168 2975 4222 alii
2994 4184 3099 4222 non
3114 4168 3303 4233 feceris
3323 4169 3351 4222 ?
3366 4169 3525 4223 Nunc

1934 4266 2098 4338 igitur
2120 4264 2243 4337 quia
2271 4263 2532 4317 dilectum
2570 4260 2748 4316 ﬁlium
2768 4268 3021 4316 nostrum
3052 4263 3346 4331 Hugonem
3365 4260 3525 4317 Dien-

1932 4374 2048 4415 sem
2086 4358 2404 4429 episcopum
2444 4355 2515 4410 ob
2572 4354 2956 4410 ecclesiastica
3005 4353 3253 4409 utilitatis
3306 4353 3522 4411 diversa

1930 4453 2146 4525 negotia
2172 4452 2225 4506 in
2248 4450 2460 4506 Gallias
2500 4449 2647 4503 vices
2688 4454 2905 4503 nostras
2937 4454 3323 4502 exsecuturum
3352 4446 3523 4502 mitti-

219 4539 389 4631 Ionis,
418 4539 548 4622 cum
590 4567 795 4637 portu,”
818 4572 872 4620 et
898 4565 1151 4636 ripatico,
1183 4539 1248 4621 et
1264 4566 1477 4622 teloneo
1510 4574 1564 4621 et
1604 4580 1822 4622 merca-
1847 4562 1900 4626 D
1930 4562 2077 4613 musa
2107 4552 2162 4600 εἴ
2188 4546 2319 4617 qum
2356 4542 2564 4637 “enlilli
2804 4539 3025 4637 φ’θάθῗθ
3048 4539 3332 4637 ([θξκῖξηυεν
3356 4553 3523 4637 ςιξθηι

220 4667 307 4725 to,
336 4669 393 4715 et
416 4658 592 4724 silvis,
628 4666 685 4714 et
708 4658 1104 4725 venationibus,
1150 4667 1204 4714 et
1244 4674 1372 4715 cum
1415 4659 1722 4731 paludibus,
1769 4667 1824 4715 et

222 4753 645 4824 piscationibus,
674 4760 728 4808 et
748 4768 876 4808 cum
909 4752 1100 4821 servis,
1127 4762 1183 4808 et
1210 4752 1442 4819 ancillis,
1470 4762 1526 4809 et
1551 4768 1675 4808 cum
1705 4768 1822 4808 om-

223 4844 394 4902 nibus
443 4845 510 4901 ad
580 4860 638 4900 se
695 4845 1110 4917 pertinentibus.
1160 4846 1423 4902 Similiter
1468 4846 1823 4903 concedimus

224 4947 431 4996 cuncta
456 4938 681 5010 pradia,
726 4947 779 4993 et
799 4939 1168 5010 possessiones
1192 4940 1523 4995 monasteria
1556 4940 1823 5008 videlicet,

224 5040 281 5087 et
321 5032 523 5103 plebes,
564 5040 621 5089 et
668 5032 922 5089 ecclesias
968 5033 1338 5104 baptismales,
1370 5033 1615 5100 castella,
1652 5034 1822 5101 villas,

225 5125 471 5195 abbates,
512 5126 839 5192 monachos,
868 5128 1237 5199 presbyteros,
1264 5128 1545 5192 diaconos,
1576 5128 1823 5195 clericos,

180 5244 198 5263 ο
232 5218 509 5276 litteratos
537 5228 592 5276 et
622 5220 956 5287 illitteratos,
1008 5236 1195 5276 servos
1234 5230 1288 5275 et
1335 5220 1560 5277 ancillas
1590 5221 1713 5286 Dei,
1741 5228 1829 5275 at-

230 5325 347 5383 que
393 5313 747 5379 diaconissas,
808 5311 1042 5369 famulos
1094 5314 1378 5383 utriusque
1405 5330 1586 5379 sexus,
1619 5322 1674 5368 et
1724 5314 1831 5369 ho—

232 5405 418 5461 mines
444 5422 637 5462 omnes
682 5422 849 5478 super
874 5415 1084 5462 terram
1131 5408 1402 5477 pradicta
1431 5407 1686 5463 Ecclesia
1718 5410 1829 5462 Bo-

232 5497 518 5556 noniensis
546 5499 869 5564 residentes,
916 5507 978 5554 ut
1024 5499 1076 5553 in
1109 5508 1199 5557 tua
1248 5509 1577 5573 tuorumque
1614 5516 1830 5556 succes-

232 5605 430 5650 sorum
457 5595 567 5650 sint
606 5601 897 5663 potestate,
939 5601 994 5647 et
1022 5592 1339 5649 defensione
1374 5592 1511 5650 infra
1540 5595 1827 5663 terminos,

235 5691 299 5739 et
328 5686 556 5743 conﬁnia
590 5686 935 5758 episcopatus
986 5687 1367 5745 Bononiensis.
1400 5688 1547 5744 sicut
1578 5704 1699 5743 esca
1730 5689 1832 5744 Ilu-

235 5778 411 5849 miue,
439 5779 586 5853 quod
615 5780 814 5837 dicitur
845 5780 1114 5847 Gaibana,
1157 5790 1212 5837 et
1232 5781 1379 5837 rivus
1403 5783 1495 5853 qui
1522 5782 1835 5839 Sablosolus

236 5881 492 5942 vocatur,
538 5881 595 5931 et
620 5883 811 5943 strata,
854 5888 980 5946 qua
1003 5875 1297 5949 Ungarista
1324 5874 1525 5933 dicitur
1573 5884 1733 5947 atque
1764 5875 1831 5932 ad

525 5964 763 6020 Ρηκοι..
809 5963 1069 6019 CXLVIII.

1931 4641 1985 4697 in
2032 4639 2289 4696 omnibus
2330 4652 2359 4692 a
2392 4635 2555 4691 nobis
2611 4633 2711 4689 sibi
2751 4632 3015 4704 injunctis
3060 4631 3291 4687 ﬁdeliter
3344 4632 3524 4704 egisse

1930 4732 2324 4805 comperimus,
2364 4744 2487 4800 qua
2528 4726 2688 4782 nobis
2713 4742 2777 4781 ex
2825 4725 3067 4782 ecclesiis
3095 4724 3285 4781 vestris
3312 4726 3521 4797 specia-

1932 4827 2054 4882 liter
2095 4823 2309 4880 debetis
2362 4837 2461 4878 vos
2501 4820 2580 4877 illi
2605 4819 2674 4875 ad
2709 4835 2811 4875 nos
2857 4817 3177 4890 perferenda
3218 4818 3526 4891 persolvere

1934 4934 1999 4975 ac
2027 4919 2095 4975 de
2136 4916 2366 4973 retentis
2394 4912 2705 4971 satisfacere
2738 4911 3026 4984 jubemus.

2658 5027 2812 5080 VIII.

1938 5144 2185 5212 Gregorii
2248 5142 2471 5210 epistola
2517 5138 2609 5212 ad,
2633 5138 2831 5193 clerum
2880 5142 2929 5193 et
2965 5138 3229 5209 populum
3276 5140 3529 5195 Matisco-

2005 5230 2235 5268 nensem.
2263 5241 2333 5252 -
2372 5215 2440 5269 Ut
2462 5211 2727 5267 Landrico
2752 5214 3125 5265 Matismnensi
3147 5212 3387 5279 episcopo
3410 5226 3446 5265 α
3472 5225 3526 5265 se

2008 5287 2253 5341 ordinato
2276 5285 2640 5339 reverentiam
2662 5288 2711 5337 et
2733 5284 3066 5352 adjutorium
3089 5283 3421 5352 impendant.

2570 5392 2901 5440 Anuol074.

2570 5392 2901 5440 Anuol074.

1939 5486 2104 5551 [Dom
2137 5484 2435 5547 Bouous'r,
2469 5387 2680 5536 Hefmeil
2706 5479 2796 5533 des
2835 5390 3144 5545 his)toriens,
3167 5480 3324 5544 XIV,
3378 5479 3529 5544 575.]

2012 5593 2369 5649 Gnsoontus
2392 5592 2675 5661 PpISCOpUS
2695 5605 2881 5646 servus
2902 5605 3189 5646 servorum
3237 5588 3355 5651 Dei,
3388 5587 3531 5641 cli-r0

1942 5696 1996 5742 et
2022 5686 2222 5757 populo
2254 5684 2674 5741 Matisconensis
2703 5683 2962 5740 Ecclesia
2985 5686 3218 5743 salutem
3248 5688 3301 5736 et
3325 5686 3535 5751 aposto-

1941 5780 2103 5837 licam
2131 5778 2595 5835 benedictionem.

2020 5875 2238 5944 Quanta
2276 5874 2349 5931 sit
2388 5886 2516 5943 erga
2540 5885 2639 5927 vos
2666 5876 2721 5925 et
2750 5868 2931 5922 locum
2964 5881 3209 5927 vestrum
3230 5865 3540 5935 apostolica

3117 5959 3179 6011 21
