4044 6164
497 310 591 362 651

1406 248 1500 344 ἐ.
1542 286 1863 344 ςΗΕςοΡιιι
1892 285 1983 340 vn
2022 283 2214 339 eme
2251 278 2524 336 orarum
2557 276 2736 332 PARS
2776 276 2840 330 ιι.

3682 274 3782 326 632

496 428 640 485 sedis
677 422 1073 488 benevolentia,
1102 435 1165 475 ex
1208 431 1399 473 amore
1449 429 1615 486 quem
1668 413 1726 468 in
1771 398 2081 482 episcopum
2110 413 2165 475 Α
2195 406 2313 461 vior
2345 420 2409 461 ex
2467 401 2790 475 apostolica
2825 396 2969 454 sedis
3002 394 3213 469 judicio
3242 394 3511 466 (pendeat.
3542 393 3791 451 Chrisma

499 518 871 590 (Laud-ricam)
917 523 1162 570 vestrum
1205 510 1473 565 habemus
1525 520 1860 577 cognoscere
1902 504 2083 568 datur,

494 614 590 687 qui
613 610 931 685 episcOpalis
978 606 1147 663 ofﬁcii
1182 601 1622 661 benedictionem
1667 608 1724 654 et
1766 598 2086 669 dignitatem

494 724 594 781 per
614 704 1023 777 impositionem
1046 715 1313 757 manuum
1330 705 1672 761 nostrarum,
1703 700 1924 771 auctore
1950 695 2085 755 Deo,

493 798 795 870 suscepisse
852 793 1208 867 dignoscitur.
1264 793 1562 856 Caeterum,
1606 794 1670 840 ut
1726 782 2089 841 ordinationis

495 910 610 951 suae
638 901 784 948 certa
800 890 1183 947 demonstrare
1218 885 1390 958 possit
1414 882 1639 947 indicia,
1668 879 1812 934 sicut
1840 884 2089 949 oportere

496 987 874 1060 cognovimus,
902 1000 1026 1039 cum
1054 980 1251 1037 litteris
1272 959 1477 1033 nostris
1494 984 1547 1031 et
1578 971 1878 1045 apostolico
1910 970 2088 1042 sigillo

495 1099 624 1138 eum
647 1080 719 1137 ad
736 1096 831 1136 vos
850 1076 1188 1139 remisimus,
1207 1072 1571 1129 admonentes
1597 1084 1695 1122 vos
1716 1075 1769 1122 et
1789 1064 2089 1136 apostolica

494 1174 818 1232 auctoritate
844 1170 1239 1243 praecipientes,
1265 1174 1329 1221 ut
1356 1180 1483 1220 eum
1508 1162 1661 1218 omni
1705 1159 1993 1215 dilectione
2036 1164 2092 1211 et

495 1268 695 1341 gaudio
724 1265 1051 1336 recipientes
1111 1259 1443 1319 unanimiter
1489 1254 1798 1319 honoretis,
1852 1260 1905 1307 et
1942 1266 2092 1305 reve-

495 1361 733 1417 tentiam
762 1374 886 1431 qua:
930 1356 1067 1429 patri
1119 1354 1350 1411 debetur
1388 1359 1442 1407 et
1479 1351 1731 1421 episcopo
1772 1345 1912 1402 ﬁdeli
1957 1345 2093 1399 obe-

496 1454 705 1511 dientia
736 1468 799 1509 ac
840 1451 1033 1507 devota
1066 1448 1406 1521 subjectione
1438 1444 1540 1499 sibi
1563 1439 1882 1507 exhibeatis,
1915 1447 2092 1493 atten-

499 1547 694 1604 dentes
720 1545 1015 1602 Dominica
1044 1542 1207 1598 verba
1242 1560 1255 1597 :
1281 1543 1388 1609 Qui
1414 1555 1502 1594 ros
1526 1537 1704 1604 audit,
1725 1552 1808 1589 me
1822 1532 1985 1588 aud-it
2007 1551 2025 1583 :
2043 1538 2094 1586 et

499 1644 597 1713 qui
618 1656 708 1697 vos
736 1642 946 1711 spernit
969 1656 1051 1693 me
1079 1638 1290 1708 spernit
1321 1634 1462 1706 (Luc.
1500 1648 1565 1702 Χ,
1610 1630 1711 1701 16).
1734 1631 1909 1683 Tanto
1942 1626 2091 1682 enim

498 1732 798 1791 latioribus
845 1731 1041 1789 animis
1080 1730 1226 1787 hunc
1253 1728 1548 1799 suscipere,
1595 1723 1856 1788 venerari,
1896 1721 2091 1775 timere

2190 515 2344 566 vero,
2376 497 2561 553 oleum
2610 502 2885 557 sanctum,
2918 490 3357 546 consecrationes
3395 488 3650 544 altarium
3678 490 3792 545 sive

2192 593 2560 660 basilicarum,
2620 588 2991 646 ordinationes
3020 584 3421 644 canonicorum
3459 593 3515 641 et
3559 584 3790 641 clerico-

2192 706 2339 757 rum,
2370 703 2398 742 a
2445 700 2770 758 quocunque
2816 682 3121 738 malueritis
3177 680 3454 737 catholico
3484 678 3791 750 suscipiatis

2193 785 2451 840 antistite.
2480 780 2569 837 Ad
2616 780 2723 835 hoc
2750 778 3033 850 adjicimus
3062 784 3126 831 ut
3160 775 3350 832 eadem
3396 774 3540 831 beati
3593 774 3795 830 Hilarii

2194 881 2419 937 ecclesia
2454 879 2558 934 soli
2598 880 2864 934 Romana:
2892 873 3151 930 Ecclesia
3189 873 3408 929 subdita
3448 878 3797 945 permaneat,

2196 975 2339 1031 etde
2369 982 2519 1029 tanta
2545 987 2765 1042 semper
2806 968 3056 1026 libertate
3096 975 3262 1039 atque
3302 965 3636 1022 auctoritate
3664 981 3799 1038 gau-

2194 1069 2337 1126 deat.
2363 1068 2449 1124 Ad
2480 1066 2735 1123 indicium
2776 1073 2961 1119 autem
2992 1070 3257 1135 percepta
3288 1060 3446 1133 hujus
3475 1076 3507 1116 a
3538 1064 3802 1117 Romana

2196 1162 2433 1219 Ecclesia
2478 1159 2742 1216 libertatis
2782 1174 2874 1229 per
2930 1172 3104 1213 annos
3148 1154 3389 1227 singulos
3438 1170 3616 1211 unam
3686 1153 3803 1211 auri

2198 1259 2418 1313 unciam
2441 1254 2793 1312 Lateranensi
2815 1253 3015 1324 palatio
3036 1251 3339 1323 persolvat.
3370 1249 3427 1306 Si
3458 1250 3582 1323 quis
3606 1259 3801 1306 autem

2198 1351 2654 1424 archiepiscopus,
2706 1349 3026 1421 episcopus,
3091 1354 3187 1402 aut
3240 1343 3501 1418 quaelibet
3564 1360 3805 1417 persona

2197 1445 2357 1517 hujus
2393 1444 2567 1500 nostri
2612 1441 2872 1514 privilegii
2919 1440 3173 1512 paginam
3221 1453 3549 1511 agnoscens,
3604 1444 3807 1493 contra

2199 1555 2323 1596 eam
2354 1547 2565 1594 temere
2588 1536 2772 1592 venire
2792 1532 3226 1607 praesumpserit,
3253 1533 3298 1588 si
3332 1547 3454 1604 qua:
3476 1531 3627 1587 male
3653 1529 3806 1588 facta

2199 1632 2402 1688 fuerint
2429 1648 2542 1687 non
2584 1629 2963 1686 emendaverit
2981 1669 2996 1697 ,
3029 1626 3321 1699 potestatis
3349 1622 3699 1697 honorisque
3724 1624 3804 1682 sui

2198 1725 2464 1799 dignitate
2512 1732 2716 1792 careat,
2742 1738 3010 1795 reumque
3037 1737 3097 1777 se
3124 1720 3304 1778 divino
3330 1718 3544 1793 judicio
3571 1719 3808 1777 existere

496 1828 725 1896 debetis,
768 1842 831 1882 ac
867 1826 1116 1898 diligere,
1158 1830 1425 1896 quantum
1452 1835 1581 1875 eum
1619 1817 1689 1873 ab
1724 1814 1875 1872 omni
1905 1813 2087 1870 Simo-
2120 1793 2169 1856 Β
2198 1793 2601 1893 δέρει-ρεθυιρεδ
2631 1793 3261 1890 ίῃίςυὶῐδῐθῄοοεῃοδοεῖ,
3291 1822 3348 1870 et
3367 1830 3397 1870 a
3425 1813 3809 1871 sacratissimo

495 1922 650 1979 niaca
702 1919 1002 1977 ambitione
1058 1934 1260 1991 purum
1315 1924 1370 1972 et
1422 1911 1939 1973 incontaminatum,
1988 1922 2089 1962 nec

492 2014 713 2071 aliunde
744 2030 909 2085 quam
946 2029 1040 2084 per
1064 2011 1267 2067 ostium
1304 2008 1374 2065 ad
1423 2006 1733 2063 custodiam
1772 2003 2087 2059 animarum

498 2117 804 2164 vestrarum
844 2108 899 2160 in
928 2105 1231 2160 Ecclesiam
1266 2102 1539 2167 introisse,
1569 2106 1623 2154 et
1662 2096 1983 2168 episcopalis
2014 2095 2088 2148 vi-

493 2200 731 2275 gilantia:
768 2198 1047 2271 speculam
1076 2204 1292 2253 constat
1342 2193 1669 2250 ascendisse.
1713 2188 1949 2247 Proinde
1984 2203 2088 2242 nos

428 2368 429 2373 η
492 2296 727 2350 multum
752 2293 907 2348 vobis
934 2289 1343 2361 congaudentes
1361 2303 1621 2361 rogamus
1654 2293 1709 2341 et
1725 2284 2087 2340 admonemus

495 2387 849 2444 dilectionem
896 2394 1167 2451 vestram,
1219 2390 1484 2455 quatenus
1538 2379 1606 2435 ad
1648 2377 1940 2452 regendam
1982 2374 2083 2430 sibi

490 2483 841 2538 commissam
892 2478 1219 2545 Ecclesiam,
1250 2478 1471 2546 ejusque
1504 2474 1628 2545 jura
1686 2468 2080 2537 conservanda,

490 2584 546 2631 et
578 2576 672 2630 ubi
708 2589 847 2645 opus
896 2571 1069 2627 fuerit
1108 2568 1505 2641 recuperanda,
1553 2574 1823 2637 quantum
1868 2563 2079 2631 valetis,

488 2668 775 2724 consilium
802 2666 903 2720 sibi
933 2674 989 2720 et
1022 2662 1356 2737 adjutorium
1379 2661 1690 2733 praebeatis,
1732 2667 1784 2713 et
1822 2658 1878 2712 in
1898 2657 2081 2713 omni-

488 2762 593 2818 bus
628 2776 752 2833 qua:
794 2759 863 2815 ad
892 2757 1256 2815 Christianam
1285 2756 1612 2827 religionem
1642 2752 1935 2825 pertinent,
1966 2751 2082 2822 ejus

486 2854 957 2911 admonitionibus
979 2850 1357 2923 acquiescatis,
1398 2849 1631 2905 scientes
1668 2846 1773 2902 sibi
1809 2863 1873 2901 ac
1900 2844 2078 2913 vobis,

486 2957 542 3006 et
587 2947 861 3013 Ecclesiae,
910 2947 1064 3018 cujus
1105 2947 1163 3001 in
1214 2944 1434 3000 Christo
1477 2940 1755 3009 spiritales
1790 2939 1882 2995 ﬁlii
1923 2940 2078 3006 estis,

484 3042 778 3116 apostolica
804 3037 1085 3113 suffragia,
1117 3047 1405 3110 quantum,
1454 3039 1571 3092 Deo
1609 3043 1922 3107 praestante,
1952 3048 2078 3104 pos-

481 3152 693 3203 sumus,
719 3134 791 3191 ad
819 3134 1126 3190 libertatem
1162 3131 1285 3187 ﬁdei
1330 3139 1524 3186 vestra:
1550 3137 1605 3184 et
1647 3137 1916 3192 nostram,
1949 3142 2079 3199 pro-

482 3229 797 3303 fectumque
810 3228 1022 3297 salutis,
1053 3225 1257 3298 ubique
1273 3224 1525 3297 prompta
1536 3230 1697 3294 atque
1721 3229 1911 3293 parata
1936 3218 2077 3277 fore.

1238 3338 1341 3394 IX.

480 3456 730 3528 Epistola
754 3454 1015 3528 Gregorii
1045 3452 1153 3528 VII
1177 3451 1251 3505 ad
1271 3450 1548 3528 canonicos
1665 3447 1869 3528 Hilarii
1884 3447 2078 3528 fieth

552 3524 774 3584 viensis'.
812 3519 1261 3594 J‘Privilegium
1289 3539 1395 3595 pro
1420 3523 1636 3578 ecclesia
1667 3522 1860 3577 Sancti
1876 3519 2083 3575 Hilarii

553 3602 921 3656 Pictaviensis.

1063 3689 1249 3761 (Anno
1310 3690 1489 3751 1074.)

876 3783 1108 3853 [MARS],
1150 3782 1348 3839 Canad.
1381 3782 1517 3849 XX,
1557 3783 1709 3849 623.]

550 3887 913 3946 Gnsoontus
939 3886 1249 3957 episcopus,
1277 3900 1466 3941 servus
1495 3898 1780 3939 servorum
1832 3881 1959 3948 Dei,
1999 3879 2081 3938 di-

481 3982 635 4039 lectis
664 3981 789 4036 ﬁliis
828 3978 1108 4037 canonicis
1147 3978 1333 4035 Sancti
1379 3976 1573 4033 Hilarii
1610 3975 1961 4032 Pictaviensis
1990 3990 2078 4030 sa-

481 4076 655 4135 lutem
683 4084 738 4131 et
762 4073 1127 4142 apostolicam
1153 4071 1615 4129 benedictionem.

552 4171 725 4242 Igitur
770 4169 841 4225 ob
879 4167 1240 4225 reverentiam
1295 4165 1441 4221 beati
1484 4163 1679 4220 Hilarii
1724 4162 2076 4233 confessoris,

480 4264 640 4337 cujus
665 4279 864 4336 corpus
893 4262 949 4318 in
974 4261 1167 4318 eadem
1197 4259 1425 4317 ecclesia
1467 4259 1780 4331 requiescit,
1815 4258 2078 4330 cujusque

481 4359 745 4417 doctrina
764 4355 1026 4429 splendor
1053 4372 1164 4413 non
1200 4356 1381 4411 solum
1405 4353 1475 4410 de
1513 4353 1803 4410 Gallicanis
1831 4352 2078 4424 partibus

481 4454 681 4515 erroris
707 4452 962 4509 tenebras
998 4449 1222 4522 expulit,
1251 4463 1444 4504 verum
1482 4448 1651 4503 etiam
1689 4446 1973 4503 universali
2000 4461 2086 4501 re-

482 4546 695 4619 fulgens
737 4547 927 4603 lumen
974 4544 1212 4600 contulit
1262 4541 1541 4609 Ecclesiae,
1584 4540 1828 4597 inclinati
1881 4540 2079 4596 vestris

481 4640 756 4713 precibus,
790 4638 1073 4711 praefatam
1098 4637 1245 4695 beati
1283 4635 1475 4693 Hilarii
1516 4636 1804 4691 ecclesiam
1853 4651 1885 4689 a
1912 4636 2079 4690 Fran-

482 4750 677 4789 corum
726 4734 943 4804 regibus
992 4741 1046 4788 et
1089 4731 1399 4803 Aquitaniae
1444 4730 1776 4801 principibus
1823 4737 2078 4785 constru-

482 4835 649 4892 ctam,
697 4842 1005 4898 eorumque
1050 4825 1269 4897 praediis
1294 4841 1360 4880 ac
1388 4824 1548 4880 donis
1594 4824 1846 4892 ditatam,
1876 4823 1930 4878 in
1960 4840 2079 4894 pro‘

482 4920 718 4977 tectione
742 4936 805 4975 ac
822 4919 1062 4974 tuitione
1085 4918 1227 4974 sedis
1257 4920 1571 4989 apostolica:
1586 4918 1891 4989 specialiter
1911 4918 2077 4973 susci-

482 5015 683 5087 pimus,
716 5013 881 5085 hujus
902 5011 1242 5084 privilegium
1261 5013 1598 5068 auctoritatis
1622 5021 1827 5068 nostraa
1852 5012 2074 5067 decreto

480 5108 846 5180 indulgentes,
874 5104 1079 5161 Deinde
1106 5105 1397 5161 statuimus
1428 5113 1487 5161 ut
1534 5122 1876 5178 quiscunque
1930 5104 2075 5161 bona

480 5201 706 5274 praelata
733 5200 874 5256 beati
903 5199 1099 5255 Hilarii
1119 5199 1343 5254 ecclesia
1374 5216 1439 5255 ex
1468 5198 1766 5256 donatione
1790 5199 2076 5271 praedicto-

480 5310 607 5351 rum
635 5310 831 5367 regum
855 5302 910 5350 et
950 5293 1261 5366 principum
1278 5292 1425 5364 juste
1460 5293 1719 5364 possidet,
1765 5294 1875 5349 sive
1910 5293 1964 5348 in
1985 5292 2073 5348 fu-

479 5396 668 5446 turum
688 5390 854 5462 justis
885 5387 1067 5443 modis
1123 5388 1323 5458 poterit
1347 5388 1610 5460 adipisci,
1657 5387 1810 5443 vobis
1848 5389 2072 5459 perenni

479 5492 730 5555 tempore
759 5491 815 5538 et
850 5483 971 5538 sine
1006 5482 1378 5555 inquietudine
1401 5482 1577 5551 aliqua
1608 5482 1807 5539 illibata
1852 5499 2071 5553 perma-

478 5587 665 5644 neant,
699 5575 1019 5649 adjicientes
1065 5592 1134 5631 ne
1167 5577 1454 5649 quisquam
1496 5576 1757 5648 deinceps
1799 5577 2072 5649 archiepi-

481 5686 683 5746 scOpus
735 5680 829 5726 aut
871 5672 1162 5743 episcopus
1208 5670 1353 5727 beati
1388 5671 1585 5728 Hilarii
1634 5672 1938 5741 ecclesiam,
1976 5680 2073 5728 aut

475 5767 649 5837 ipsius
698 5766 994 5822 canonicos
1044 5772 1139 5819 aut
1180 5766 1406 5820 clericos
1458 5766 1932 5823 excommunicare
1978 5774 2071 5822 aut

472 5860 805 5919 interdicere
830 5867 1159 5933 praesumat,
1210 5860 1306 5917 sed
1331 5860 1513 5916 omnis
1536 5876 1724 5916 eorum
1755 5878 1916 5917 causa
1946 5879 2070 5933 gra-

2196 1930 2424 1987 corpore
2455 1921 2509 1969 et
2526 1912 2787 1984 sanguine
2818 1910 2920 1967 Dei
2970 1919 3025 1967 et
3051 1908 3275 1965 Domini
3304 1907 3686 1981 redemptoris
3713 1924 3806 1965 no-

2195 2008 2290 2064 stri
2314 2010 2445 2064 Jesu
2476 2006 2681 2064 Christi
2721 2007 2930 2061 alienus
2954 2004 3067 2073 ﬁat,
3098 2012 3154 2061 et
3186 2003 3241 2059 in
3269 2010 3517 2060 extremo
3538 2005 3807 2061 examine

2194 2102 2455 2159 districta
2493 2101 2686 2158 ultioni
2719 2100 3021 2174 subjaceat.
3065 2098 3293 2156 Cunctis
3321 2106 3507 2154 autem
3537 2097 3641 2155 illo
3688 2099 3807 2155 loco

2185 2196 2331 2269 justa
2353 2196 2693 2252 servantibus
2716 2196 2785 2252 sit
2815 2212 2915 2262 pax
2941 2193 3165 2250 Domini
3198 2192 3371 2249 nostri
3395 2195 3427 2248 J
3433 2208 3531 2248 esu
3566 2192 3805 2260 Christi,

2193 2300 2464 2363 quatenus
2482 2301 2537 2348 et
2565 2291 2655 2347 hic
2679 2289 2927 2347 fructum
2956 2290 3116 2346 bona:
3135 2286 3368 2345 actionis
3388 2286 3728 2359 percipiant,
3750 2298 3804 2345 et

2190 2386 2332 2458 apud
2353 2386 2663 2443 districtum
2698 2385 2939 2456 judicem
2968 2383 3197 2456 praemia
3224 2391 3434 2440 aeterna
3463 2383 3618 2453 pacis
3648 2383 3806 2441 inve-

2192 2481 2365 2537 niant.

2256 2580 2459 2631 Datum
2496 2573 2758 2630 Laterani
2796 2589 2836 2630 x
2868 2572 2992 2629 Kal.
3032 2570 3189 2640 Maii,
3232 2588 3331 2644 per
3370 2587 3597 2629 manum
3639 2573 3799 2629 Petri

2191 2678 2395 2726 sancta:
2440 2671 2712 2725 Romanae
2759 2667 3014 2723 Ecclesiae
3051 2665 3354 2738 presbyteri
3394 2665 3687 2722 cardinalis
3725 2681 3794 2722 ac

2190 2762 2612 2831 bibliothecarii,
2633 2760 2808 2833 primo
2839 2777 2983 2817 anno
3023 2759 3379 2831 pontiﬁcatus
3406 2758 3615 2817 domini
3637 2759 3789 2817 Gre-

2188 2857 2321 2929 gorii
2350 2860 2447 2914 VII
2474 2872 2652 2928 papae,
2682 2854 2981 2913 indictione
3007 2869 3097 2911 x1.

2943 2966 3039 3021 X-

2186 3068 2532 3138 Privilegium
2576 3068 2823 3136 Gregorii
2859 3068 2962 3123 XII
2995 3081 3097 3135 pro
3136 3066 3459 3121 monasterio
3505 3066 3605 3122 SS.
3642 3065 3803 3122 Petri

2579 3144 2630 3195 et
2680 3139 2914 3195 Huberti
2939 3138 3362 3207 Andagi‘nensis.

2790 3231 2972 3302 (Anno
3005 3234 3188 3299 1074.]

2400 3329 2711 3395 [Manum
2755 3326 3017 3397 Ampliss.
3050 3326 3257 3383 Collect.
3299 3326 3395 3392 IV,
3423 3329 3577 3390 947.)

2261 3423 2633 3487 GBEGOBIUS,
2649 3420 2939 3491 episcOpus
2951 3435 3139 3475 servus
3147 3434 3436 3475 servorum
3446 3418 3578 3487 Dei,
3590 3417 3798 3476 dilecto

2187 3515 2242 3572 in
2267 3515 2485 3572 Christo
2498 3514 2610 3570 ﬁlio
2627 3516 3033 3571 Tnsonsntco
3050 3512 3234 3570 abbati
3258 3511 3590 3569 monasterii
3601 3513 3795 3568 Sancti

2188 3610 2334 3667 Petri
2363 3608 2659 3681 Sanctique
2685 3606 2920 3664 Huberti
2949 3606 3378 3680 Andaginensis,
3407 3605 3464 3662 in
3488 3605 3795 3663 Arduenna

2188 3703 2494 3770 constituti,
2520 3703 2742 3775 suisque
2771 3700 3181 3758 successoribus
3210 3699 3538 3779 regulariter
3580 3699 3793 3757 ibidem

2188 3796 2451 3853 canonice
2484 3795 2821 3852 intrantibus
2867 3796 2926 3850 in
2956 3803 3309 3867 perpetuum.

2258 3890 2404 3946 Nulli
2434 3889 2683 3946 ﬁdelium
2713 3897 2798 3946 est
2824 3888 2885 3944 in
2915 3887 3087 3945 dubio
3116 3889 3252 3961 quin
3272 3886 3438 3945 sedes
3459 3888 3789 3960 apostolica,

2188 4000 2253 4040 eo
2282 3984 2429 4057 quod
2455 3983 2776 4040 universalis
2802 3991 2978 4039 mater
3006 3990 3062 4040 et
3111 3983 3367 4039 omnium
3410 3981 3789 4039 Ecclesiarum

2188 4078 2444 4150 princeps
2459 4085 2563 4145 est,
2591 4077 2854 4134 omnibus
2870 4076 2956 4132 his
2973 4076 3101 4149 jure
3121 4092 3188 4134 ac
3200 4075 3387 4133 debita
3407 4075 3788 4132 sollicitudine

2186 4188 2420 4244 praeesse
2448 4172 2666 4239 debeat,
2698 4179 2759 4228 ut
2788 4187 2903 4227 non
2929 4187 3017 4227 eas
3050 4170 3333 4227 catholicae
3356 4169 3647 4241 religionis
3668 4168 3789 4225 uni.

2186 4274 2303 4323 tate
2347 4265 2663 4331 concludat,
2714 4264 2811 4323 sed
2838 4264 3083 4337 generali
3106 4263 3599 4335 circumspectione
3617 4263 3788 4319 etiam

2190 4360 2260 4417 ab
2285 4360 2370 4417 his
2407 4374 2532 4433 quae
2553 4359 2889 4415 extrinsecus
2918 4366 3316 4431 promoventur
3343 4373 3444 4429 pro
3471 4372 3573 4414 sua
3599 4364 3789 4413 aucto—

2192 4455 2351 4510 ritate
2362 4454 2534 4510 salvet
2551 4461 2607 4509 et
2633 4452 2851 4509 muniat
2880 4452 3211 4524 :interquas
3234 4460 3420 4509 tamen
3448 4465 3580 4507 cum
3600 4450 3787 4522 plures

2189 4548 2562 4611 inveniantur,
2594 4562 2719 4619 quae
2739 4546 2958 4618 speciali
2977 4554 3033 4601 et
3052 4546 3270 4625 prOpria
3296 4543 3786 4602 commendatione

2189 4642 2245 4700 in
2267 4643 2499 4698 tutelam
2527 4641 2777 4714 ejusdem
2797 4640 2944 4697 sedis
2975 4624 3292 4711 apostolicae
3317 4654 3376 4695 se
3401 4639 3783 4705 contulerunt,

2186 4745 2249 4792 ut
2275 4736 2497 4809 speciali
2520 4735 2792 4792 charitate
2815 4742 2870 4790 et
2899 4733 3085 4791 studio
3140 4750 3256 4791 sua:
3282 4732 3478 4789 matris
3508 4732 3784 4803 amplexa

2188 4847 2581 4903 usquequaque
2635 4828 2937 4885 securiores
2965 4836 3021 4883 et
3056 4827 3340 4884 liberiores
3382 4826 3457 4882 ab
3502 4826 3659 4882 omni
3694 4826 3782 4881 in-

2187 4924 2420 4982 festione
2466 4925 2854 4987 consisterent,
2910 4938 3068 4994 quas,
3119 4930 3183 4977 ut
3234 4921 3465 4994 dignum
3508 4928 3656 4988 erat,
3708 4920 3782 4976 ita

2184 5022 2434 5076 Romana
2449 5017 2687 5090 suscepit
2702 5015 2968 5082 Ecclesia,
2990 5024 3257 5087 tantaque
3285 5014 3523 5087 protexit
3538 5013 3781 5087 undique

2184 5112 2483 5185 diligentia,
2509 5120 2569 5167 ut
2593 5111 2853 5168 omnibus
2869 5110 3219 5166 munimenta
3233 5107 3781 5182 praesidii,nonnnllis

2182 5222 2399 5279 quoque
2418 5206 2661 5278 gratiam
2682 5205 2954 5260 conferret
2966 5203 3225 5275 augendi.
3246 5202 3414 5274 Cujus
3435 5201 3517 5257 rei
3544 5202 3780 5273 plurima

2182 5300 2344 5355 nobis
2362 5301 2614 5370 exempla
2640 5297 2971 5354 sanctissimi
3005 5296 3107 5351 viri
3136 5296 3499 5367 reliquerunt,
3529 5296 3630 5368 qui
3652 5302 3781 5353 ante

2182 5410 2283 5450 nos
2302 5394 2363 5450 in
2380 5393 2488 5463 illa,
2517 5409 2687 5464 quam
2712 5392 2973 5460 diximus,
2993 5390 3295 5462 apostolica
3324 5388 3453 5446 sede
3480 5386 3783 5462 fulgentes,

2184 5504 2282 5560 pro
2332 5486 2543 5543 honore
2594 5484 2966 5542 Ecclesiarum
3010 5484 3116 5539 Dei
3143 5492 3198 5539 et
3225 5483 3561 5540 exaltatione
3585 5499 3781 5540 earum

2180 5580 2362 5652 magis
2387 5596 2555 5653 quam
2572 5595 2672 5651 pro
2703 5578 2811 5635 vita
2840 5587 2938 5635 aut
2956 5578 3129 5634 salute
3150 5594 3249 5633 sua
3278 5576 3499 5633 solliciti
3530 5575 3782 5635 fuerunt;

2181 5675 2550 5747 Suscipientes
2596 5674 2931 5731 monasteria
2981 5681 3037 5728 et
3062 5672 3393 5729 venerabilia
3440 5671 3561 5727 loca
3590 5671 3652 5727 in
3683 5687 3783 5744 pa-

2181 5769 2477 5827 trocinium
2525 5769 2842 5841 apostolicae
2883 5765 3246 5835 defensionis,
3271 5774 3326 5822 et
3378 5765 3783 5822 conﬁrmantes

2181 5880 2247 5921 ea
2284 5864 2517 5936 pmpriis
2563 5861 2875 5936 privilegiis,
2905 5868 3180 5934 quatenus
3205 5876 3275 5919 ex
3294 5858 3622 5933 quotidiana
3638 5866 3786 5917 trans
