4044 6186
257 287 353 340 653
1188 283 1527 343 EPISTOLKE
1564 284 1784 343 EXTRA
1822 283 2204 365 REGlSTRUM
2242 294 2618 350 VAGANTES.

3443 293 3544 357 654

252 408 519 482 quillitate
545 408 830 466 ardentius
858 410 915 465 in
943 410 1238 467 devotione
1259 410 1462 469 divinae
1486 413 1765 469 servitutis
1790 422 1844 469 et
1870 421 1926 483 Α
1959 417 2194 487 expertis
2216 418 2420 474 viribus
2447 418 2832 492 aggrediantur
2870 420 3207 491 poenitentiae
3248 423 3371 495 iter,
3396 424 3543 497 quod

249 502 302 558 in
318 502 476 558 omni
502 502 654 559 bono
686 503 1028 574 proﬁcerent.
1054 507 1172 575 Qua
1200 506 1259 561 in
1286 522 1345 562 re
1366 522 1536 578 quam
1554 507 1658 579 pie,
1679 524 1844 579 quam

244 605 449 675 sanctg
461 596 729 665 fecerunt,
763 607 821 653 et
849 597 1070 655 illorum
1100 599 1261 655 nobis
1304 600 1547 656 ostendit
1575 600 1769 672 gloria,
1793 609 1846 657 et

244 690 419 763 ipsius
455 690 533 747 rei
561 699 679 747 tam
725 689 1008 750 fructuosa
1036 694 1232 766 gratia.
1270 696 1414 750 Nam
1439 680 1567 751 cum
1605 695 1845 751 oratoria

242 784 292 840 in
324 800 464 856 pace
506 793 561 841 et
606 786 1003 860 tranquillitate
1042 789 1365 858 consistant,
1395 797 1450 847 et
1481 789 1845 846 ecclesiastica

240 877 509 935 beneﬁcia
534 896 801 953 pauperes
839 882 1043 938 Christi
1071 882 1346 952 nutriant;
1391 899 1518 940 cum
1556 900 1688 940 vero
1723 884 1843 940 laus

238 974 364 1029 Deo
406 972 573 1045 digne
599 975 895 1046 promitur,
952 983 1008 1031 et
1042 976 1278 1033 remedia
1324 985 1677 1049 peccatorum
1729 987 1842 1033 tam

236 1066 382 1123 vivis
405 1083 573 1139 quam
597 1066 869 1125 defunctis
888 1068 1301 1141 impenduntur.
1336 1071 1504 1128 Unde
1528 1088 1631 1127 nos
1670 1072 1726 1127 in
1757 1088 1844 1128 ea-

236 1158 375 1217 dem
399 1161 533 1218 sede
560 1163 878 1234 apostolica,
915 1180 1030 1219 non
1049 1164 1250 1220 nostris
1269 1165 1507 1233 meritis,
1535 1165 1633 1222 sed
1661 1165 1841 1221 divina

234 1253 402 1310 locati
432 1257 627 1327 gratia,
648 1256 890 1328 suscepti
924 1256 1090 1313 ofﬁcii
1120 1258 1366 1315 debitum
1407 1258 1839 1325 considerantes,

235 1348 539 1419 praefatum
570 1350 985 1419 monasterium,
1024 1351 1108 1408 cui
1138 1361 1219 1421 tu,
1252 1353 1450 1409 dilecte
1494 1353 1568 1408 ﬁli
1609 1361 1665 1409 et.
1697 1370 1838 1425 prae-

231 1442 522 1499 nominate
566 1444 725 1513 abba,
754 1460 994 1517 praeesse
1022 1444 1385 1519 dignosceris,
1415 1456 1512 1503 tuo
1550 1458 1746 1521 rogatu
1785 1449 1843 1505 in

230 1528 472 1593 tutelam
503 1539 817 1611 apostolicae
844 1540 990 1596 sedis
1020 1550 1076 1597 et
1096 1549 1343 1597 nostram
1372 1549 1427 1597 et
1460 1558 1838 1599 successorum

229 1641 562 1687 nostrorum
572 1632 949 1689 defensionem
963 1635 1172 1705 suscepi
1182 1651 1323 1700 mus,
1339 1635 1842 1708 eonﬁrmantesque

234 1732 286 1781 et
320 1725 758 1783 corroborantes
800 1728 899 1783 sibi
932 1745 1027 1798 per
1074 1729 1358 1799 praesentis
1387 1730 1642 1802 paginam
1673 1730 1837 1801 privi-

1956 525 2071 564 non
2119 512 2325 581 possint
2368 512 2651 583 perﬁcere,
2679 530 2741 569 ac
2782 512 3043 570 deﬁciant
3077 515 3136 572 in
3179 533 3266 586 eo,
3296 518 3372 573 ita
3417 525 3479 573 ut
3514 533 3546 573 a

1952 604 2237 674 preposito
2266 605 2475 660 resilire
2519 616 2810 678 cogantur,
2852 607 2924 664 ad
2967 608 3355 667 confusionem
3377 618 3431 666 et
3463 611 3545 666 in-

1943 695 2152 767 juriam
2178 697 2386 754 ordinis
2413 699 2782 757 ecclesiastici.
2826 702 2941 757 Nos
2969 717 3098 758 vero
3126 703 3371 774 cognito,
3391 705 3543 775 quod

1953 790 2099 863 apud
2126 791 2492 848 venerabilem
2522 791 2755 850 fratrem
2783 802 3038 851 nostrum
3068 795 3337 853 Milonem
3361 796 3543 852 archi-

1951 883 2271 956 episcopum
2298 886 2745 944 Beneventanum
2774 904 2903 943 cum
2925 887 3361 961 frequentatione
3397 889 3541 947 ﬁlio-

1952 993 2077 1033 rum
2128 986 2183 1033 et
2232 976 2467 1034 fratrum
2516 989 2837 1037 nostrorum
2882 981 3418 1039 Benedictinensium
3473 982 3542 1040 de

1951 1070 2200 1127 Calabria
2249 1072 2470 1129 virtutis
2514 1073 2833 1130 tirocinium
2877 1075 2997 1131 sine
3034 1075 3226 1132 habitu
3268 1077 3537 1149 posueris,

1951 1173 2005 1219 et
2030 1174 2251 1238 sumpto
2267 1165 2337 1223 de
2359 1166 2534 1223 solido
2552 1168 2633 1225 tui
2648 1166 2900 1225 desiderii
2920 1166 3539 1243 fervore‘experimento,

1951 1275 2048 1329 per
2089 1269 2326 1332 quatuor
2362 1278 2539 1317 annos
2589 1262 2650 1317 in
2698 1263 2825 1319 aula
2863 1262 3167 1335 pontiﬁcali
3202 1259 3542 1320 sanctissimi

1950 1352 2126 1408 Patris
2152 1354 2313 1410 bonae
2342 1355 2627 1411 memoriae
2656 1355 2953 1412 Alexandri
2984 1354 3171 1413 divina
3201 1354 3547 1427 providentia

1952 1462 2108 1518 papae
2134 1446 2298 1521 hujus
2349 1449 2594 1505 nominis
2624 1450 2849 1506 secundi
2887 1450 3300 1523 praedecessoris
3348 1449 3539 1520 nostri,

1950 1540 2084 1596 dum
2105 1558 2292 1597 coram
2308 1542 2426 1614 ipso
2461 1543 2773 1600 beatissimo
2800 1544 3060 1616 pontiﬁce
3084 1543 3544 1601 archidiaconum

1949 1635 2285 1691 eardinalem
2328 1652 2616 1709 ageremus
2676 1656 2689 1691 :
2733 1653 2864 1693 cum
2892 1637 3003 1693 tuis
3031 1637 3239 1694 viribus
3284 1653 3316 1695 a
3345 1645 3544 1694 natura

1948 1728 2200 1785 delicatis
2244 1730 2647 1801 difﬁderemus,
2690 1748 2801 1788 non
2844 1740 2959 1787 tam
3000 1732 3111 1788 cito
3149 1748 3346 1789 manus
3382 1744 3544 1803 super

235 1820 393 1891 legii,
419 1820 706 1877 ecclesiam
728 1824 939 1877 Sanctae
958 1824 1150 1878 Maria:
1172 1839 1335 1894 super
1372 1829 1624 1880 Axonam
1653 1825 1838 1893 sitam,
1868 1818 1915 1880 B
1940 1830 1993 1876 te
2030 1823 2395 1893 imposuimus
2447 1828 2493 1890 (Ι
2522 1828 2656 1880 Tim.
2699 1841 2759 1889 v,
2822 1826 2935 1897 22),
2984 1825 3128 1881 sicut
3179 1840 3279 1881 nos
3303 1839 3432 1881 eum
3456 1825 3545 1881 Ti-

236 1920 289 1968 et
322 1914 623 1969 ecclesiam
653 1917 708 1971 S.
752 1915 972 1988 Sulpitii
1013 1932 1176 1989 super
1221 1920 1460 1985 Mosam,
1515 1927 1845 1989 caeterasque

233 2009 622 2079 possessiones
640 2017 754 2065 tam
784 2010 841 2064 in
871 2010 1013 2065 villis
1046 2027 1213 2082 quam
1242 2012 1497 2080 castellis,
1521 2012 1841 2083 caeterisque

233 2102 491 2159 ecclesiis
518 2112 574 2159 et
589 2104 747 2160 terris
773 2104 959 2173 cultis,
989 2112 1083 2159 aut
1105 2104 1342 2174 incultis,
1372 2122 1472 2161 seu
1504 2105 1561 2161 in
1582 2107 1842 2162 omnibus

228 2196 401 2253 rebus
448 2197 749 2254 mobilibus
794 2206 848 2254 et
888 2198 1289 2269 immobilibus,
1342 2215 1477 2272 quas
1528 2216 1675 2255 nunc
1718 2203 1842 2266 jure

231 2290 506 2361 possidet,
539 2300 635 2347 aut
670 2292 727 2347 in
760 2301 1067 2364 posterum,
1090 2295 1207 2348 Deo
1236 2293 1555 2362 miserante,
1576 2293 1842 2366 acquirct,

229 2394 519 2456 quatenus
544 2386 726 2441 omnia
766 2385 839 2441 ad
887 2402 1245 2443 communem
1272 2387 1563 2443 utilitatem
1608 2387 1842 2443 fratrum

229 2478 363 2535 inibi
404 2482 534 2534 Deo
567 2478 949 2535 famulantium
979 2480 1080 2534 sub
1108 2489 1202 2535 tuo
1250 2488 1582 2551 tuorumque
1623 2497 1843 2536 succes-

230 2588 430 2629 sorum
485 2572 755 2645 regimine
801 2581 855 2629 et
892 2589 1133 2645 congrua
1165 2572 1578 2644 dispensatione
1624 2591 1843 2646 semper

230 2666 568 2722 ineonvulsa
610 2666 933 2738 illibataque
1015 2676 1397 2739 permaneant.
1449 2668 1503 2723 Si
1551 2668 1673 2741 quis
1717 2684 1842 2724 vero

232 2776 459 2832 regum,
492 2759 871 2829 sacerdotum,
906 2760 1255 2828 clericorum,
1292 2760 1549 2834 judieum
1584 2778 1648 2817 ac
1679 2778 1845 2818 saecu-

234 2853 445 2910 larium
470 2840 843 2925 personarum
860 2854 1004 2911 hanc
1022 2856 1441 2913 constitutionis
1469 2864 1677 2912 nostra:
1698 2856 1846 2927 pagi-

232 2963 371 3005 nam
411 2957 805 3020 agnoscentes,
844 2957 1038 3006 eontra
1109 2966 1235 3006 eam
1291 2951 1474 3007 venire
1529 2950 1844 3018 tentaverit,

233 3042 536 3114 potestatis
564 3041 896 3116 honorisque
934 3042 1019 3097 sui
1048 3042 1315 3116 dignitate
1344 3052 1550 3111 careat,
1575 3059 1845 3115 reumque

233 3153 289 3194 se
330 3135 535 3193 divino
588 3136 796 3208 judicio
838 3137 1071 3193 existere
1101 3137 1167 3193 de
1205 3146 1512 3210 perpetrata
1554 3137 1844 3209 iniquitate

234 3239 568 3303 cognoscat,
596 3238 651 3286 et
673 3230 777 3285 nisi
796 3230 879 3286 vel
900 3246 962 3287 ea
991 3246 1115 3302 qua:
1133 3230 1202 3287 ab
1227 3231 1322 3286 illo
1345 3239 1475 3286 sunt
1503 3230 1647 3287 male
1666 3231 1843 3287 ablata

236 3324 573 3391 restituerit,
604 3324 684 3379 vel
715 3324 880 3397 digna
902 3325 1231 3397 pcenitentia
1252 3325 1437 3381 illicite
1464 3334 1586 3381 acta
1614 3324 1845 3381 deﬂeve—

238 3419 329 3487 rit,
359 3435 391 3475 a
422 3417 806 3475 sacratissimo
835 3435 1067 3490 corpore
1093 3427 1150 3474 et
1178 3419 1446 3491 sanguine
1470 3419 1576 3474 Dei
1611 3418 1844 3476 Domini

238 3511 618 3584 redemptoris
652 3513 830 3569 nostri
866 3514 998 3568 Jesu
1045 3512 1250 3569 Christi
1289 3512 1501 3569 alienus
1536 3512 1651 3580 ﬁat,
1679 3521 1845 3583 atque

240 3605 300 3662 in
326 3615 545 3664 ater-no
576 3607 832 3663 examine
856 3607 1119 3663 districta:
1141 3606 1342 3662 ultioni
1372 3606 1670 3680 subiaceat.
1696 3608 1845 3662 Cun-

240 3701 346 3756 ctis
364 3709 559 3757 autem
576 3700 731 3773 justa
757 3700 1099 3757 servantibus
1121 3700 1300 3757 eidem
1317 3701 1459 3770 loco,
1483 3718 1589 3773 pax
1616 3701 1846 3758 Domini

244 3794 425 3850 nostri
451 3795 590 3850 Jesu
617 3792 845 3861 Christi,
880 3800 941 3848 ut
992 3793 1084 3848 hic
1126 3792 1373 3851 fructum
1413 3794 1573 3852 bonae
1616 3795 1848 3851 actionis

241 3886 539 3959 recipiant,
561 3896 617 3944 et
631 3886 782 3959 apud
801 3886 1119 3943 districtum
1125 3887 1372 3959 judieem
1384 3889 1615 3960 prmmia
1626 3899 1847 3947 aeterna:

242 3981 403 4053 pacis
427 3981 729 4038 inveniant.
763 3983 963 4038 Amen.
989 3982 1321 4054 Subscripsit
1340 3988 1515 4038 autem
1537 4000 1703 4039 manu
1720 4000 1847 4055 pro-

242 4076 615 4145 prt'adomnus
620 4093 770 4147 papa
789 4093 809 4131 .·
834 4075 1229 4132 Miserationes
1250 4082 1380 4147 tum,
1398 4076 1661 4145 Domine,
1688 4092 1849 4151 super

247 4169 437 4229 omnia
468 4185 640 4242 opera
673 4178 785 4225 tua.
823 4172 973 4226 Bene
1010 4169 1207 4226 valete.

315 4266 535 4320 Datum
546 4264 832 4320 Lateranis
843 4264 903 4320 in
922 4263 1189 4322 Kalendis
1201 4261 1353 4334 Maii,
1376 4279 1475 4336 per
1486 4279 1681 4320 manus
1700 4264 1847 4321 Petri

247 4358 306 4413 S.
344 4360 417 4413 ll.
447 4360 510 4413 Ε.
542 4356 849 4430 presbyteri
869 4357 1167 4415 eardinalis
1194 4364 1249 4414 et
1279 4358 1680 4415 bibliothecarii
1700 4374 1847 4415 anno

248 4451 430 4523 primo
480 4452 831 4525 pontiﬁcatus
852 4451 1050 4510 domui
1086 4452 1338 4525 Gregorii
1384 4455 1487 4511 VII
1523 4467 1682 4526 papae
1705 4453 1847 4509 indi-

250 4545 432 4603 ctione
455 4542 776 4605 undecima.

1001 4642 1101 4698 XI.

252 4750 495 4824 Epistola
534 4749 789 4822 Gregorii
843 4754 942 4809 VII
966 4754 1039 4808 ad
1069 4753 1347 4809 ﬂerneum
1382 4754 1753 4807 vicecomitem.
1779 4780 1847 4824 ς-

320 4825 568 4883 Concedit
596 4846 624 4872 «ι
660 4830 975 4894 potestatem
1004 4824 1327 4895 auSpicand-i
1357 4828 1665 4893 conceptum
1693 4822 1849 4878 ordi-

327 4914 447 4953 nem
474 4899 831 4953 monasticam
845 4897 1019 4966 juxta
1044 4897 1293 4965 regulam
1336 4899 1398 4951 B.
1430 4895 1719 4951 Benedicti.
1749 4918 1773 4943 »

855 5004 1041 5065 (Anno
1063 5004 1246 5066 1074.)

258 5094 535 5160 [Mutua
556 5096 698 5152 Acta
730 5095 827 5151 SS.
876 5095 995 5151 0rd.
1027 5093 1227 5152 Bened.
1259 5095 1398 5150 Sane.
1451 5095 1542 5161 Vl,
1586 5100 1740 5164 parte
1794 5107 1841 5149 II

790 5187 974 5258 Fract,
1040 5203 1163 5260 pag.
1240 5191 1321 5256 1..]

325 5300 710 5365 Cumanus,
754 5314 946 5357 servus
969 5314 1251 5355 servorum
1275 5298 1398 5367 Dei,
1427 5298 1497 5356 ad
1527 5305 1848 5370 perpetuam

264 5392 698 5452 reimemoriam
747 5393 952 5451 dilecto
1002 5392 1115 5450 ﬁlio
1145 5394 1492 5463 Srernmo,
1540 5392 1846 5448 vieecomiti

265 5486 503 5558 Tierneo,
562 5489 801 5562 ejusque
839 5486 1102 5545 fratribus
1154 5486 1459 5558 regularem
1502 5486 1667 5542 vitam
1718 5502 1845 5557 pro-

268 5576 501 5651 fessuris,
531 5584 769 5640 salutem
794 5589 851 5638 et
872 5579 1233 5653 apostolicam
1270 5579 1736 5637 benedictionem.

331 5675 609 5744 Quoniam
635 5676 947 5750 religiosam
972 5675 1142 5731 vitam
1171 5674 1523 5731 instituentes
1543 5674 1847 5745 apostolico

271 5776 477 5836 oportet
500 5771 583 5827 uti
604 5769 817 5843 judicio
843 5776 899 5826 et
925 5768 1154 5826 consilio
1182 5782 1255 5823 ne
1283 5767 1511 5840 quidam
1532 5776 1659 5840 post
1681 5784 1846 5825 suum

275 5862 539 5933 proprium
584 5864 792 5921 sentire
828 5864 1114 5930 abeuntes,
1164 5878 1292 5919 eum
1332 5862 1640 5920 temeritate
1687 5870 1741 5917 et
1769 5863 1847 5918 in-

1880 3192 1927 3256 C

1952 1916 2175 1972 motheo
2216 1916 2400 1973 docuit
2430 1918 2748 1989 Apostolus,
2784 1919 2850 1973 ad
2894 1919 3051 1991 cujus
3080 1918 3336 1975 tumbam
3371 1918 3549 1974 consi-

1949 2010 2167 2065 stimus.
2217 2013 2425 2068 Verum
2446 2028 2575 2067 cum
2612 2011 2999 2067 indesinenter
3028 2028 3092 2068 ae
3122 2011 3497 2068 iudeﬁeienter
3516 2028 3549 2068 a

1946 2112 2135 2159 sancta
2178 2104 2328 2168 sede,
2376 2104 2433 2160 in
2462 2121 2569 2178 qua
2597 2105 2872 2174 sedemus,
2895 2106 3019 2162 licet
3037 2105 3249 2178 indigni
3274 2115 3331 2162 et
3355 2106 3546 2175 inviti,

1948 2198 2191 2269 postules
2209 2206 2546 2270 potestatem
2573 2199 2888 2271 auspicandi
2920 2208 3254 2271 conceptum
3294 2200 3550 2256 ordinem

1952 2292 2327 2349 monasticum
2359 2292 2514 2364 juxta
2546 2287 2797 2365 regulam
2825 2294 2892 2348 Β.
2919 2292 3228 2362 Benedicti,
3254 2309 3425 2366 quam
3451 2291 3552 2351 diu

1951 2394 2234 2455 exspertus
2285 2402 2343 2442 es
2366 2386 2508 2442 inter
2537 2385 2737 2443 fratres
2754 2387 2823 2443 de
2851 2387 3132 2456 Calabria,
3163 2403 3265 2444 nos
3301 2388 3553 2444 nolentes

1952 2478 2295 2549 exstinguere
2346 2480 2629 2550 spiritum,
2670 2497 2735 2536 eo
2790 2481 3100 2552 promptius
3150 2497 3216 2537 ac
3266 2480 3556 2553 benignius

1954 2573 2199 2630 inclinati
2240 2591 2389 2631 nunc
2430 2576 2531 2630 tibi
2582 2576 2939 2633 concedimus
2978 2585 3034 2632 et
3073 2578 3403 2650 annuimus,
3444 2594 3553 2651 quo

1954 2668 2154 2740 majori
2190 2668 2421 2739 Spiritus
2447 2669 2623 2725 sancti
2654 2670 2879 2726 ﬂamma
2930 2670 3145 2727 accensi
3174 2670 3555 2730 desideramus

1954 2774 2150 2830 agrum
2190 2758 2545 2814 Dominicum
2574 2768 2689 2815 tam
2710 2759 2912 2815 sanctis
2954 2760 3219 2815 virtutum
3241 2761 3557 2820 seminariis

1954 2850 2139 2921 ditari.
2176 2851 2473 2908 Benedicat
2498 2867 2628 2925 ergo
2649 2851 2747 2908 tibi
2773 2852 3048 2908 Dominus
3076 2868 3279 2910 corona
3304 2854 3554 2925 iustitiae,

1956 2960 2120 3001 mons
2160 2954 2409 3011 sanctus;
2462 2946 2695 3002 asciscat
2731 2953 2787 3001 te
2828 2954 3065 3019 tuosque
3129 2944 3349 3005 futuros
3390 2947 3555 3006 bona

1954 3040 2080 3096 vitae
2106 3039 2319 3096 sodales
2346 3040 2405 3095 in
2432 3040 2572 3097 ﬁlios
2599 3049 2837 3097 aeternus
2880 3041 3070 3107 Pater;
3112 3040 3337 3112 recipiat
3363 3057 3459 3099 vos
3494 3041 3555 3099 in

1956 3134 2151 3191 fratres
2200 3144 2441 3192 aeternus
2468 3136 2655 3204 Filius,
2688 3144 2742 3192 et
2792 3134 3037 3208 porrigat
3066 3135 3165 3191 tibi
3206 3135 3350 3193 latus
3393 3152 3555 3208 aper-

1958 3238 2097 3298 tum,
2130 3229 2185 3285 in
2206 3244 2315 3300 quo
2340 3240 2467 3287 sunt
2486 3246 2686 3287 omnes
2714 3228 2951 3286 thesauri
2976 3229 3264 3301 sapientia:
3288 3238 3344 3286 et
3380 3230 3555 3287 scieno

1952 3324 2046 3379 tia;
2082 3323 2380 3391 reconditi;
2427 3325 2693 3382 accendat
2721 3324 2779 3381 in
2807 3332 2862 3380 te
2889 3324 3103 3396 tuisque
3121 3333 3361 3382 aeternus
3379 3325 3558 3397 Spiri-

1953 3425 2045 3473 tus
2068 3425 2291 3473 sanctus
2320 3417 2508 3489 ignem
2553 3419 2643 3474 sui
2672 3416 2879 3474 amoris
2923 3424 2976 3471 et
3016 3416 3303 3474 ﬂammam
3336 3428 3558 3476 aternee

1955 3510 2263 3579 charitatis;
2291 3519 2485 3583 tuque,
2519 3512 2702 3584 tuique
2745 3512 2803 3568 in
2834 3512 3081 3585 ingressu
3120 3527 3214 3583 per
3256 3511 3553 3583 professio-

1955 3620 2083 3661 nem
2112 3614 2168 3661 et
2214 3605 2274 3660 in
2300 3621 2521 3678 egressu
2555 3621 2655 3677 per
2683 3614 2925 3663 mortem
2966 3604 3357 3663 benedicantur
3381 3623 3412 3661 a
3440 3609 3558 3664 Deo

1956 3701 2226 3757 virtutum
2255 3717 2320 3757 ex
2346 3700 2478 3770 alto,
2522 3701 2616 3773 qui
2665 3701 2833 3772 coepit
2854 3702 2917 3757 in
2936 3708 2993 3757 te
3018 3716 3157 3771 opus
3182 3700 3393 3757 bonum
3427 3717 3558 3772 per-

1958 3794 2119 3863 ﬁciat,
2173 3794 2504 3866 solidetque,
2564 3793 2858 3851 conﬁrmet
2905 3793 3042 3851 illud
3114 3802 3171 3851 et
3233 3794 3560 3852 corroboret

1958 3888 2159 3946 amodo
2186 3898 2243 3946 et
2274 3905 2449 3961 usque
2477 3888 2530 3944 in
2554 3888 2993 3960 sempiternum;
3020 3887 3289 3946 concedat
3306 3887 3407 3944 tibi
3426 3904 3557 3945 san»

1958 3991 2111 4039 ctum
2157 3983 2413 4056 angelum
2441 3999 2603 4039 suum
2633 3981 2704 4039 de
2754 3981 2926 4051 cmlis,
2966 3996 3209 4054 quorum
3243 3990 3558 4040 sanctorum

1960 4077 2130 4132 vitam
2161 4078 2425 4148 proponis
2443 4076 2671 4143 imitari,
2701 4075 2950 4147 ipsorum
2979 4076 3300 4148 patrociniis
3329 4076 3554 4133 confor-

1962 4177 2099 4226 tare.
2147 4170 2505 4226 Addueantur
2550 4170 2653 4225 tibi
2680 4169 2817 4226 socii
2871 4169 3175 4236 innumeri,
3208 4169 3357 4226 sicut
3379 4170 3557 4229 stella

1958 4264 2103 4333 cmli,
2134 4277 2259 4336 quae
2309 4278 2422 4334 prae
2457 4262 2808 4319 multitudine
2847 4262 3129 4319 numerari
3157 4278 3271 4320 non
3293 4271 3557 4335 possunt;

1957 4358 2069 4414 sint
2094 4357 2355 4415 docibiles
2384 4354 2487 4412 Dei
2507 4354 2567 4410 in
2588 4356 2847 4414 solatium
2886 4355 3138 4413 mortalis
3180 4364 3291 4413 tum
3320 4358 3556 4428 peregri-

1955 4451 2212 4507 nationis.
2264 4455 2349 4507 De
2380 4448 2712 4521 plenitudine
2741 4450 2930 4522 inque
2969 4449 3254 4523 potestatis
3304 4449 3555 4507 decerni-

1875 4560 1928 4624 ι)
1960 4561 2103 4614 mus,
2137 4552 2200 4601 ut
2228 4544 2368 4601 nulli
2397 4543 2624 4600 omnino
2646 4542 2940 4600 hominum
2970 4544 3133 4601 liceat
3159 4556 3285 4615 qum
3312 4548 3557 4615 postmo-

1956 4640 2092 4695 dum
2121 4639 2391 4695 electurus
2420 4653 2479 4695 es
2511 4637 2633 4694 loca
2668 4645 2778 4694 tua:
2822 4636 3158 4708 poenitentiae
3186 4646 3397 4695 temere
3436 4654 3555 4711 per-

1956 4733 2200 4803 turbare,
2230 4746 2329 4789 seu
2368 4730 2699 4804 quibuslibet
2759 4731 3134 4788 vexationibus
3173 4740 3231 4789 te
3286 4740 3380 4789 aut
3428 4739 3556 4791 tuos

1956 4841 2274 4900 aggravare,
2298 4824 2395 4881 sed
2418 4840 2521 4882 nec
2548 4823 2805 4895 fatigare.
2836 4824 2891 4879 Si
2921 4839 3047 4896 qua:
3070 4824 3237 4897 igitur
3275 4825 3556 4884 saecularis

1964 4928 2061 4977 aut
2078 4918 2445 4977 ecclesiastica
2470 4933 2701 4989 persona
2728 4925 2923 4975 eontra
2963 4918 3106 4975 hanc
3153 4926 3356 4977 nostra:
3401 4920 3550 4978 ordi-

1958 5014 2200 5072 nationis
2228 5012 2519 5086 praesentis
2549 5012 2805 5085 paginam
2846 5011 3028 5069 venire
3056 5014 3374 5083 tentaverit,
3414 5006 3551 5072 sciat

1958 5125 2017 5167 se
2037 5126 2191 5166 ream
2216 5125 2316 5181 pro
2345 5114 2655 5180 perpetrata
2674 5106 2971 5178 iniquitate
3002 5107 3155 5179 (quia
3186 5108 3339 5165 nullo
3364 5107 3550 5165 medio

1959 5220 2057 5260 vos
2076 5204 2334 5261 volumus
2381 5202 2452 5259 ad
2479 5208 2731 5259 sanctam
2771 5200 2961 5258 sedem
3008 5201 3297 5273 pertinere)
3325 5200 3555 5274 ipsoque

1958 5313 2061 5355 suo
2091 5306 2369 5356 attentatu
2398 5296 2619 5369 indigno
2640 5295 2845 5368 privari
2873 5293 3030 5351 omni
3056 5294 3285 5351 honoris
3336 5294 3425 5353 sui
3470 5294 3557 5352 di-

1956 5394 2180 5465 gnitate,
2234 5390 2420 5447 divino
2476 5389 2761 5461 subjacere
2832 5387 3153 5446 maledicto.
3207 5386 3339 5461 Agri
3414 5402 3555 5459 quos

1958 5484 2259 5552 eolueritis,
2286 5484 2392 5541 sint
2420 5482 2539 5556 agri
2583 5482 2985 5555 primitiarum;
3013 5481 3210 5539 beatus
3246 5484 3405 5539 Pater
3446 5483 3551 5541 Be-

1958 5578 2205 5637 nedictus
2227 5575 2635 5634 benedictiones
2659 5582 2760 5649 pro
2800 5584 2854 5633 te
2894 5576 3155 5647 impetret
3192 5575 3251 5633 in
3301 5575 3558 5648 spiritua-

1958 5673 2101 5730 tibus
2133 5681 2188 5730 et
2214 5671 2633 5744 temporalibus.
2669 5668 2994 5727 Confortare
3026 5677 3083 5725 et
3132 5677 3254 5725 esto
3298 5669 3557 5727 robustus

1958 5767 2012 5823 in
2036 5766 2261 5823 nomine
2290 5765 2471 5822 Patris
2499 5771 2555 5821 et
2576 5763 2699 5821 Filii
2728 5771 2784 5819 et
2808 5762 3035 5833 Spiritus
3056 5762 3253 5817 sancti.
3284 5764 3481 5816 Amen.

2030 5864 2237 5918 Datum
2259 5862 2459 5918 Romae
2483 5859 2539 5914 in
2559 5855 2849 5929 praesentia
2867 5852 3205 5909 charissim
3228 5851 3356 5907 ﬁlia:
3374 5856 3556 5922 Agne-
