4044 6186
482 302 582 357 655
1429 295 1485 349 S.
1526 220 1758 348 GREGO\

1429 295 1485 349 S.
1526 292 1846 348 GREGORII
1884 293 1976 346 VII
2017 292 2211 347 PAPxE
2251 288 2525 345 OPERUM
2560 286 2732 341 PARS
2769 284 2831 339 Il.

3672 274 3772 326 656

482 426 554 483 tis
583 420 1241 498 Augustmimperatricis,
1272 426 1328 473 et
1358 432 1449 473 sex
1480 394 1724 473 fratrum
1755 424 2069 473 nostrorum
2101 421 2153 482 Α
2184 415 2274 487 qui
2318 412 2552 470 necdum
2580 410 2855 467 duxerunt
2904 412 2997 460 tua
3036 400 3321 458 interdicta
3349 412 3459 454 non
3488 397 3775 453 timerent.

481 518 865 582 cardinalium,
887 511 1153 572 Kalendis
1181 511 1328 580 Maii,
1350 510 1706 582 pontiﬁcatus
1731 512 1905 568 nostri
1927 526 2074 566 anno

484 608 689 678 primo.
1408 588 1411 597 ³

1227 697 1359 752 ΧΠ.

585 801 835 869 Gregorii
873 799 1095 871 epistola
1123 798 1199 883 ad
1239 799 1481 854 Ottonem
1522 800 1967 855 Constantiensem

1107 886 1434 941 episcopum.

1090 966 1274 1030 (Anno
1297 967 1473 1034 1074.)

870 1065 1121 1132 [MANSL
1140 1062 1334 1119 Concil.
1357 1062 1493 1130 XX,
1512 1060 1663 1133 626.]

553 1165 920 1233 Gnsoonms,
939 1180 1130 1221 servus
1151 1179 1434 1222 servorum
1451 1162 1579 1230 Dei,
1607 1162 1795 1219 Ottoni
1814 1163 2076 1218 Constan-

480 1259 646 1315 tiensi
674 1259 928 1331 episcopo
975 1259 1209 1314 salutem
1258 1264 1315 1314 et
1350 1255 1706 1328 apostolicam
1742 1253 2079 1311 benedictio-

480 1368 631 1411 nem.

552 1448 829 1505 Perlatum
856 1454 938 1503 est
965 1445 1036 1502 ad
1056 1460 1159 1503 nos
1204 1444 1273 1501 de
1297 1444 1637 1501 fraternitate
1669 1450 1761 1499 tua
1795 1441 1945 1515 quod
1986 1457 2076 1497 sa-

480 1541 553 1598 tis
580 1542 783 1597 invitus
811 1548 866 1596 et
906 1547 1136 1595 moestus
1165 1538 1367 1605 audivi,
1408 1537 1664 1611 quodque
1706 1538 1752 1593 si
1779 1537 1859 1592 vel
1889 1536 1958 1593 de
1979 1550 2071 1591 ex-

480 1644 658 1692 tremo
685 1635 1017 1693 Christiana:
1033 1632 1207 1704 plebis
1230 1633 1483 1689 membro
1513 1631 1583 1688 ad
1610 1619 1945 1688 audientiam
1978 1644 2074 1685 no-

484 1738 660 1785 stram
711 1727 1040 1795 deferretur,
1080 1727 1353 1783 severiore
1395 1725 1739 1782 districtioris
1774 1723 2075 1795 disciplina:

2184 511 2231 565 0
2261 505 2670 580 impudentiam!
2723 517 2755 558 ο
2782 498 3064 557 audaciam
3090 495 3427 567 singularem
3465 496 3477 545 ε
3508 490 3781 547 Videlicet

2186 602 2501 674 episcopum
2559 597 2699 654 sedis
2744 594 3056 667 apoStolicae
3117 589 3333 646 decreta
3397 594 3780 651 contemnere,

2184 703 2451 769 praecepta
2499 699 2815 749 sanctorum
2839 691 3064 745 Patrum
3107 682 3413 740 convellere
3435 722 3450 748 ,
3482 680 3596 735 imo
3650 692 3782 732 vero

2186 787 2471 863 praeceptis
2516 782 2782 842 contraria
2812 798 2875 838 ac
2918 780 3043 838 ﬁdei
3069 776 3393 835 Christianae
3423 770 3785 844 repugnantia

2185 884 2253 939 de
2278 881 2565 939 sacratiore
2610 880 2730 934 loco
2752 920 2766 944 ,
2791 883 2846 931 et
2894 873 2963 931 de
3002 870 3255 929 cathedra
3282 865 3570 941 pontiﬁcali
3599 864 3787 934 subje-

2186 977 2286 1034 ctis
2332 976 2595 1047 ingerere.
2632 974 2975 1043 QuaprOpter
3012 965 3108 1024 tibi
3138 962 3433 1036 apostolica
3460 959 3789 1016 auctoritate

2186 1069 2560 1144 praecipimus,
2602 1073 2661 1121 ut
2708 1063 2777 1121 ad
2834 1061 3139 1134 proximam
3197 1054 3472 1130 synodum
3533 1060 3788 1109 nostram

2188 1164 2398 1237 (prima)
2436 1160 2704 1234 proxima:
2782 1152 3247 1230 (quadragesimae)
3324 1146 3668 1205 hebdomade
3734 1153 3788 1201 te

2187 1264 2511 1331 praesentem
2568 1252 2848 1319 exhibeas;
2900 1257 3013 1306 tam
3057 1248 3126 1304 de
3179 1245 3282 1301 hac
3332 1240 3703 1298 inobedientia
3736 1246 3792 1295 et

2186 1351 2329 1408 sedis
2368 1349 2681 1422 apostolicae
2710 1352 3050 1416 contemptu,
3083 1355 3249 1414 quam
3273 1338 3341 1395 de
3360 1335 3615 1393 omnibus
3656 1347 3789 1407 qua:

2185 1445 2281 1501 tibi
2307 1444 2639 1516 objiciuntur
2695 1439 2955 1497 canonice
2997 1448 3377 1509 responsurus.

2892 1550 3046 1606 XIII.

2186 1670 2431 1742 Epistola
2479 1670 2737 1736 Gregorii
2767 1668 2869 1722 VII
2890 1663 3203 1742 ad‘clert'cos
3251 1663 3305 1742 et
3332 1659 3491 1711 Iaicos
3522 1656 3790 1742 Capsam-

2258 1725 2441 1797 tieiisis
2472 1725 2823 1810 episcopatus.
2854 1766 2926 1775 —
2954 1736 3194 1791 Ottonem
3220 1732 3521 1800 episcopum
3536 1725 3607 1782 ad
3627 1741 3792 1794 syno-

480 1838 714 1880 censura
738 1831 883 1880 esset
908 1823 1102 1894 procul
1126 1822 1295 1879 dubio
1326 1821 1721 1894 castigandum.
1756 1821 1897 1876 Cum
1927 1818 2074 1875 enim
2110 1817 2159 1878 Β
2259 1816 2637 1869 dumvocatum
2656 1811 2896 1863 nuntiat.

478 1917 778 1990 apostolica
807 1917 1129 1974 auctoritate
1156 1925 1210 1973 et
1229 1914 1481 1972 veridicis
1505 1924 1821 1971 sanctorum
1843 1915 2071 1968 Patrum

479 2010 766 2066 sententiis
828 2010 1057 2077 incitati,
1118 2009 1188 2065 ad
1250 2009 1645 2065 eliminandam
1701 2007 2070 2064 Simoniacam

478 2103 732 2160 hteresim
780 2110 836 2159 et
894 2101 1318 2175 pracipiendam
1365 2102 1695 2158 clericorum
1731 2100 2071 2168 fcastitatem,

484 2211 585 2267 pro
614 2195 790 2252 nostri
820 2195 989 2251 ofﬁcii
1018 2195 1204 2252 debito
1233 2195 1564 2261 exarsimus;
1601 2194 1931 2265 Moguntino
1977 2208 2069 2247 ve—

478 2288 709 2345 nerabili
755 2288 1165 2361 archiepiscopo
1208 2286 1475 2344 confratri
1514 2295 1728 2355 nostro,
1759 2287 1846 2341 cui
1890 2287 2073 2358 plures

478 2389 535 2438 et
559 2382 665 2440 late
692 2380 926 2455 dispersi
956 2379 1289 2453 suffraganei
1304 2389 1454 2447 sunt,
1487 2379 1592 2436 hoc
1611 2378 1943 2435 obedientiae
1962 2396 2075 2433 mu-

478 2490 585 2531 nus
612 2474 954 2548 injunximus
968 2482 1030 2529 ut
1057 2483 1173 2529 tam
1194 2489 1288 2544 per
1317 2489 1376 2529 se
1404 2490 1569 2545 quam
1602 2488 1698 2543 per
1725 2471 2074 2544 coadjutores

476 2584 607 2626 suos
645 2568 751 2625 hoc
776 2571 1043 2625 Romanae
1080 2567 1338 2623 Ecclesiae
1367 2566 1654 2622 decretum
1694 2566 1951 2622 universo
1972 2566 2075 2621 cle-

475 2678 539 2720 ro
584 2661 890 2719 studiosius
918 2661 1235 2725 inculcaret,
1269 2668 1323 2715 et
1350 2659 1740 2715 inviolabiliter
1768 2658 2071 2715 tenendum

474 2762 832 2829 proponeret;
875 2753 977 2808 tibi
1009 2768 1248 2826 quoque,
1270 2752 1358 2809 cui
1386 2754 1653 2825 plurimus
1678 2753 2071 2809 Constantien-

472 2849 549 2905 sis
571 2847 830 2920 episcopii
851 2848 1025 2903 clerus
1060 2856 1114 2902 et
1155 2846 1391 2919 populus
1418 2845 1752 2917 amplissime
1784 2844 2072 2913 dilatatus,

474 2939 546 2997 ob
574 2940 829 2997 eamdem
869 2954 1096 2996 causam
1135 2940 1395 3011 speciales
1428 2938 1640 2994 litteras
1676 2937 1896 3007 cudere,
1927 2938 2073 2993 bulla

473 3042 659 3090 nostra
693 3034 1017 3106 impressas,
1056 3033 1325 3101 collibuit,
1369 3048 1601 3104 quarum
1636 3030 1808 3087 fultus
1837 3031 2074 3087 auctori-

474 3136 590 3185 tate
616 3128 789 3185 tutius
815 3127 1232 3198 animosiusque
1279 3126 1569 3198 praeceptis
1614 3125 1815 3180 nostris
1856 3123 2072 3179 obtem-

2792 1904 2973 1968 (Anno
3000 1903 3182 1961 1064.)

2575 1999 2826 2066 [MANSI,
2856 1995 3049 2053 Concil.
3078 1992 3214 2059 XX,
3241 1992 3391 2057 627.]

2252 2105 2606 2161 Ganconms
2644 2100 2952 2172 episcopus,
2995 2110 3191 2152 servus
3210 2104 3495 2148 servorum
3524 2087 3652 2153 Dei,
3677 2087 3791 2143 cle-

2183 2198 2309 2253 ricis
2359 2205 2417 2252 et
2457 2195 2607 2251 laicis
2660 2191 2966 2265 majoribus
2995 2198 3049 2245 et
3079 2184 3406 2251 minoribus,
3437 2183 3493 2239 in
3516 2183 3793 2239 Constan-

2182 2292 2339 2347 tiensi
2367 2289 2681 2361 episcopatu
2710 2282 3159 2348 consistentibus,
3201 2277 3565 2337 Christianam
3606 2276 3790 2346 legem

2181 2382 2550 2455 diligentibus,
2598 2380 2830 2435 salutem
2859 2386 2915 2432 et
2946 2374 3300 2447 apostolicam
3329 2368 3787 2427 benedictionem.

2253 2476 2503 2531 Misimus
2553 2472 2705 2529 fratri
2747 2479 2954 2537 nostro,
3014 2469 3270 2539 episcopo
3330 2472 3532 2529 vestro,
3586 2460 3788 2519 Ottoni

2185 2570 2390 2625 litteras
2430 2565 2850 2632 exhortatorias,
2895 2579 2992 2635 per
3032 2576 3166 2633 quas
3207 2575 3304 2631 pro
3333 2556 3503 2613 nostri
3540 2554 3787 2611 necessi-

2182 2671 2292 2719 tate
2321 2660 2489 2717 ofﬁcii
2524 2659 2826 2733 apostolica
2876 2656 3201 2712 auctoritate
3232 2651 3563 2724 injunximus
3599 2647 3676 2703 illi
3718 2654 3786 2703 ut

2182 2756 2553 2812 Simoniacam
2582 2752 2837 2809 haeresim
2890 2749 2958 2806 de
3002 2746 3241 2803 Ecclesia
3276 2745 3488 2817 penitus
3538 2757 3635 2798 sua
3686 2756 3783 2796 ex-

2181 2849 2441 2916 cluderet,
2477 2856 2534 2903 et
2576 2845 2877 2902 castitatem
2919 2841 3242 2897 clericorum
3287 2838 3527 2894 studiose
3577 2833 3786 2907 praedi-

2184 2942 2414 2998 candam
2435 2941 2754 3011 susciperet,
2806 2945 2861 2992 et
2894 2932 3458 2990 ﬁrmiter’tenendam
3492 2928 3789 3004 episcopali

2185 3033 2451 3108 vigilantia
2478 3033 2794 3088 inculcaret.
2837 3032 2976 3085 Nam
3028 3029 3105 3083 sic
3150 3043 3274 3084 eam
3312 3024 3473 3081 nobis
3508 3022 3785 3094 evangeli-

2184 3144 2263 3184 cae
2287 3136 2341 3183 et
2378 3126 2697 3197 apostolicae
2716 3125 2912 3179 litterae
2931 3163 2947 3189 ,
2978 3121 3415 3177 authenticarum
3444 3115 3791 3191 synodorum

472 3236 709 3293 peteres,
747 3228 803 3276 et
838 3219 905 3276 de
934 3220 1246 3277 Sanctuario
1276 3218 1509 3275 Domini
1547 3219 1924 3275 Simoniacam
1950 3217 2064 3274 ἣδε·
2096 3210 2140 3272 C
2163 3222 2484 3293 ,decreta,et
2504 3218 2840 3275 eximiorum
2854 3216 3148 3272 doctorum
3176 3220 3442 3286 praecepta
3472 3211 3789 3275 insinuant,

472 3314 645 3372 resim
675 3322 730 3371 et
757 3312 970 3370 fmdam
1001 3312 1311 3370 libidinosae
1340 3312 1681 3384 contagionis
1712 3312 2074 3383 pollutionem

473 3408 792 3481 expelleres:
838 3407 1158 3479 Apostolica
1207 3421 1448 3479 namque
1486 3408 1549 3461 B.
1592 3405 1748 3462 Pauli
1796 3405 2076 3477 praepollet

472 3504 792 3568 auctoritas,
821 3517 929 3574 qua
957 3500 1325 3558 fornicatores
1369 3508 1423 3555 et
1453 3499 1733 3556 adulteros
1762 3514 1891 3554 cum
1914 3509 2075 3555 caete-

473 3595 550 3651 ris
599 3594 873 3651 sceleratis
910 3608 1339 3659 connumerans,
1391 3591 1681 3648 dil‘ﬁnitam
1723 3607 1837 3648 suae
1870 3592 2077 3664 jussio-

475 3688 563 3742 nis
587 3688 925 3743 sententiam
979 3688 1221 3759 subjicit,
1263 3701 1390 3741 cum
1436 3685 1707 3755 ejusmodi
1748 3702 1849 3741 nec
1888 3686 2077 3742 cibum

474 3794 689 3851 capere.
724 3781 996 3835 Praeterea
1024 3780 1309 3835 universus
1361 3778 1623 3833 Ecclesia:
1654 3779 1937 3836 catholica:
1961 3796 2077 3836 coe-

475 3881 585 3941 tus,
615 3880 711 3928 aut
740 3871 976 3943 virgines
1023 3880 1171 3941 sunt,
1222 3878 1320 3925 aut
1348 3870 1716 3939 continentes,
1767 3880 1862 3927 aut
1889 3873 2079 3944 conju-

475 3981 599 4040 ges;
636 3965 946 4037 quicunque
976 3979 1107 4036 ergo
1149 3972 1303 4021 extra
1345 3963 1447 4020 hos
1484 3972 1599 4019 tres
1628 3964 1851 4021 ordines
1877 3966 2077 4037 reperi-

473 4068 585 4125 tur,
616 4057 762 4115 inter
788 4057 936 4114 ﬁlios
967 4057 1246 4123 Ecclesiae,
1277 4056 1389 4113 sive
1414 4055 1558 4111 intra
1592 4056 1928 4114 Christianae
1954 4058 2078 4113 reli-

476 4152 653 4225 gionis
700 4150 905 4207 limites
944 4166 1055 4206 non
1081 4158 1408 4206 numeratur
1440 4168 1454 4206 :
1483 4148 1652 4219 unde,
1684 4158 1737 4207 et
1762 4166 1885 4220 nos,
1927 4150 1969 4208 si
1991 4153 2077 4209 vel

477 4252 791 4301 extremum
817 4243 1014 4300 laicum
1042 4243 1313 4315 pellicatui
1336 4243 1719 4301 adhaerentem
1747 4244 1949 4316 liquido
1990 4261 2080 4301 co-

474 4338 845 4410 gnoverimus,
878 4336 1023 4393 hunc
1044 4336 1194 4393 velut
1222 4336 1509 4408 prmcisum
1542 4338 1854 4395 membrum
1874 4355 1905 4393 a
1951 4355 2073 4395 cor-

473 4447 607 4504 pore
648 4432 963 4497 Dominico,
992 4446 1025 4486 a
1050 4420 1400 4488 sacramﬁitis
1428 4432 1632 4499 altaris,
1676 4432 1850 4488 donec
1889 4433 2073 4503 paeni-

472 4534 603 4595 teat,
632 4540 921 4583 arcemus:
951 4523 1234 4597 quomodo
1262 4540 1394 4597 ergo
1418 4534 1740 4580 sanctorum
1759 4541 2069 4581 sacramen-

2183 3324 2245 3371 nt
2267 3330 2392 3370 eam
2421 3312 2771 3379 dissimulare
2816 3319 2870 3367 et
2891 3311 3165 3382 negligere
3187 3308 3301 3363 sine
3340 3320 3539 3377 magno
3582 3303 3790 3360 anima:

2182 3418 2386 3466 nostra:
2403 3416 2458 3464 et
2478 3406 2665 3480 populi
2680 3402 2979 3461 Christiani
2999 3401 3327 3457 detrimento
3348 3414 3463 3455 non
3481 3398 3787 3472 possimus.

2185 3502 2291 3561 Sed
2320 3503 2610 3574 episcOpus
2634 3508 2830 3566 vester,
2876 3504 2937 3553 ut
2964 3495 3122 3551 nobis
3147 3494 3382 3550 relatum
3406 3499 3509 3559 est,
3541 3505 3667 3561 quae
3687 3504 3789 3559 pa-

2184 3605 2341 3653 terne
2368 3610 2737 3660 suaseramus,
2782 3591 3040 3664 perﬁcere
3066 3604 3177 3645 non
3204 3586 3444 3643 curavit:
3477 3592 3531 3640 et
3561 3592 3639 3653 ut,
3667 3596 3787 3639 non

2184 3691 2364 3746 solum
2410 3688 2812 3756 inobedientia,
2841 3699 3032 3741 verum
3079 3683 3242 3739 etiam
3268 3678 3581 3737 rebellionis
3607 3676 3787 3733 offen-

2185 3799 2302 3839 sam
2340 3782 2708 3847 contraheret,
2742 3776 3212 3851 quemadmodum
3242 3773 3567 3846 accepimus,
3600 3770 3788 3843 palam

2187 3876 2398 3931 clericis
2425 3875 2539 3931 suis
2557 3872 2787 3947 jussioni
2829 3880 3061 3939 nostrae,
3088 3869 3200 3925 imo
3226 3866 3370 3924 beati
3400 3865 3566 3933 Petri,
3609 3862 3786 3920 omni-

2187 3985 2261 4025 no
2290 3968 2563 4025 contraria
2592 3966 2871 4039 permisit;
2906 3965 2979 4019 ita
3016 3971 3077 4020 ut
3104 3962 3193 4034 qui
3213 3960 3556 4017 mulierculas
3580 3957 3788 4013 habue-

2187 4070 2332 4129 rant,
2362 4062 2656 4118 retinerent
2682 4068 2737 4117 et
2755 4059 2845 4133 qui
2871 4074 2987 4115 non
3028 4048 3325 4122 habebant,
3378 4052 3564 4109 illicita
3609 4060 3785 4107 teme-

2187 4157 2350 4211 ritate
2381 4150 3123 4224 subintroducerent.{Quod,
3155 4157 3219 4205 ut
3245 4147 3574 4215 audivimus,
3600 4144 3783 4201 mole-

2186 4258 2270 4306 ste
2294 4248 2554 4317 ferentes,
2575 4247 2873 4305 secundam
2901 4246 2953 4302 ei
2991 4244 3314 4317 scripsimus
3343 4240 3653 4313 epistolam,
3692 4238 3784 4293 in-

2182 4342 2513 4415 dignationis
2553 4340 2601 4396 ei
2642 4348 2846 4396 nostra:
2890 4348 3079 4395 motus
3124 4334 3475 4393 ostendentes
3520 4341 3579 4389 et
3633 4331 3784 4387 idem

2181 4443 2514 4507 praceptum
2558 4434 2754 4490 iterato
2782 4433 2965 4489 acrius
3003 4431 3345 4488 inculcantes
3386 4446 3401 4482 :
3449 4435 3569 4483 tum
3607 4426 3785 4481 etiam

2180 4530 2362 4601 ipsum
2391 4528 2461 4585 ad
2488 4528 2761 4599 synodum
2784 4530 3122 4593 Romanam,
3152 4540 3278 4597 quae
3310 4522 3483 4595 prima
3510 4519 3784 4592 proximae

476 4627 663 4674 torum
688 4619 1005 4675 distributor
1033 4619 1116 4674 vel
1146 4618 1399 4673 minister
1430 4633 1547 4674 esse
1589 4616 1770 4685 debet,
1801 4618 1893 4690 qui
1921 4619 2067 4674 nulla
2097 4611 2146 4672 D
2179 4621 2620 4694 Quadragesimze
2645 4618 2990 4677 bebdomada
3031 4617 3215 4675 futura
3238 4624 3341 4684 est,
3384 4614 3785 4672 advocavimus

474 4710 686 4767 ratione
746 4719 925 4782 potest
951 4726 1068 4768 esse
1117 4712 1200 4767 vel
1250 4712 1561 4784 particeps?
1627 4711 1739 4768 Sed
1792 4711 1883 4767 illa
1931 4712 2071 4768 beati

477 4819 631 4876 papa:
658 4804 863 4860 Leonis
888 4819 990 4860 nos
1036 4804 1252 4876 impulit
1295 4806 1610 4873 auctoritas,
1637 4806 1732 4878 qui
1782 4805 2071 4862 subdiaco-

474 4896 564 4953 nis
603 4895 829 4953 ineundi
890 4896 1131 4969 conjugii
1185 4897 1457 4953 licentiam
1538 4914 1763 4970 prorsus
1825 4898 2065 4956 abstulit.

475 4989 637 5061 Quod
665 4989 945 5045 decretum
966 4989 1025 5044 S.
1046 4989 1249 5044 Leonis
1280 4990 1607 5061 posteriores
1634 5000 1838 5048 sanctae
1864 4996 2072 5049 Roma-

474 5097 566 5140 na
609 5081 863 5139 Ecclesiae
918 5080 1226 5154 pontiﬁces,
1296 5084 1539 5138 maxime
1597 5084 1789 5140 doctor
1840 5086 2072 5141 eximius

473 5175 782 5249 Gregorius,
822 5175 894 5229 ita
922 5188 1025 5246 pro
1070 5173 1186 5246 lege
1208 5183 1532 5243 sanxerunt,
1582 5184 1645 5232 ut
1688 5177 1947 5249 deinceps
1986 5178 2071 5235 his

471 5267 751 5325 ordinibus
776 5267 1171 5336 ecclesiasticis,
1212 5267 1609 5336 sacerdotibus,
1652 5269 1827 5326 levitis
1856 5280 1911 5327 et
1936 5273 2065 5329 sub-

473 5360 712 5419 diaconis
744 5360 958 5416 vincula
1003 5360 1309 5433 conjugalia
1339 5360 1568 5417 omnino
1618 5362 1728 5419 sint
1770 5364 2063 5436 prohibita.

473 5456 617 5514 Cum
650 5462 837 5510 autem
860 5453 978 5510 hac
1026 5454 1211 5510 omnia
1264 5454 1363 5510 tibi
1407 5454 1780 5524 observanda,
1812 5460 2068 5529 pastorali

473 5546 807 5620 providentia
857 5548 1393 5615 transmitteremus,
1440 5556 1521 5615 tu,
1551 5564 1660 5604 non
1700 5566 1919 5608 sursum
1946 5569 2066 5621 cor,

470 5641 568 5700 sed
627 5640 885 5699 deorsum
934 5641 989 5697 in
1019 5650 1165 5698 terra
1209 5656 1439 5713 ponens,
1467 5641 1740 5713 praedictis
1784 5646 2067 5703 ordinibus

470 5736 626 5793 frena
676 5734 915 5792 libidinis
982 5735 1148 5801 (sicut
1203 5734 1529 5806 accepimus)
1582 5735 1800 5807 laxasti;
1870 5748 1933 5796 ut
1971 5740 2065 5813 qui

471 5828 799 5888 mulierculis
824 5843 883 5886 se
907 5827 1237 5901 junxerunt,
1260 5830 1316 5887 in
1340 5828 1545 5903 ﬂagitio
1575 5832 1923 5903 persisterent
1939 5874 1954 5899 ,
2008 5843 2062 5890 et

2181 4725 2245 4772 ut
2273 4732 2373 4789 pro
2406 4731 2466 4772 se
2500 4715 2767 4771 rationem
2801 4712 3016 4781 reddat,
3051 4720 3105 4768 et
3145 4709 3533 4767 inobedientia:
3559 4722 3780 4775 causas,

2181 4809 2224 4865 si
2250 4808 2591 4866 rationabiles
2623 4806 2895 4875 habuerit,
2934 4807 2993 4861 in
3041 4804 3378 4861 audientiam
3426 4802 3600 4857 totius
3645 4816 3779 4857 con-

2182 4911 2374 4959 ventus
2406 4909 2663 4974 exponat.
2696 4903 2817 4956 Hoc
2863 4898 3004 4966 ideo,
3034 4897 3237 4954 fratres
3273 4892 3779 4963 charissimi,vobis

2181 4997 2575 5053 innotescimus
2603 5003 2665 5051 ut
2695 4994 2897 5049 animae
2944 5000 3140 5049 vestra!
3176 4992 3341 5047 saluti
3387 4988 3771 5046 consulamus.

2181 5091 2241 5146 Si
2286 5090 2434 5145 enim
2492 5089 2653 5145 beato
2698 5090 2866 5143 Petro
2911 5093 2967 5142 et
3020 5094 3226 5141 sancta:
3290 5082 3407 5140 sedi
3453 5079 3776 5154 apostolica:

2178 5182 2358 5239 fronte
2412 5190 2595 5254 aperta
2623 5194 2933 5252 repugnans
2956 5188 3013 5235 et
3055 5188 3350 5236 contumax
3373 5190 3491 5232 esse
3520 5174 3776 5240 voluerit,

2178 5276 2385 5347 liquido
2433 5273 2783 5331 manifestum
2812 5282 2897 5329 est
2927 5273 3077 5346 quod
3119 5272 3213 5344 qui
3252 5277 3485 5326 matrem
3534 5267 3626 5324 vel
3681 5283 3775 5340 pa-

2177 5377 2321 5425 trem
2346 5368 2674 5433 inhonorat,
2700 5368 2908 5423 nullam
2932 5383 2963 5423 a
2993 5365 3244 5423 ﬁdelibus
3288 5362 3456 5435 patris
3484 5368 3544 5417 et
3582 5361 3778 5416 matris

2169 5461 2293 5533 jure
2331 5460 2702 5518 obedientiam
2732 5461 2950 5533 exigere
2979 5468 3074 5516 aut
3109 5472 3353 5531 quaerere
3380 5455 3596 5512 debeat.
3632 5454 3776 5510 Indi-

2175 5571 2347 5628 gnum
2392 5564 2475 5611 est
2510 5556 2661 5613 enim
2716 5563 2777 5611 ut
2803 5554 2896 5627 qui
2925 5554 3191 5626 magistro
3212 5551 3477 5609 detrectat
3521 5548 3769 5612 subesse,

2178 5648 2439 5721 magister
2477 5648 2818 5705 auditoribus
2850 5647 3088 5720 postulet
3124 5660 3375 5718 praeesse.
3423 5643 3771 5714 Quapropter

2176 5742 2450 5809 omnibus,
2479 5742 2623 5799 sicut
2658 5741 3026 5814 praediximus,
3074 5739 3380 5811 majoribus
3406 5744 3572 5808 atque
3596 5734 3767 5790 mino-

2174 5835 2326 5893 ribus
2364 5838 2482 5892 Deo
2525 5845 2579 5891 et
2609 5836 2766 5892 beato
2798 5837 2958 5890 Petro
3002 5832 3425 5895 adhaerentibus.
3468 5828 3767 5901 apostolica
