4044 6186
488 313 591 366 659

1416 309 1484 364 'S.
1528 306 1849 363 GREGORII
1888 308 1976 363 VII
2014 306 2208 365 PAP/E
2246 260 2521 363 OPERIJM
2559 308 2731 364 PARS
2772 309 2834 364 II.
3673 311 3771 362 660

490 437 781 495 honoravit
806 439 862 493 in
888 436 1059 505 caelis,
1082 450 1111 491 a
1132 434 1293 491 nobis
1319 434 1563 507 ejusdem
1582 435 1754 491 servis
1779 433 2082 490 houoretur
2108 436 2161 500 Α
2190 432 2528 489 Neunhoven
2571 449 2698 489 cum
2766 431 3020 489 omnibus
3068 433 3447 505 pertinentiis,
3499 438 3553 488 et
3610 450 3775 489 unam

495 532 664 590 etiam
694 532 749 588 in
778 530 957 589 terris.

1191 621 1370 677 XVII.

493 711 784 780 Gregorius
810 712 913 767 VII
942 732 969 760 α
1000 712 1311 767 monasterii
1331 710 1390 766 S.
1426 709 1630 764 Mario:
1661 709 1927 777 Virginis,
1956 724 2079 763 con-

559 784 750 838 structi
774 784 833 836 in
857 784 974 838 loco
1004 787 1104 853 qui
1126 784 1323 837 dicitur
1356 785 1554 848 Banza,
1582 804 1610 830 ν
1651 783 2001 853 possessiones
2030 786 2081 837 et

555 854 853 928 privilegia
880 858 1183 927 conﬁrmat.

1084 945 1269 1012 (Anno
1302 946 1484 1009 1075.)

486 1034 574 1103 [In
601 996 879 1090 tabulario
902 996 1481 1098 Ecclesiaevliomanai,
1510 1048 1577 1088 ex
1608 1031 1822 1088 schedis
1860 1031 2075 1100 Pertzii,

558 1111 697 1160 teste
726 1105 939 1171 Lares,
972 1110 1198 1174 Regesta
1216 1107 1423 1176 pontif.
1446 1107 1623 1171 Rom.,
1649 1120 1777 1178 pag.
1809 1108 1935 1160 417.
1961 1106 2074 1161 Inc.

560 1178 815 1253 Supernae
846 1179 1222 1235 miserationis.

1173 1272 1384 1326 XVIII.

498 1430 507 1438 ί
604 1360 762 1417 Bulla
786 1360 1036 1432 Gregorii
1056 1360 1135 1417 VI
1138 1363 1163 1416 Ι
1179 1376 1279 1430 pro
1308 1359 1625 1413 monasterio
1647 1359 1975 1414 Pataviensi.

1097 1452 1281 1515 (Anno
1310 1451 1490 1511 1075.)

661 1541 1027 1608 [Monumenta
1058 1540 1236 1605 Boica',
1270 1546 1411 1593 tom.
1445 1540 1542 1604 IV,
1579 1553 1711 1608 pag.
1752 1540 1902 1605 290.]

559 1631 917 1688 GRBGOBIUS
961 1629 1270 1699 episcopus,
1300 1642 1493 1683 servus
1522 1642 1807 1683 servorum
1838 1627 1964 1695 Dei,
1995 1627 2081 1683 di-

486 1723 628 1780 lecto
651 1721 810 1779 fratri
842 1722 900 1776 in
929 1720 1148 1777 Christo
1183 1721 1419 1776 Alamuo
1452 1720 1767 1775 Pataviensi
1800 1721 2079 1792 episcopo,

487 1824 543 1873 et
599 1831 697 1887 per
733 1830 861 1870 eum
900 1814 1143 1870 ecclesia:
1189 1830 1357 1885 quam
1396 1814 1455 1868 in
1509 1813 1785 1869 territorio
1826 1814 2075 1887 ejusdem
2111 1830 2157 1891 Β

487 1909 720 1965 civitatis
762 1909 819 1964 in
848 1918 1011 1980 portu
1049 1908 1194 1963 OEni
1240 1908 1487 1963 ﬂuminis
1534 1908 1870 1976 construxit,
1918 1918 1974 1963 et
2022 1909 2079 1963 in

485 2002 698 2061 honore
718 2005 932 2059 Sancta:
949 2002 1238 2057 Trinitatis
1252 2044 1269 2069 ,
1289 2011 1346 2058 et
1368 2001 1639 2073 passionis
1660 2002 1884 2058 Domini
1910 2004 2080 2058 nostri

484 2098 618 2154 Jesu
647 2097 876 2164 Christi,
910 2104 966 2154 et
995 2105 1313 2152 sanctorum
1351 2094 1584 2153 Andreae
1627 2096 1898 2167 apostoli,
1928 2098 2080 2151 Pan-

486 2190 721 2248 taleonis
748 2191 1008 2263 martyris
1040 2200 1091 2245 et
1117 2190 1291 2246 sancti
1317 2190 1528 2247 Nicolai
1562 2188 1913 2259 confessoris,
1946 2206 2077 2245 con-

487 2285 722 2341 secravit
746 2285 807 2339 in
835 2292 1184 2356 perpetuum.

557 2378 825 2435 Convenit
866 2378 1169 2449 apostolico
1212 2378 1582 2435 moderamini
1624 2378 1893 2451 religiosis
1939 2378 2077 2433 desi-

487 2472 657 2529 deriis
719 2480 779 2527 et
826 2471 1181 2543 petitionibus
1235 2488 1299 2525 ea
1356 2471 1698 2542 benignitate
1755 2479 1809 2527 et
1864 2471 2081 2542 pietatis

487 2565 668 2623 studio
687 2564 1123 2621 condescendere
1145 2563 1511 2635 effectumque
1544 2564 1803 2635 prazbere,
1839 2573 1919 2631 ut,
1944 2565 2077 2621 dum

488 2659 784 2731 spiritualis
832 2658 1133 2715 auctoritas
1182 2658 1346 2713 ofﬁcii
1406 2660 1490 2713 sui
1538 2658 1787 2713 debitum
1834 2660 2081 2729 peragit,

489 2752 626 2811 dum
659 2752 902 2809 ﬁdelium
941 2760 1143 2808 statuta
1172 2751 1484 2807 roboranda
1517 2751 1920 2807 venerabilibus
1948 2752 2081 2808 locis

488 2846 807 2921 prmsidium
829 2844 1161 2902 defensionis
1193 2846 1482 2917 impendit,
1516 2845 1603 2900 hic
1627 2844 1860 2901 affectus
1884 2862 2080 2918 super-

489 2955 578 2998 nae
627 2940 1006 2996 retributionis
1053 2940 1295 2995 lucretur
1341 2941 1773 3006 incrementum,
1829 2938 1976 3011 quod
2025 2941 2081 2995 in

486 3033 800 3107 praestando
832 3033 1098 3090 beneﬁcio
1127 3050 1243 3089 non
1276 3034 1461 3089 minor
1500 3030 1605 3087 fuit
1633 3032 1876 3087 charitas
1911 3050 2077 3105 quam

486 3127 684 3200 pietas.
710 3129 833 3183 Hoc
861 3128 1011 3183 enim
1038 3135 1091 3183 et
1116 3128 1393 3183 bonorum
1421 3125 1620 3181 studiis
1647 3142 1741 3197 spe
1761 3126 2077 3197 proficiendi

489 3229 854 3295 augmentum
892 3221 1085 3276 tribuit
1124 3230 1176 3275 et
1214 3234 1351 3291 opus
1394 3219 1680 3291 proprium
1722 3218 1906 3274 fructu
1950 3236 2075 3292 per-
2110 3222 2155 3286 C

489 3313 742 3372 fectiouis
788 3316 907 3370 Deo
953 3312 1288 3385 acceptabile
1342 3312 1543 3369 reddit.
1601 3316 1826 3385 Itaque,
1880 3313 2073 3370 dilecte

490 3406 680 3477 frater,
732 3408 1055 3464 charissima
1122 3407 1297 3463 sancti
1350 3408 1491 3463 Petri
1552 3407 1662 3463 ﬁlia
1730 3408 2079 3479 imperatrice

489 3507 703 3575 Agnete
730 3518 946 3575 semper
987 3511 1217 3573 augusta
1248 3501 1523 3558 indicante
1559 3502 1744 3569 nobis,
1776 3511 1831 3558 te.
1868 3502 1929 3557 in
1953 3503 2079 3557 sub-

488 3596 648 3652 urbio
688 3596 926 3654 civitatis
954 3604 1065 3653 tua:
1101 3583 1259 3669 juxta
1292 3605 1512 3666 portum
1545 3595 1792 3667 praedicti
1833 3595 2082 3652 fluminis

488 3689 638 3744 OEni
673 3687 743 3743 ad
772 3704 1131 3746 communem
1160 3697 1214 3743 et
1243 3690 1553 3761 regularem
1583 3691 1751 3745 vitam
1789 3690 2081 3746 ecclesiam

491 3782 884 3849 construxisse,
913 3790 967 3837 et
994 3790 1057 3835 ut
1085 3798 1230 3848 eam,
1277 3782 1437 3852 juxta
1476 3784 1826 3854 propositum
1851 3792 1962 3839 tua:
1990 3783 2082 3838 de—

488 3873 747 3941 votionis,
800 3874 1211 3931 constitutionis
1259 3875 1577 3945 apostolicae
1622 3876 1916 3947 privilegiis
1944 3893 2081 3932 con-

489 3967 871 4035 ﬂrmaremus,
924 3975 1045 4023 tum
1099 3967 1214 4037 ipsa
1277 3983 1377 4038 pro
1402 3975 1493 4035 ,te
1556 3977 1746 4023 sancto
1799 3970 2081 4024 Desiderio

489 4062 830 4133 postulante,
885 4068 1040 4115 tanto
1095 4060 1410 4131 promptius
1460 4060 1748 4131 utriusque
1804 4062 2077 4117 voluntati

487 4153 840 4211 annuendum
877 4167 999 4210 esse
1032 4152 1403 4224 judicavimus
1444 4162 1655 4225 quanto
1702 4162 1757 4209 et
1806 4163 1905 4211 tua
1955 4163 2079 4213 vota

482 4246 633 4319 justa
682 4262 802 4303 esse
841 4248 1045 4303 certius
1076 4247 1451 4319 intelligimus,
1504 4255 1560 4302 et
1619 4247 1765 4304 illius
1811 4249 2077 4305 desideria

488 4338 674 4397 divino
709 4355 934 4398 accensa
981 4340 1188 4413 Spiritu
1228 4339 1433 4413 ubique
1462 4342 1773 4413 prosperari
1800 4344 2076 4415 cupimus.

486 4435 861 4493 Concedentes
891 4435 1058 4507 igitur
1104 4435 1207 4491 tibi
1249 4443 1311 4492 et
1337 4434 1585 4507 praefata:
1624 4436 1865 4491 ecclesiae
1916 4436 2081 4510 hujus

492 4530 668 4586 nostri
698 4530 981 4601 apostolici
1012 4529 1215 4585 decreti
1249 4530 1640 4597 [auctoritate],
1672 4530 1764 4600 qui
1812 4531 1895 4586 vel
1938 4547 2082 4585 nunc

488 4621 550 4678 in
583 4622 776 4679 eadem
824 4624 1051 4680 ecclesia
1084 4632 1211 4679 sunt
1237 4623 1502 4691 ordinati,
1553 4623 1633 4677 vel
1676 4624 1856 4693 aliquo
1885 4632 2075 4695 postea
2104 4622 2158 4685 D

492 4714 553 4770 in
584 4723 837 4785 tempore
861 4716 1065 4773 fuerint
1085 4716 1399 4783 ordinandi,
1427 4716 1528 4773 sub
1547 4717 1834 4773 communi
1864 4733 2080 4789 semper

491 4807 610 4865 vita
640 4816 696 4863 et
724 4809 1001 4865 claustrali
1026 4812 1445 4867 conversatione
1472 4812 1800 4867 consistant.
1833 4812 1920 4867 Ad
1948 4828 2083 4883 quo-

490 4917 618 4959 rum
648 4917 1004 4959 communem
1034 4919 1197 4959 usum
1236 4904 1657 4973 conﬁrmamus,
1691 4914 1745 4960 et
1769 4906 2083 4962 incommu-

489 4994 736 5053 tabiliter
778 4996 1015 5054 tenenda
1056 4997 1519 5065 determinamus,
1562 4998 1920 5054 determinate
1959 4999 2078 5070 qui-

490 5087 647 5157 dem,
689 5098 745 5146 et
768 5106 833 5147 ea
878 5107 1002 5164 quae
1038 5092 1437 5164 prtenominata
1478 5091 1802 5163 imperatrix
1833 5094 2081 5163 Augusta

491 5181 740 5239 remedio
766 5183 962 5240 animae
994 5201 1107 5241 sum
1145 5187 1388 5254 donavit,
1428 5185 1679 5242 videlicet
1716 5202 1923 5243 nonam
1962 5202 2082 5258 par-

488 5280 607 5331 tem
634 5276 908 5343 omnium,
953 5291 1075 5348 quae
1128 5278 1198 5333 ad
1237 5280 1578 5352 Persenburg
1606 5280 1671 5336 ad
1700 5297 1902 5337 manus
1952 5297 2081 5339 suas

490 5367 637 5424 culta
681 5368 992 5425 redduntur
1043 5378 1100 5426 et
1147 5386 1210 5427 ea
1258 5385 1381 5443 quae
1437 5378 1498 5426 tu
1547 5373 1661 5444 ipse
1704 5390 1801 5445 per
1845 5392 2079 5432 manum

497 5460 750 5519 advocati
772 5462 851 5519 tui
876 5463 1159 5521 Remberti
1181 5464 1312 5521 illuc
1330 5464 1622 5532 tradidisti,
1653 5467 1854 5523 scilicet
1871 5469 2081 5524 antesi-

487 5562 721 5630 gnatum
749 5566 971 5629 portum
999 5552 1245 5630 praedicti
1284 5558 1523 5615 ﬂuminis
1548 5560 1717 5629 OEni,
1753 5577 1881 5619 cum
1924 5562 2075 5618 omni

486 5649 727 5707 utilitate
750 5667 851 5707 sua
877 5652 1047 5724 gratis
1072 5651 1296 5724 quidem
1322 5654 1769 5726 transponendis,
1792 5655 1883 5727 qui
1911 5669 2075 5711 causa

485 5742 745 5800 orationis
768 5742 995 5800 vadunt.
1030 5747 1265 5818 Insuper
1309 5746 1448 5803 duas
1476 5755 1659 5804 curtes
1692 5747 1979 5820 Senftling,
2021 5754 2076 5803 et

2193 526 2544 597 hofsacham,
2580 543 2750 599 quam
2786 529 2968 600 Egeno
3012 526 3081 583 ad
3122 543 3281 583 usum
3314 528 3555 599 episcopi
3601 527 3773 591 dedit,

2190 629 2246 677 et
2287 638 2461 677 unum
2508 638 2765 678 mansum
2810 630 2863 677 et
2907 620 3199 677 dimidium
3247 620 3319 677 ad
3366 620 3693 685 Stainfelde,
3726 631 3776 677 et

2187 723 2299 772 tres
2328 714 2621 772 bofsacbas
2650 716 2705 772 in
2738 716 2859 772 loco
2890 716 2979 787 qui
3018 714 3221 771 dicitur
3250 715 3516 783 Alburch,
3548 723 3602 771 et
3630 715 3774 771 deci-

2188 811 2489 867 mationem
2543 810 2660 883 ejus
2698 810 2843 867 villae
2899 826 3027 865 cum
3088 826 3199 866 uno
3248 826 3476 878 manso,
3518 819 3574 867 et
3612 826 3775 865 unam

2188 914 2398 961 curtem
2429 904 2718 960 Enzenwis
2744 920 2871 959 cum
2898 905 3148 959 Genezeo
3170 913 3225 959 et
3253 904 3401 960 omni
3437 904 3698 971 utilitate,
3732 913 3779 959 et

2187 1006 2300 1054 tres
2342 997 2633 1054 bofsacbas
2662 997 2729 1053 de
2756 997 3115 1056 Euchendorf
3152 1014 3278 1053 cum
3322 999 3475 1053 omni
3524 999 3777 1054 utilitate.

2188 1092 2276 1150 Ad
2318 1091 2638 1148 Bichestorf
2674 1108 2848 1147 unum
2900 1108 3188 1158 mansum,
3222 1101 3277 1148 et
3304 1109 3478 1148 unum
3508 1092 3779 1148 molendi-

2186 1203 2345 1254 num,
2376 1188 2665 1242 ecclesiam
2703 1202 2872 1242 unam
2911 1202 3031 1257 qua:
3061 1186 3264 1243 dicitur
3292 1186 3605 1243 Aitenbach
3651 1203 3779 1243 cum

2188 1283 2345 1338 omni
2388 1280 2623 1337 utilitate
2668 1296 2791 1354 quae
2820 1280 2889 1335 ad
2922 1280 3096 1351 ipsam
3142 1280 3470 1351 pertinebat,
3515 1290 3569 1337 et
3610 1296 3782 1336 unam

2187 1375 2607 1433 decimationem
2636 1374 2693 1429 in
2724 1374 2984 1447 parochia
3012 1376 3281 1443 Huttarn,
3313 1383 3366 1430 et
3390 1391 3561 1431 unam
3597 1373 3784 1430 bofsa-

2188 1470 2347 1525 cham
2365 1469 2435 1526 ad
2451 1472 2624 1526 Ousta
2644 1486 2770 1524 cum
2791 1468 3002 1525 caeteris
3024 1467 3183 1524 bonis
3209 1468 3335 1524 illuc
3356 1468 3781 1539 pertinentibus,

2189 1573 2245 1620 et
2274 1564 2341 1619 ad
2387 1564 2682 1619 Alnkoven
2713 1579 2887 1618 unum
2932 1579 3194 1618 mansum
3241 1578 3369 1617 cum
3416 1562 3784 1619 decimatione

2189 1657 2439 1730 ejusdem
2483 1657 2757 1725 ecclesiae,
2801 1656 2868 1713 ad
2910 1660 3147 1711 Bustam
3206 1656 3669 1727 decimationem,
3719 1656 3785 1712 ad

2190 1752 2416 1807 Leuben
2447 1767 2613 1806 unam
2642 1752 2883 1818 vineam,
2916 1750 2985 1805 ad
3012 1752 3265 1805 Mautarn
3294 1766 3468 1805 unum
3500 1766 3784 1819 mansum,

2185 1845 2255 1901 ad
2284 1846 2583 1900 Wachawe
2622 1845 2758 1901 duas
2801 1846 3015 1913 vineas,
3063 1844 3133 1900 ad
3179 1843 3593 1901 Scheneubobel
3623 1844 3783 1912 duas,

2184 1939 2254 1995 ad
2284 1940 2530 1994 Aschach
2558 1939 2698 1995 duas
2728 1948 2781 1994 et
2806 1948 2919 1995 tres
2947 1956 3201 2011 sagenas,
3228 1955 3399 1994 unam
3434 1939 3697 2006 Pataviae,
3729 1947 3784 1994 et

2186 2034 2346 2089 aliam
2399 2033 2636 2099 Sebaeh,
2687 2033 2909 2089 tertiam
2954 2032 3236 2101 Mathsee,
3288 2049 3386 2104 pro
3435 2033 3634 2088 vestitu
3683 2048 3781 2087 au-

2188 2136 2301 2183 tem
2328 2143 2504 2195 xxw,
2532 2128 2623 2183 lib.
2653 2144 2693 2183 χ
2716 2127 2781 2183 de
2800 2128 3054 2194 navibus,
3073 2144 3131 2183 v1
3154 2126 3219 2183 de
3247 2112 3603 2195 Golderbert,
3628 2142 3696 2182 Iv
3718 2126 3783 2182 de

2188 2221 2472 2293 Evirding,
2487 2237 2561 2278 ut
2588 2221 2654 2278 de
2667 2238 2833 2277 censu
2850 2222 3119 2288 Mathsee,
3143 2238 3159 2277 ι
3176 2220 3245 2276 de
3263 2220 3578 2289 Auihoven,
3598 2229 3655 2275 et
3669 2237 3786 2276 mo-

2187 2315 2466 2371 lendinum
2524 2316 2582 2370 in
2632 2314 2829 2371 eodem
2887 2315 3031 2371 loco.
3083 2317 3267 2371 Unam
3329 2312 3656 2370 hofsacham
3710 2314 3777 2371 ad

2186 2407 2550 2475 Bicherstorf,
2602 2422 2624 2462 Ι
2675 2407 2961 2477 Peringen,
3017 2407 3400 2464 Aunchirehen
3443 2416 3500 2462 et
3542 2405 3783 2463 Altheim

2187 2518 2314 2557 eum
2341 2501 2602 2557 omnibus
2642 2501 2990 2571 pertinentiis
3015 2500 3161 2569 suis;
3193 2516 3214 2555 ι
3242 2498 3571 2568 Gerichwis,
3604 2515 3627 2556 ι
3659 2502 3785 2556 Hei-

2188 2596 2360 2667 ming,
2394 2610 2563 2649 unam
2593 2592 3020 2650 decimationem
3050 2593 3597 2661 Ruebrechtshoven,
3640 2592 3779 2648 duas

2189 2689 2373 2743 vineas
2417 2688 2757 2759 Liumating,
2816 2704 2987 2743 unam
3031 2688 3317 2743 ecclesiam
3365 2704 3492 2742 cum
3535 2686 3775 2742 decima-

2186 2782 2336 2838 tione
2387 2781 2831 2849 Grieschirchen,
2863 2790 2917 2837 et
2962 2798 2983 2837 ι
3027 2781 3377 2848 hofsacham,
3409 2780 3782 2852 Kaltenpach,

2188 2876 2611 2932 decimationem
2648 2876 2705 2930 in
2740 2891 2866 2931 rure
2905 2878 3145 2947 Beugen,
3188 2876 3325 2930 item
3353 2874 3783 2931 decimationem

2188 2970 2425 3025 Gumtis.
2460 2972 2613 3036 Haec,
2640 2970 2886 3045 inquam,
2926 2970 3136 3034 omnia,
3168 2979 3222 3025 et
3253 2984 3594 3041 quaecunque
3618 2969 3785 3025 etiam

2190 3064 2531 3119 innominata
2582 3063 2729 3119 bona
2790 3062 2970 3118 eidem
3025 3063 3269 3119 ecclesia
3320 3063 3401 3117 vel
3451 3079 3599 3118 nunc
3640 3063 3789 3135 juste

2187 3156 2384 3212 collata
2413 3165 2561 3225 sunt,
2592 3155 2674 3210 vel
2703 3156 2756 3210 in
2798 3165 3076 3226 posterum
3102 3158 3221 3211 Deo
3256 3155 3577 3227 disponente
3605 3155 3790 3211 confe-

2190 3250 2359 3305 renda
2391 3266 2455 3306 eo
2478 3258 2689 3317 tenore,
2719 3258 2773 3304 et
2798 3250 3122 3305 auctoritate
3144 3248 3213 3305 ad
3239 3266 3597 3305 communem
3619 3266 3786 3305 usum

2185 3341 2422 3400 fratrum
2471 3342 2681 3398 ibidem
2729 3347 2849 3398 Deo
2898 3342 3288 3399 famulantium
3334 3342 3691 3400 decernimus
3738 3352 3789 3399 et

2186 3438 2615 3493 corroboramus
2658 3448 2719 3492 ut
2766 3452 3125 3494 communem
3156 3446 3209 3493 et
3254 3438 3563 3509 regularem
3604 3439 3789 3494 vitam

2186 3531 2471 3601 ducentes,
2504 3532 2642 3586 nihil
2678 3530 2745 3586 de
2777 3532 2933 3587 bonis
2962 3531 3204 3587 ecclesiae
3234 3532 3469 3603 propria:
3494 3538 3551 3586 et
3592 3532 3790 3603 singu-

2187 3625 2374 3681 lariter
2411 3625 2515 3681 sibi
2554 3623 2857 3681 vindicent.
2916 3625 2971 3680 Si
3017 3625 3137 3696 quis
3175 3640 3301 3680 vero
3349 3625 3781 3696 imperatorum,

2188 3735 2413 3792 regum,
2442 3716 2813 3787 sacerdotum,
2854 3718 3198 3785 clericorum,
3242 3718 3519 3789 judicum,
3563 3735 3632 3774 ac
3666 3719 3789 3776 reli-

2187 3814 2466 3886 giosarum
2510 3828 2875 3884 personarum
2928 3813 3071 3867 hanc
3121 3812 3527 3868 constitutionis
3572 3822 3786 3869 nostra:

2188 3907 2447 3978 paginam
2487 3922 2819 3978 agnoscens,
2852 3914 3043 3962 contra
3090 3922 3209 3961 eam
3245 3906 3429 3961 venire
3457 3908 3788 3975 tentaverit,

2187 4000 2470 4071 potestatis
2502 4000 2838 4071 honorisque
2882 4000 3145 4073 dignitate
3190 4008 3377 4055 careat
3408 4016 3686 4072 reumque
3731 4016 3789 4056 se

2186 4093 2373 4150 divino
2419 4093 2632 4166 judicio
2694 4094 2925 4149 existere
2990 4094 3057 4148 de
3116 4102 3433 4165 perpetrata
3491 4094 3791 4163 iniquitate

2186 4195 2483 4258 cognoscat
2526 4195 2579 4242 et
2609 4187 2710 4242 nisi
2741 4202 2804 4243 ea
2849 4202 2972 4258 qua:
3014 4186 3082 4241 ab
3126 4186 3221 4242 illo
3251 4195 3379 4241 sunt
3406 4187 3546 4242 male
3591 4187 3792 4244 ablata

2189 4281 2491 4335 restituerit
2511 4281 2591 4335 vel
2608 4279 2769 4352 digna
2790 4280 3109 4350 paenitentia
3131 4280 3319 4336 illicite
3339 4286 3457 4336 acta
3473 4280 3790 4349 deﬂeverit,

2188 4390 2219 4429 a
2260 4373 2634 4431 sacratissimo
2681 4388 2910 4443 corpore
2967 4389 3030 4428 ac
3078 4373 3339 4445 sanguine
3402 4374 3631 4430 Domini
3679 4378 3794 4431 Re-

2188 4467 2494 4537 demptoris
2522 4468 2698 4522 nostri
2725 4468 2855 4521 Jesu
2883 4466 3084 4521 Christi
3116 4468 3329 4522 alienus
3358 4467 3472 4534 ﬁat,
3516 4475 3693 4539 atque
3736 4470 3794 4524 in

2191 4568 2435 4616 extremo
2468 4564 2715 4615 examine
2755 4559 3013 4615 districta:
3044 4559 3237 4615 ultioni
3280 4560 3579 4631 subjaceat.
3630 4564 3792 4619 Cun-

2188 4655 2291 4710 ctis
2334 4662 2523 4711 autem
2572 4653 2753 4710 eidem
2808 4654 2925 4709 loco
2962 4654 3115 4726 justa
3172 4654 3513 4709 servantibus
3562 4655 3635 4709 sit
3686 4671 3794 4728 pax

2190 4748 2419 4803 Domini
2444 4748 2613 4803 nostri
2642 4750 2771 4802 Jesu
2800 4747 3024 4813 Christi,
3050 4756 3324 4818 quatenus
3348 4756 3403 4803 et
3424 4746 3509 4803 hic
3538 4747 3793 4805 fructum

2189 4840 2351 4897 bona:
2381 4841 2609 4898 actionis
2636 4841 2934 4912 percipiant
2953 4848 3007 4895 et
3036 4840 3183 4911 apud
3209 4841 3516 4898 districtum
3536 4841 3794 4913 judicem

2189 4935 2410 5007 praemia
2438 4943 2663 4991 aeternae
2704 4934 2851 5005 pacis
2890 4934 3190 4990 inveniant.
3222 4938 3424 4991 Amen.

2260 5032 2470 5084 Datum
2499 5032 2697 5085 Romae
2723 5044 2817 5100 per
2856 5043 3055 5084 manus
3084 5030 3229 5084 Petri
3276 5027 3582 5101 presbyteri
3609 5029 3798 5087 cardi-

2189 5122 2331 5179 nalis
2356 5139 2421 5178 ac
2454 5121 2873 5190 bibliothecarii,
2906 5138 2971 5179 ιχ
2998 5122 3235 5178 Kalend.
3276 5122 3501 5194 Aprilis,
3536 5138 3691 5179 anno
3736 5139 3789 5181 tt

2188 5216 2543 5291 pontificatus
2558 5215 2746 5272 domni
2767 5216 3015 5289 Gregorii
3032 5216 3260 5289 septimi
3273 5258 3288 5285 ,
3310 5215 3617 5273 indictione
3633 5232 3790 5276 xui.

2894 5327 3059 5384 XIX.

2187 5440 2447 5511 Gregorii
2464 5438 2800 5508 VIIept'stola
2810 5438 2884 5492 ad
2898 5439 3236 5509 Liprandum
3253 5437 3584 5495 sacerdotem
3601 5442 3790 5506 (414).

2772 5534 2957 5599 (Anno
3003 5537 3185 5600 l075.)

2330 5642 2335 5647 ‘
2365 5637 2742 5705 Mortuost,
2770 5638 2895 5693 Iter.
2938 5637 3069 5692 Ital.
3114 5638 3312 5707 Script.
3348 5637 3417 5703 ν,
3446 5638 3597 5703 477.]

2255 5747 2605 5804 Gnaeontus
2629 5748 2941 5821 episcopus,
2972 5763 3161 5804 servus
3198 5762 3485 5803 servorum
3515 5744 3637 5811 Dei.
3671 5747 3788 5802 LI-

557 5871 703 5934 (414)
753 5870 994 5928 Dederat
1029 5870 1125 5928 has
1171 5872 1381 5930 litteras
1432 5873 1503 5929 ad
1540 5871 1874 5945 Liprandum
1921 5873 2218 5945 Gregorius
2260 5874 2356 5929 VII
2398 5874 2584 5930 statim
2623 5890 2688 5931 ac
2732 5873 2937 5931 foedam
2968 5874 3183 5930 aurium
3223 5881 3279 5929 et
3325 5871 3443 5928 nasi
3475 5868 3791 5927 mutilatio-
