4044 6186
432 309 529 363 661

1356 306 1702 367 ΕΡῘὸΤοιῶ
1738 308 1958 364 EXTRA
1995 308 2379 365 REGISTRUM
2414 305 2801 365 VAGANTES.

3625 312 3725 366 662

430 432 969 491 rmnnosacerdoti
990 432 1224 491 salutem
1240 439 1297 489 et
1315 433 1675 506 apostolicam
1698 433 2023 490 benedictio-
2053 439 2106 502 Α
2135 436 2218 490 nis
2269 432 2701 489 sollicitudinem
2737 431 2999 503 gerimus,
3054 438 3119 487 ut
3164 432 3331 504 justis
3380 433 3723 504 precantium

428 542 581 583 nem.

502 621 558 676 Si
588 628 911 677 sanctorum
940 622 1275 679 memoriam
1305 637 1652 697 veneramur,
1684 621 1751 678 de
1783 636 2018 693 quorum

426 714 672 786 legimus
713 724 893 771 morte
929 723 983 771 et
1030 715 1335 773 abscisione
1383 717 1787 783 membrorum,
1840 716 1883 771 si
1922 732 2023 787 pa-

421 807 681 864 tientiam
725 808 1013 865 laudamus
1040 826 1264 875 eorum,
1297 826 1434 882 quos
1465 826 1497 866 a
1525 809 1729 868 Christi
1759 809 1864 866 ﬁde
1901 810 2021 882 gla-

422 901 549 958 dius
587 918 693 958 na:
724 902 829 959 ulla
863 919 1025 975 pmna
1051 902 1251 973 divisit,
1270 912 1331 960 tu
1359 920 1595 976 quoque,
1627 904 1841 960 absciso
1884 920 2021 961 naso

425 1002 481 1053 et
508 996 736 1052 auribus
756 1013 855 1069 pro
870 997 1073 1053 Christi
1092 998 1342 1065 nomine,
1362 997 1687 1054 laudabilior
1716 1006 1818 1065 est,
1840 999 1932 1070 qui
1948 998 2018 1054 ad

422 1105 546 1147 eam
593 1090 829 1163 gratiam
869 1091 1175 1163 pertingere
1215 1092 1465 1148 meruisti
1495 1108 1618 1164 qua:
1646 1092 1713 1148 ab
1759 1093 2020 1149 omnibus

422 1182 790 1242 desideranda
819 1192 922 1249 est,
952 1202 1061 1257 qua
1088 1202 1119 1241 a
1153 1186 1384 1254 sanctis,
1416 1185 1461 1241 si
1501 1186 1931 1256 perseveraveris
1960 1186 2018 1241 in

423 1276 619 1347 ﬁnem,
639 1294 756 1334 non
776 1278 1078 1348 discrepas.
1100 1279 1390 1352 Integritas
1414 1278 1641 1352 quidem
1671 1280 1920 1350 corporis
1938 1280 2018 1337 tui

422 1368 702 1426 diminuta
725 1379 825 1439 est,
845 1371 939 1427 sed
961 1373 1188 1428 interior
1204 1372 1393 1439 homo,
1412 1373 1504 1444 qui
1529 1381 1825 1428 renovatur
1843 1373 1911 1429 de
1931 1373 2017 1430 die

420 1464 480 1519 in
498 1465 671 1531 diem,
692 1482 960 1538 magnum
982 1467 1287 1523 sanctitatis
1312 1468 1553 1538 suscepit
1569 1467 1975 1523 incrementum
2000 1487 2013 1523 :

419 1558 603 1615 forma
631 1558 862 1615 visibilis
879 1562 1108 1632 turpior,
1131 1560 1222 1616 sed
1242 1562 1422 1633 imago
1448 1562 1571 1629 Dei,
1590 1577 1714 1632 quae
1735 1570 1815 1616 est
1836 1560 2015 1617 forma

416 1653 668 1725 iustitiae,
702 1651 846 1709 facta
875 1662 959 1710 est
989 1654 1047 1709 in
1076 1655 1443 1711 diminutione
1466 1644 1793 1727 jucundior,
1824 1655 1876 1710 in
1906 1663 2018 1709 tur-

416 1746 673 1818 pitudine:
686 1748 988 1819 pulchrior.
1011 1748 1173 1804 Unde
1190 1748 1245 1802 in
1272 1749 1513 1805 Canticis
1538 1750 1887 1805 canticorum
1908 1750 2015 1821 glo-

421 1839 591 1895 riatur
614 1840 857 1896 Ecclesia
886 1841 1079 1897 dicens
1123 1862 1136 1899 :
1186 1860 1213 1893 «
1253 1842 1420 1914 Nigra
1472 1858 1621 1915 sum,
1655 1843 1781 1899 tilia:
1819 1842 2011 1898 Hieru-

417 1933 611 1990 salem.
642 1953 673 1987 ιθ
702 1933 863 2007 Quod
880 1935 925 1989 si
947 1934 1180 1990 interior
1198 1935 1403 2006 species
1424 1935 1561 1991 nihil
1586 1952 1737 2007 passa
1755 1944 1839 1992 est
1850 1936 2016 1992 detri—

417 2028 614 2096 menti,
671 2028 736 2083 iis
791 2028 1189 2084 abscisionibus
1236 2045 1343 2084 non
1400 2038 1484 2084 est
1546 2029 1823 2085 abscisum
1873 2046 1904 2085 a
1962 2035 2015 2085 te

416 2121 755 2178 sacerdotale
783 2119 1054 2191 ofﬁcium,
1086 2121 1235 2196 quod
1260 2124 1548 2195 proprium
1570 2132 1651 2178 est
1679 2124 2009 2191 sanctitatis,

416 2224 471 2272 et
496 2231 611 2271 non
638 2223 863 2272 tantum
900 2216 1281 2271 consideratur
1312 2216 1371 2271 in
1401 2216 1709 2288 integritate
1734 2217 2015 2274 membro-

414 2324 541 2365 rum
577 2325 748 2382 quam
774 2310 831 2366 in
857 2310 1172 2382 integritate
1197 2310 1484 2366 virtutum.
1516 2310 1681 2389 Unde
1712 2311 2015 2382 imperator

414 2402 803 2459 Constantinus
873 2403 1356 2476 Hierosolymitani
1428 2404 1665 2475 episcopi
1729 2404 2015 2474 cujusdam

416 2497 640 2553 oculum
673 2513 773 2569 pro
804 2497 1033 2552 nomine
1061 2496 1269 2553 Christi
1309 2505 1529 2552 erutum
1559 2512 1705 2568 saepe
1731 2497 2015 2553 osculaba-

415 2599 527 2660 tur,
556 2599 615 2645 et
642 2590 891 2662 exemplo
916 2592 1141 2646 Patrum
1178 2598 1341 2662 atque
1365 2589 1704 2646 documento
1735 2592 2014 2662 majorum

414 2684 712 2741 didicimus
750 2700 867 2739 non
897 2684 1096 2740 auferri
1138 2700 1356 2740 sacrum
1396 2683 1645 2740 ofﬁcium
1689 2683 2015 2757 martyribus

418 2794 515 2850 pro
543 2777 862 2850 bujusmodi
891 2794 1097 2834 caesura
1126 2778 1533 2834 membrorum.
1554 2777 1792 2833 Proinde
1811 2817 1826 2844 ,
1864 2793 2013 2832 mar-

416 2880 501 2945 tyr
522 2871 749 2939 Christi,
771 2871 1088 2928 confortare
1109 2872 1168 2927 in
1188 2872 1457 2935 Domino,
1482 2872 1654 2943 magis
1675 2869 1864 2927 credas
1883 2870 1938 2925 in
1958 2878 2013 2926 te

414 2981 562 3021 nunc
600 2981 717 3022 esse
741 2964 1147 3039 presbyteratus
1188 2964 1459 3032 ofﬁcium,
1511 2965 1660 3035 quod
1711 2964 1863 3035 prius
1906 2963 2014 3020 olei

412 3060 697 3126 unctione,
720 3075 865 3114 nunc
885 3074 1011 3115 vero
1038 3058 1135 3114 tibi
1158 3068 1240 3114 est
1260 3058 1543 3130 sanguinis
1565 3058 1831 3113 tinctione
1850 3074 2010 3114 com-

412 3152 681 3220 missum;
735 3160 790 3209 et
818 3161 1026 3225 quanto
1072 3151 1257 3208 minus
1303 3152 1470 3207 habes
1514 3151 1661 3225 quod
1698 3152 1872 3224 possit
1912 3168 2012 3207 au-

2130 528 2267 583 votis
2313 535 2519 583 attenta
2576 526 2911 597 benignitate
2975 524 3275 593 faveamus,
3336 535 3391 581 et
3440 527 3725 583 libramine

2130 624 2395 697 aequitatis
2444 623 2703 680 omnibus
2741 623 2797 678 in
2827 622 3147 678 necessitate
3202 622 3408 695 positis,
3452 633 3723 696 quantum

2131 722 2251 774 Deo
2276 719 2514 773 donante
2547 732 2861 787 possumus,
2901 717 3190 772 subvenire
3220 717 3543 785 debeamus,
3579 734 3723 790 pra!-

2129 813 2288 883 cipue
2306 821 2499 866 tamen
2520 810 2589 865 de
2619 810 3009 866 venerabilium
3027 811 3276 867 locorum
3301 812 3598 867 stabilitate
3623 827 3721 883 pro

2129 905 2313 962 debito
2340 905 2551 960 honore
2589 919 2826 961 summa:
2854 913 2910 959 et
2936 905 3250 974 apostolica:
3279 905 3442 972 sedis,
3476 905 3563 960 cui
3600 920 3720 977 spe-

2130 1001 2255 1055 ciali
2290 998 2417 1072 jure
2466 998 2769 1064 adhaerent,
2809 1006 3081 1068 quantum
3120 1014 3186 1053 ex
3219 997 3409 1053 divino
3451 999 3719 1071 adjutorio

2128 1092 2457 1167 possibilitas
2484 1092 2665 1161 datur,
2695 1091 2858 1147 nobis
2895 1091 3234 1162 pensandum
3265 1100 3319 1146 et
3356 1092 3719 1149 laborandum

2129 1204 2246 1244 esse
2290 1186 2699 1259 perpendimus.
2755 1184 2992 1240 Proinde
3018 1184 3175 1256 juxta
3206 1185 3527 1256 petitionem
3557 1194 3715 1245 tuam

2128 1281 2356 1354 praefato
2379 1280 2720 1336 monasterio
2742 1280 2831 1335 cui
2863 1286 2923 1334 tu
2952 1294 3183 1350 praeesse
3207 1277 3563 1349 dignosceris,
3588 1296 3715 1335 cum

2127 1376 2346 1447 capellis
2377 1372 2903 1446 circumjacentibus,
2950 1372 3204 1427 videlicet
3240 1373 3451 1427 Sancta:
3496 1372 3714 1438 Mariae,

2126 1470 2310 1525 Sancti
2358 1468 2549 1523 Maioli
2591 1475 2647 1521 et
2674 1467 2861 1522 Sancti
2887 1465 3157 1534 Odilonis,
3200 1464 3519 1537 hujusmodi
3562 1465 3719 1536 privi-

2126 1563 2263 1634 legia
2304 1562 2553 1634 praesenti
2583 1560 2925 1616 auctoritatis
2958 1568 3163 1615 nostra:
3204 1557 3430 1615 decreto
3465 1558 3720 1631 indulge-

2129 1673 2271 1724 mus,
2294 1655 2645 1711 concedimus
2663 1663 2828 1726 atque
2853 1653 3165 1719 ﬁrmamus,
3182 1661 3482 1708 statuentes
3506 1652 3718 1707 nullum

2076 1782 2081 1797 ι
2127 1767 2317 1822 regum
2360 1750 2442 1805 vel
2467 1750 2885 1820 imperatorum,
2914 1746 3256 1812 antistitum,
3297 1746 3508 1801 nullum
3530 1760 3720 1818 quem-

2124 1860 2339 1916 cunque
2387 1842 2658 1916 dignitate
2689 1840 3006 1914 praeditum,
3059 1840 3138 1895 vel
3179 1855 3511 1910 quemquam
3548 1839 3721 1895 alium

2127 1937 2325 1993 audere
2353 1935 2421 1991 de
2446 1936 2527 1991 his
2562 1951 2684 2007 quae
2713 1933 2893 1989 eidem
2926 1933 3218 1989 venerabili
3246 1932 3368 1988 loco
3398 1948 3429 1987 a
3460 1922 3721 2005 quibusli-

2124 2031 2217 2086 bet
2245 2029 2568 2085 hominibus
2599 2028 2667 2084 de
2700 2027 2921 2098 proprio
2951 2027 3075 2098 jure
3102 2026 3217 2098 jam
3251 2025 3452 2081 donata
3480 2034 3613 2081 sunt
3636 2024 3719 2080 vel

2127 2124 2183 2179 in
2206 2122 2489 2191 futurum,
2520 2121 2766 2176 Domino
2798 2121 3115 2187 miserante,
3135 2120 3334 2174 collata
3360 2117 3587 2187 fuerint,
3617 2117 3721 2175 sub

2124 2216 2414 2288 cujuslibet
2456 2230 2639 2271 causae
2673 2212 3043 2270 occasionisve
3063 2228 3132 2266 ne
3155 2213 3333 2283 specie
3362 2211 3612 2266 minuere
3639 2211 3721 2266 vel

2124 2310 2360 2377 auferre,
2398 2308 2506 2365 sive
2552 2308 2667 2364 suis
2712 2304 2901 2363 usibus
2937 2305 3231 2378 applicare,
3272 2305 3355 2359 vel
3390 2303 3538 2371 aliis,
3566 2304 3721 2376 quasi

2123 2404 2354 2476 propriis
2406 2402 2474 2458 de
2524 2401 2722 2470 causis,
2772 2417 2869 2472 pro
2929 2416 3042 2457 suae
3088 2398 3332 2455 avaritiae
3376 2398 3722 2454 excusatione

2124 2495 2447 2552 concedere.
2477 2494 2582 2549 Sed
2608 2504 2801 2551 cuncta
2832 2511 2954 2566 qua:
2975 2495 3048 2549 ibi
3069 2493 3249 2549 oblata
3270 2500 3397 2548 sunt
3425 2492 3509 2546 vel
3535 2490 3724 2547 offerri

2122 2588 2433 2661 contigerit,
2462 2595 2575 2642 tam
2614 2603 2646 2642 a
2687 2596 2741 2642 te
2772 2603 2938 2658 quam
2984 2586 3051 2641 ab
3079 2587 3159 2641 eis
3191 2586 3363 2657 quiin
3405 2594 3502 2641 tuo
3538 2582 3722 2640 ofﬁcio

2124 2683 2351 2753 locoque
2399 2680 2787 2742 successerint,
2843 2678 3063 2751 perenni
3112 2687 3364 2748 tempore
3408 2678 3613 2733 illibata
3668 2685 3722 2733 et

2125 2776 2241 2831 sine
2282 2774 2661 2845 inquietudine
2705 2774 2889 2844 aliqua
2919 2773 3172 2827 volumus
3202 2771 3502 2842 possideri;
3526 2786 3723 2827 eorum

2124 2868 2347 2942 quidem
2378 2868 2562 2922 usibus
2600 2883 2699 2937 pro
2738 2881 2978 2937 quorum
3020 2864 3417 2919 sustentatione
3446 2864 3724 2935 guberna-

2124 2963 2380 3034 tioneque
2423 2975 2680 3016 concessa
2716 2967 2843 3015 sunt
2892 2958 3072 3013 modis
3119 2956 3375 3013 omnibus
3413 2955 3719 3028 profutura.

2126 3055 2471 3113 Nominatim
2513 3054 2680 3110 etiam
2728 3053 3120 3109 conﬁrmantes
3166 3050 3343 3105 eidem
3382 3050 3721 3106 monasterio

2126 3149 2474 3206 Cluniacensi
2534 3148 2591 3203 in
2649 3147 2917 3203 comitatu
2967 3143 3348 3201 Matisconensi
3412 3143 3607 3199 cellam
3662 3143 3723 3199 in

407 3245 559 3314 ferri,
591 3254 748 3302 tanto
774 3247 960 3302 minus
986 3246 1175 3301 timeas
1198 3246 1495 3318 praedicare
1531 3261 1654 3318 quae
1684 3254 1831 3301 recta
1861 3253 2011 3312 sunt,
2052 3217 2096 3280 (ἶ
2123 3244 2333 3300 honore
2363 3242 2541 3298 sancti
2568 3240 2811 3305 Martini,
2839 3248 2895 3296 et
2916 3239 3197 3295 ecclesiam
3221 3239 3376 3310 juxta
3406 3236 3644 3309 positam
3666 3237 3722 3292 in

408 3340 685 3395 seminare
720 3355 844 3412 quae
877 3340 1238 3411 centuplicata
1274 3339 1593 3396 reddentur.
1635 3339 1852 3395 Scimus
1889 3339 2013 3410 qui-

405 3433 539 3490 dem
583 3440 639 3489 te
665 3432 735 3489 ab
771 3433 1011 3489 inimicis
1038 3442 1247 3490 sanctae
1291 3433 1546 3488 Ecclesiae
1582 3449 1801 3505 semper
1834 3432 2014 3487 inimi-

408 3528 526 3583 cari
549 3536 713 3600 atque
741 3527 911 3601 afﬂigi
957 3549 969 3584 :
1003 3526 1099 3583 sed
1124 3536 1184 3583 tu
1212 3544 1281 3583 ne
1311 3543 1405 3583 eos
1432 3527 1655 3595 timeas,
1691 3541 1867 3597 neque
1894 3542 2016 3597 per-

406 3622 696 3693 terrearis,
754 3624 882 3695 quia
929 3638 1034 3677 nos
1084 3629 1196 3676 tam
1237 3629 1289 3676 te
1320 3636 1486 3692 quam
1534 3628 1627 3675 tua
1668 3619 1854 3675 omnia
1913 3618 2014 3674 sub
2053 3644 2061 3653 -

408 3724 601 3773 nostra
642 3724 697 3771 et
748 3715 849 3772 sub
881 3714 1196 3789 apostolica:
1244 3714 1385 3770 sedis
1424 3713 1599 3769 tutela
1638 3729 1765 3768 cum
1820 3728 2014 3785 magna

412 3807 678 3865 cbaritate
726 3818 997 3875 tenemus,
1052 3817 1108 3864 et
1145 3807 1191 3863 si
1230 3807 1288 3862 in
1319 3807 1586 3879 aliquibus
1624 3807 1727 3861 tibi
1758 3822 2011 3862 necessa-

414 3902 563 3957 rium
599 3902 786 3971 fuerit,
819 3902 1184 3974 apostolicam
1213 3901 1404 3957 sedem
1438 3901 1711 3972 appellare
1758 3898 2012 3955 concedi-

411 4006 559 4059 mus,
589 3999 644 4046 et
666 3993 712 4048 si
743 3991 811 4048 ad
830 4007 931 4047 nos
956 3999 1011 4047 et
1033 3990 1104 4047 ad
1131 3990 1318 4046 sedem
1340 4000 1591 4046 nostram
1614 3990 1848 4058 veneris,
1885 4005 2011 4045 cum

406 4080 608 4157 gaudio
637 4089 693 4138 et
714 4097 917 4155 magno
948 4081 1159 4137 honore
1184 4081 1461 4152 suscipere
1490 4080 1667 4152 parati
1689 4094 1902 4135 sumus.

1138 4175 1277 4233 XX.

412 4265 769 4333 Prﬁn’legium
808 4266 1055 4334 Gregorii
1076 4280 1237 4335 papa:
1284 4264 1404 4327 VII,
1449 4279 1556 4334 quo
1597 4265 1880 4332 conﬁrmat
1906 4278 2015 4317 mo-

482 4339 723 4391 nasterio
752 4337 1093 4393 Cluniacensi
1119 4338 1298 4390 omnia
1322 4337 1436 4389 loca
1466 4341 1520 4389 et
1545 4337 1871 4389 monasteria
1890 4335 2012 4403 jam

486 4410 778 4477 acquisita,
812 4424 934 4476 qua:
976 4413 1028 4462 et
1068 4409 1153 4462 hic
1194 4408 1514 4461 nominatim
1551 4408 1842 4476 exprimit;
1886 4408 2011 4460 item

484 4482 770 4549 conﬁrmat
793 4479 881 4547 jus
910 4479 1149 4547 eligendi
1166 4480 1446 4548 proprium
1479 4479 1745 4541 abbatem,
1769 4483 1818 4532 et
1851 4478 2009 4532 advo-

487 4551 652 4605 candi
678 4566 835 4619 quem
873 4551 1131 4604 maluerit
1159 4552 1454 4603 antistitem
1493 4566 1594 4619 pro
1622 4552 2013 4603 consecratione

483 4624 678 4692 ipsius,
709 4624 848 4675 sicut
875 4626 928 4675 et
961 4637 1062 4693 pro
1091 4622 1335 4675 omnibus
1376 4621 1500 4674 aliis
1533 4621 2011 4676 consecrationibus

490 4698 543 4749 et
560 4692 1016 4756 ordinationibus,
1048 4700 1154 4747 etc.

1022 4782 1197 4847 (Anno
1228 4783 1410 4849 1075.)

735 4873 755 4939 [
799 4870 1100 4925 Baliarium
1139 4870 1510 4934 Cluniacense,
1553 4868 1690 4939 18.]

484 4960 843 5018 Gnsconws
883 4961 1194 5031 episcopus,
1245 4974 1433 5013 servus
1462 4972 1743 5012 servorum
1777 4956 1898 5025 Dei,
1922 4956 2011 5013 di-

407 5054 554 5111 lecto
584 5052 641 5107 in
666 5052 887 5108 Christo
914 5052 1028 5107 ﬁlio
1060 5052 1299 5107 Hucom
1321 5048 1505 5105 abbati
1534 5049 1854 5104 monasterii
1881 5064 2013 5104 san-

408 5151 639 5201 ctorum
652 5141 1035 5213 apostolorum
1057 5142 1206 5197 Petri
1227 5149 1281 5195 et
1300 5139 1476 5207 Pauli,
1500 5138 1796 5195 constructi
1818 5140 1875 5193 in
1896 5139 2014 5195 loco

406 5232 504 5305 qui
547 5229 748 5287 dicitur
780 5229 1072 5286 Cluniacus
1107 5229 1330 5302 suisque
1374 5228 1779 5284 successoribus
1813 5226 2014 5284 ibidem

406 5318 741 5393 regulariter
771 5317 1161 5391 promovendis
1187 5317 1245 5373 in
1276 5325 1621 5389 perpetuum.

483 5410 755 5480 Supernae
791 5406 1158 5463 miserationis
1189 5415 1437 5478 respectu
1466 5405 1535 5461 ad
1569 5405 1676 5462 hoc
1700 5406 2016 5463 universalis

409 5497 678 5558 Ecclesiae
700 5512 889 5554 curam
916 5494 1259 5568 suscepimus
1288 5502 1343 5551 et
1365 5494 1647 5568 apostolici
1675 5496 2015 5552 moderami-

409 5675 545 5719 nem
572 5674 675 5731 pro
697 5656 902 5715 tuenda
936 5657 1287 5714 sacerdotum
1317 5656 1641 5731 castimonia
1674 5656 2015 5731 passusfue-

412 5740 505 5790 rat
558 5730 709 5786 anno
742 5735 897 5791 1075,
938 5744 1137 5801 easque
1188 5730 1595 5799 conscripserat
1638 5730 2015 5801 sanctissimus

413 5802 667 5876 pomifer;
709 5817 834 5876 non
850 5800 1086 5876 tantuni_
1103 5810 1189 5876 ιιιΔ
1216 5802 1585 5876 gratularetur
1606 5871 1617 5876 _
1641 5801 1724 5876 illi
1760 5800 2015 5876 adeptam

416 5871 668 5946 martyrii
697 5873 955 5947 gloriam,
994 5871 1091 5929 sed
1119 5871 1287 5929 etiam
1327 5880 1389 5927 ut
1428 5871 1805 5928 ecclesiasticis
1834 5872 2016 5942 impe-

2123 3337 2331 3393 honore
2384 3335 2556 3391 sancti
2586 3334 2815 3389 Joannis
2842 3349 2973 3389 cum
3016 3332 3271 3389 omnibus
3317 3331 3432 3387 suis
3459 3330 3719 3402 appendi-

2122 3430 2222 3486 ciis
2262 3428 2508 3485 Cavinias
2549 3428 2737 3482 villam
2771 3442 2897 3481 cum
2945 3425 3205 3494 ecclesia,
3248 3433 3304 3480 et
3335 3424 3516 3479 villam
3564 3423 3721 3479 Sole—

2121 3524 2383 3581 striacum
2422 3539 2551 3579 cum
2594 3519 2840 3587 ecclesia,
2873 3528 2929 3575 et
2958 3519 3256 3597 Sactiolam
3296 3535 3425 3575 cum
3469 3516 3715 3586 ecclesia,

2123 3617 2490 3675 Galliniacum
2534 3631 2663 3670 cum
2693 3614 2940 3682 ecclesia,
2982 3613 3275 3670 Ruﬁacum
3316 3629 3443 3668 cum
3471 3610 3719 3683 ecclesia,

2122 3712 2393 3768 Masiliam
2438 3692 2855 3781 Bargiserenam
2895 3706 3080 3762 villam
3122 3723 3250 3763 cum
3280 3706 3527 3773 ecclesia,
3564 3706 3721 3761 Clar-

2122 3820 2350 3861 manum
2364 3820 2495 3859 cum
2512 3804 2760 3870 ecclesia,
2785 3801 3053 3858 Curtirias
3074 3800 3281 3868 villam,
3298 3802 3573 3856 Paronam
3589 3815 3719 3855 cum

2121 3900 2373 3967 ecclesia,
2421 3897 2799 3970 Arpogiacum
2844 3911 2975 3951 cum
3007 3894 3257 3964 ecclesia,
3306 3894 3719 3950 Darboniacum

2119 4011 2251 4051 cum
2271 3992 2523 4060 ecclesia,
2545 3990 2933 4047 Betorniacum
2955 4005 3080 4045 cum
3102 3988 3349 4055 ecclesia,
3366 3988 3717 4044 etecclesiam

2118 4090 2331 4145 Sancta
2356 4086 2661 4153 Columbae,
2690 4084 3008 4141 Verreriam
3027 4090 3082 4138 et
3101 4082 3516 4155 Berguliensem
3544 4080 3714 4149 villas,

2120 4183 2412 4240 ecclesiam
2466 4179 2653 4235 Sancti
2709 4176 3033 4246 Laurentii,
3085 4179 3339 4233 Castrum
3392 4176 3717 4232 Lordonum

2120 4276 2479 4343 Blanuscum,
2527 4274 2753 4328 Costam
2797 4288 2925 4327 cum
2956 4269 3207 4336 ecclesia,
3237 4270 3543 4325 Laisiacum
3588 4284 3717 4324 cum

2121 4369 2365 4437 ecclesia,
2410 4366 2804 4423 monasterium
2849 4364 3091 4419 Charum
3136 4365 3338 4418 Locum
3369 4380 3495 4418 cum
3534 4362 3715 4419 omni-

2116 4462 2219 4519 bus
2258 4448 2433 4519 adse
2479 4458 2897 4533 pertinentibus,
2945 4458 3143 4513 cellam
3192 4456 3539 4527 Regniacum
3582 4471 3711 4512 cum

2120 4556 2379 4613 omnibus
2394 4555 2494 4610 sibi
2520 4551 2944 4625 pertinentibus,
2967 4550 3251 4605 ecclesiam
3271 4548 3458 4604 Sancti
3475 4549 3714 4605 Victoris

2118 4666 2246 4706 cum
2304 4648 2565 4706 omnibus
2613 4647 2720 4703 sibi
2768 4643 3189 4717 pertinentibus,
3243 4642 3437 4698 cellam
3492 4659 3715 4716 quoque

2122 4744 2310 4801 Sancti
2338 4741 2569 4798 Victoris
2589 4743 2644 4796 in
2673 4748 2865 4796 monte
2901 4737 3099 4810 Algido
3124 4752 3254 4792 cum
3283 4736 3437 4792 omni
3466 4753 3565 4793 sua
3591 4753 3713 4808 per-

2123 4837 2373 4905 tinentia,
2427 4834 2681 4891 ecclesias
2726 4835 2892 4889 etiam
2939 4840 2995 4888 et
3031 4840 3201 4887 terras
3230 4846 3355 4904 qua:
3376 4831 3531 4903 juxta
3558 4832 3713 4888 illam

2122 4939 2252 4987 sunt
2285 4945 2385 5001 pro
2430 4929 2627 5001 quibus
2664 4927 2786 4984 data
2816 4936 2898 4984 est
2941 4926 3223 4999 quondam
3261 4927 3484 4981 ecclesia
3524 4925 3714 4982 Sancti

2123 5022 2399 5096 Gengulﬁ,
2444 5022 2811 5093 Equirandam
2852 5030 3062 5077 curtem
3105 5036 3234 5076 cum
3272 5019 3497 5076 ecclesia
3527 5019 3709 5074 Sancti

2125 5119 2363 5175 Andreae
2386 5159 2401 5185 ,
2430 5126 2485 5172 et
2512 5133 2639 5172 cum
2678 5115 2796 5171 aliis
2842 5115 3083 5171 ecclesiis
3132 5123 3191 5169 et
3217 5112 3544 5186 appendiciis
3577 5112 3711 5180 suis,

2124 5228 2324 5269 novam
2368 5211 2548 5267 villam
2588 5210 2646 5265 in
2683 5210 3009 5281 Petrogoico
3060 5218 3240 5264 castro
3277 5224 3407 5264 cum
3454 5206 3710 5274 ecclesia,

2125 5321 2323 5363 omnes
2383 5320 2597 5377 quoque
2659 5304 2916 5360 ecclesias
2954 5311 3010 5358 et
3058 5311 3253 5370 terras,
3301 5317 3399 5357 seu
3446 5298 3714 5374 quidquid

2124 5400 2387 5473 praefatus
2416 5399 2569 5454 locus
2600 5398 2765 5454 habet
2789 5398 2843 5452 in
2864 5398 2982 5469 jam
3018 5396 3172 5453 dicto
3212 5397 3496 5452 comitatu.

2196 5496 2259 5550 In
2309 5493 2577 5549 comitatu
2615 5507 2742 5548 vero
2794 5490 3139 5547 Cabilonensi
3182 5490 3377 5546 cellam
3424 5488 3492 5545 de
3535 5489 3715 5546 Bello-

2124 5654 2404 5729 dimentis,
2427 5653 2623 5725 quibus
2647 5652 2716 5707 ob
2744 5654 2987 5729 corporis
3010 5650 3423 5729 deformitatem
3451 5648 3625 5729 arceri
3646 5649 3714 5704 ab

2125 5720 2604 5796 altaribusposset,
2625 5720 2950 5780 auctoritate
2967 5724 3263 5794 apostolica
3282 5723 3461 5792 ipsum
3478 5720 3716 5775 minime

2122 5797 2447 5854 innodatum
2474 5797 2793 5853 declararet.
