  <div class='ocr_page' id='page_1' title='image "/cluster/home/n/w/nwhite01/storage/ocr_20150623/148/hvd.32044054760061/337.png"; bbox 0 0 4044 6186; ppageno 0'>
   <div class='ocr_carea' id='block_1_1' title="bbox 433 190 532 245">
    <p class='ocr_par' dir='ltr' id='par_1_1' title="bbox 433 190 532 245">
     <span class='ocr_line' id='line_1_1' title="bbox 433 190 532 245; baseline -0.04 0"><span class='ocrx_word' id='word_1_1' title='bbox 433 190 532 245; x_wconf 82' lang='grc'><strong>663</strong></span> 
     </span>
    </p>
   </div>
   <div class='ocr_carea' id='block_1_2' title="bbox 1356 181 2783 278">
    <p class='ocr_par' dir='ltr' id='par_1_2' title="bbox 1356 181 2783 278">
     <span class='ocr_line' id='line_1_2' title="bbox 1356 181 2783 278; baseline -0.004 -38"><span class='ocrx_word' id='word_1_2' title='bbox 1356 186 1437 278; x_wconf 43' lang='grc'><strong>⁸5.</strong></span> <span class='ocrx_word' id='word_1_3' title='bbox 1478 184 1800 240; x_wconf 83' lang='lat' dir='ltr'><strong>GREGORH</strong></span> <span class='ocrx_word' id='word_1_4' title='bbox 1835 185 1925 240; x_wconf 80' lang='lat' dir='ltr'><strong>VII</strong></span> <span class='ocrx_word' id='word_1_5' title='bbox 1962 184 2156 271; x_wconf 65' lang='grc' dir='ltr'><strong>ΡΑΡΛΕ</strong></span> <span class='ocrx_word' id='word_1_6' title='bbox 2194 182 2467 241; x_wconf 81' lang='lat' dir='ltr'><strong>OPERUM</strong></span> <span class='ocrx_word' id='word_1_7' title='bbox 2501 181 2676 237; x_wconf 82' lang='lat' dir='ltr'><strong>PARS</strong></span> <span class='ocrx_word' id='word_1_8' title='bbox 2716 181 2783 236; x_wconf 86' lang='lat' dir='ltr'><strong>II.</strong></span> 
     </span>
    </p>
   </div>
   <div class='ocr_carea' id='block_1_3' title="bbox 3622 184 3716 239">
    <p class='ocr_par' dir='ltr' id='par_1_3' title="bbox 3622 184 3716 239">
     <span class='ocr_line' id='line_1_3' title="bbox 3622 184 3716 239; baseline 0.032 -3"><span class='ocrx_word' id='word_1_9' title='bbox 3622 184 3716 239; x_wconf 74' lang='grc'><strong>664</strong></span> 
     </span>
    </p>
   </div>
   <div class='ocr_carea' id='block_1_4' title="bbox 436 302 3725 389">
    <p class='ocr_par' dir='ltr' id='par_1_4' title="bbox 436 302 3725 389">
     <span class='ocr_line' id='line_1_4' title="bbox 436 302 3725 389; baseline -0.003 -20"><span class='ocrx_word' id='word_1_10' title='bbox 436 322 624 370; x_wconf 87' lang='lat' dir='ltr'><strong>monte</strong></span> <span class='ocrx_word' id='word_1_11' title='bbox 675 332 799 373; x_wconf 80' lang='lat' dir='ltr'><strong>cum</strong></span> <span class='ocrx_word' id='word_1_12' title='bbox 830 315 1050 370; x_wconf 68' lang='lat' dir='ltr'><strong>ecclesia</strong></span> <span class='ocrx_word' id='word_1_13' title='bbox 1097 314 1307 367; x_wconf 69' lang='lat' dir='ltr'><strong>Sanctae</strong></span> <span class='ocrx_word' id='word_1_14' title='bbox 1350 309 1538 364; x_wconf 73' lang='lat' dir='ltr'><strong>Maria:</strong></span> <span class='ocrx_word' id='word_1_15' title='bbox 1568 317 1621 363; x_wconf 74' lang='lat' dir='ltr'><strong>et</strong></span> <span class='ocrx_word' id='word_1_16' title='bbox 1663 309 1915 363; x_wconf 77' lang='lat' dir='ltr'><strong>omnibus</strong></span> <span class='ocrx_word' id='word_1_17' title='bbox 1958 310 2026 364; x_wconf 86' lang='lat' dir='ltr'><strong>ibi</strong></span> <span class='ocrx_word' id='word_1_18' title='bbox 2061 320 2109 378; x_wconf 79' lang='grc' dir='ltr'>Α</span> <span class='ocrx_word' id='word_1_19' title='bbox 2142 306 2366 373; x_wconf 81' lang='lat' dir='ltr'><strong>Baiard;</strong></span> <span class='ocrx_word' id='word_1_20' title='bbox 2419 315 2474 361; x_wconf 89' lang='lat' dir='ltr'><strong>et</strong></span> <span class='ocrx_word' id='word_1_21' title='bbox 2511 304 2823 364; x_wconf 82' lang='lat' dir='ltr'><strong>ohedientia</strong></span> <span class='ocrx_word' id='word_1_22' title='bbox 2864 317 2988 389; x_wconf 78' lang='lat' dir='ltr'><strong>quae</strong></span> <span class='ocrx_word' id='word_1_23' title='bbox 3018 302 3219 369; x_wconf 19' lang='lat' dir='ltr'><strong>dicitur,</strong></span> <span class='ocrx_word' id='word_1_24' title='bbox 3256 305 3416 361; x_wconf 87' lang='lat' dir='ltr'><strong>Villa.</strong></span> <span class='ocrx_word' id='word_1_25' title='bbox 3449 307 3511 361; x_wconf 84' lang='lat' dir='ltr'><strong>In</strong></span> <span class='ocrx_word' id='word_1_26' title='bbox 3555 307 3725 362; x_wconf 64' lang='lat' dir='ltr'><strong>comi.</strong></span> 
     </span>
    </p>
   </div>
   <div class='ocr_carea' id='block_1_5' title="bbox 438 403 2030 481">
    <p class='ocr_par' dir='ltr' id='par_1_5' title="bbox 438 403 2030 481">
     <span class='ocr_line' id='line_1_5' title="bbox 438 403 2030 481; baseline -0.008 -15"><span class='ocrx_word' id='word_1_27' title='bbox 438 412 851 481; x_wconf 57' lang='lat' dir='ltr'><strong>pertinemilms.</strong></span> <span class='ocrx_word' id='word_1_28' title='bbox 880 407 1067 464; x_wconf 70' lang='grc' dir='ltr'><strong>εισι-ιρςί</strong></span> <span class='ocrx_word' id='word_1_29' title='bbox 1090 421 1157 458; x_wconf 60' lang='lat' dir='ltr'><strong>nm</strong></span> <span class='ocrx_word' id='word_1_30' title='bbox 1185 405 1249 457; x_wconf 86' lang='lat' dir='ltr'><strong>de</strong></span> <span class='ocrx_word' id='word_1_31' title='bbox 1278 404 1320 459; x_wconf 90' lang='lat' dir='ltr'><strong>C</strong></span> <span class='ocrx_word' id='word_1_32' title='bbox 1341 403 1595 471; x_wconf 71' lang='lat' dir='ltr'><strong>turpiloco</strong></span> <span class='ocrx_word' id='word_1_33' title='bbox 1626 420 1753 459; x_wconf 88' lang='lat' dir='ltr'><strong>cum</strong></span> <span class='ocrx_word' id='word_1_34' title='bbox 1784 420 1899 457; x_wconf 80' lang='lat' dir='ltr'><strong>sms</strong></span> <span class='ocrx_word' id='word_1_35' title='bbox 1931 419 2030 473; x_wconf 87' lang='lat' dir='ltr'><strong>ap-</strong></span> 
     </span>
    </p>
   </div>
   <div class='ocr_carea' id='block_1_6' title="bbox 440 496 2036 575">
    <p class='ocr_par' dir='ltr' id='par_1_6' title="bbox 440 496 2036 575">
     <span class='ocr_line' id='line_1_6' title="bbox 440 496 2036 575; baseline 0.001 -26"><span class='ocrx_word' id='word_1_36' title='bbox 440 504 716 575; x_wconf 58' lang='lat' dir='ltr'><strong>pendiciis,</strong></span> <span class='ocrx_word' id='word_1_37' title='bbox 749 512 959 555; x_wconf 70' lang='grc' dir='ltr'><strong>ριιιειριῃ</strong></span> <span class='ocrx_word' id='word_1_38' title='bbox 1013 499 1272 552; x_wconf 80' lang='lat' dir='ltr'><strong>vocabulo</strong></span> <span class='ocrx_word' id='word_1_39' title='bbox 1312 496 1587 552; x_wconf 89' lang='lat' dir='ltr'><strong>Juliacum</strong></span> <span class='ocrx_word' id='word_1_40' title='bbox 1624 513 1748 551; x_wconf 89' lang='lat' dir='ltr'><strong>cum</strong></span> <span class='ocrx_word' id='word_1_41' title='bbox 1794 497 2036 552; x_wconf 88' lang='lat' dir='ltr'><strong>ecclesiis</strong></span> 
     </span>
    </p>
   </div>
   <div class='ocr_carea' id='block_1_7' title="bbox 438 589 2034 661">
    <p class='ocr_par' dir='ltr' id='par_1_7' title="bbox 438 589 2034 661">
     <span class='ocr_line' id='line_1_7' title="bbox 438 589 2034 661; baseline -0.003 -11"><span class='ocrx_word' id='word_1_42' title='bbox 438 605 493 651; x_wconf 90' lang='lat' dir='ltr'><strong>et</strong></span> <span class='ocrx_word' id='word_1_43' title='bbox 521 596 676 650; x_wconf 88' lang='lat' dir='ltr'><strong>terris</strong></span> <span class='ocrx_word' id='word_1_44' title='bbox 718 593 892 647; x_wconf 88' lang='lat' dir='ltr'><strong>eidem</strong></span> <span class='ocrx_word' id='word_1_45' title='bbox 924 592 1043 645; x_wconf 89' lang='lat' dir='ltr'><strong>loco</strong></span> <span class='ocrx_word' id='word_1_46' title='bbox 1072 589 1352 661; x_wconf 86' lang='lat' dir='ltr'><strong>quondam</strong></span> <span class='ocrx_word' id='word_1_47' title='bbox 1385 590 1451 643; x_wconf 91' lang='lat' dir='ltr'><strong>ab</strong></span> <span class='ocrx_word' id='word_1_48' title='bbox 1481 590 1733 659; x_wconf 90' lang='lat' dir='ltr'><strong>episcopo</strong></span> <span class='ocrx_word' id='word_1_49' title='bbox 1779 591 2034 645; x_wconf 88' lang='lat' dir='ltr'><strong>Manasse</strong></span> 
     </span>
    </p>
   </div>
   <div class='ocr_carea' id='block_1_8' title="bbox 437 682 2033 754">
    <p class='ocr_par' dir='ltr' id='par_1_8' title="bbox 437 682 2033 754">
     <span class='ocr_line' id='line_1_8' title="bbox 437 682 2033 754; baseline -0.005 -9"><span class='ocrx_word' id='word_1_50' title='bbox 437 688 662 745; x_wconf 79' lang='lat' dir='ltr'><strong>Collatis.</strong></span> <span class='ocrx_word' id='word_1_51' title='bbox 720 683 1015 740; x_wconf 78' lang='lat' dir='ltr'><strong>Ecclesiam</strong></span> <span class='ocrx_word' id='word_1_52' title='bbox 1053 686 1237 738; x_wconf 86' lang='lat' dir='ltr'><strong>Sancti</strong></span> <span class='ocrx_word' id='word_1_53' title='bbox 1279 682 1529 751; x_wconf 81' lang='lat' dir='ltr'><strong>Gengulﬁ</strong></span> <span class='ocrx_word' id='word_1_54' title='bbox 1563 699 1691 738; x_wconf 89' lang='lat' dir='ltr'><strong>cum</strong></span> <span class='ocrx_word' id='word_1_55' title='bbox 1721 684 1834 737; x_wconf 89' lang='lat' dir='ltr'><strong>suis</strong></span> <span class='ocrx_word' id='word_1_56' title='bbox 1864 684 2033 754; x_wconf 86' lang='lat' dir='ltr'><strong>perti-</strong></span> 
     </span>
    </p>
   </div>
   <div class='ocr_carea' id='block_1_9' title="bbox 437 762 2035 849">
    <p class='ocr_par' dir='ltr' id='par_1_9' title="bbox 437 762 2035 849">
     <span class='ocr_line' id='line_1_9' title="bbox 437 762 2035 849; baseline -0.003 -13"><span class='ocrx_word' id='word_1_57' title='bbox 437 780 660 846; x_wconf 90' lang='lat' dir='ltr'><strong>nentiis,</strong></span> <span class='ocrx_word' id='word_1_58' title='bbox 691 762 881 834; x_wconf 86' lang='lat' dir='ltr'><strong>cellam</strong></span> <span class='ocrx_word' id='word_1_59' title='bbox 920 786 1234 839; x_wconf 87' lang='lat' dir='ltr'><strong>sanctorum</strong></span> <span class='ocrx_word' id='word_1_60' title='bbox 1274 784 1578 849; x_wconf 86' lang='lat' dir='ltr'><strong>martyrum</strong></span> <span class='ocrx_word' id='word_1_61' title='bbox 1605 777 1817 831; x_wconf 68' lang='lat' dir='ltr'><strong>Cosmae</strong></span> <span class='ocrx_word' id='word_1_62' title='bbox 1840 785 1893 830; x_wconf 88' lang='lat' dir='ltr'><strong>et</strong></span> <span class='ocrx_word' id='word_1_63' title='bbox 1920 780 2035 832; x_wconf 87' lang='lat' dir='ltr'><strong>Da-</strong></span> 
     </span>
    </p>
   </div>
   <div class='ocr_carea' id='block_1_10' title="bbox 439 869 2035 939">
    <p class='ocr_par' dir='ltr' id='par_1_10' title="bbox 439 869 2035 939">
     <span class='ocr_line' id='line_1_10' title="bbox 439 869 2035 939; baseline -0.002 -11"><span class='ocrx_word' id='word_1_64' title='bbox 439 873 630 939; x_wconf 90' lang='lat' dir='ltr'><strong>miani,</strong></span> <span class='ocrx_word' id='word_1_65' title='bbox 652 879 707 926; x_wconf 91' lang='lat' dir='ltr'><strong>et</strong></span> <span class='ocrx_word' id='word_1_66' title='bbox 734 871 1134 927; x_wconf 84' lang='lat' dir='ltr'><strong>monasterium</strong></span> <span class='ocrx_word' id='word_1_67' title='bbox 1161 870 1341 927; x_wconf 84' lang='lat' dir='ltr'><strong>Sancti</strong></span> <span class='ocrx_word' id='word_1_68' title='bbox 1364 869 1604 924; x_wconf 83' lang='lat' dir='ltr'><strong>Marcelli</strong></span> <span class='ocrx_word' id='word_1_69' title='bbox 1627 885 1754 923; x_wconf 91' lang='lat' dir='ltr'><strong>cum</strong></span> <span class='ocrx_word' id='word_1_70' title='bbox 1777 870 2035 925; x_wconf 90' lang='lat' dir='ltr'><strong>omnibus</strong></span> 
     </span>
    </p>
   </div>
   <div class='ocr_carea' id='block_1_11' title="bbox 439 962 2034 1035">
    <p class='ocr_par' dir='ltr' id='par_1_11' title="bbox 439 962 2034 1035">
     <span class='ocr_line' id='line_1_11' title="bbox 439 962 2034 1035; baseline -0.003 -14"><span class='ocrx_word' id='word_1_71' title='bbox 439 965 556 1021; x_wconf 84' lang='lat' dir='ltr'><strong>suis</strong></span> <span class='ocrx_word' id='word_1_72' title='bbox 588 964 961 1035; x_wconf 90' lang='lat' dir='ltr'><strong>pertinentiis,</strong></span> <span class='ocrx_word' id='word_1_73' title='bbox 997 980 1188 1019; x_wconf 90' lang='lat' dir='ltr'><strong>omnes</strong></span> <span class='ocrx_word' id='word_1_74' title='bbox 1245 963 1413 1017; x_wconf 90' lang='lat' dir='ltr'><strong>etiam</strong></span> <span class='ocrx_word' id='word_1_75' title='bbox 1460 962 1711 1017; x_wconf 83' lang='lat' dir='ltr'><strong>ecclesias</strong></span> <span class='ocrx_word' id='word_1_76' title='bbox 1756 969 1811 1017; x_wconf 92' lang='lat' dir='ltr'><strong>et</strong></span> <span class='ocrx_word' id='word_1_77' title='bbox 1860 971 2034 1017; x_wconf 88' lang='lat' dir='ltr'><strong>terras</strong></span> 
     </span>
    </p>
   </div>
   <div class='ocr_carea' id='block_1_12' title="bbox 442 1056 2031 1131">
    <p class='ocr_par' dir='ltr' id='par_1_12' title="bbox 442 1056 2031 1131">
     <span class='ocr_line' id='line_1_12' title="bbox 442 1056 2031 1131; baseline -0.001 -18"><span class='ocrx_word' id='word_1_78' title='bbox 442 1068 497 1113; x_wconf 90' lang='lat' dir='ltr'><strong>et</strong></span> <span class='ocrx_word' id='word_1_79' title='bbox 527 1058 899 1131; x_wconf 85' lang='lat' dir='ltr'><strong>quodcunque</strong></span> <span class='ocrx_word' id='word_1_80' title='bbox 941 1056 1289 1129; x_wconf 90' lang='lat' dir='ltr'><strong>supradictus</strong></span> <span class='ocrx_word' id='word_1_81' title='bbox 1325 1057 1475 1111; x_wconf 92' lang='lat' dir='ltr'><strong>locus</strong></span> <span class='ocrx_word' id='word_1_82' title='bbox 1504 1056 1896 1127; x_wconf 83' lang='lat' dir='ltr'><strong>comprobatur</strong></span> <span class='ocrx_word' id='word_1_83' title='bbox 1935 1056 2031 1112; x_wconf 86' lang='lat' dir='ltr'><strong>ha-</strong></span> 
     </span>
    </p>
   </div>
   <div class='ocr_carea' id='block_1_13' title="bbox 440 1149 1281 1225">
    <p class='ocr_par' dir='ltr' id='par_1_13' title="bbox 440 1149 1281 1225">
     <span class='ocr_line' id='line_1_13' title="bbox 440 1149 1281 1225; baseline -0.002 -18"><span class='ocrx_word' id='word_1_84' title='bbox 440 1149 569 1207; x_wconf 87' lang='lat' dir='ltr'><strong>bere</strong></span> <span class='ocrx_word' id='word_1_85' title='bbox 599 1152 649 1206; x_wconf 92' lang='lat' dir='ltr'><strong>in</strong></span> <span class='ocrx_word' id='word_1_86' title='bbox 669 1153 784 1225; x_wconf 85' lang='lat' dir='ltr'><strong>jam</strong></span> <span class='ocrx_word' id='word_1_87' title='bbox 815 1151 963 1207; x_wconf 90' lang='lat' dir='ltr'><strong>dicto</strong></span> <span class='ocrx_word' id='word_1_88' title='bbox 1000 1152 1281 1206; x_wconf 87' lang='lat' dir='ltr'><strong>comitatu.</strong></span> 
     </span>
    </p>
   </div>
   <div class='ocr_carea' id='block_1_14' title="bbox 514 1243 2035 1317">
    <p class='ocr_par' dir='ltr' id='par_1_14' title="bbox 514 1243 2035 1317">
     <span class='ocr_line' id='line_1_14' title="bbox 514 1243 2035 1317; baseline -0.003 -16"><span class='ocrx_word' id='word_1_89' title='bbox 514 1249 580 1301; x_wconf 85' lang='lat' dir='ltr'><strong>In</strong></span> <span class='ocrx_word' id='word_1_90' title='bbox 626 1247 938 1317; x_wconf 76' lang='lat' dir='ltr'><strong>episcopatu</strong></span> <span class='ocrx_word' id='word_1_91' title='bbox 993 1243 1473 1315; x_wconf 79' lang='lat' dir='ltr'><strong>Augustodunensi</strong></span> <span class='ocrx_word' id='word_1_92' title='bbox 1527 1243 1923 1298; x_wconf 85' lang='lat' dir='ltr'><strong>monasterium</strong></span> <span class='ocrx_word' id='word_1_93' title='bbox 1976 1244 2035 1297; x_wconf 94' lang='lat' dir='ltr'><strong>in</strong></span> 
     </span>
    </p>
   </div>
   <div class='ocr_carea' id='block_1_15' title="bbox 444 1337 2037 1409">
    <p class='ocr_par' dir='ltr' id='par_1_15' title="bbox 444 1337 2037 1409">
     <span class='ocr_line' id='line_1_15' title="bbox 444 1337 2037 1409; baseline -0.002 -14"><span class='ocrx_word' id='word_1_94' title='bbox 444 1344 627 1395; x_wconf 83' lang='lat' dir='ltr'><strong>Aurea</strong></span> <span class='ocrx_word' id='word_1_95' title='bbox 671 1340 835 1401; x_wconf 83' lang='lat' dir='ltr'><strong>Valle,</strong></span> <span class='ocrx_word' id='word_1_96' title='bbox 873 1340 1016 1409; x_wconf 88' lang='lat' dir='ltr'><strong>quod</strong></span> <span class='ocrx_word' id='word_1_97' title='bbox 1050 1346 1275 1392; x_wconf 80' lang='lat' dir='ltr'><strong>vocatur</strong></span> <span class='ocrx_word' id='word_1_98' title='bbox 1307 1337 1573 1393; x_wconf 89' lang='lat' dir='ltr'><strong>Paredum</strong></span> <span class='ocrx_word' id='word_1_99' title='bbox 1616 1352 1744 1392; x_wconf 89' lang='lat' dir='ltr'><strong>cum</strong></span> <span class='ocrx_word' id='word_1_100' title='bbox 1779 1337 2037 1393; x_wconf 89' lang='lat' dir='ltr'><strong>omnibus</strong></span> 
     </span>
    </p>
   </div>
   <div class='ocr_carea' id='block_1_16' title="bbox 446 1430 2034 1503">
    <p class='ocr_par' dir='ltr' id='par_1_16' title="bbox 446 1430 2034 1503">
     <span class='ocr_line' id='line_1_16' title="bbox 446 1430 2034 1503; baseline -0.002 -17"><span class='ocrx_word' id='word_1_101' title='bbox 446 1434 557 1487; x_wconf 86' lang='lat' dir='ltr'><strong>suis</strong></span> <span class='ocrx_word' id='word_1_102' title='bbox 608 1431 978 1503; x_wconf 84' lang='lat' dir='ltr'><strong>pertinentiis;</strong></span> <span class='ocrx_word' id='word_1_103' title='bbox 1012 1430 1408 1487; x_wconf 80' lang='lat' dir='ltr'><strong>monasterium</strong></span> <span class='ocrx_word' id='word_1_104' title='bbox 1451 1431 1611 1484; x_wconf 87' lang='lat' dir='ltr'><strong>etiam</strong></span> <span class='ocrx_word' id='word_1_105' title='bbox 1646 1431 2034 1485; x_wconf 85' lang='lat' dir='ltr'><strong>Marciniacum</strong></span> 
     </span>
    </p>
   </div>
   <div class='ocr_carea' id='block_1_17' title="bbox 446 1524 2038 1592">
    <p class='ocr_par' dir='ltr' id='par_1_17' title="bbox 446 1524 2038 1592">
     <span class='ocr_line' id='line_1_17' title="bbox 446 1524 2038 1592; baseline -0.002 -12"><span class='ocrx_word' id='word_1_106' title='bbox 446 1541 573 1580; x_wconf 92' lang='lat' dir='ltr'><strong>cum</strong></span> <span class='ocrx_word' id='word_1_107' title='bbox 605 1526 862 1581; x_wconf 86' lang='lat' dir='ltr'><strong>omnibus</strong></span> <span class='ocrx_word' id='word_1_108' title='bbox 916 1526 1051 1592; x_wconf 87' lang='lat' dir='ltr'><strong>suis,</strong></span> <span class='ocrx_word' id='word_1_109' title='bbox 1096 1527 1286 1579; x_wconf 87' lang='lat' dir='ltr'><strong>cellam</strong></span> <span class='ocrx_word' id='word_1_110' title='bbox 1334 1524 1401 1579; x_wconf 91' lang='lat' dir='ltr'><strong>de</strong></span> <span class='ocrx_word' id='word_1_111' title='bbox 1450 1524 1704 1580; x_wconf 89' lang='lat' dir='ltr'><strong>Oiadellis</strong></span> <span class='ocrx_word' id='word_1_112' title='bbox 1750 1540 1875 1579; x_wconf 92' lang='lat' dir='ltr'><strong>cum</strong></span> <span class='ocrx_word' id='word_1_113' title='bbox 1928 1524 2038 1578; x_wconf 90' lang='lat' dir='ltr'><strong>suis</strong></span> 
     </span>
    </p>
   </div>
   <div class='ocr_carea' id='block_1_18' title="bbox 445 1617 2041 1691">
    <p class='ocr_par' dir='ltr' id='par_1_18' title="bbox 445 1617 2041 1691">
     <span class='ocr_line' id='line_1_18' title="bbox 445 1617 2041 1691; baseline -0.001 -17"><span class='ocrx_word' id='word_1_114' title='bbox 445 1618 795 1691; x_wconf 90' lang='lat' dir='ltr'><strong>appendiciis,</strong></span> <span class='ocrx_word' id='word_1_115' title='bbox 843 1618 963 1673; x_wconf 87' lang='lat' dir='ltr'><strong>illas</strong></span> <span class='ocrx_word' id='word_1_116' title='bbox 1021 1617 1189 1673; x_wconf 89' lang='lat' dir='ltr'><strong>etiam</strong></span> <span class='ocrx_word' id='word_1_117' title='bbox 1242 1626 1421 1673; x_wconf 91' lang='lat' dir='ltr'><strong>terras</strong></span> <span class='ocrx_word' id='word_1_118' title='bbox 1486 1625 1541 1672; x_wconf 91' lang='lat' dir='ltr'><strong>et</strong></span> <span class='ocrx_word' id='word_1_119' title='bbox 1593 1618 1849 1673; x_wconf 84' lang='lat' dir='ltr'><strong>ecclesias</strong></span> <span class='ocrx_word' id='word_1_120' title='bbox 1906 1632 2041 1689; x_wconf 88' lang='lat' dir='ltr'><strong>quas</strong></span> 
     </span>
    </p>
   </div>
   <div class='ocr_carea' id='block_1_19' title="bbox 2140 398 3729 471">
    <p class='ocr_par' dir='ltr' id='par_1_19' title="bbox 2140 398 3729 471">
     <span class='ocr_line' id='line_1_19' title="bbox 2140 398 3729 471; baseline -0.003 -12"><span class='ocrx_word' id='word_1_121' title='bbox 2140 413 2253 459; x_wconf 91' lang='lat' dir='ltr'><strong>tatu</strong></span> <span class='ocrx_word' id='word_1_122' title='bbox 2320 401 2636 459; x_wconf 76' lang='lat' dir='ltr'><strong>Pictaviensi</strong></span> <span class='ocrx_word' id='word_1_123' title='bbox 2705 399 2889 454; x_wconf 87' lang='lat' dir='ltr'><strong>villam</strong></span> <span class='ocrx_word' id='word_1_124' title='bbox 2941 413 3063 468; x_wconf 67' lang='lat' dir='ltr'><strong>quae</strong></span> <span class='ocrx_word' id='word_1_125' title='bbox 3110 398 3312 454; x_wconf 89' lang='lat' dir='ltr'><strong>dicitur</strong></span> <span class='ocrx_word' id='word_1_126' title='bbox 3365 398 3608 471; x_wconf 83' lang='lat' dir='ltr'><strong>Molgon.</strong></span> <span class='ocrx_word' id='word_1_127' title='bbox 3659 403 3729 455; x_wconf 87' lang='lat' dir='ltr'><strong>In</strong></span> 
     </span>
    </p>
   </div>
   <div class='ocr_carea' id='block_1_20' title="bbox 2140 492 3728 569">
    <p class='ocr_par' dir='ltr' id='par_1_20' title="bbox 2140 492 3728 569">
     <span class='ocr_line' id='line_1_20' title="bbox 2140 492 3728 569; baseline -0.003 -16"><span class='ocrx_word' id='word_1_128' title='bbox 2140 499 2451 569; x_wconf 86' lang='lat' dir='ltr'><strong>episcopatu</strong></span> <span class='ocrx_word' id='word_1_129' title='bbox 2493 493 2822 551; x_wconf 82' lang='lat' dir='ltr'><strong>Sanctonico</strong></span> <span class='ocrx_word' id='word_1_130' title='bbox 2861 493 3260 548; x_wconf 86' lang='lat' dir='ltr'><strong>monasterium</strong></span> <span class='ocrx_word' id='word_1_131' title='bbox 3300 492 3367 548; x_wconf 90' lang='lat' dir='ltr'><strong>de</strong></span> <span class='ocrx_word' id='word_1_132' title='bbox 3395 493 3569 549; x_wconf 91' lang='lat' dir='ltr'><strong>insula</strong></span> <span class='ocrx_word' id='word_1_133' title='bbox 3606 508 3728 564; x_wconf 71' lang='lat' dir='ltr'><strong>quae</strong></span> 
     </span>
    </p>
   </div>
   <div class='ocr_carea' id='block_1_21' title="bbox 2140 574 3731 658">
    <p class='ocr_par' dir='ltr' id='par_1_21' title="bbox 2140 574 3731 658">
     <span class='ocr_line' id='line_1_21' title="bbox 2140 574 3731 658; baseline -0.003 -12"><span class='ocrx_word' id='word_1_134' title='bbox 2140 591 2339 647; x_wconf 89' lang='lat' dir='ltr'><strong>dicitur</strong></span> <span class='ocrx_word' id='word_1_135' title='bbox 2389 590 2541 653; x_wconf 85' lang='lat' dir='ltr'><strong>Aias,</strong></span> <span class='ocrx_word' id='word_1_136' title='bbox 2609 586 3005 642; x_wconf 87' lang='lat' dir='ltr'><strong>monasterium</strong></span> <span class='ocrx_word' id='word_1_137' title='bbox 3060 586 3241 641; x_wconf 88' lang='lat' dir='ltr'><strong>Sancti</strong></span> <span class='ocrx_word' id='word_1_138' title='bbox 3301 586 3515 658; x_wconf 83' lang='lat' dir='ltr'><strong>Georgii</strong></span> <span class='ocrx_word' id='word_1_139' title='bbox 3571 574 3731 657; x_wconf 77' lang='lat' dir='ltr'><strong>juxta</strong></span> 
     </span>
    </p>
   </div>
   <div class='ocr_carea' id='block_1_22' title="bbox 2140 679 3733 745">
    <p class='ocr_par' dir='ltr' id='par_1_22' title="bbox 2140 679 3733 745">
     <span class='ocr_line' id='line_1_22' title="bbox 2140 679 3733 745; baseline -0.001 -6"><span class='ocrx_word' id='word_1_140' title='bbox 2140 695 2381 740; x_wconf 77' lang='lat' dir='ltr'><strong>caetrum</strong></span> <span class='ocrx_word' id='word_1_141' title='bbox 2438 680 2758 745; x_wconf 89' lang='lat' dir='ltr'><strong>Didonium,</strong></span> <span class='ocrx_word' id='word_1_142' title='bbox 2816 679 3213 735; x_wconf 84' lang='lat' dir='ltr'><strong>monasterium</strong></span> <span class='ocrx_word' id='word_1_143' title='bbox 3270 681 3482 735; x_wconf 61' lang='lat' dir='ltr'><strong>Sancta</strong></span> <span class='ocrx_word' id='word_1_144' title='bbox 3539 679 3733 737; x_wconf 63' lang='lat' dir='ltr'><strong>Maria</strong></span> 
     </span>
    </p>
   </div>
   <div class='ocr_carea' id='block_1_23' title="bbox 2132 772 3736 851">
    <p class='ocr_par' dir='ltr' id='par_1_23' title="bbox 2132 772 3736 851">
     <span class='ocr_line' id='line_1_23' title="bbox 2132 772 3736 851; baseline -0.004 -17"><span class='ocrx_word' id='word_1_145' title='bbox 2132 779 2292 851; x_wconf 80' lang='lat' dir='ltr'><strong>juxta</strong></span> <span class='ocrx_word' id='word_1_146' title='bbox 2325 784 2566 833; x_wconf 90' lang='lat' dir='ltr'><strong>castrum</strong></span> <span class='ocrx_word' id='word_1_147' title='bbox 2588 773 2993 840; x_wconf 86' lang='lat' dir='ltr'><strong>Berbeziacum,</strong></span> <span class='ocrx_word' id='word_1_148' title='bbox 3014 773 3297 829; x_wconf 90' lang='lat' dir='ltr'><strong>abbatiam</strong></span> <span class='ocrx_word' id='word_1_149' title='bbox 3316 772 3487 828; x_wconf 85' lang='lat' dir='ltr'><strong>sancti</strong></span> <span class='ocrx_word' id='word_1_150' title='bbox 3505 772 3736 829; x_wconf 83' lang='lat' dir='ltr'><strong>Joannis</strong></span> 
     </span>
    </p>
   </div>
   <div class='ocr_carea' id='block_1_24' title="bbox 2143 866 3659 944">
    <p class='ocr_par' dir='ltr' id='par_1_24' title="bbox 2143 866 3659 944">
     <span class='ocr_line' id='line_1_24' title="bbox 2143 866 3659 944; baseline -0.005 -15"><span class='ocrx_word' id='word_1_151' title='bbox 2143 888 2272 944; x_wconf 69' lang='lat' dir='ltr'><strong>qua:</strong></span> <span class='ocrx_word' id='word_1_152' title='bbox 2290 878 2517 927; x_wconf 85' lang='lat' dir='ltr'><strong>vocatur</strong></span> <span class='ocrx_word' id='word_1_153' title='bbox 2549 868 2859 940; x_wconf 89' lang='lat' dir='ltr'><strong>lngeriacus</strong></span> <span class='ocrx_word' id='word_1_154' title='bbox 2875 908 2890 933; x_wconf 92' lang='lat'><strong>,</strong></span> <span class='ocrx_word' id='word_1_155' title='bbox 2914 866 3193 922; x_wconf 87' lang='lat' dir='ltr'><strong>abbatiam</strong></span> <span class='ocrx_word' id='word_1_156' title='bbox 3220 866 3659 924; x_wconf 85' lang='lat' dir='ltr'><strong>Malliacensem.</strong></span> 
     </span>
    </p>
   </div>
   <div class='ocr_carea' id='block_1_25' title="bbox 2212 959 3734 1032">
    <p class='ocr_par' dir='ltr' id='par_1_25' title="bbox 2212 959 3734 1032">
     <span class='ocr_line' id='line_1_25' title="bbox 2212 959 3734 1032; baseline -0.003 -12"><span class='ocrx_word' id='word_1_157' title='bbox 2212 968 2275 1020; x_wconf 94' lang='lat' dir='ltr'><strong>In</strong></span> <span class='ocrx_word' id='word_1_158' title='bbox 2316 962 2532 1019; x_wconf 89' lang='lat' dir='ltr'><strong>abbatia</strong></span> <span class='ocrx_word' id='word_1_159' title='bbox 2580 969 2764 1016; x_wconf 92' lang='lat' dir='ltr'><strong>autem</strong></span> <span class='ocrx_word' id='word_1_160' title='bbox 2822 959 3005 1015; x_wconf 89' lang='lat' dir='ltr'><strong>Sancti</strong></span> <span class='ocrx_word' id='word_1_161' title='bbox 3047 959 3305 1032; x_wconf 89' lang='lat' dir='ltr'><strong>Cypriani</strong></span> <span class='ocrx_word' id='word_1_162' title='bbox 3342 975 3464 1029; x_wconf 70' lang='lat' dir='ltr'><strong>quae</strong></span> <span class='ocrx_word' id='word_1_163' title='bbox 3509 967 3594 1015; x_wconf 88' lang='lat' dir='ltr'><strong>est</strong></span> <span class='ocrx_word' id='word_1_164' title='bbox 3638 959 3734 1016; x_wconf 85' lang='lat' dir='ltr'><strong>Pi-</strong></span> 
     </span>
    </p>
   </div>
   <div class='ocr_carea' id='block_1_26' title="bbox 2141 1052 3735 1125">
    <p class='ocr_par' dir='ltr' id='par_1_26' title="bbox 2141 1052 3735 1125">
     <span class='ocr_line' id='line_1_26' title="bbox 2141 1052 3735 1125; baseline -0.005 -10"><span class='ocrx_word' id='word_1_165' title='bbox 2141 1058 2327 1125; x_wconf 90' lang='lat' dir='ltr'><strong>ctavis,</strong></span> <span class='ocrx_word' id='word_1_166' title='bbox 2375 1054 2734 1112; x_wconf 90' lang='lat' dir='ltr'><strong>concedimus</strong></span> <span class='ocrx_word' id='word_1_167' title='bbox 2775 1054 2877 1108; x_wconf 89' lang='lat' dir='ltr'><strong>tibi</strong></span> <span class='ocrx_word' id='word_1_168' title='bbox 2929 1052 3075 1125; x_wconf 92' lang='lat' dir='ltr'><strong>quod</strong></span> <span class='ocrx_word' id='word_1_169' title='bbox 3122 1061 3493 1109; x_wconf 88' lang='lat' dir='ltr'><strong>antecessores</strong></span> <span class='ocrx_word' id='word_1_170' title='bbox 3533 1053 3615 1108; x_wconf 91' lang='lat' dir='ltr'><strong>tui</strong></span> <span class='ocrx_word' id='word_1_171' title='bbox 3659 1054 3735 1109; x_wconf 90' lang='lat' dir='ltr'><strong>ibi</strong></span> 
     </span>
    </p>
   </div>
   <div class='ocr_carea' id='block_1_27' title="bbox 2141 1146 3736 1219">
    <p class='ocr_par' dir='ltr' id='par_1_27' title="bbox 2141 1146 3736 1219">
     <span class='ocr_line' id='line_1_27' title="bbox 2141 1146 3736 1219; baseline -0.004 -12"><span class='ocrx_word' id='word_1_172' title='bbox 2141 1152 2472 1207; x_wconf 87' lang='lat' dir='ltr'><strong>habuerunt.</strong></span> <span class='ocrx_word' id='word_1_173' title='bbox 2537 1152 2600 1204; x_wconf 90' lang='lat' dir='ltr'><strong>In</strong></span> <span class='ocrx_word' id='word_1_174' title='bbox 2657 1148 2968 1219; x_wconf 87' lang='lat' dir='ltr'><strong>episcopatu</strong></span> <span class='ocrx_word' id='word_1_175' title='bbox 3024 1146 3395 1202; x_wconf 87' lang='lat' dir='ltr'><strong>Lemovicensi</strong></span> <span class='ocrx_word' id='word_1_176' title='bbox 3454 1154 3736 1202; x_wconf 87' lang='lat' dir='ltr'><strong>monaste-</strong></span> 
     </span>
    </p>
   </div>
   <div class='ocr_carea' id='block_1_28' title="bbox 2141 1239 3741 1312">
    <p class='ocr_par' dir='ltr' id='par_1_28' title="bbox 2141 1239 3741 1312">
     <span class='ocr_line' id='line_1_28' title="bbox 2141 1239 3741 1312; baseline -0.004 -11"><span class='ocrx_word' id='word_1_177' title='bbox 2141 1246 2290 1301; x_wconf 90' lang='lat' dir='ltr'><strong>rium</strong></span> <span class='ocrx_word' id='word_1_178' title='bbox 2302 1244 2478 1299; x_wconf 87' lang='lat' dir='ltr'><strong>Sancti</strong></span> <span class='ocrx_word' id='word_1_179' title='bbox 2494 1242 2774 1297; x_wconf 86' lang='lat' dir='ltr'><strong>Martialis.</strong></span> <span class='ocrx_word' id='word_1_180' title='bbox 2796 1243 2857 1295; x_wconf 93' lang='lat' dir='ltr'><strong>In</strong></span> <span class='ocrx_word' id='word_1_181' title='bbox 2870 1241 3181 1311; x_wconf 84' lang='lat' dir='ltr'><strong>episcopatu</strong></span> <span class='ocrx_word' id='word_1_182' title='bbox 3199 1239 3597 1312; x_wconf 88' lang='lat' dir='ltr'><strong>Engolismensi</strong></span> <span class='ocrx_word' id='word_1_183' title='bbox 3614 1256 3741 1295; x_wconf 84' lang='lat' dir='ltr'><strong>mo-</strong></span> 
     </span>
    </p>
   </div>
   <div class='ocr_carea' id='block_1_29' title="bbox 2140 1330 3738 1405">
    <p class='ocr_par' dir='ltr' id='par_1_29' title="bbox 2140 1330 3738 1405">
     <span class='ocr_line' id='line_1_29' title="bbox 2140 1330 3738 1405; baseline -0.004 -11"><span class='ocrx_word' id='word_1_184' title='bbox 2140 1330 2443 1394; x_wconf 85' lang='lat' dir='ltr'><strong>nasterium</strong></span> <span class='ocrx_word' id='word_1_185' title='bbox 2488 1336 2676 1391; x_wconf 88' lang='lat' dir='ltr'><strong>Sancti</strong></span> <span class='ocrx_word' id='word_1_186' title='bbox 2717 1333 2957 1389; x_wconf 88' lang='lat' dir='ltr'><strong>Mauritii</strong></span> <span class='ocrx_word' id='word_1_187' title='bbox 3006 1333 3153 1405; x_wconf 92' lang='lat' dir='ltr'><strong>quod</strong></span> <span class='ocrx_word' id='word_1_188' title='bbox 3191 1341 3275 1387; x_wconf 90' lang='lat' dir='ltr'><strong>est</strong></span> <span class='ocrx_word' id='word_1_189' title='bbox 3296 1333 3449 1403; x_wconf 83' lang='lat' dir='ltr'><strong>juxta</strong></span> <span class='ocrx_word' id='word_1_190' title='bbox 3489 1341 3738 1389; x_wconf 88' lang='lat' dir='ltr'><strong>castrum</strong></span> 
     </span>
    </p>
   </div>
   <div class='ocr_carea' id='block_1_30' title="bbox 2144 1426 3741 1499">
    <p class='ocr_par' dir='ltr' id='par_1_30' title="bbox 2144 1426 3741 1499">
     <span class='ocr_line' id='line_1_30' title="bbox 2144 1426 3741 1499; baseline -0.003 -12"><span class='ocrx_word' id='word_1_191' title='bbox 2144 1431 2352 1487; x_wconf 89' lang='lat' dir='ltr'><strong>montis</strong></span> <span class='ocrx_word' id='word_1_192' title='bbox 2378 1428 2599 1485; x_wconf 87' lang='lat' dir='ltr'><strong>Berolti.</strong></span> <span class='ocrx_word' id='word_1_193' title='bbox 2648 1431 2711 1483; x_wconf 94' lang='lat' dir='ltr'><strong>In</strong></span> <span class='ocrx_word' id='word_1_194' title='bbox 2758 1428 3072 1499; x_wconf 88' lang='lat' dir='ltr'><strong>episcopatu</strong></span> <span class='ocrx_word' id='word_1_195' title='bbox 3116 1426 3401 1491; x_wconf 87' lang='lat' dir='ltr'><strong>Parisiensi</strong></span> <span class='ocrx_word' id='word_1_196' title='bbox 3450 1434 3741 1483; x_wconf 86' lang='lat' dir='ltr'><strong>monaste-</strong></span> 
     </span>
    </p>
   </div>
   <div class='ocr_carea' id='block_1_31' title="bbox 2145 1520 3740 1595">
    <p class='ocr_par' dir='ltr' id='par_1_31' title="bbox 2145 1520 3740 1595">
     <span class='ocr_line' id='line_1_31' title="bbox 2145 1520 3740 1595; baseline -0.003 -15"><span class='ocrx_word' id='word_1_197' title='bbox 2145 1526 2291 1580; x_wconf 91' lang='lat' dir='ltr'><strong>rium</strong></span> <span class='ocrx_word' id='word_1_198' title='bbox 2338 1525 2406 1579; x_wconf 91' lang='lat' dir='ltr'><strong>de</strong></span> <span class='ocrx_word' id='word_1_199' title='bbox 2464 1527 2849 1595; x_wconf 86' lang='lat' dir='ltr'><strong>Longoponte.</strong></span> <span class='ocrx_word' id='word_1_200' title='bbox 2922 1524 2983 1575; x_wconf 89' lang='lat' dir='ltr'><strong>1n</strong></span> <span class='ocrx_word' id='word_1_201' title='bbox 3044 1520 3358 1591; x_wconf 85' lang='lat' dir='ltr'><strong>episcopatu</strong></span> <span class='ocrx_word' id='word_1_202' title='bbox 3410 1520 3740 1576; x_wconf 86' lang='lat' dir='ltr'><strong>Trecassino</strong></span> 
     </span>
    </p>
   </div>
   <div class='ocr_carea' id='block_1_32' title="bbox 2147 1610 3745 1686">
    <p class='ocr_par' dir='ltr' id='par_1_32' title="bbox 2147 1610 3745 1686">
     <span class='ocr_line' id='line_1_32' title="bbox 2147 1610 3745 1686; baseline -0.003 -11"><span class='ocrx_word' id='word_1_203' title='bbox 2147 1618 2546 1675; x_wconf 88' lang='lat' dir='ltr'><strong>monasterium</strong></span> <span class='ocrx_word' id='word_1_204' title='bbox 2589 1617 2802 1672; x_wconf 66' lang='lat' dir='ltr'><strong>Sanctae</strong></span> <span class='ocrx_word' id='word_1_205' title='bbox 2851 1614 3161 1686; x_wconf 76' lang='lat' dir='ltr'><strong>Margaritze</strong></span> <span class='ocrx_word' id='word_1_206' title='bbox 3202 1630 3328 1668; x_wconf 92' lang='lat' dir='ltr'><strong>cum</strong></span> <span class='ocrx_word' id='word_1_207' title='bbox 3369 1610 3453 1669; x_wconf 88' lang='lat' dir='ltr'><strong>his</strong></span> <span class='ocrx_word' id='word_1_208' title='bbox 3498 1628 3619 1685; x_wconf 62' lang='lat' dir='ltr'><strong>quae</strong></span> <span class='ocrx_word' id='word_1_209' title='bbox 3669 1613 3745 1670; x_wconf 86' lang='lat' dir='ltr'><strong>ad</strong></span> 
     </span>
    </p>
   </div>
   <div class='ocr_carea' id='block_1_33' title="bbox 444 1690 3743 1784">
    <p class='ocr_par' dir='ltr' id='par_1_33' title="bbox 444 1690 3743 1784">
     <span class='ocr_line' id='line_1_33' title="bbox 444 1690 3743 1784; baseline -0.002 -16"><span class='ocrx_word' id='word_1_210' title='bbox 444 1690 801 1768; x_wconf 85' lang='lat' dir='ltr'><strong>Theodardus</strong></span> <span class='ocrx_word' id='word_1_211' title='bbox 835 1712 1067 1766; x_wconf 86' lang='lat' dir='ltr'><strong>clericus</strong></span> <span class='ocrx_word' id='word_1_212' title='bbox 1104 1710 1336 1765; x_wconf 89' lang='lat' dir='ltr'><strong>contulit</strong></span> <span class='ocrx_word' id='word_1_213' title='bbox 1360 1709 1475 1781; x_wconf 89' lang='lat' dir='ltr'><strong>jam</strong></span> <span class='ocrx_word' id='word_1_214' title='bbox 1512 1710 1658 1766; x_wconf 90' lang='lat' dir='ltr'><strong>dicto</strong></span> <span class='ocrx_word' id='word_1_215' title='bbox 1700 1710 2037 1766; x_wconf 87' lang='lat' dir='ltr'><strong>Cluniacensi</strong></span> <span class='ocrx_word' id='word_1_216' title='bbox 2068 1690 2115 1753; x_wconf 82' lang='grc' dir='ltr'><strong>Β</strong></span> <span class='ocrx_word' id='word_1_217' title='bbox 2146 1714 2282 1769; x_wconf 92' lang='lat' dir='ltr'><strong>illud</strong></span> <span class='ocrx_word' id='word_1_218' title='bbox 2312 1712 2605 1784; x_wconf 88' lang='lat' dir='ltr'><strong>pertinent.</strong></span> <span class='ocrx_word' id='word_1_219' title='bbox 2653 1712 2717 1765; x_wconf 87' lang='lat' dir='ltr'><strong>In</strong></span> <span class='ocrx_word' id='word_1_220' title='bbox 2744 1709 3061 1780; x_wconf 91' lang='lat' dir='ltr'><strong>episcopatu</strong></span> <span class='ocrx_word' id='word_1_221' title='bbox 3098 1707 3475 1763; x_wconf 87' lang='lat' dir='ltr'><strong>Suessionensi</strong></span> <span class='ocrx_word' id='word_1_222' title='bbox 3502 1707 3743 1765; x_wconf 88' lang='lat' dir='ltr'><strong>Concia-</strong></span> 
     </span>
    </p>
   </div>
   <div class='ocr_carea' id='block_1_34' title="bbox 446 1804 2038 1861">
    <p class='ocr_par' dir='ltr' id='par_1_34' title="bbox 446 1804 2038 1861">
     <span class='ocr_line' id='line_1_34' title="bbox 446 1804 2038 1861; baseline -0.001 0"><span class='ocrx_word' id='word_1_223' title='bbox 446 1805 805 1861; x_wconf 88' lang='lat' dir='ltr'><strong>monasterio.</strong></span> <span class='ocrx_word' id='word_1_224' title='bbox 856 1804 1267 1859; x_wconf 85' lang='lat' dir='ltr'><strong>Conﬁrmamus</strong></span> <span class='ocrx_word' id='word_1_225' title='bbox 1307 1804 1475 1858; x_wconf 87' lang='lat' dir='ltr'><strong>etiam</strong></span> <span class='ocrx_word' id='word_1_226' title='bbox 1516 1812 1572 1859; x_wconf 90' lang='lat' dir='ltr'><strong>et</strong></span> <span class='ocrx_word' id='word_1_227' title='bbox 1612 1804 2038 1859; x_wconf 88' lang='lat' dir='ltr'><strong>corroboramus</strong></span> 
     </span>
    </p>
   </div>
   <div class='ocr_carea' id='block_1_35' title="bbox 444 1897 2040 1968">
    <p class='ocr_par' dir='ltr' id='par_1_35' title="bbox 444 1897 2040 1968">
     <span class='ocr_line' id='line_1_35' title="bbox 444 1897 2040 1968; baseline -0.001 -13"><span class='ocrx_word' id='word_1_228' title='bbox 444 1899 594 1955; x_wconf 89' lang='lat' dir='ltr'><strong>illam</strong></span> <span class='ocrx_word' id='word_1_229' title='bbox 641 1898 1084 1955; x_wconf 87' lang='lat' dir='ltr'><strong>convenientiam</strong></span> <span class='ocrx_word' id='word_1_230' title='bbox 1128 1906 1317 1952; x_wconf 90' lang='lat' dir='ltr'><strong>nostra</strong></span> <span class='ocrx_word' id='word_1_231' title='bbox 1373 1897 1676 1968; x_wconf 87' lang='lat' dir='ltr'><strong>apostolica</strong></span> <span class='ocrx_word' id='word_1_232' title='bbox 1714 1897 2040 1953; x_wconf 88' lang='lat' dir='ltr'><strong>auctoritate</strong></span> 
     </span>
    </p>
   </div>
   <div class='ocr_carea' id='block_1_36' title="bbox 448 1988 2042 2064">
    <p class='ocr_par' dir='ltr' id='par_1_36' title="bbox 448 1988 2042 2064">
     <span class='ocr_line' id='line_1_36' title="bbox 448 1988 2042 2064; baseline -0.002 -16"><span class='ocrx_word' id='word_1_233' title='bbox 448 2008 617 2064; x_wconf 87' lang='lat' dir='ltr'><strong>quam</strong></span> <span class='ocrx_word' id='word_1_234' title='bbox 669 1990 795 2046; x_wconf 82' lang='lat' dir='ltr'><strong>fecit</strong></span> <span class='ocrx_word' id='word_1_235' title='bbox 850 1990 1113 2047; x_wconf 90' lang='lat' dir='ltr'><strong>dominus</strong></span> <span class='ocrx_word' id='word_1_236' title='bbox 1166 1990 1465 2045; x_wconf 90' lang='lat' dir='ltr'><strong>Walterius</strong></span> <span class='ocrx_word' id='word_1_237' title='bbox 1529 1988 2042 2061; x_wconf 81' lang='lat' dir='ltr'><strong>Augustodunensis</strong></span> 
     </span>
    </p>
   </div>
   <div class='ocr_carea' id='block_1_37' title="bbox 447 2082 2043 2155">
    <p class='ocr_par' dir='ltr' id='par_1_37' title="bbox 447 2082 2043 2155">
     <span class='ocr_line' id='line_1_37' title="bbox 447 2082 2043 2155; baseline -0.002 -16"><span class='ocrx_word' id='word_1_238' title='bbox 447 2085 708 2155; x_wconf 69' lang='lat' dir='ltr'><strong>Ecclesia:</strong></span> <span class='ocrx_word' id='word_1_239' title='bbox 734 2084 1019 2154; x_wconf 91' lang='lat' dir='ltr'><strong>episcopus</strong></span> <span class='ocrx_word' id='word_1_240' title='bbox 1042 2082 1110 2137; x_wconf 92' lang='lat' dir='ltr'><strong>de</strong></span> <span class='ocrx_word' id='word_1_241' title='bbox 1140 2083 1474 2138; x_wconf 90' lang='lat' dir='ltr'><strong>monasterio</strong></span> <span class='ocrx_word' id='word_1_242' title='bbox 1510 2086 1758 2154; x_wconf 87' lang='lat' dir='ltr'><strong>Magatro</strong></span> <span class='ocrx_word' id='word_1_243' title='bbox 1784 2082 1855 2138; x_wconf 93' lang='lat' dir='ltr'><strong>ad</strong></span> <span class='ocrx_word' id='word_1_244' title='bbox 1887 2098 2043 2137; x_wconf 90' lang='lat' dir='ltr'><strong>suam</strong></span> 
     </span>
    </p>
   </div>
   <div class='ocr_carea' id='block_1_38' title="bbox 448 2174 2041 2247">
    <p class='ocr_par' dir='ltr' id='par_1_38' title="bbox 448 2174 2041 2247">
     <span class='ocr_line' id='line_1_38' title="bbox 448 2174 2041 2247; baseline -0.003 -14"><span class='ocrx_word' id='word_1_245' title='bbox 448 2177 730 2233; x_wconf 87' lang='lat' dir='ltr'><strong>ecclesiam</strong></span> <span class='ocrx_word' id='word_1_246' title='bbox 768 2178 1075 2246; x_wconf 86' lang='lat' dir='ltr'><strong>pertinente</strong></span> <span class='ocrx_word' id='word_1_247' title='bbox 1102 2191 1229 2230; x_wconf 91' lang='lat' dir='ltr'><strong>cum</strong></span> <span class='ocrx_word' id='word_1_248' title='bbox 1269 2175 1530 2231; x_wconf 91' lang='lat' dir='ltr'><strong>omnibus</strong></span> <span class='ocrx_word' id='word_1_249' title='bbox 1564 2176 1632 2231; x_wconf 91' lang='lat' dir='ltr'><strong>ad</strong></span> <span class='ocrx_word' id='word_1_250' title='bbox 1662 2176 1839 2247; x_wconf 93' lang='lat' dir='ltr'><strong>ipsum</strong></span> <span class='ocrx_word' id='word_1_251' title='bbox 1873 2174 2041 2247; x_wconf 85' lang='lat' dir='ltr'><strong>perti-</strong></span> 
     </span>
    </p>
   </div>
   <div class='ocr_carea' id='block_1_39' title="bbox 448 2268 2045 2340">
    <p class='ocr_par' dir='ltr' id='par_1_39' title="bbox 448 2268 2045 2340">
     <span class='ocr_line' id='line_1_39' title="bbox 448 2268 2045 2340; baseline -0.002 -14"><span class='ocrx_word' id='word_1_252' title='bbox 448 2271 668 2326; x_wconf 90' lang='lat' dir='ltr'><strong>nentiis.</strong></span> <span class='ocrx_word' id='word_1_253' title='bbox 724 2269 1049 2325; x_wconf 91' lang='lat' dir='ltr'><strong>Burbonum</strong></span> <span class='ocrx_word' id='word_1_254' title='bbox 1094 2268 1500 2324; x_wconf 90' lang='lat' dir='ltr'><strong>monasterium</strong></span> <span class='ocrx_word' id='word_1_255' title='bbox 1546 2285 1677 2324; x_wconf 90' lang='lat' dir='ltr'><strong>cum</strong></span> <span class='ocrx_word' id='word_1_256' title='bbox 1724 2270 1836 2325; x_wconf 90' lang='lat' dir='ltr'><strong>suis</strong></span> <span class='ocrx_word' id='word_1_257' title='bbox 1890 2270 2045 2340; x_wconf 89' lang='lat' dir='ltr'><strong>perti-</strong></span> 
     </span>
    </p>
   </div>
   <div class='ocr_carea' id='block_1_40' title="bbox 447 2362 2047 2434">
    <p class='ocr_par' dir='ltr' id='par_1_40' title="bbox 447 2362 2047 2434">
     <span class='ocr_line' id='line_1_40' title="bbox 447 2362 2047 2434; baseline -0.004 -14"><span class='ocrx_word' id='word_1_258' title='bbox 447 2364 673 2430; x_wconf 90' lang='lat' dir='ltr'><strong>nentiis,</strong></span> <span class='ocrx_word' id='word_1_259' title='bbox 732 2362 1023 2418; x_wconf 88' lang='lat' dir='ltr'><strong>ecclesiam</strong></span> <span class='ocrx_word' id='word_1_260' title='bbox 1085 2362 1143 2417; x_wconf 92' lang='lat' dir='ltr'><strong>in</strong></span> <span class='ocrx_word' id='word_1_261' title='bbox 1189 2362 1310 2416; x_wconf 86' lang='lat' dir='ltr'><strong>vilia</strong></span> <span class='ocrx_word' id='word_1_262' title='bbox 1363 2377 1486 2434; x_wconf 69' lang='lat' dir='ltr'><strong>qum</strong></span> <span class='ocrx_word' id='word_1_263' title='bbox 1534 2362 1729 2418; x_wconf 90' lang='lat' dir='ltr'><strong>dicitur</strong></span> <span class='ocrx_word' id='word_1_264' title='bbox 1780 2362 1940 2417; x_wconf 85' lang='lat' dir='ltr'><strong>Melai</strong></span> <span class='ocrx_word' id='word_1_265' title='bbox 1989 2370 2047 2416; x_wconf 90' lang='lat' dir='ltr'><strong>et</strong></span> 
     </span>
    </p>
   </div>
   <div class='ocr_carea' id='block_1_41' title="bbox 449 2453 2047 2526">
    <p class='ocr_par' dir='ltr' id='par_1_41' title="bbox 449 2453 2047 2526">
     <span class='ocr_line' id='line_1_41' title="bbox 449 2453 2047 2526; baseline -0.003 -13"><span class='ocrx_word' id='word_1_266' title='bbox 449 2457 735 2513; x_wconf 88' lang='lat' dir='ltr'><strong>ecclesiam</strong></span> <span class='ocrx_word' id='word_1_267' title='bbox 763 2456 816 2510; x_wconf 93' lang='lat' dir='ltr'><strong>in</strong></span> <span class='ocrx_word' id='word_1_268' title='bbox 855 2455 981 2510; x_wconf 90' lang='lat' dir='ltr'><strong>villa</strong></span> <span class='ocrx_word' id='word_1_269' title='bbox 1018 2470 1141 2526; x_wconf 75' lang='lat' dir='ltr'><strong>quae</strong></span> <span class='ocrx_word' id='word_1_270' title='bbox 1170 2454 1368 2509; x_wconf 89' lang='lat' dir='ltr'><strong>dicitur</strong></span> <span class='ocrx_word' id='word_1_271' title='bbox 1391 2455 1640 2509; x_wconf 90' lang='lat' dir='ltr'><strong>Simullai</strong></span> <span class='ocrx_word' id='word_1_272' title='bbox 1670 2462 1726 2509; x_wconf 92' lang='lat' dir='ltr'><strong>et</strong></span> <span class='ocrx_word' id='word_1_273' title='bbox 1762 2453 2047 2510; x_wconf 88' lang='lat' dir='ltr'><strong>ecclesiam</strong></span> 
     </span>
    </p>
   </div>
   <div class='ocr_carea' id='block_1_42' title="bbox 453 2546 2048 2620">
    <p class='ocr_par' dir='ltr' id='par_1_42' title="bbox 453 2546 2048 2620">
     <span class='ocr_line' id='line_1_42' title="bbox 453 2546 2048 2620; baseline -0.003 -13"><span class='ocrx_word' id='word_1_274' title='bbox 453 2548 636 2607; x_wconf 86' lang='lat' dir='ltr'><strong>Sancti</strong></span> <span class='ocrx_word' id='word_1_275' title='bbox 693 2547 1073 2619; x_wconf 86' lang='lat' dir='ltr'><strong>Christophori</strong></span> <span class='ocrx_word' id='word_1_276' title='bbox 1123 2548 1280 2620; x_wconf 87' lang='lat' dir='ltr'><strong>juxta</strong></span> <span class='ocrx_word' id='word_1_277' title='bbox 1338 2548 1593 2602; x_wconf 87' lang='lat' dir='ltr'><strong>Castrum</strong></span> <span class='ocrx_word' id='word_1_278' title='bbox 1648 2546 1943 2613; x_wconf 82' lang='lat' dir='ltr'><strong>Cauinum;</strong></span> <span class='ocrx_word' id='word_1_279' title='bbox 1994 2555 2048 2602; x_wconf 92' lang='lat' dir='ltr'><strong>et</strong></span> 
     </span>
    </p>
   </div>
   <div class='ocr_carea' id='block_1_43' title="bbox 453 2639 2050 2709">
    <p class='ocr_par' dir='ltr' id='par_1_43' title="bbox 453 2639 2050 2709">
     <span class='ocr_line' id='line_1_43' title="bbox 453 2639 2050 2709; baseline -0.002 -12"><span class='ocrx_word' id='word_1_280' title='bbox 453 2642 737 2699; x_wconf 91' lang='lat' dir='ltr'><strong>abbatiam</strong></span> <span class='ocrx_word' id='word_1_281' title='bbox 779 2641 1232 2709; x_wconf 87' lang='lat' dir='ltr'><strong>Vizeliacensem,</strong></span> <span class='ocrx_word' id='word_1_282' title='bbox 1263 2655 1457 2695; x_wconf 89' lang='lat' dir='ltr'><strong>omnes</strong></span> <span class='ocrx_word' id='word_1_283' title='bbox 1490 2641 1661 2695; x_wconf 92' lang='lat' dir='ltr'><strong>etiam</strong></span> <span class='ocrx_word' id='word_1_284' title='bbox 1691 2639 1946 2695; x_wconf 85' lang='lat' dir='ltr'><strong>ecclesias</strong></span> <span class='ocrx_word' id='word_1_285' title='bbox 1993 2648 2050 2696; x_wconf 90' lang='lat' dir='ltr'><strong>et</strong></span> 
     </span>
    </p>
   </div>
   <div class='ocr_carea' id='block_1_44' title="bbox 452 2732 2050 2806">
    <p class='ocr_par' dir='ltr' id='par_1_44' title="bbox 452 2732 2050 2806">
     <span class='ocr_line' id='line_1_44' title="bbox 452 2732 2050 2806; baseline -0.001 -17"><span class='ocrx_word' id='word_1_286' title='bbox 452 2740 646 2801; x_wconf 89' lang='lat' dir='ltr'><strong>terras,</strong></span> <span class='ocrx_word' id='word_1_287' title='bbox 690 2743 745 2791; x_wconf 88' lang='lat' dir='ltr'><strong>et</strong></span> <span class='ocrx_word' id='word_1_288' title='bbox 780 2733 1142 2806; x_wconf 89' lang='lat' dir='ltr'><strong>quodcunque</strong></span> <span class='ocrx_word' id='word_1_289' title='bbox 1186 2732 1529 2805; x_wconf 90' lang='lat' dir='ltr'><strong>supradictus</strong></span> <span class='ocrx_word' id='word_1_290' title='bbox 1568 2734 1722 2789; x_wconf 93' lang='lat' dir='ltr'><strong>locus</strong></span> <span class='ocrx_word' id='word_1_291' title='bbox 1759 2733 2050 2789; x_wconf 90' lang='lat' dir='ltr'><strong>Cluniacus</strong></span> 
     </span>
    </p>
   </div>
   <div class='ocr_carea' id='block_1_45' title="bbox 453 2826 2051 2900">
    <p class='ocr_par' dir='ltr' id='par_1_45' title="bbox 453 2826 2051 2900">
     <span class='ocr_line' id='line_1_45' title="bbox 453 2826 2051 2900; baseline -0.001 -17"><span class='ocrx_word' id='word_1_292' title='bbox 453 2829 671 2885; x_wconf 88' lang='lat' dir='ltr'><strong>videtur</strong></span> <span class='ocrx_word' id='word_1_293' title='bbox 718 2828 917 2884; x_wconf 88' lang='lat' dir='ltr'><strong>habere</strong></span> <span class='ocrx_word' id='word_1_294' title='bbox 958 2828 1013 2882; x_wconf 91' lang='lat' dir='ltr'><strong>in</strong></span> <span class='ocrx_word' id='word_1_295' title='bbox 1063 2827 1254 2884; x_wconf 91' lang='lat' dir='ltr'><strong>eodem</strong></span> <span class='ocrx_word' id='word_1_296' title='bbox 1300 2828 1640 2900; x_wconf 87' lang='lat' dir='ltr'><strong>episcopatu.</strong></span> <span class='ocrx_word' id='word_1_297' title='bbox 1688 2830 1749 2882; x_wconf 89' lang='lat' dir='ltr'><strong>In</strong></span> <span class='ocrx_word' id='word_1_298' title='bbox 1778 2826 2051 2882; x_wconf 87' lang='lat' dir='ltr'><strong>territorio</strong></span> 
     </span>
    </p>
   </div>
   <div class='ocr_carea' id='block_1_46' title="bbox 454 2920 2052 2979">
    <p class='ocr_par' dir='ltr' id='par_1_46' title="bbox 454 2920 2052 2979">
     <span class='ocr_line' id='line_1_46' title="bbox 454 2920 2052 2979; baseline -0.001 -2"><span class='ocrx_word' id='word_1_299' title='bbox 454 2920 582 2979; x_wconf 80' lang='lat' dir='ltr'><strong>verb</strong></span> <span class='ocrx_word' id='word_1_300' title='bbox 637 2921 956 2978; x_wconf 90' lang='lat' dir='ltr'><strong>Divionensi</strong></span> <span class='ocrx_word' id='word_1_301' title='bbox 998 2930 1213 2977; x_wconf 92' lang='lat' dir='ltr'><strong>curtem</strong></span> <span class='ocrx_word' id='word_1_302' title='bbox 1269 2921 1567 2977; x_wconf 89' lang='lat' dir='ltr'><strong>Giuracum</strong></span> <span class='ocrx_word' id='word_1_303' title='bbox 1619 2937 1747 2976; x_wconf 82' lang='lat' dir='ltr'><strong>cum</strong></span> <span class='ocrx_word' id='word_1_304' title='bbox 1798 2921 2052 2976; x_wconf 88' lang='lat' dir='ltr'><strong>omnibus</strong></span> 
     </span>
    </p>
   </div>
   <div class='ocr_carea' id='block_1_47' title="bbox 455 3013 2054 3087">
    <p class='ocr_par' dir='ltr' id='par_1_47' title="bbox 455 3013 2054 3087">
     <span class='ocr_line' id='line_1_47' title="bbox 455 3013 2054 3087; baseline -0.003 -15"><span class='ocrx_word' id='word_1_305' title='bbox 455 3016 556 3073; x_wconf 91' lang='lat' dir='ltr'><strong>sibi</strong></span> <span class='ocrx_word' id='word_1_306' title='bbox 605 3015 1023 3087; x_wconf 86' lang='lat' dir='ltr'><strong>pertinentibus.</strong></span> <span class='ocrx_word' id='word_1_307' title='bbox 1075 3018 1139 3071; x_wconf 86' lang='lat' dir='ltr'><strong>In</strong></span> <span class='ocrx_word' id='word_1_308' title='bbox 1197 3030 1335 3087; x_wconf 88' lang='lat' dir='ltr'><strong>pago</strong></span> <span class='ocrx_word' id='word_1_309' title='bbox 1393 3013 1878 3081; x_wconf 85' lang='lat' dir='ltr'><strong>Autissiodorensi,</strong></span> <span class='ocrx_word' id='word_1_310' title='bbox 1934 3028 2054 3068; x_wconf 88' lang='lat' dir='ltr'><strong>mo-</strong></span> 
     </span>
    </p>
   </div>
   <div class='ocr_carea' id='block_1_48' title="bbox 2146 1800 3745 1876">
    <p class='ocr_par' dir='ltr' id='par_1_48' title="bbox 2146 1800 3745 1876">
     <span class='ocr_line' id='line_1_48' title="bbox 2146 1800 3745 1876; baseline -0.003 -13"><span class='ocrx_word' id='word_1_311' title='bbox 2146 1823 2275 1863; x_wconf 91' lang='lat' dir='ltr'><strong>cum</strong></span> <span class='ocrx_word' id='word_1_312' title='bbox 2306 1805 2489 1861; x_wconf 88' lang='lat' dir='ltr'><strong>villam</strong></span> <span class='ocrx_word' id='word_1_313' title='bbox 2521 1818 2689 1876; x_wconf 90' lang='lat' dir='ltr'><strong>quam</strong></span> <span class='ocrx_word' id='word_1_314' title='bbox 2718 1802 2867 1858; x_wconf 90' lang='lat' dir='ltr'><strong>dedit</strong></span> <span class='ocrx_word' id='word_1_315' title='bbox 2889 1800 3263 1857; x_wconf 88' lang='lat' dir='ltr'><strong>Theotbaldus</strong></span> <span class='ocrx_word' id='word_1_316' title='bbox 3291 1816 3480 1857; x_wconf 89' lang='lat' dir='ltr'><strong>comes</strong></span> <span class='ocrx_word' id='word_1_317' title='bbox 3519 1809 3575 1857; x_wconf 90' lang='lat' dir='ltr'><strong>et</strong></span> <span class='ocrx_word' id='word_1_318' title='bbox 3600 1817 3745 1858; x_wconf 79' lang='lat' dir='ltr'><strong>uxor</strong></span> 
     </span>
    </p>
   </div>
   <div class='ocr_carea' id='block_1_49' title="bbox 2146 1894 3745 1973">
    <p class='ocr_par' dir='ltr' id='par_1_49' title="bbox 2146 1894 3745 1973">
     <span class='ocr_line' id='line_1_49' title="bbox 2146 1894 3745 1973; baseline -0.004 -16"><span class='ocrx_word' id='word_1_319' title='bbox 2146 1902 2265 1973; x_wconf 84' lang='lat' dir='ltr'><strong>ejus</strong></span> <span class='ocrx_word' id='word_1_320' title='bbox 2290 1898 2629 1955; x_wconf 92' lang='lat' dir='ltr'><strong>Cluniacensi</strong></span> <span class='ocrx_word' id='word_1_321' title='bbox 2649 1896 2926 1953; x_wconf 90' lang='lat' dir='ltr'><strong>coenobio.</strong></span> <span class='ocrx_word' id='word_1_322' title='bbox 2958 1898 3018 1950; x_wconf 86' lang='lat' dir='ltr'><strong>In</strong></span> <span class='ocrx_word' id='word_1_323' title='bbox 3048 1894 3362 1966; x_wconf 88' lang='lat' dir='ltr'><strong>episcopatu</strong></span> <span class='ocrx_word' id='word_1_324' title='bbox 3394 1895 3745 1967; x_wconf 86' lang='lat' dir='ltr'><strong>Petragorico</strong></span> 
     </span>
    </p>
   </div>
   <div class='ocr_carea' id='block_1_50' title="bbox 2148 1988 3746 2061">
    <p class='ocr_par' dir='ltr' id='par_1_50' title="bbox 2148 1988 3746 2061">
     <span class='ocr_line' id='line_1_50' title="bbox 2148 1988 3746 2061; baseline -0.004 -11"><span class='ocrx_word' id='word_1_325' title='bbox 2148 1994 2435 2050; x_wconf 90' lang='lat' dir='ltr'><strong>ecclesiam</strong></span> <span class='ocrx_word' id='word_1_326' title='bbox 2478 1992 2690 2047; x_wconf 72' lang='lat' dir='ltr'><strong>Sancta:</strong></span> <span class='ocrx_word' id='word_1_327' title='bbox 2742 1989 2933 2045; x_wconf 69' lang='lat' dir='ltr'><strong>Maria:</strong></span> <span class='ocrx_word' id='word_1_328' title='bbox 2982 2003 3105 2061; x_wconf 69' lang='lat' dir='ltr'><strong>qua:</strong></span> <span class='ocrx_word' id='word_1_329' title='bbox 3154 1988 3355 2044; x_wconf 88' lang='lat' dir='ltr'><strong>dicitur</strong></span> <span class='ocrx_word' id='word_1_330' title='bbox 3402 1991 3628 2044; x_wconf 82' lang='lat' dir='ltr'><strong>Anessa.</strong></span> <span class='ocrx_word' id='word_1_331' title='bbox 3675 1990 3746 2044; x_wconf 92' lang='lat' dir='ltr'><strong>In</strong></span> 
     </span>
    </p>
   </div>
   <div class='ocr_carea' id='block_1_51' title="bbox 2150 2079 3750 2158">
    <p class='ocr_par' dir='ltr' id='par_1_51' title="bbox 2150 2079 3750 2158">
     <span class='ocr_line' id='line_1_51' title="bbox 2150 2079 3750 2158; baseline -0.003 -16"><span class='ocrx_word' id='word_1_332' title='bbox 2150 2088 2463 2158; x_wconf 89' lang='lat' dir='ltr'><strong>episcopatu</strong></span> <span class='ocrx_word' id='word_1_333' title='bbox 2512 2082 2839 2141; x_wconf 88' lang='lat' dir='ltr'><strong>Cadurcensi</strong></span> <span class='ocrx_word' id='word_1_334' title='bbox 2893 2082 3169 2138; x_wconf 88' lang='lat' dir='ltr'><strong>abbatiam</strong></span> <span class='ocrx_word' id='word_1_335' title='bbox 3226 2082 3410 2138; x_wconf 90' lang='lat' dir='ltr'><strong>Sancti</strong></span> <span class='ocrx_word' id='word_1_336' title='bbox 3474 2082 3618 2137; x_wconf 90' lang='lat' dir='ltr'><strong>Petri</strong></span> <span class='ocrx_word' id='word_1_337' title='bbox 3674 2079 3750 2137; x_wconf 89' lang='lat' dir='ltr'><strong>de</strong></span> 
     </span>
    </p>
   </div>
   <div class='ocr_carea' id='block_1_52' title="bbox 2150 2174 3748 2251">
    <p class='ocr_par' dir='ltr' id='par_1_52' title="bbox 2150 2174 3748 2251">
     <span class='ocr_line' id='line_1_52' title="bbox 2150 2174 3748 2251; baseline -0.004 -14"><span class='ocrx_word' id='word_1_338' title='bbox 2150 2179 2426 2251; x_wconf 81' lang='lat' dir='ltr'><strong>Moysiaco</strong></span> <span class='ocrx_word' id='word_1_339' title='bbox 2463 2194 2593 2233; x_wconf 89' lang='lat' dir='ltr'><strong>cum</strong></span> <span class='ocrx_word' id='word_1_340' title='bbox 2639 2175 2895 2233; x_wconf 92' lang='lat' dir='ltr'><strong>omnibus</strong></span> <span class='ocrx_word' id='word_1_341' title='bbox 2941 2177 3056 2231; x_wconf 90' lang='lat' dir='ltr'><strong>suis</strong></span> <span class='ocrx_word' id='word_1_342' title='bbox 3101 2174 3464 2247; x_wconf 83' lang='lat' dir='ltr'><strong>appendiciis;</strong></span> <span class='ocrx_word' id='word_1_343' title='bbox 3520 2183 3574 2230; x_wconf 90' lang='lat' dir='ltr'><strong>et</strong></span> <span class='ocrx_word' id='word_1_344' title='bbox 3615 2190 3748 2230; x_wconf 91' lang='lat' dir='ltr'><strong>mo-</strong></span> 
     </span>
    </p>
   </div>
   <div class='ocr_carea' id='block_1_53' title="bbox 2146 2269 3750 2343">
    <p class='ocr_par' dir='ltr' id='par_1_53' title="bbox 2146 2269 3750 2343">
     <span class='ocr_line' id='line_1_53' title="bbox 2146 2269 3750 2343; baseline -0.002 -14"><span class='ocrx_word' id='word_1_345' title='bbox 2146 2274 2448 2329; x_wconf 87' lang='lat' dir='ltr'><strong>nasterium</strong></span> <span class='ocrx_word' id='word_1_346' title='bbox 2504 2270 2653 2343; x_wconf 91' lang='lat' dir='ltr'><strong>quod</strong></span> <span class='ocrx_word' id='word_1_347' title='bbox 2702 2269 2899 2325; x_wconf 88' lang='lat' dir='ltr'><strong>dicitur</strong></span> <span class='ocrx_word' id='word_1_348' title='bbox 2965 2269 3184 2335; x_wconf 89' lang='lat' dir='ltr'><strong>Fiacus,</strong></span> <span class='ocrx_word' id='word_1_349' title='bbox 3243 2277 3299 2323; x_wconf 92' lang='lat' dir='ltr'><strong>et</strong></span> <span class='ocrx_word' id='word_1_350' title='bbox 3344 2269 3750 2325; x_wconf 84' lang='lat' dir='ltr'><strong>monasterium</strong></span> 
     </span>
    </p>
   </div>
   <div class='ocr_carea' id='block_1_54' title="bbox 2153 2362 3751 2422">
    <p class='ocr_par' dir='ltr' id='par_1_54' title="bbox 2153 2362 3751 2422">
     <span class='ocr_line' id='line_1_54' title="bbox 2153 2362 3751 2422; baseline -0.002 -1"><span class='ocrx_word' id='word_1_351' title='bbox 2153 2367 2557 2422; x_wconf 91' lang='lat' dir='ltr'><strong>Caronnacum.</strong></span> <span class='ocrx_word' id='word_1_352' title='bbox 2610 2363 2826 2418; x_wconf 64' lang='lat' dir='ltr'><strong>Tolosae</strong></span> <span class='ocrx_word' id='word_1_353' title='bbox 2863 2363 3262 2417; x_wconf 89' lang='lat' dir='ltr'><strong>monasterium</strong></span> <span class='ocrx_word' id='word_1_354' title='bbox 3305 2362 3511 2417; x_wconf 73' lang='lat' dir='ltr'><strong>Sancta:</strong></span> <span class='ocrx_word' id='word_1_355' title='bbox 3562 2362 3751 2419; x_wconf 62' lang='lat' dir='ltr'><strong>Maria</strong></span> 
     </span>
    </p>
   </div>
   <div class='ocr_carea' id='block_1_55' title="bbox 2152 2456 3747 2527">
    <p class='ocr_par' dir='ltr' id='par_1_55' title="bbox 2152 2456 3747 2527">
     <span class='ocr_line' id='line_1_55' title="bbox 2152 2456 3747 2527; baseline -0.001 -12"><span class='ocrx_word' id='word_1_356' title='bbox 2152 2459 2220 2515; x_wconf 90' lang='lat' dir='ltr'><strong>de</strong></span> <span class='ocrx_word' id='word_1_357' title='bbox 2267 2464 2492 2526; x_wconf 80' lang='lat' dir='ltr'><strong>Aurate,</strong></span> <span class='ocrx_word' id='word_1_358' title='bbox 2546 2465 2601 2513; x_wconf 92' lang='lat' dir='ltr'><strong>et</strong></span> <span class='ocrx_word' id='word_1_359' title='bbox 2640 2456 2695 2511; x_wconf 91' lang='lat' dir='ltr'><strong>in</strong></span> <span class='ocrx_word' id='word_1_360' title='bbox 2734 2456 2930 2512; x_wconf 88' lang='lat' dir='ltr'><strong>eodem</strong></span> <span class='ocrx_word' id='word_1_361' title='bbox 2978 2456 3295 2527; x_wconf 90' lang='lat' dir='ltr'><strong>episcopatu</strong></span> <span class='ocrx_word' id='word_1_362' title='bbox 3342 2456 3747 2513; x_wconf 87' lang='lat' dir='ltr'><strong>monasterium</strong></span> 
     </span>
    </p>
   </div>
   <div class='ocr_carea' id='block_1_56' title="bbox 2154 2547 3742 2625">
    <p class='ocr_par' dir='ltr' id='par_1_56' title="bbox 2154 2547 3742 2625">
     <span class='ocr_line' id='line_1_56' title="bbox 2154 2547 3742 2625; baseline -0.004 -17"><span class='ocrx_word' id='word_1_363' title='bbox 2154 2551 2297 2625; x_wconf 91' lang='lat' dir='ltr'><strong>quod</strong></span> <span class='ocrx_word' id='word_1_364' title='bbox 2321 2550 2518 2607; x_wconf 89' lang='lat' dir='ltr'><strong>dicitur</strong></span> <span class='ocrx_word' id='word_1_365' title='bbox 2538 2549 2735 2621; x_wconf 81' lang='lat' dir='ltr'><strong>Lajad;</strong></span> <span class='ocrx_word' id='word_1_366' title='bbox 2768 2558 2822 2604; x_wconf 86' lang='lat' dir='ltr'><strong>et</strong></span> <span class='ocrx_word' id='word_1_367' title='bbox 2843 2558 3088 2605; x_wconf 87' lang='lat' dir='ltr'><strong>castrum</strong></span> <span class='ocrx_word' id='word_1_368' title='bbox 3110 2548 3259 2620; x_wconf 90' lang='lat' dir='ltr'><strong>quod</strong></span> <span class='ocrx_word' id='word_1_369' title='bbox 3281 2548 3481 2605; x_wconf 91' lang='lat' dir='ltr'><strong>dicitur</strong></span> <span class='ocrx_word' id='word_1_370' title='bbox 3502 2547 3742 2621; x_wconf 89' lang='lat' dir='ltr'><strong>Lordag,</strong></span> 
     </span>
    </p>
   </div>
   <div class='ocr_carea' id='block_1_57' title="bbox 2156 2641 3741 2715">
    <p class='ocr_par' dir='ltr' id='par_1_57' title="bbox 2156 2641 3741 2715">
     <span class='ocr_line' id='line_1_57' title="bbox 2156 2641 3741 2715; baseline -0.003 -14"><span class='ocrx_word' id='word_1_371' title='bbox 2156 2655 2211 2701; x_wconf 90' lang='lat' dir='ltr'><strong>et</strong></span> <span class='ocrx_word' id='word_1_372' title='bbox 2256 2654 2430 2701; x_wconf 89' lang='lat' dir='ltr'><strong>terras</strong></span> <span class='ocrx_word' id='word_1_373' title='bbox 2468 2660 2600 2715; x_wconf 90' lang='lat' dir='ltr'><strong>quas</strong></span> <span class='ocrx_word' id='word_1_374' title='bbox 2642 2642 2912 2715; x_wconf 79' lang='lat' dir='ltr'><strong>Rogerius</strong></span> <span class='ocrx_word' id='word_1_375' title='bbox 2950 2658 3139 2697; x_wconf 90' lang='lat' dir='ltr'><strong>comes</strong></span> <span class='ocrx_word' id='word_1_376' title='bbox 3186 2641 3337 2697; x_wconf 91' lang='lat' dir='ltr'><strong>dedit</strong></span> <span class='ocrx_word' id='word_1_377' title='bbox 3384 2642 3633 2698; x_wconf 88' lang='lat' dir='ltr'><strong>Cluniaco</strong></span> <span class='ocrx_word' id='word_1_378' title='bbox 3680 2641 3741 2696; x_wconf 92' lang='lat' dir='ltr'><strong>in</strong></span> 
     </span>
    </p>
   </div>
   <div class='ocr_carea' id='block_1_58' title="bbox 2157 2735 3747 2807">
    <p class='ocr_par' dir='ltr' id='par_1_58' title="bbox 2157 2735 3747 2807">
     <span class='ocr_line' id='line_1_58' title="bbox 2157 2735 3747 2807; baseline -0.002 -15"><span class='ocrx_word' id='word_1_379' title='bbox 2157 2739 2296 2794; x_wconf 88' lang='lat' dir='ltr'><strong>valle</strong></span> <span class='ocrx_word' id='word_1_380' title='bbox 2342 2736 2665 2793; x_wconf 88' lang='lat' dir='ltr'><strong>Javartensi.</strong></span> <span class='ocrx_word' id='word_1_381' title='bbox 2701 2739 2766 2791; x_wconf 90' lang='lat' dir='ltr'><strong>In</strong></span> <span class='ocrx_word' id='word_1_382' title='bbox 2814 2751 2951 2807; x_wconf 86' lang='lat' dir='ltr'><strong>pago</strong></span> <span class='ocrx_word' id='word_1_383' title='bbox 2997 2735 3301 2806; x_wconf 81' lang='lat' dir='ltr'><strong>Agisinensi</strong></span> <span class='ocrx_word' id='word_1_384' title='bbox 3346 2735 3747 2791; x_wconf 90' lang='lat' dir='ltr'><strong>monasterium</strong></span> 
     </span>
    </p>
   </div>
   <div class='ocr_carea' id='block_1_59' title="bbox 2159 2827 3754 2904">
    <p class='ocr_par' dir='ltr' id='par_1_59' title="bbox 2159 2827 3754 2904">
     <span class='ocr_line' id='line_1_59' title="bbox 2159 2827 3754 2904; baseline -0.003 -17"><span class='ocrx_word' id='word_1_385' title='bbox 2159 2831 2306 2904; x_wconf 92' lang='lat' dir='ltr'><strong>quod</strong></span> <span class='ocrx_word' id='word_1_386' title='bbox 2361 2830 2559 2887; x_wconf 91' lang='lat' dir='ltr'><strong>dicitur</strong></span> <span class='ocrx_word' id='word_1_387' title='bbox 2606 2830 2935 2896; x_wconf 83' lang='lat' dir='ltr'><strong>Lairacum;</strong></span> <span class='ocrx_word' id='word_1_388' title='bbox 2979 2837 3034 2883; x_wconf 91' lang='lat' dir='ltr'><strong>et</strong></span> <span class='ocrx_word' id='word_1_389' title='bbox 3080 2830 3311 2884; x_wconf 88' lang='lat' dir='ltr'><strong>alterum</strong></span> <span class='ocrx_word' id='word_1_390' title='bbox 3361 2829 3507 2899; x_wconf 90' lang='lat' dir='ltr'><strong>quod</strong></span> <span class='ocrx_word' id='word_1_391' title='bbox 3550 2827 3754 2883; x_wconf 89' lang='lat' dir='ltr'><strong>dicitur</strong></span> 
     </span>
    </p>
   </div>
   <div class='ocr_carea' id='block_1_60' title="bbox 2157 2921 3751 2994">
    <p class='ocr_par' dir='ltr' id='par_1_60' title="bbox 2157 2921 3751 2994">
     <span class='ocr_line' id='line_1_60' title="bbox 2157 2921 3751 2994; baseline -0.003 -14"><span class='ocrx_word' id='word_1_392' title='bbox 2157 2925 2493 2991; x_wconf 88' lang='lat' dir='ltr'><strong>Muiracum,</strong></span> <span class='ocrx_word' id='word_1_393' title='bbox 2518 2931 2572 2979; x_wconf 93' lang='lat' dir='ltr'><strong>et</strong></span> <span class='ocrx_word' id='word_1_394' title='bbox 2596 2923 2829 2978; x_wconf 89' lang='lat' dir='ltr'><strong>alterum</strong></span> <span class='ocrx_word' id='word_1_395' title='bbox 2849 2921 2997 2994; x_wconf 92' lang='lat' dir='ltr'><strong>quod</strong></span> <span class='ocrx_word' id='word_1_396' title='bbox 3016 2922 3215 2978; x_wconf 89' lang='lat' dir='ltr'><strong>dicitur</strong></span> <span class='ocrx_word' id='word_1_397' title='bbox 3235 2924 3427 2978; x_wconf 90' lang='lat' dir='ltr'><strong>Sancta</strong></span> <span class='ocrx_word' id='word_1_398' title='bbox 3445 2922 3751 2991; x_wconf 87' lang='lat' dir='ltr'><strong>Genevera,</strong></span> 
     </span>
    </p>
   </div>
   <div class='ocr_carea' id='block_1_61' title="bbox 2160 3014 3757 3088">
    <p class='ocr_par' dir='ltr' id='par_1_61' title="bbox 2160 3014 3757 3088">
     <span class='ocr_line' id='line_1_61' title="bbox 2160 3014 3757 3088; baseline -0.003 -15"><span class='ocrx_word' id='word_1_399' title='bbox 2160 3026 2215 3073; x_wconf 92' lang='lat' dir='ltr'><strong>et</strong></span> <span class='ocrx_word' id='word_1_400' title='bbox 2253 3017 2647 3072; x_wconf 88' lang='lat' dir='ltr'><strong>monasterium</strong></span> <span class='ocrx_word' id='word_1_401' title='bbox 2676 3016 2823 3087; x_wconf 90' lang='lat' dir='ltr'><strong>quod</strong></span> <span class='ocrx_word' id='word_1_402' title='bbox 2853 3015 3050 3070; x_wconf 89' lang='lat' dir='ltr'><strong>dicitur</strong></span> <span class='ocrx_word' id='word_1_403' title='bbox 3073 3014 3486 3071; x_wconf 89' lang='lat' dir='ltr'><strong>Meediziacum.</strong></span> <span class='ocrx_word' id='word_1_404' title='bbox 3521 3016 3581 3069; x_wconf 83' lang='lat' dir='ltr'><strong>In</strong></span> <span class='ocrx_word' id='word_1_405' title='bbox 3615 3030 3757 3088; x_wconf 89' lang='lat' dir='ltr'><strong>pago</strong></span> 
     </span>
    </p>
   </div>
   <div class='ocr_carea' id='block_1_62' title="bbox 456 3082 3758 3181">
    <p class='ocr_par' dir='ltr' id='par_1_62' title="bbox 456 3082 3758 3181">
     <span class='ocr_line' id='line_1_62' title="bbox 456 3082 3758 3181; baseline -0.001 -16"><span class='ocrx_word' id='word_1_406' title='bbox 456 3082 754 3167; x_wconf 76' lang='lat' dir='ltr'><strong>nasterium</strong></span> <span class='ocrx_word' id='word_1_407' title='bbox 782 3108 932 3181; x_wconf 89' lang='lat' dir='ltr'><strong>quod</strong></span> <span class='ocrx_word' id='word_1_408' title='bbox 952 3108 1155 3164; x_wconf 89' lang='lat' dir='ltr'><strong>dicitur</strong></span> <span class='ocrx_word' id='word_1_409' title='bbox 1175 3082 1384 3163; x_wconf 67' lang='lat' dir='ltr'><strong>Sancta:</strong></span> <span class='ocrx_word' id='word_1_410' title='bbox 1405 3107 1595 3163; x_wconf 62' lang='lat' dir='ltr'><strong>Maria</strong></span> <span class='ocrx_word' id='word_1_411' title='bbox 1621 3105 1693 3162; x_wconf 92' lang='lat' dir='ltr'><strong>ad</strong></span> <span class='ocrx_word' id='word_1_412' title='bbox 1717 3106 2052 3161; x_wconf 87' lang='lat' dir='ltr'><strong>Charitatem</strong></span> <span class='ocrx_word' id='word_1_413' title='bbox 2091 3082 2136 3145; x_wconf 78' lang='lat' dir='ltr'>C</span> <span class='ocrx_word' id='word_1_414' title='bbox 2165 3109 2539 3167; x_wconf 87' lang='lat' dir='ltr'><strong>Lecturicensi</strong></span> <span class='ocrx_word' id='word_1_415' title='bbox 2588 3082 2988 3164; x_wconf 80' lang='lat' dir='ltr'><strong>monasterium</strong></span> <span class='ocrx_word' id='word_1_416' title='bbox 3036 3109 3218 3164; x_wconf 90' lang='lat' dir='ltr'><strong>Sancti</strong></span> <span class='ocrx_word' id='word_1_417' title='bbox 3262 3109 3448 3163; x_wconf 91' lang='lat' dir='ltr'><strong>Genu.</strong></span> <span class='ocrx_word' id='word_1_418' title='bbox 3495 3109 3558 3163; x_wconf 90' lang='lat' dir='ltr'><strong>In</strong></span> <span class='ocrx_word' id='word_1_419' title='bbox 3602 3082 3758 3163; x_wconf 65' lang='lat' dir='ltr'><strong>terri-</strong></span> 
     </span>
    </p>
   </div>
   <div class='ocr_carea' id='block_1_63' title="bbox 458 3198 2054 3272">
    <p class='ocr_par' dir='ltr' id='par_1_63' title="bbox 458 3198 2054 3272">
     <span class='ocr_line' id='line_1_63' title="bbox 458 3198 2054 3272; baseline -0.004 -13"><span class='ocrx_word' id='word_1_420' title='bbox 458 3218 586 3259; x_wconf 90' lang='lat' dir='ltr'><strong>cum</strong></span> <span class='ocrx_word' id='word_1_421' title='bbox 629 3203 741 3258; x_wconf 87' lang='lat' dir='ltr'><strong>suis</strong></span> <span class='ocrx_word' id='word_1_422' title='bbox 769 3200 1125 3272; x_wconf 91' lang='lat' dir='ltr'><strong>pertinentiis,</strong></span> <span class='ocrx_word' id='word_1_423' title='bbox 1172 3200 1510 3255; x_wconf 88' lang='lat' dir='ltr'><strong>Bonaiacum</strong></span> <span class='ocrx_word' id='word_1_424' title='bbox 1562 3207 1617 3255; x_wconf 92' lang='lat' dir='ltr'><strong>et</strong></span> <span class='ocrx_word' id='word_1_425' title='bbox 1654 3198 2054 3254; x_wconf 88' lang='lat' dir='ltr'><strong>monasterium</strong></span> 
     </span>
    </p>
   </div>
   <div class='ocr_carea' id='block_1_64' title="bbox 459 3294 2058 3366">
    <p class='ocr_par' dir='ltr' id='par_1_64' title="bbox 459 3294 2058 3366">
     <span class='ocr_line' id='line_1_64' title="bbox 459 3294 2058 3366; baseline -0.004 -13"><span class='ocrx_word' id='word_1_426' title='bbox 459 3297 671 3353; x_wconf 70' lang='lat' dir='ltr'><strong>Sancta:</strong></span> <span class='ocrx_word' id='word_1_427' title='bbox 706 3295 807 3350; x_wconf 93' lang='lat' dir='ltr'><strong>Dei</strong></span> <span class='ocrx_word' id='word_1_428' title='bbox 841 3294 1117 3366; x_wconf 88' lang='lat' dir='ltr'><strong>genitricis</strong></span> <span class='ocrx_word' id='word_1_429' title='bbox 1160 3294 1216 3349; x_wconf 91' lang='lat' dir='ltr'><strong>in</strong></span> <span class='ocrx_word' id='word_1_430' title='bbox 1242 3294 1522 3350; x_wconf 91' lang='lat' dir='ltr'><strong>Donziaco</strong></span> <span class='ocrx_word' id='word_1_431' title='bbox 1568 3301 1748 3348; x_wconf 91' lang='lat' dir='ltr'><strong>castro</strong></span> <span class='ocrx_word' id='word_1_432' title='bbox 1779 3308 1905 3348; x_wconf 92' lang='lat' dir='ltr'><strong>cum</strong></span> <span class='ocrx_word' id='word_1_433' title='bbox 1937 3307 2058 3347; x_wconf 92' lang='lat' dir='ltr'><strong>om-</strong></span> 
     </span>
    </p>
   </div>
   <div class='ocr_carea' id='block_1_65' title="bbox 456 3386 2054 3462">
    <p class='ocr_par' dir='ltr' id='par_1_65' title="bbox 456 3386 2054 3462">
     <span class='ocr_line' id='line_1_65' title="bbox 456 3386 2054 3462; baseline -0.003 -17"><span class='ocrx_word' id='word_1_434' title='bbox 456 3389 621 3445; x_wconf 91' lang='lat' dir='ltr'><strong>nibus</strong></span> <span class='ocrx_word' id='word_1_435' title='bbox 657 3402 781 3462; x_wconf 74' lang='lat' dir='ltr'><strong>quze</strong></span> <span class='ocrx_word' id='word_1_436' title='bbox 823 3387 880 3443; x_wconf 91' lang='lat' dir='ltr'><strong>in</strong></span> <span class='ocrx_word' id='word_1_437' title='bbox 918 3388 1035 3460; x_wconf 93' lang='lat' dir='ltr'><strong>ipso</strong></span> <span class='ocrx_word' id='word_1_438' title='bbox 1064 3388 1383 3459; x_wconf 90' lang='lat' dir='ltr'><strong>episcopatu</strong></span> <span class='ocrx_word' id='word_1_439' title='bbox 1420 3387 1621 3443; x_wconf 89' lang='lat' dir='ltr'><strong>habere</strong></span> <span class='ocrx_word' id='word_1_440' title='bbox 1671 3386 1887 3442; x_wconf 90' lang='lat' dir='ltr'><strong>videtur</strong></span> <span class='ocrx_word' id='word_1_441' title='bbox 1928 3386 2054 3441; x_wconf 88' lang='lat' dir='ltr'><strong>Clu-</strong></span> 
     </span>
    </p>
   </div>
   <div class='ocr_carea' id='block_1_66' title="bbox 456 3480 2057 3547">
    <p class='ocr_par' dir='ltr' id='par_1_66' title="bbox 456 3480 2057 3547">
     <span class='ocr_line' id='line_1_66' title="bbox 456 3480 2057 3547; baseline -0.002 -10"><span class='ocrx_word' id='word_1_442' title='bbox 456 3482 662 3540; x_wconf 90' lang='lat' dir='ltr'><strong>niacus.</strong></span> <span class='ocrx_word' id='word_1_443' title='bbox 775 3485 843 3537; x_wconf 85' lang='lat' dir='ltr'><strong>In</strong></span> <span class='ocrx_word' id='word_1_444' title='bbox 915 3481 1181 3537; x_wconf 89' lang='lat' dir='ltr'><strong>comitatu</strong></span> <span class='ocrx_word' id='word_1_445' title='bbox 1264 3480 1626 3547; x_wconf 87' lang='lat' dir='ltr'><strong>Arvernensi,</strong></span> <span class='ocrx_word' id='word_1_446' title='bbox 1705 3480 2057 3535; x_wconf 83' lang='lat' dir='ltr'><strong>Silviniacum</strong></span> 
     </span>
    </p>
   </div>
   <div class='ocr_carea' id='block_1_67' title="bbox 463 3572 2060 3647">
    <p class='ocr_par' dir='ltr' id='par_1_67' title="bbox 463 3572 2060 3647">
     <span class='ocr_line' id='line_1_67' title="bbox 463 3572 2060 3647; baseline -0.003 -16"><span class='ocrx_word' id='word_1_447' title='bbox 463 3574 891 3641; x_wconf 83' lang='lat' dir='ltr'><strong>monasterium,</strong></span> <span class='ocrx_word' id='word_1_448' title='bbox 916 3575 1011 3630; x_wconf 89' lang='lat' dir='ltr'><strong>ubi</strong></span> <span class='ocrx_word' id='word_1_449' title='bbox 1052 3575 1232 3647; x_wconf 71' lang='lat' dir='ltr'><strong>sancti</strong></span> <span class='ocrx_word' id='word_1_450' title='bbox 1273 3575 1512 3630; x_wconf 90' lang='lat' dir='ltr'><strong>Maiolus</strong></span> <span class='ocrx_word' id='word_1_451' title='bbox 1551 3582 1606 3629; x_wconf 93' lang='lat' dir='ltr'><strong>et</strong></span> <span class='ocrx_word' id='word_1_452' title='bbox 1657 3573 1820 3629; x_wconf 92' lang='lat' dir='ltr'><strong>Odilo</strong></span> <span class='ocrx_word' id='word_1_453' title='bbox 1852 3572 2060 3644; x_wconf 85' lang='lat' dir='ltr'><strong>requie-</strong></span> 
     </span>
    </p>
   </div>
   <div class='ocr_carea' id='block_1_68' title="bbox 463 3667 2061 3739">
    <p class='ocr_par' dir='ltr' id='par_1_68' title="bbox 463 3667 2061 3739">
     <span class='ocr_line' id='line_1_68' title="bbox 463 3667 2061 3739; baseline -0.001 -16"><span class='ocrx_word' id='word_1_454' title='bbox 463 3676 644 3736; x_wconf 88' lang='lat' dir='ltr'><strong>scunt,</strong></span> <span class='ocrx_word' id='word_1_455' title='bbox 686 3684 813 3723; x_wconf 92' lang='lat' dir='ltr'><strong>cum</strong></span> <span class='ocrx_word' id='word_1_456' title='bbox 851 3667 1050 3723; x_wconf 90' lang='lat' dir='ltr'><strong>ibidem</strong></span> <span class='ocrx_word' id='word_1_457' title='bbox 1101 3668 1520 3738; x_wconf 86' lang='lat' dir='ltr'><strong>pertinentibus,</strong></span> <span class='ocrx_word' id='word_1_458' title='bbox 1563 3668 1756 3722; x_wconf 89' lang='lat' dir='ltr'><strong>cellam</strong></span> <span class='ocrx_word' id='word_1_459' title='bbox 1804 3682 1926 3739; x_wconf 72' lang='lat' dir='ltr'><strong>quae</strong></span> <span class='ocrx_word' id='word_1_460' title='bbox 1973 3681 2061 3721; x_wconf 88' lang='lat' dir='ltr'><strong>vo-</strong></span> 
     </span>
    </p>
   </div>
   <div class='ocr_carea' id='block_1_69' title="bbox 465 3759 2060 3835">
    <p class='ocr_par' dir='ltr' id='par_1_69' title="bbox 465 3759 2060 3835">
     <span class='ocr_line' id='line_1_69' title="bbox 465 3759 2060 3835; baseline -0.002 -19"><span class='ocrx_word' id='word_1_461' title='bbox 465 3769 620 3816; x_wconf 89' lang='lat' dir='ltr'><strong>catur</strong></span> <span class='ocrx_word' id='word_1_462' title='bbox 674 3760 954 3826; x_wconf 87' lang='lat' dir='ltr'><strong>Firmitas,</strong></span> <span class='ocrx_word' id='word_1_463' title='bbox 1029 3760 1223 3815; x_wconf 89' lang='lat' dir='ltr'><strong>cellam</strong></span> <span class='ocrx_word' id='word_1_464' title='bbox 1286 3775 1411 3831; x_wconf 81' lang='lat' dir='ltr'><strong>quae</strong></span> <span class='ocrx_word' id='word_1_465' title='bbox 1476 3768 1703 3835; x_wconf 79' lang='lat' dir='ltr'><strong>vocatur</strong></span> <span class='ocrx_word' id='word_1_466' title='bbox 1766 3759 2060 3825; x_wconf 86' lang='lat' dir='ltr'><strong>Scuriolas,</strong></span> 
     </span>
    </p>
   </div>
   <div class='ocr_carea' id='block_1_70' title="bbox 466 3851 2061 3923">
    <p class='ocr_par' dir='ltr' id='par_1_70' title="bbox 466 3851 2061 3923">
     <span class='ocr_line' id='line_1_70' title="bbox 466 3851 2061 3923; baseline -0.003 -14"><span class='ocrx_word' id='word_1_467' title='bbox 466 3852 749 3910; x_wconf 89' lang='lat' dir='ltr'><strong>ecclesiam</strong></span> <span class='ocrx_word' id='word_1_468' title='bbox 796 3851 980 3907; x_wconf 88' lang='lat' dir='ltr'><strong>Sancti</strong></span> <span class='ocrx_word' id='word_1_469' title='bbox 1022 3852 1233 3923; x_wconf 91' lang='lat' dir='ltr'><strong>Sulpitii</strong></span> <span class='ocrx_word' id='word_1_470' title='bbox 1274 3853 1328 3907; x_wconf 92' lang='lat' dir='ltr'><strong>in</strong></span> <span class='ocrx_word' id='word_1_471' title='bbox 1359 3852 1485 3907; x_wconf 86' lang='lat' dir='ltr'><strong>villa</strong></span> <span class='ocrx_word' id='word_1_472' title='bbox 1526 3868 1648 3923; x_wconf 69' lang='lat' dir='ltr'><strong>qua:</strong></span> <span class='ocrx_word' id='word_1_473' title='bbox 1678 3852 1877 3907; x_wconf 88' lang='lat' dir='ltr'><strong>dicitur</strong></span> <span class='ocrx_word' id='word_1_474' title='bbox 1914 3856 2061 3907; x_wconf 91' lang='lat' dir='ltr'><strong>Lan-</strong></span> 
     </span>
    </p>
   </div>
   <div class='ocr_carea' id='block_1_71' title="bbox 465 3944 2063 4020">
    <p class='ocr_par' dir='ltr' id='par_1_71' title="bbox 465 3944 2063 4020">
     <span class='ocr_line' id='line_1_71' title="bbox 465 3944 2063 4020; baseline -0.002 -18"><span class='ocrx_word' id='word_1_475' title='bbox 465 3948 669 4020; x_wconf 86' lang='lat' dir='ltr'><strong>giacus,</strong></span> <span class='ocrx_word' id='word_1_476' title='bbox 718 3944 977 4001; x_wconf 85' lang='lat' dir='ltr'><strong>cellulam</strong></span> <span class='ocrx_word' id='word_1_477' title='bbox 1019 3960 1141 4017; x_wconf 77' lang='lat' dir='ltr'><strong>quae</strong></span> <span class='ocrx_word' id='word_1_478' title='bbox 1169 3953 1394 3999; x_wconf 89' lang='lat' dir='ltr'><strong>vocatur</strong></span> <span class='ocrx_word' id='word_1_479' title='bbox 1441 3945 1510 4000; x_wconf 89' lang='lat' dir='ltr'><strong>ad</strong></span> <span class='ocrx_word' id='word_1_480' title='bbox 1545 3947 1803 3999; x_wconf 91' lang='lat' dir='ltr'><strong>Boscum.</strong></span> <span class='ocrx_word' id='word_1_481' title='bbox 1836 3945 2063 3999; x_wconf 89' lang='lat' dir='ltr'><strong>Curtem</strong></span> 
     </span>
    </p>
   </div>
   <div class='ocr_carea' id='block_1_72' title="bbox 468 4038 2063 4113">
    <p class='ocr_par' dir='ltr' id='par_1_72' title="bbox 468 4038 2063 4113">
     <span class='ocr_line' id='line_1_72' title="bbox 468 4038 2063 4113; baseline -0.001 -18"><span class='ocrx_word' id='word_1_482' title='bbox 468 4056 636 4113; x_wconf 90' lang='lat' dir='ltr'><strong>quem</strong></span> <span class='ocrx_word' id='word_1_483' title='bbox 687 4046 889 4094; x_wconf 91' lang='lat' dir='ltr'><strong>vocant</strong></span> <span class='ocrx_word' id='word_1_484' title='bbox 927 4038 985 4092; x_wconf 92' lang='lat' dir='ltr'><strong>in</strong></span> <span class='ocrx_word' id='word_1_485' title='bbox 1031 4038 1414 4105; x_wconf 88' lang='lat' dir='ltr'><strong>Fridomonte,</strong></span> <span class='ocrx_word' id='word_1_486' title='bbox 1468 4038 1869 4094; x_wconf 89' lang='lat' dir='ltr'><strong>monasterium</strong></span> <span class='ocrx_word' id='word_1_487' title='bbox 1917 4038 2063 4109; x_wconf 91' lang='lat' dir='ltr'><strong>quod</strong></span> 
     </span>
    </p>
   </div>
   <div class='ocr_carea' id='block_1_73' title="bbox 469 4130 2063 4203">
    <p class='ocr_par' dir='ltr' id='par_1_73' title="bbox 469 4130 2063 4203">
     <span class='ocr_line' id='line_1_73' title="bbox 469 4130 2063 4203; baseline -0.001 -14"><span class='ocrx_word' id='word_1_488' title='bbox 469 4133 664 4190; x_wconf 86' lang='lat' dir='ltr'><strong>dicitur</strong></span> <span class='ocrx_word' id='word_1_489' title='bbox 695 4132 854 4189; x_wconf 81' lang='lat' dir='ltr'><strong>Rivis</strong></span> <span class='ocrx_word' id='word_1_490' title='bbox 890 4148 1022 4189; x_wconf 90' lang='lat' dir='ltr'><strong>cum</strong></span> <span class='ocrx_word' id='word_1_491' title='bbox 1049 4140 1205 4187; x_wconf 91' lang='lat' dir='ltr'><strong>curte</strong></span> <span class='ocrx_word' id='word_1_492' title='bbox 1252 4132 1507 4203; x_wconf 92' lang='lat' dir='ltr'><strong>Lipsiaco</strong></span> <span class='ocrx_word' id='word_1_493' title='bbox 1551 4140 1603 4187; x_wconf 86' lang='lat' dir='ltr'><strong>et</strong></span> <span class='ocrx_word' id='word_1_494' title='bbox 1651 4148 1780 4187; x_wconf 90' lang='lat' dir='ltr'><strong>cum</strong></span> <span class='ocrx_word' id='word_1_495' title='bbox 1814 4130 1924 4187; x_wconf 91' lang='lat' dir='ltr'><strong>suis</strong></span> <span class='ocrx_word' id='word_1_496' title='bbox 1970 4148 2063 4203; x_wconf 81' lang='lat' dir='ltr'><strong>ap-</strong></span> 
     </span>
    </p>
   </div>
   <div class='ocr_carea' id='block_1_74' title="bbox 470 4225 2066 4299">
    <p class='ocr_par' dir='ltr' id='par_1_74' title="bbox 470 4225 2066 4299">
     <span class='ocr_line' id='line_1_74' title="bbox 470 4225 2066 4299; baseline -0.001 -17"><span class='ocrx_word' id='word_1_497' title='bbox 470 4226 754 4299; x_wconf 88' lang='lat' dir='ltr'><strong>pendiciis,</strong></span> <span class='ocrx_word' id='word_1_498' title='bbox 803 4226 1091 4281; x_wconf 84' lang='lat' dir='ltr'><strong>ecclesiam</strong></span> <span class='ocrx_word' id='word_1_499' title='bbox 1136 4240 1258 4297; x_wconf 66' lang='lat' dir='ltr'><strong>quae</strong></span> <span class='ocrx_word' id='word_1_500' title='bbox 1286 4235 1513 4282; x_wconf 88' lang='lat' dir='ltr'><strong>vocatur</strong></span> <span class='ocrx_word' id='word_1_501' title='bbox 1551 4225 1619 4282; x_wconf 90' lang='lat' dir='ltr'><strong>ad</strong></span> <span class='ocrx_word' id='word_1_502' title='bbox 1668 4226 1901 4293; x_wconf 88' lang='lat' dir='ltr'><strong>Montes,</strong></span> <span class='ocrx_word' id='word_1_503' title='bbox 1947 4240 2066 4280; x_wconf 89' lang='lat' dir='ltr'><strong>mo-</strong></span> 
     </span>
    </p>
   </div>
   <div class='ocr_carea' id='block_1_75' title="bbox 470 4318 2064 4386">
    <p class='ocr_par' dir='ltr' id='par_1_75' title="bbox 470 4318 2064 4386">
     <span class='ocr_line' id='line_1_75' title="bbox 470 4318 2064 4386; baseline -0.002 -10"><span class='ocrx_word' id='word_1_504' title='bbox 470 4320 777 4376; x_wconf 88' lang='lat' dir='ltr'><strong>nasterium</strong></span> <span class='ocrx_word' id='word_1_505' title='bbox 806 4318 1215 4374; x_wconf 91' lang='lat' dir='ltr'><strong>Celsinianense</strong></span> <span class='ocrx_word' id='word_1_506' title='bbox 1250 4335 1379 4375; x_wconf 90' lang='lat' dir='ltr'><strong>cum</strong></span> <span class='ocrx_word' id='word_1_507' title='bbox 1408 4320 1578 4385; x_wconf 90' lang='lat' dir='ltr'><strong>cellis,</strong></span> <span class='ocrx_word' id='word_1_508' title='bbox 1613 4319 1876 4384; x_wconf 89' lang='lat' dir='ltr'><strong>ecclesiis,</strong></span> <span class='ocrx_word' id='word_1_509' title='bbox 1909 4319 2064 4386; x_wconf 89' lang='lat' dir='ltr'><strong>villis,</strong></span> 
     </span>
    </p>
   </div>
   <div class='ocr_carea' id='block_1_76' title="bbox 2162 3201 3760 3259">
    <p class='ocr_par' dir='ltr' id='par_1_76' title="bbox 2162 3201 3760 3259">
     <span class='ocr_line' id='line_1_76' title="bbox 2162 3201 3760 3259; baseline -0.002 0"><span class='ocrx_word' id='word_1_510' title='bbox 2162 3204 2306 3259; x_wconf 89' lang='lat' dir='ltr'><strong>torio</strong></span> <span class='ocrx_word' id='word_1_511' title='bbox 2360 3203 2644 3259; x_wconf 85' lang='lat' dir='ltr'><strong>Ausciensi</strong></span> <span class='ocrx_word' id='word_1_512' title='bbox 2709 3202 3103 3258; x_wconf 86' lang='lat' dir='ltr'><strong>monasterium</strong></span> <span class='ocrx_word' id='word_1_513' title='bbox 3158 3202 3341 3258; x_wconf 88' lang='lat' dir='ltr'><strong>Sancti</strong></span> <span class='ocrx_word' id='word_1_514' title='bbox 3396 3201 3632 3257; x_wconf 90' lang='lat' dir='ltr'><strong>Orientii</strong></span> <span class='ocrx_word' id='word_1_515' title='bbox 3700 3209 3760 3256; x_wconf 87' lang='lat' dir='ltr'><strong>et</strong></span> 
     </span>
    </p>
   </div>
   <div class='ocr_carea' id='block_1_77' title="bbox 2165 3294 3761 3367">
    <p class='ocr_par' dir='ltr' id='par_1_77' title="bbox 2165 3294 3761 3367">
     <span class='ocr_line' id='line_1_77' title="bbox 2165 3294 3761 3367; baseline -0.002 -14"><span class='ocrx_word' id='word_1_516' title='bbox 2165 3297 2446 3353; x_wconf 88' lang='lat' dir='ltr'><strong>ecclesiam</strong></span> <span class='ocrx_word' id='word_1_517' title='bbox 2495 3311 2619 3367; x_wconf 62' lang='lat' dir='ltr'><strong>qua:</strong></span> <span class='ocrx_word' id='word_1_518' title='bbox 2667 3304 2892 3351; x_wconf 85' lang='lat' dir='ltr'><strong>vocatur</strong></span> <span class='ocrx_word' id='word_1_519' title='bbox 2939 3294 3008 3350; x_wconf 88' lang='lat' dir='ltr'><strong>ad</strong></span> <span class='ocrx_word' id='word_1_520' title='bbox 3051 3296 3221 3350; x_wconf 90' lang='lat' dir='ltr'><strong>altum</strong></span> <span class='ocrx_word' id='word_1_521' title='bbox 3262 3302 3508 3350; x_wconf 90' lang='lat' dir='ltr'><strong>montem</strong></span> <span class='ocrx_word' id='word_1_522' title='bbox 3539 3303 3593 3349; x_wconf 90' lang='lat' dir='ltr'><strong>et</strong></span> <span class='ocrx_word' id='word_1_523' title='bbox 3635 3309 3761 3350; x_wconf 89' lang='lat' dir='ltr'><strong>mo-</strong></span> 
     </span>
    </p>
   </div>
   <div class='ocr_carea' id='block_1_78' title="bbox 2165 3388 3761 3460">
    <p class='ocr_par' dir='ltr' id='par_1_78' title="bbox 2165 3388 3761 3460">
     <span class='ocr_line' id='line_1_78' title="bbox 2165 3388 3761 3460; baseline -0.002 -15"><span class='ocrx_word' id='word_1_524' title='bbox 2165 3391 2465 3446; x_wconf 90' lang='lat' dir='ltr'><strong>nasterium</strong></span> <span class='ocrx_word' id='word_1_525' title='bbox 2496 3389 2644 3460; x_wconf 92' lang='lat' dir='ltr'><strong>quod</strong></span> <span class='ocrx_word' id='word_1_526' title='bbox 2673 3388 2876 3445; x_wconf 90' lang='lat' dir='ltr'><strong>dicitur</strong></span> <span class='ocrx_word' id='word_1_527' title='bbox 2912 3388 3330 3444; x_wconf 87' lang='lat' dir='ltr'><strong>Monasterium.</strong></span> <span class='ocrx_word' id='word_1_528' title='bbox 3362 3390 3433 3444; x_wconf 85' lang='lat' dir='ltr'><strong>Et</strong></span> <span class='ocrx_word' id='word_1_529' title='bbox 3473 3395 3761 3443; x_wconf 88' lang='lat' dir='ltr'><strong>monaste-</strong></span> 
     </span>
    </p>
   </div>
   <div class='ocr_carea' id='block_1_79' title="bbox 2166 3480 3759 3553">
    <p class='ocr_par' dir='ltr' id='par_1_79' title="bbox 2166 3480 3759 3553">
     <span class='ocr_line' id='line_1_79' title="bbox 2166 3480 3759 3553; baseline -0.003 -14"><span class='ocrx_word' id='word_1_530' title='bbox 2166 3484 2315 3539; x_wconf 89' lang='lat' dir='ltr'><strong>rium</strong></span> <span class='ocrx_word' id='word_1_531' title='bbox 2365 3483 2553 3538; x_wconf 90' lang='lat' dir='ltr'><strong>Sancti</strong></span> <span class='ocrx_word' id='word_1_532' title='bbox 2598 3482 2829 3537; x_wconf 87' lang='lat' dir='ltr'><strong>Joannis</strong></span> <span class='ocrx_word' id='word_1_533' title='bbox 2883 3480 3033 3553; x_wconf 88' lang='lat' dir='ltr'><strong>quod</strong></span> <span class='ocrx_word' id='word_1_534' title='bbox 3095 3480 3298 3537; x_wconf 90' lang='lat' dir='ltr'><strong>dicitur</strong></span> <span class='ocrx_word' id='word_1_535' title='bbox 3348 3480 3417 3536; x_wconf 91' lang='lat' dir='ltr'><strong>ad</strong></span> <span class='ocrx_word' id='word_1_536' title='bbox 3488 3482 3759 3537; x_wconf 89' lang='lat' dir='ltr'><strong>Sanctum</strong></span> 
     </span>
    </p>
   </div>
   <div class='ocr_carea' id='block_1_80' title="bbox 2166 3572 3763 3647">
    <p class='ocr_par' dir='ltr' id='par_1_80' title="bbox 2166 3572 3763 3647">
     <span class='ocr_line' id='line_1_80' title="bbox 2166 3572 3763 3647; baseline -0.002 -16"><span class='ocrx_word' id='word_1_537' title='bbox 2166 3578 2403 3632; x_wconf 88' lang='lat' dir='ltr'><strong>Montem</strong></span> <span class='ocrx_word' id='word_1_538' title='bbox 2434 3591 2558 3631; x_wconf 93' lang='lat' dir='ltr'><strong>cum</strong></span> <span class='ocrx_word' id='word_1_539' title='bbox 2590 3576 2700 3630; x_wconf 93' lang='lat' dir='ltr'><strong>suis</strong></span> <span class='ocrx_word' id='word_1_540' title='bbox 2730 3574 3087 3647; x_wconf 89' lang='lat' dir='ltr'><strong>pertinentiis.</strong></span> <span class='ocrx_word' id='word_1_541' title='bbox 3117 3578 3179 3629; x_wconf 86' lang='lat' dir='ltr'><strong>In</strong></span> <span class='ocrx_word' id='word_1_542' title='bbox 3219 3574 3495 3630; x_wconf 88' lang='lat' dir='ltr'><strong>territorio</strong></span> <span class='ocrx_word' id='word_1_543' title='bbox 3525 3572 3763 3645; x_wconf 88' lang='lat' dir='ltr'><strong>Bigorri-</strong></span> 
     </span>
    </p>
   </div>
   <div class='ocr_carea' id='block_1_81' title="bbox 2167 3668 3760 3726">
    <p class='ocr_par' dir='ltr' id='par_1_81' title="bbox 2167 3668 3760 3726">
     <span class='ocr_line' id='line_1_81' title="bbox 2167 3668 3760 3726; baseline -0.003 -1"><span class='ocrx_word' id='word_1_544' title='bbox 2167 3678 2301 3726; x_wconf 85' lang='lat' dir='ltr'><strong>tano</strong></span> <span class='ocrx_word' id='word_1_545' title='bbox 2332 3669 2737 3725; x_wconf 90' lang='lat' dir='ltr'><strong>monasterium</strong></span> <span class='ocrx_word' id='word_1_546' title='bbox 2766 3669 2950 3724; x_wconf 91' lang='lat' dir='ltr'><strong>Sancti</strong></span> <span class='ocrx_word' id='word_1_547' title='bbox 2979 3668 3193 3725; x_wconf 90' lang='lat' dir='ltr'><strong>Licerii.</strong></span> <span class='ocrx_word' id='word_1_548' title='bbox 3222 3671 3284 3723; x_wconf 83' lang='lat' dir='ltr'><strong>In</strong></span> <span class='ocrx_word' id='word_1_549' title='bbox 3313 3668 3589 3724; x_wconf 90' lang='lat' dir='ltr'><strong>territorio</strong></span> <span class='ocrx_word' id='word_1_550' title='bbox 3620 3668 3760 3721; x_wconf 82' lang='lat' dir='ltr'><strong>Lac-</strong></span> 
     </span>
    </p>
   </div>
   <div class='ocr_carea' id='block_1_82' title="bbox 2169 3760 3762 3833">
    <p class='ocr_par' dir='ltr' id='par_1_82' title="bbox 2169 3760 3762 3833">
     <span class='ocr_line' id='line_1_82' title="bbox 2169 3760 3762 3833; baseline -0.003 -14"><span class='ocrx_word' id='word_1_551' title='bbox 2169 3762 2445 3829; x_wconf 87' lang='lat' dir='ltr'><strong>currensi,</strong></span> <span class='ocrx_word' id='word_1_552' title='bbox 2500 3762 2557 3817; x_wconf 92' lang='lat' dir='ltr'><strong>in</strong></span> <span class='ocrx_word' id='word_1_553' title='bbox 2608 3761 2729 3815; x_wconf 90' lang='lat' dir='ltr'><strong>villa</strong></span> <span class='ocrx_word' id='word_1_554' title='bbox 2786 3777 2910 3833; x_wconf 80' lang='lat' dir='ltr'><strong>quae</strong></span> <span class='ocrx_word' id='word_1_555' title='bbox 2949 3772 3177 3817; x_wconf 84' lang='lat' dir='ltr'><strong>vocatur</strong></span> <span class='ocrx_word' id='word_1_556' title='bbox 3228 3762 3435 3817; x_wconf 89' lang='lat' dir='ltr'><strong>Furcas</strong></span> <span class='ocrx_word' id='word_1_557' title='bbox 3472 3760 3762 3816; x_wconf 83' lang='lat' dir='ltr'><strong>ecclesiam</strong></span> 
     </span>
    </p>
   </div>
   <div class='ocr_carea' id='block_1_83' title="bbox 2171 3854 3763 3925">
    <p class='ocr_par' dir='ltr' id='par_1_83' title="bbox 2171 3854 3763 3925">
     <span class='ocr_line' id='line_1_83' title="bbox 2171 3854 3763 3925; baseline -0.002 -14"><span class='ocrx_word' id='word_1_558' title='bbox 2171 3857 2387 3911; x_wconf 78' lang='lat' dir='ltr'><strong>Sanctae</strong></span> <span class='ocrx_word' id='word_1_559' title='bbox 2425 3854 2589 3917; x_wconf 89' lang='lat' dir='ltr'><strong>Fidis,</strong></span> <span class='ocrx_word' id='word_1_560' title='bbox 2620 3854 2884 3911; x_wconf 85' lang='lat' dir='ltr'><strong>Ecclesias</strong></span> <span class='ocrx_word' id='word_1_561' title='bbox 2916 3856 3079 3910; x_wconf 89' lang='lat' dir='ltr'><strong>etiam</strong></span> <span class='ocrx_word' id='word_1_562' title='bbox 3113 3855 3263 3909; x_wconf 81' lang='lat' dir='ltr'><strong>villas</strong></span> <span class='ocrx_word' id='word_1_563' title='bbox 3298 3862 3353 3909; x_wconf 88' lang='lat' dir='ltr'><strong>et</strong></span> <span class='ocrx_word' id='word_1_564' title='bbox 3379 3862 3555 3910; x_wconf 87' lang='lat' dir='ltr'><strong>terras</strong></span> <span class='ocrx_word' id='word_1_565' title='bbox 3590 3869 3763 3925; x_wconf 89' lang='lat' dir='ltr'><strong>quas-</strong></span> 
     </span>
    </p>
   </div>
   <div class='ocr_carea' id='block_1_84' title="bbox 2171 3947 3761 4021">
    <p class='ocr_par' dir='ltr' id='par_1_84' title="bbox 2171 3947 3761 4021">
     <span class='ocr_line' id='line_1_84' title="bbox 2171 3947 3761 4021; baseline -0.003 -16"><span class='ocrx_word' id='word_1_566' title='bbox 2171 3964 2387 4021; x_wconf 88' lang='lat' dir='ltr'><strong>cunque</strong></span> <span class='ocrx_word' id='word_1_567' title='bbox 2431 3947 2725 4005; x_wconf 89' lang='lat' dir='ltr'><strong>Cluniacus</strong></span> <span class='ocrx_word' id='word_1_568' title='bbox 2761 3950 2815 4003; x_wconf 92' lang='lat' dir='ltr'><strong>in</strong></span> <span class='ocrx_word' id='word_1_569' title='bbox 2866 3948 3135 4004; x_wconf 87' lang='lat' dir='ltr'><strong>Vasconia</strong></span> <span class='ocrx_word' id='word_1_570' title='bbox 3184 3947 3458 4020; x_wconf 86' lang='lat' dir='ltr'><strong>possidere</strong></span> <span class='ocrx_word' id='word_1_571' title='bbox 3499 3962 3761 4019; x_wconf 82' lang='lat' dir='ltr'><strong>compro-</strong></span> 
     </span>
    </p>
   </div>
   <div class='ocr_carea' id='block_1_85' title="bbox 2173 4041 3761 4114">
    <p class='ocr_par' dir='ltr' id='par_1_85' title="bbox 2173 4041 3761 4114">
     <span class='ocr_line' id='line_1_85' title="bbox 2173 4041 3761 4114; baseline -0.001 -17"><span class='ocrx_word' id='word_1_572' title='bbox 2173 4042 2352 4099; x_wconf 89' lang='lat' dir='ltr'><strong>batur.</strong></span> <span class='ocrx_word' id='word_1_573' title='bbox 2385 4045 2450 4097; x_wconf 92' lang='lat' dir='ltr'><strong>In</strong></span> <span class='ocrx_word' id='word_1_574' title='bbox 2478 4042 2789 4114; x_wconf 90' lang='lat' dir='ltr'><strong>episcopatu</strong></span> <span class='ocrx_word' id='word_1_575' title='bbox 2818 4041 3126 4114; x_wconf 83' lang='lat' dir='ltr'><strong>HiSpalensi</strong></span> <span class='ocrx_word' id='word_1_576' title='bbox 3156 4041 3553 4098; x_wconf 90' lang='lat' dir='ltr'><strong>monasterium</strong></span> <span class='ocrx_word' id='word_1_577' title='bbox 3579 4041 3761 4097; x_wconf 88' lang='lat' dir='ltr'><strong>Sancti</strong></span> 
     </span>
    </p>
   </div>
   <div class='ocr_carea' id='block_1_86' title="bbox 2172 4124 3767 4209">
    <p class='ocr_par' dir='ltr' id='par_1_86' title="bbox 2172 4124 3767 4209">
     <span class='ocr_line' id='line_1_86' title="bbox 2172 4124 3767 4209; baseline 0 -18"><span class='ocrx_word' id='word_1_578' title='bbox 2172 4136 2366 4192; x_wconf 89' lang='lat' dir='ltr'><strong>Isidori</strong></span> <span class='ocrx_word' id='word_1_579' title='bbox 2396 4136 2655 4209; x_wconf 89' lang='lat' dir='ltr'><strong>martyris</strong></span> <span class='ocrx_word' id='word_1_580' title='bbox 2683 4152 2807 4191; x_wconf 91' lang='lat' dir='ltr'><strong>cum</strong></span> <span class='ocrx_word' id='word_1_581' title='bbox 2835 4134 2945 4191; x_wconf 84' lang='lat' dir='ltr'><strong>suis</strong></span> <span class='ocrx_word' id='word_1_582' title='bbox 2961 4124 3313 4208; x_wconf 38' lang='lat' dir='ltr'><strong>appendicii&#39;s.</strong></span> <span class='ocrx_word' id='word_1_583' title='bbox 3347 4137 3410 4190; x_wconf 85' lang='lat' dir='ltr'><strong>In</strong></span> <span class='ocrx_word' id='word_1_584' title='bbox 3438 4135 3767 4207; x_wconf 83' lang='lat' dir='ltr'><strong>episcopatu</strong></span> 
     </span>
    </p>
   </div>
   <div class='ocr_carea' id='block_1_87' title="bbox 2174 4228 3764 4299">
    <p class='ocr_par' dir='ltr' id='par_1_87' title="bbox 2174 4228 3764 4299">
     <span class='ocr_line' id='line_1_87' title="bbox 2174 4228 3764 4299; baseline 0.001 -16"><span class='ocrx_word' id='word_1_585' title='bbox 2174 4229 2477 4285; x_wconf 89' lang='lat' dir='ltr'><strong>Vivariensi</strong></span> <span class='ocrx_word' id='word_1_586' title='bbox 2524 4230 2848 4296; x_wconf 85' lang='lat' dir='ltr'><strong>Misoscum,</strong></span> <span class='ocrx_word' id='word_1_587' title='bbox 2879 4228 3076 4285; x_wconf 90' lang='lat' dir='ltr'><strong>cellam</strong></span> <span class='ocrx_word' id='word_1_588' title='bbox 3124 4228 3191 4286; x_wconf 91' lang='lat' dir='ltr'><strong>de</strong></span> <span class='ocrx_word' id='word_1_589' title='bbox 3220 4237 3409 4285; x_wconf 90' lang='lat' dir='ltr'><strong>monte</strong></span> <span class='ocrx_word' id='word_1_590' title='bbox 3442 4231 3764 4299; x_wconf 82' lang='lat' dir='ltr'><strong>Rompono,</strong></span> 
     </span>
    </p>
   </div>
   <div class='ocr_carea' id='block_1_88' title="bbox 2174 4321 3769 4394">
    <p class='ocr_par' dir='ltr' id='par_1_88' title="bbox 2174 4321 3769 4394">
     <span class='ocr_line' id='line_1_88' title="bbox 2174 4321 3769 4394; baseline -0.001 -16"><span class='ocrx_word' id='word_1_591' title='bbox 2174 4322 2369 4379; x_wconf 90' lang='lat' dir='ltr'><strong>cellam</strong></span> <span class='ocrx_word' id='word_1_592' title='bbox 2420 4321 2491 4378; x_wconf 91' lang='lat' dir='ltr'><strong>ad</strong></span> <span class='ocrx_word' id='word_1_593' title='bbox 2535 4324 2768 4389; x_wconf 86' lang='lat' dir='ltr'><strong>Fontes,</strong></span> <span class='ocrx_word' id='word_1_594' title='bbox 2832 4322 3025 4377; x_wconf 90' lang='lat' dir='ltr'><strong>cellam</strong></span> <span class='ocrx_word' id='word_1_595' title='bbox 3071 4322 3281 4378; x_wconf 76' lang='lat' dir='ltr'><strong>Bionis.</strong></span> <span class='ocrx_word' id='word_1_596' title='bbox 3338 4324 3401 4376; x_wconf 91' lang='lat' dir='ltr'><strong>In</strong></span> <span class='ocrx_word' id='word_1_597' title='bbox 3450 4322 3769 4394; x_wconf 82' lang='lat' dir='ltr'><strong>episcOpatu</strong></span> 
     </span>
    </p>
   </div>
   <div class='ocr_carea' id='block_1_89' title="bbox 471 4413 3771 4506">
    <p class='ocr_par' dir='ltr' id='par_1_89' title="bbox 471 4413 3771 4506">
     <span class='ocr_line' id='line_1_89' title="bbox 471 4413 3771 4506; baseline 0 -36"><span class='ocrx_word' id='word_1_598' title='bbox 471 4415 633 4471; x_wconf 86' lang='lat' dir='ltr'><strong>terris</strong></span> <span class='ocrx_word' id='word_1_599' title='bbox 699 4423 756 4470; x_wconf 90' lang='lat' dir='ltr'><strong>et</strong></span> <span class='ocrx_word' id='word_1_600' title='bbox 808 4429 932 4468; x_wconf 92' lang='lat' dir='ltr'><strong>cum</strong></span> <span class='ocrx_word' id='word_1_601' title='bbox 985 4414 1322 4469; x_wconf 91' lang='lat' dir='ltr'><strong>monasterio</strong></span> <span class='ocrx_word' id='word_1_602' title='bbox 1374 4413 1468 4468; x_wconf 91' lang='lat' dir='ltr'><strong>ubi</strong></span> <span class='ocrx_word' id='word_1_603' title='bbox 1513 4413 1802 4485; x_wconf 86' lang='lat' dir='ltr'><strong>requiescit</strong></span> <span class='ocrx_word' id='word_1_604' title='bbox 1848 4422 2067 4468; x_wconf 90' lang='lat' dir='ltr'><strong>sanctus</strong></span> <span class='ocrx_word' id='word_1_605' title='bbox 2096 4444 2146 4506; x_wconf 70' lang='grc' dir='ltr'><strong>Β</strong></span> <span class='ocrx_word' id='word_1_606' title='bbox 2178 4416 2428 4472; x_wconf 89' lang='lat' dir='ltr'><strong>Uticenci</strong></span> <span class='ocrx_word' id='word_1_607' title='bbox 2474 4416 2871 4471; x_wconf 85' lang='lat' dir='ltr'><strong>monasterium</strong></span> <span class='ocrx_word' id='word_1_608' title='bbox 2896 4415 3081 4471; x_wconf 90' lang='lat' dir='ltr'><strong>Sancti</strong></span> <span class='ocrx_word' id='word_1_609' title='bbox 3109 4414 3387 4471; x_wconf 89' lang='lat' dir='ltr'><strong>Saturnini</strong></span> <span class='ocrx_word' id='word_1_610' title='bbox 3420 4431 3552 4472; x_wconf 91' lang='lat' dir='ltr'><strong>cum</strong></span> <span class='ocrx_word' id='word_1_611' title='bbox 3588 4424 3771 4471; x_wconf 82' lang='lat' dir='ltr'><strong>castro</strong></span> 
     </span>
    </p>
   </div>
   <div class='ocr_carea' id='block_1_90' title="bbox 474 4505 2069 4580">
    <p class='ocr_par' dir='ltr' id='par_1_90' title="bbox 474 4505 2069 4580">
     <span class='ocr_line' id='line_1_90' title="bbox 474 4505 2069 4580; baseline -0.002 -17"><span class='ocrx_word' id='word_1_612' title='bbox 474 4510 674 4563; x_wconf 87' lang='lat' dir='ltr'><strong>Florus</strong></span> <span class='ocrx_word' id='word_1_613' title='bbox 713 4508 860 4580; x_wconf 91' lang='lat' dir='ltr'><strong>quod</strong></span> <span class='ocrx_word' id='word_1_614' title='bbox 906 4505 1129 4563; x_wconf 89' lang='lat' dir='ltr'><strong>tradidit</strong></span> <span class='ocrx_word' id='word_1_615' title='bbox 1193 4507 1505 4577; x_wconf 86' lang='lat' dir='ltr'><strong>supradicto</strong></span> <span class='ocrx_word' id='word_1_616' title='bbox 1574 4507 1692 4561; x_wconf 94' lang='lat' dir='ltr'><strong>loco</strong></span> <span class='ocrx_word' id='word_1_617' title='bbox 1750 4507 2069 4576; x_wconf 84' lang='lat' dir='ltr'><strong>Eustorgius</strong></span> 
     </span>
    </p>
   </div>
   <div class='ocr_carea' id='block_1_91' title="bbox 476 4599 2073 4672">
    <p class='ocr_par' dir='ltr' id='par_1_91' title="bbox 476 4599 2073 4672">
     <span class='ocr_line' id='line_1_91' title="bbox 476 4599 2073 4672; baseline -0.001 -16"><span class='ocrx_word' id='word_1_618' title='bbox 476 4601 703 4656; x_wconf 88' lang='lat' dir='ltr'><strong>clericus</strong></span> <span class='ocrx_word' id='word_1_619' title='bbox 730 4617 859 4655; x_wconf 91' lang='lat' dir='ltr'><strong>cum</strong></span> <span class='ocrx_word' id='word_1_620' title='bbox 891 4601 1145 4655; x_wconf 91' lang='lat' dir='ltr'><strong>omnibus</strong></span> <span class='ocrx_word' id='word_1_621' title='bbox 1174 4600 1276 4654; x_wconf 90' lang='lat' dir='ltr'><strong>sibi</strong></span> <span class='ocrx_word' id='word_1_622' title='bbox 1317 4599 1726 4672; x_wconf 86' lang='lat' dir='ltr'><strong>pertinentibus,</strong></span> <span class='ocrx_word' id='word_1_623' title='bbox 1764 4600 2073 4654; x_wconf 91' lang='lat' dir='ltr'><strong>mansiones</strong></span> 
     </span>
    </p>
   </div>
   <div class='ocr_carea' id='block_1_92' title="bbox 477 4692 2071 4765">
    <p class='ocr_par' dir='ltr' id='par_1_92' title="bbox 477 4692 2071 4765">
     <span class='ocr_line' id='line_1_92' title="bbox 477 4692 2071 4765; baseline -0.001 -17"><span class='ocrx_word' id='word_1_624' title='bbox 477 4695 536 4748; x_wconf 91' lang='lat' dir='ltr'><strong>in</strong></span> <span class='ocrx_word' id='word_1_625' title='bbox 560 4694 859 4747; x_wconf 88' lang='lat' dir='ltr'><strong>Brivatensi</strong></span> <span class='ocrx_word' id='word_1_626' title='bbox 889 4694 1027 4760; x_wconf 93' lang='lat' dir='ltr'><strong>vico,</strong></span> <span class='ocrx_word' id='word_1_627' title='bbox 1066 4693 1466 4748; x_wconf 87' lang='lat' dir='ltr'><strong>monasterium</strong></span> <span class='ocrx_word' id='word_1_628' title='bbox 1492 4693 1639 4765; x_wconf 90' lang='lat' dir='ltr'><strong>quod</strong></span> <span class='ocrx_word' id='word_1_629' title='bbox 1669 4692 1871 4749; x_wconf 90' lang='lat' dir='ltr'><strong>dicitur</strong></span> <span class='ocrx_word' id='word_1_630' title='bbox 1910 4692 2071 4748; x_wconf 86' lang='lat' dir='ltr'><strong>Volta</strong></span> 
     </span>
    </p>
   </div>
   <div class='ocr_carea' id='block_1_93' title="bbox 479 4785 2073 4856">
    <p class='ocr_par' dir='ltr' id='par_1_93' title="bbox 479 4785 2073 4856">
     <span class='ocr_line' id='line_1_93' title="bbox 479 4785 2073 4856; baseline -0.001 -15"><span class='ocrx_word' id='word_1_631' title='bbox 479 4801 609 4842; x_wconf 86' lang='lat' dir='ltr'><strong>cum</strong></span> <span class='ocrx_word' id='word_1_632' title='bbox 633 4785 747 4840; x_wconf 91' lang='lat' dir='ltr'><strong>suis</strong></span> <span class='ocrx_word' id='word_1_633' title='bbox 786 4786 1148 4856; x_wconf 85' lang='lat' dir='ltr'><strong>pertinentiis,</strong></span> <span class='ocrx_word' id='word_1_634' title='bbox 1193 4790 1401 4841; x_wconf 81' lang='lat' dir='ltr'><strong>Rocam</strong></span> <span class='ocrx_word' id='word_1_635' title='bbox 1452 4786 1671 4855; x_wconf 82' lang='lat' dir='ltr'><strong>fortem,</strong></span> <span class='ocrx_word' id='word_1_636' title='bbox 1713 4788 1905 4843; x_wconf 88' lang='lat' dir='ltr'><strong>cellam</strong></span> <span class='ocrx_word' id='word_1_637' title='bbox 1937 4787 2073 4841; x_wconf 84' lang='lat' dir='ltr'><strong>Rei-</strong></span> 
     </span>
    </p>
   </div>
   <div class='ocr_carea' id='block_1_94' title="bbox 480 4879 2071 4951">
    <p class='ocr_par' dir='ltr' id='par_1_94' title="bbox 480 4879 2071 4951">
     <span class='ocr_line' id='line_1_94' title="bbox 480 4879 2071 4951; baseline -0.001 -16"><span class='ocrx_word' id='word_1_638' title='bbox 480 4880 679 4935; x_wconf 90' lang='lat' dir='ltr'><strong>liacum</strong></span> <span class='ocrx_word' id='word_1_639' title='bbox 706 4894 833 4933; x_wconf 92' lang='lat' dir='ltr'><strong>cum</strong></span> <span class='ocrx_word' id='word_1_640' title='bbox 854 4887 1008 4933; x_wconf 90' lang='lat' dir='ltr'><strong>curte</strong></span> <span class='ocrx_word' id='word_1_641' title='bbox 1035 4887 1092 4934; x_wconf 91' lang='lat' dir='ltr'><strong>et</strong></span> <span class='ocrx_word' id='word_1_642' title='bbox 1121 4880 1379 4935; x_wconf 91' lang='lat' dir='ltr'><strong>omnibus</strong></span> <span class='ocrx_word' id='word_1_643' title='bbox 1404 4879 1476 4935; x_wconf 92' lang='lat' dir='ltr'><strong>ad</strong></span> <span class='ocrx_word' id='word_1_644' title='bbox 1511 4896 1633 4935; x_wconf 91' lang='lat' dir='ltr'><strong>eam</strong></span> <span class='ocrx_word' id='word_1_645' title='bbox 1664 4880 2071 4951; x_wconf 88' lang='lat' dir='ltr'><strong>pertinentibus,</strong></span> 
     </span>
    </p>
   </div>
   <div class='ocr_carea' id='block_1_95' title="bbox 483 4972 2071 5044">
    <p class='ocr_par' dir='ltr' id='par_1_95' title="bbox 483 4972 2071 5044">
     <span class='ocr_line' id='line_1_95' title="bbox 483 4972 2071 5044; baseline 0 -17"><span class='ocrx_word' id='word_1_646' title='bbox 483 4972 681 5027; x_wconf 90' lang='lat' dir='ltr'><strong>cellam</strong></span> <span class='ocrx_word' id='word_1_647' title='bbox 724 4973 936 5027; x_wconf 65' lang='lat' dir='ltr'><strong>Sanctae</strong></span> <span class='ocrx_word' id='word_1_648' title='bbox 1009 4972 1202 5027; x_wconf 65' lang='lat' dir='ltr'><strong>Maria:</strong></span> <span class='ocrx_word' id='word_1_649' title='bbox 1249 4988 1372 5044; x_wconf 69' lang='lat' dir='ltr'><strong>quae</strong></span> <span class='ocrx_word' id='word_1_650' title='bbox 1431 4982 1658 5028; x_wconf 90' lang='lat' dir='ltr'><strong>vocatur</strong></span> <span class='ocrx_word' id='word_1_651' title='bbox 1705 4974 1775 5029; x_wconf 91' lang='lat' dir='ltr'><strong>ad</strong></span> <span class='ocrx_word' id='word_1_652' title='bbox 1818 4976 2071 5037; x_wconf 91' lang='lat' dir='ltr'><strong>Pontem,</strong></span> 
     </span>
    </p>
   </div>
   <div class='ocr_carea' id='block_1_96' title="bbox 484 5065 2074 5137">
    <p class='ocr_par' dir='ltr' id='par_1_96' title="bbox 484 5065 2074 5137">
     <span class='ocr_line' id='line_1_96' title="bbox 484 5065 2074 5137; baseline 0.001 -17"><span class='ocrx_word' id='word_1_653' title='bbox 484 5081 677 5121; x_wconf 88' lang='lat' dir='ltr'><strong>omnes</strong></span> <span class='ocrx_word' id='word_1_654' title='bbox 722 5080 943 5136; x_wconf 90' lang='lat' dir='ltr'><strong>quoque</strong></span> <span class='ocrx_word' id='word_1_655' title='bbox 991 5065 1247 5120; x_wconf 89' lang='lat' dir='ltr'><strong>ecclesias</strong></span> <span class='ocrx_word' id='word_1_656' title='bbox 1284 5075 1339 5121; x_wconf 91' lang='lat' dir='ltr'><strong>et</strong></span> <span class='ocrx_word' id='word_1_657' title='bbox 1388 5074 1582 5131; x_wconf 91' lang='lat' dir='ltr'><strong>terras,</strong></span> <span class='ocrx_word' id='word_1_658' title='bbox 1628 5074 1683 5120; x_wconf 89' lang='lat' dir='ltr'><strong>et</strong></span> <span class='ocrx_word' id='word_1_659' title='bbox 1710 5066 2074 5137; x_wconf 90' lang='lat' dir='ltr'><strong>quodcunque</strong></span> 
     </span>
    </p>
   </div>
   <div class='ocr_carea' id='block_1_97' title="bbox 484 5157 2070 5231">
    <p class='ocr_par' dir='ltr' id='par_1_97' title="bbox 484 5157 2070 5231">
     <span class='ocr_line' id='line_1_97' title="bbox 484 5157 2070 5231; baseline 0.001 -19"><span class='ocrx_word' id='word_1_660' title='bbox 484 5157 698 5214; x_wconf 89' lang='lat' dir='ltr'><strong>videtur</strong></span> <span class='ocrx_word' id='word_1_661' title='bbox 734 5158 1027 5214; x_wconf 90' lang='lat' dir='ltr'><strong>Cluniacus</strong></span> <span class='ocrx_word' id='word_1_662' title='bbox 1063 5158 1342 5229; x_wconf 90' lang='lat' dir='ltr'><strong>possidere</strong></span> <span class='ocrx_word' id='word_1_663' title='bbox 1382 5158 1437 5213; x_wconf 93' lang='lat' dir='ltr'><strong>in</strong></span> <span class='ocrx_word' id='word_1_664' title='bbox 1460 5159 1577 5231; x_wconf 87' lang='lat' dir='ltr'><strong>jam</strong></span> <span class='ocrx_word' id='word_1_665' title='bbox 1607 5158 1754 5215; x_wconf 91' lang='lat' dir='ltr'><strong>dicto</strong></span> <span class='ocrx_word' id='word_1_666' title='bbox 1785 5159 2070 5215; x_wconf 87' lang='lat' dir='ltr'><strong>comitatu.</strong></span> 
     </span>
    </p>
   </div>
   <div class='ocr_carea' id='block_1_98' title="bbox 486 5251 2077 5323">
    <p class='ocr_par' dir='ltr' id='par_1_98' title="bbox 486 5251 2077 5323">
     <span class='ocr_line' id='line_1_98' title="bbox 486 5251 2077 5323; baseline 0.001 -16"><span class='ocrx_word' id='word_1_667' title='bbox 486 5254 550 5307; x_wconf 90' lang='lat' dir='ltr'><strong>In</strong></span> <span class='ocrx_word' id='word_1_668' title='bbox 579 5251 897 5323; x_wconf 89' lang='lat' dir='ltr'><strong>episcopatu</strong></span> <span class='ocrx_word' id='word_1_669' title='bbox 936 5252 1268 5306; x_wconf 88' lang='lat' dir='ltr'><strong>Nivernensi</strong></span> <span class='ocrx_word' id='word_1_670' title='bbox 1307 5252 1709 5307; x_wconf 90' lang='lat' dir='ltr'><strong>monasterium</strong></span> <span class='ocrx_word' id='word_1_671' title='bbox 1736 5253 1922 5308; x_wconf 89' lang='lat' dir='ltr'><strong>Sancti</strong></span> <span class='ocrx_word' id='word_1_672' title='bbox 1962 5253 2077 5308; x_wconf 90' lang='lat' dir='ltr'><strong>Sal-</strong></span> 
     </span>
    </p>
   </div>
   <div class='ocr_carea' id='block_1_99' title="bbox 485 5338 2074 5415">
    <p class='ocr_par' dir='ltr' id='par_1_99' title="bbox 485 5338 2074 5415">
     <span class='ocr_line' id='line_1_99' title="bbox 485 5338 2074 5415; baseline 0.003 -18"><span class='ocrx_word' id='word_1_673' title='bbox 485 5338 687 5400; x_wconf 85' lang='lat' dir='ltr'><strong>vatoris</strong></span> <span class='ocrx_word' id='word_1_674' title='bbox 730 5344 874 5415; x_wconf 90' lang='lat' dir='ltr'><strong>quod</strong></span> <span class='ocrx_word' id='word_1_675' title='bbox 907 5354 987 5399; x_wconf 88' lang='lat' dir='ltr'><strong>est</strong></span> <span class='ocrx_word' id='word_1_676' title='bbox 1016 5344 1155 5399; x_wconf 88' lang='lat' dir='ltr'><strong>intra</strong></span> <span class='ocrx_word' id='word_1_677' title='bbox 1201 5361 1410 5411; x_wconf 91' lang='lat' dir='ltr'><strong>muros,</strong></span> <span class='ocrx_word' id='word_1_678' title='bbox 1454 5346 1846 5401; x_wconf 90' lang='lat' dir='ltr'><strong>monasterium</strong></span> <span class='ocrx_word' id='word_1_679' title='bbox 1893 5346 2074 5402; x_wconf 90' lang='lat' dir='ltr'><strong>Sancti</strong></span> 
     </span>
    </p>
   </div>
   <div class='ocr_carea' id='block_1_100' title="bbox 486 5437 2071 5511">
    <p class='ocr_par' dir='ltr' id='par_1_100' title="bbox 486 5437 2071 5511">
     <span class='ocr_line' id='line_1_100' title="bbox 486 5437 2071 5511; baseline 0.003 -18"><span class='ocrx_word' id='word_1_680' title='bbox 486 5437 743 5509; x_wconf 87' lang='lat' dir='ltr'><strong>Stephani</strong></span> <span class='ocrx_word' id='word_1_681' title='bbox 799 5438 945 5508; x_wconf 90' lang='lat' dir='ltr'><strong>quod</strong></span> <span class='ocrx_word' id='word_1_682' title='bbox 994 5447 1076 5492; x_wconf 93' lang='lat' dir='ltr'><strong>est</strong></span> <span class='ocrx_word' id='word_1_683' title='bbox 1120 5438 1176 5493; x_wconf 93' lang='lat' dir='ltr'><strong>in</strong></span> <span class='ocrx_word' id='word_1_684' title='bbox 1215 5438 1477 5494; x_wconf 89' lang='lat' dir='ltr'><strong>suburbio</strong></span> <span class='ocrx_word' id='word_1_685' title='bbox 1523 5440 1767 5511; x_wconf 86' lang='lat' dir='ltr'><strong>ejusdem</strong></span> <span class='ocrx_word' id='word_1_686' title='bbox 1815 5440 2071 5508; x_wconf 87' lang='lat' dir='ltr'><strong>civitatis,</strong></span> 
     </span>
    </p>
   </div>
   <div class='ocr_carea' id='block_1_101' title="bbox 486 5532 2071 5606">
    <p class='ocr_par' dir='ltr' id='par_1_101' title="bbox 486 5532 2071 5606">
     <span class='ocr_line' id='line_1_101' title="bbox 486 5532 2071 5606; baseline 0.003 -19"><span class='ocrx_word' id='word_1_687' title='bbox 486 5532 681 5587; x_wconf 88' lang='lat' dir='ltr'><strong>cellam</strong></span> <span class='ocrx_word' id='word_1_688' title='bbox 726 5532 909 5587; x_wconf 90' lang='lat' dir='ltr'><strong>Sancti</strong></span> <span class='ocrx_word' id='word_1_689' title='bbox 963 5532 1255 5588; x_wconf 84' lang='lat' dir='ltr'><strong>Reveriani</strong></span> <span class='ocrx_word' id='word_1_690' title='bbox 1324 5549 1451 5587; x_wconf 91' lang='lat' dir='ltr'><strong>cum</strong></span> <span class='ocrx_word' id='word_1_691' title='bbox 1519 5535 1636 5589; x_wconf 87' lang='lat' dir='ltr'><strong>suis</strong></span> <span class='ocrx_word' id='word_1_692' title='bbox 1711 5534 2071 5606; x_wconf 89' lang='lat' dir='ltr'><strong>pertinentiis,</strong></span> 
     </span>
    </p>
   </div>
   <div class='ocr_carea' id='block_1_102' title="bbox 486 5624 2075 5700">
    <p class='ocr_par' dir='ltr' id='par_1_102' title="bbox 486 5624 2075 5700">
     <span class='ocr_line' id='line_1_102' title="bbox 486 5624 2075 5700; baseline 0.003 -20"><span class='ocrx_word' id='word_1_693' title='bbox 486 5625 769 5682; x_wconf 85' lang='lat' dir='ltr'><strong>ecclesiam</strong></span> <span class='ocrx_word' id='word_1_694' title='bbox 793 5642 915 5697; x_wconf 80' lang='lat' dir='ltr'><strong>quae</strong></span> <span class='ocrx_word' id='word_1_695' title='bbox 944 5624 1139 5681; x_wconf 90' lang='lat' dir='ltr'><strong>dicitur</strong></span> <span class='ocrx_word' id='word_1_696' title='bbox 1168 5626 1520 5698; x_wconf 90' lang='lat' dir='ltr'><strong>Lupertiacus</strong></span> <span class='ocrx_word' id='word_1_697' title='bbox 1550 5643 1673 5700; x_wconf 80' lang='lat' dir='ltr'><strong>quae</strong></span> <span class='ocrx_word' id='word_1_698' title='bbox 1712 5630 2075 5685; x_wconf 75' lang='lat' dir='ltr'><strong>Fraemundus</strong></span> 
     </span>
    </p>
   </div>
   <div class='ocr_carea' id='block_1_103' title="bbox 487 5718 2074 5793">
    <p class='ocr_par' dir='ltr' id='par_1_103' title="bbox 487 5718 2074 5793">
     <span class='ocr_line' id='line_1_103' title="bbox 487 5718 2074 5793; baseline 0.002 -19"><span class='ocrx_word' id='word_1_699' title='bbox 487 5718 636 5775; x_wconf 85' lang='lat' dir='ltr'><strong>dedit</strong></span> <span class='ocrx_word' id='word_1_700' title='bbox 691 5735 816 5775; x_wconf 92' lang='lat' dir='ltr'><strong>cum</strong></span> <span class='ocrx_word' id='word_1_701' title='bbox 869 5719 983 5775; x_wconf 87' lang='lat' dir='ltr'><strong>suis</strong></span> <span class='ocrx_word' id='word_1_702' title='bbox 1043 5720 1415 5792; x_wconf 89' lang='lat' dir='ltr'><strong>pertinentiis,</strong></span> <span class='ocrx_word' id='word_1_703' title='bbox 1474 5721 1657 5777; x_wconf 91' lang='lat' dir='ltr'><strong>locum</strong></span> <span class='ocrx_word' id='word_1_704' title='bbox 1718 5722 1813 5793; x_wconf 91' lang='lat' dir='ltr'><strong>qui</strong></span> <span class='ocrx_word' id='word_1_705' title='bbox 1871 5723 2074 5779; x_wconf 89' lang='lat' dir='ltr'><strong>dicitur</strong></span> 
     </span>
    </p>
   </div>
   <div class='ocr_carea' id='block_1_104' title="bbox 2178 4509 3772 4580">
    <p class='ocr_par' dir='ltr' id='par_1_104' title="bbox 2178 4509 3772 4580">
     <span class='ocr_line' id='line_1_104' title="bbox 2178 4509 3772 4580; baseline -0.001 -14"><span class='ocrx_word' id='word_1_706' title='bbox 2178 4509 2538 4566; x_wconf 91' lang='lat' dir='ltr'><strong>Columcellas</strong></span> <span class='ocrx_word' id='word_1_707' title='bbox 2566 4517 2620 4565; x_wconf 91' lang='lat' dir='ltr'><strong>et</strong></span> <span class='ocrx_word' id='word_1_708' title='bbox 2638 4517 2790 4566; x_wconf 90' lang='lat' dir='ltr'><strong>curte</strong></span> <span class='ocrx_word' id='word_1_709' title='bbox 2812 4509 3059 4577; x_wconf 90' lang='lat' dir='ltr'><strong>Tueleta,</strong></span> <span class='ocrx_word' id='word_1_710' title='bbox 3096 4519 3151 4564; x_wconf 92' lang='lat' dir='ltr'><strong>et</strong></span> <span class='ocrx_word' id='word_1_711' title='bbox 3178 4509 3436 4565; x_wconf 90' lang='lat' dir='ltr'><strong>omnibus</strong></span> <span class='ocrx_word' id='word_1_712' title='bbox 3464 4509 3531 4565; x_wconf 86' lang='lat' dir='ltr'><strong>ad</strong></span> <span class='ocrx_word' id='word_1_713' title='bbox 3556 4525 3615 4565; x_wconf 88' lang='lat' dir='ltr'><strong>se</strong></span> <span class='ocrx_word' id='word_1_714' title='bbox 3644 4526 3772 4580; x_wconf 84' lang='lat' dir='ltr'><strong>per-</strong></span> 
     </span>
    </p>
   </div>
   <div class='ocr_carea' id='block_1_105' title="bbox 2179 4601 3772 4673">
    <p class='ocr_par' dir='ltr' id='par_1_105' title="bbox 2179 4601 3772 4673">
     <span class='ocr_line' id='line_1_105' title="bbox 2179 4601 3772 4673; baseline 0 -16"><span class='ocrx_word' id='word_1_715' title='bbox 2179 4603 2483 4660; x_wconf 88' lang='lat' dir='ltr'><strong>tinentibus</strong></span> <span class='ocrx_word' id='word_1_716' title='bbox 2523 4618 2586 4657; x_wconf 84' lang='lat' dir='ltr'><strong>ex</strong></span> <span class='ocrx_word' id='word_1_717' title='bbox 2631 4611 2860 4672; x_wconf 89' lang='lat' dir='ltr'><strong>utraque</strong></span> <span class='ocrx_word' id='word_1_718' title='bbox 2901 4611 3055 4673; x_wconf 86' lang='lat' dir='ltr'><strong>parte</strong></span> <span class='ocrx_word' id='word_1_719' title='bbox 3089 4601 3343 4657; x_wconf 80' lang='lat' dir='ltr'><strong>Rhodani</strong></span> <span class='ocrx_word' id='word_1_720' title='bbox 3392 4601 3657 4657; x_wconf 82' lang='lat' dir='ltr'><strong>ﬂuminis.</strong></span> <span class='ocrx_word' id='word_1_721' title='bbox 3710 4605 3772 4657; x_wconf 83' lang='lat' dir='ltr'><strong>In</strong></span> 
     </span>
    </p>
   </div>
   <div class='ocr_carea' id='block_1_106' title="bbox 2180 4695 3771 4768">
    <p class='ocr_par' dir='ltr' id='par_1_106' title="bbox 2180 4695 3771 4768">
     <span class='ocr_line' id='line_1_106' title="bbox 2180 4695 3771 4768; baseline -0.001 -17"><span class='ocrx_word' id='word_1_722' title='bbox 2180 4697 2498 4768; x_wconf 90' lang='lat' dir='ltr'><strong>episcopatu</strong></span> <span class='ocrx_word' id='word_1_723' title='bbox 2523 4696 2885 4752; x_wconf 86' lang='lat' dir='ltr'><strong>Nemausensi</strong></span> <span class='ocrx_word' id='word_1_724' title='bbox 2910 4696 3305 4750; x_wconf 89' lang='lat' dir='ltr'><strong>monasterium</strong></span> <span class='ocrx_word' id='word_1_725' title='bbox 3338 4696 3522 4751; x_wconf 92' lang='lat' dir='ltr'><strong>Sancti</strong></span> <span class='ocrx_word' id='word_1_726' title='bbox 3554 4695 3771 4768; x_wconf 68' lang='grc' dir='ltr'><strong>ΑΞςῐὰἰὶ.</strong></span> 
     </span>
    </p>
   </div>
   <div class='ocr_carea' id='block_1_107' title="bbox 2182 4788 3774 4845">
    <p class='ocr_par' dir='ltr' id='par_1_107' title="bbox 2182 4788 3774 4845">
     <span class='ocr_line' id='line_1_107' title="bbox 2182 4788 3774 4845; baseline 0 0"><span class='ocrx_word' id='word_1_727' title='bbox 2182 4792 2244 4845; x_wconf 91' lang='lat' dir='ltr'><strong>In</strong></span> <span class='ocrx_word' id='word_1_728' title='bbox 2268 4789 2665 4845; x_wconf 90' lang='lat' dir='ltr'><strong>Tricassinensi</strong></span> <span class='ocrx_word' id='word_1_729' title='bbox 2689 4788 2906 4843; x_wconf 84' lang='lat' dir='ltr'><strong>civitate</strong></span> <span class='ocrx_word' id='word_1_730' title='bbox 2932 4790 3329 4844; x_wconf 87' lang='lat' dir='ltr'><strong>monasterium</strong></span> <span class='ocrx_word' id='word_1_731' title='bbox 3358 4788 3529 4845; x_wconf 89' lang='lat' dir='ltr'><strong>sancti</strong></span> <span class='ocrx_word' id='word_1_732' title='bbox 3561 4793 3774 4845; x_wconf 84' lang='lat' dir='ltr'><strong>Aman-</strong></span> 
     </span>
    </p>
   </div>
   <div class='ocr_carea' id='block_1_108' title="bbox 2182 4880 3775 4954">
    <p class='ocr_par' dir='ltr' id='par_1_108' title="bbox 2182 4880 3775 4954">
     <span class='ocr_line' id='line_1_108' title="bbox 2182 4880 3775 4954; baseline 0.001 -17"><span class='ocrx_word' id='word_1_733' title='bbox 2182 4883 2259 4938; x_wconf 87' lang='lat' dir='ltr'><strong>di.</strong></span> <span class='ocrx_word' id='word_1_734' title='bbox 2312 4886 2378 4939; x_wconf 90' lang='lat' dir='ltr'><strong>In</strong></span> <span class='ocrx_word' id='word_1_735' title='bbox 2444 4884 2765 4954; x_wconf 89' lang='lat' dir='ltr'><strong>episcopatu</strong></span> <span class='ocrx_word' id='word_1_736' title='bbox 2809 4881 3073 4937; x_wconf 84' lang='lat' dir='ltr'><strong>Arausico</strong></span> <span class='ocrx_word' id='word_1_737' title='bbox 3139 4882 3337 4938; x_wconf 85' lang='lat' dir='ltr'><strong>cellam</strong></span> <span class='ocrx_word' id='word_1_738' title='bbox 3392 4896 3517 4954; x_wconf 62' lang='lat' dir='ltr'><strong>qua</strong></span> <span class='ocrx_word' id='word_1_739' title='bbox 3573 4880 3775 4939; x_wconf 88' lang='lat' dir='ltr'><strong>dicitur</strong></span> 
     </span>
    </p>
   </div>
   <div class='ocr_carea' id='block_1_109' title="bbox 2181 4974 3776 5042">
    <p class='ocr_par' dir='ltr' id='par_1_109' title="bbox 2181 4974 3776 5042">
     <span class='ocr_line' id='line_1_109' title="bbox 2181 4974 3776 5042; baseline 0.001 -12"><span class='ocrx_word' id='word_1_740' title='bbox 2181 4976 2531 5042; x_wconf 90' lang='lat' dir='ltr'><strong>Podiolenus,</strong></span> <span class='ocrx_word' id='word_1_741' title='bbox 2584 4975 2980 5030; x_wconf 89' lang='lat' dir='ltr'><strong>monasterium</strong></span> <span class='ocrx_word' id='word_1_742' title='bbox 3036 4975 3226 5030; x_wconf 88' lang='lat' dir='ltr'><strong>Sancti</strong></span> <span class='ocrx_word' id='word_1_743' title='bbox 3278 4974 3655 5032; x_wconf 86' lang='lat' dir='ltr'><strong>Pentaleonis.</strong></span> <span class='ocrx_word' id='word_1_744' title='bbox 3718 4977 3776 5031; x_wconf 77' lang='lat' dir='ltr'><strong>in</strong></span> 
     </span>
    </p>
   </div>
   <div class='ocr_carea' id='block_1_110' title="bbox 2180 5067 3779 5142">
    <p class='ocr_par' dir='ltr' id='par_1_110' title="bbox 2180 5067 3779 5142">
     <span class='ocr_line' id='line_1_110' title="bbox 2180 5067 3779 5142; baseline 0.001 -18"><span class='ocrx_word' id='word_1_745' title='bbox 2180 5069 2507 5142; x_wconf 80' lang='lat' dir='ltr'><strong>Agapicensi</strong></span> <span class='ocrx_word' id='word_1_746' title='bbox 2551 5069 2863 5139; x_wconf 86' lang='lat' dir='ltr'><strong>episcopatu</strong></span> <span class='ocrx_word' id='word_1_747' title='bbox 2898 5069 3088 5124; x_wconf 91' lang='lat' dir='ltr'><strong>cellam</strong></span> <span class='ocrx_word' id='word_1_748' title='bbox 3142 5069 3325 5124; x_wconf 87' lang='lat' dir='ltr'><strong>Sancti</strong></span> <span class='ocrx_word' id='word_1_749' title='bbox 3373 5067 3607 5125; x_wconf 66' lang='lat' dir='ltr'><strong>Andreae</strong></span> <span class='ocrx_word' id='word_1_750' title='bbox 3644 5083 3779 5125; x_wconf 87' lang='lat' dir='ltr'><strong>con-</strong></span> 
     </span>
    </p>
   </div>
   <div class='ocr_carea' id='block_1_111' title="bbox 2184 5160 3776 5234">
    <p class='ocr_par' dir='ltr' id='par_1_111' title="bbox 2184 5160 3776 5234">
     <span class='ocr_line' id='line_1_111' title="bbox 2184 5160 3776 5234; baseline -0.001 -16"><span class='ocrx_word' id='word_1_751' title='bbox 2184 5177 2388 5218; x_wconf 88' lang='lat' dir='ltr'><strong>cessam</strong></span> <span class='ocrx_word' id='word_1_752' title='bbox 2417 5162 2678 5218; x_wconf 89' lang='lat' dir='ltr'><strong>Cluniaco</strong></span> <span class='ocrx_word' id='word_1_753' title='bbox 2707 5177 2736 5215; x_wconf 88' lang='lat' dir='ltr'><strong>a</strong></span> <span class='ocrx_word' id='word_1_754' title='bbox 2782 5160 3031 5216; x_wconf 83' lang='lat' dir='ltr'><strong>Ricaudo</strong></span> <span class='ocrx_word' id='word_1_755' title='bbox 3078 5162 3306 5227; x_wconf 83' lang='lat' dir='ltr'><strong>clerico;</strong></span> <span class='ocrx_word' id='word_1_756' title='bbox 3357 5162 3776 5234; x_wconf 85' lang='lat' dir='ltr'><strong>Ganagobiense</strong></span> 
     </span>
    </p>
   </div>
   <div class='ocr_carea' id='block_1_112' title="bbox 2185 5254 3772 5324">
    <p class='ocr_par' dir='ltr' id='par_1_112' title="bbox 2185 5254 3772 5324">
     <span class='ocr_line' id='line_1_112' title="bbox 2185 5254 3772 5324; baseline 0.001 -14"><span class='ocrx_word' id='word_1_757' title='bbox 2185 5256 2613 5324; x_wconf 85' lang='lat' dir='ltr'><strong>monasterium;</strong></span> <span class='ocrx_word' id='word_1_758' title='bbox 2644 5263 2855 5309; x_wconf 89' lang='lat' dir='ltr'><strong>curtem</strong></span> <span class='ocrx_word' id='word_1_759' title='bbox 2880 5254 3265 5311; x_wconf 91' lang='lat' dir='ltr'><strong>Valentiolam.</strong></span> <span class='ocrx_word' id='word_1_760' title='bbox 3298 5257 3360 5311; x_wconf 86' lang='lat' dir='ltr'><strong>In</strong></span> <span class='ocrx_word' id='word_1_761' title='bbox 3398 5256 3772 5312; x_wconf 88' lang='lat' dir='ltr'><strong>Valentinensi</strong></span> 
     </span>
    </p>
   </div>
   <div class='ocr_carea' id='block_1_113' title="bbox 2184 5347 3774 5421">
    <p class='ocr_par' dir='ltr' id='par_1_113' title="bbox 2184 5347 3774 5421">
     <span class='ocr_line' id='line_1_113' title="bbox 2184 5347 3774 5421; baseline 0 -17"><span class='ocrx_word' id='word_1_762' title='bbox 2184 5349 2514 5421; x_wconf 87' lang='lat' dir='ltr'><strong>episcopatu,</strong></span> <span class='ocrx_word' id='word_1_763' title='bbox 2582 5348 2763 5403; x_wconf 89' lang='lat' dir='ltr'><strong>villam</strong></span> <span class='ocrx_word' id='word_1_764' title='bbox 2812 5362 2936 5419; x_wconf 62' lang='lat' dir='ltr'><strong>qua:</strong></span> <span class='ocrx_word' id='word_1_765' title='bbox 3005 5347 3207 5404; x_wconf 90' lang='lat' dir='ltr'><strong>dicitur</strong></span> <span class='ocrx_word' id='word_1_766' title='bbox 3260 5350 3387 5406; x_wconf 84' lang='lat' dir='ltr'><strong>Ales</strong></span> <span class='ocrx_word' id='word_1_767' title='bbox 3440 5353 3496 5404; x_wconf 91' lang='lat' dir='ltr'><strong>et</strong></span> <span class='ocrx_word' id='word_1_768' title='bbox 3551 5351 3774 5407; x_wconf 79' lang='lat' dir='ltr'><strong>Monte-</strong></span> 
     </span>
    </p>
   </div>
   <div class='ocr_carea' id='block_1_114' title="bbox 2152 5441 3774 5515">
    <p class='ocr_par' dir='ltr' id='par_1_114' title="bbox 2152 5441 3774 5515">
     <span class='ocr_line' id='line_1_114' title="bbox 2152 5441 3774 5515; baseline 0.001 -18"><span class='ocrx_word' id='word_1_769' title='bbox 2152 5443 2360 5515; x_wconf 11' lang='lat' dir='ltr'><strong>,sium,</strong></span> <span class='ocrx_word' id='word_1_770' title='bbox 2424 5442 2818 5497; x_wconf 85' lang='lat' dir='ltr'><strong>monasterium</strong></span> <span class='ocrx_word' id='word_1_771' title='bbox 2876 5441 3058 5497; x_wconf 90' lang='lat' dir='ltr'><strong>Sancti</strong></span> <span class='ocrx_word' id='word_1_772' title='bbox 3125 5442 3366 5499; x_wconf 89' lang='lat' dir='ltr'><strong>Marcelli</strong></span> <span class='ocrx_word' id='word_1_773' title='bbox 3425 5442 3578 5514; x_wconf 86' lang='lat' dir='ltr'><strong>quod</strong></span> <span class='ocrx_word' id='word_1_774' title='bbox 3633 5442 3774 5500; x_wconf 83' lang='lat' dir='ltr'><strong>dici-</strong></span> 
     </span>
    </p>
   </div>
   <div class='ocr_carea' id='block_1_115' title="bbox 2183 5534 3776 5607">
    <p class='ocr_par' dir='ltr' id='par_1_115' title="bbox 2183 5534 3776 5607">
     <span class='ocr_line' id='line_1_115' title="bbox 2183 5534 3776 5607; baseline 0.002 -17"><span class='ocrx_word' id='word_1_775' title='bbox 2183 5543 2274 5591; x_wconf 92' lang='lat' dir='ltr'><strong>tur</strong></span> <span class='ocrx_word' id='word_1_776' title='bbox 2324 5535 2634 5592; x_wconf 88' lang='lat' dir='ltr'><strong>Salicetum.</strong></span> <span class='ocrx_word' id='word_1_777' title='bbox 2689 5537 2751 5590; x_wconf 91' lang='lat' dir='ltr'><strong>In</strong></span> <span class='ocrx_word' id='word_1_778' title='bbox 2797 5534 3111 5607; x_wconf 90' lang='lat' dir='ltr'><strong>episcopatu</strong></span> <span class='ocrx_word' id='word_1_779' title='bbox 3160 5535 3456 5592; x_wconf 81' lang='lat' dir='ltr'><strong>Viennensi</strong></span> <span class='ocrx_word' id='word_1_780' title='bbox 3499 5544 3776 5593; x_wconf 88' lang='lat' dir='ltr'><strong>monaste-</strong></span> 
     </span>
    </p>
   </div>
   <div class='ocr_carea' id='block_1_116' title="bbox 2184 5628 3772 5699">
    <p class='ocr_par' dir='ltr' id='par_1_116' title="bbox 2184 5628 3772 5699">
     <span class='ocr_line' id='line_1_116' title="bbox 2184 5628 3772 5699; baseline 0.001 -14"><span class='ocrx_word' id='word_1_781' title='bbox 2184 5628 2329 5685; x_wconf 89' lang='lat' dir='ltr'><strong>rium</strong></span> <span class='ocrx_word' id='word_1_782' title='bbox 2374 5628 2805 5694; x_wconf 83' lang='lat' dir='ltr'><strong>Taherniacum;</strong></span> <span class='ocrx_word' id='word_1_783' title='bbox 2858 5628 3049 5683; x_wconf 88' lang='lat' dir='ltr'><strong>cellam</strong></span> <span class='ocrx_word' id='word_1_784' title='bbox 3098 5643 3224 5699; x_wconf 84' lang='lat' dir='ltr'><strong>quae</strong></span> <span class='ocrx_word' id='word_1_785' title='bbox 3261 5628 3458 5687; x_wconf 88' lang='lat' dir='ltr'><strong>dicitur</strong></span> <span class='ocrx_word' id='word_1_786' title='bbox 3501 5629 3772 5693; x_wconf 76' lang='lat' dir='ltr'><strong>Causella.</strong></span> 
     </span>
    </p>
   </div>
   <div class='ocr_carea' id='block_1_117' title="bbox 2182 5722 3773 5793">
    <p class='ocr_par' dir='ltr' id='par_1_117' title="bbox 2182 5722 3773 5793">
     <span class='ocr_line' id='line_1_117' title="bbox 2182 5722 3773 5793; baseline 0.002 -18"><span class='ocrx_word' id='word_1_787' title='bbox 2182 5723 2368 5778; x_wconf 87' lang='lat' dir='ltr'><strong>villam</strong></span> <span class='ocrx_word' id='word_1_788' title='bbox 2399 5724 2648 5792; x_wconf 88' lang='lat' dir='ltr'><strong>Bracost,</strong></span> <span class='ocrx_word' id='word_1_789' title='bbox 2671 5722 2852 5778; x_wconf 87' lang='lat' dir='ltr'><strong>villam</strong></span> <span class='ocrx_word' id='word_1_790' title='bbox 2879 5736 3003 5793; x_wconf 71' lang='lat' dir='ltr'><strong>qua:</strong></span> <span class='ocrx_word' id='word_1_791' title='bbox 3032 5722 3236 5781; x_wconf 88' lang='lat' dir='ltr'><strong>dicitur</strong></span> <span class='ocrx_word' id='word_1_792' title='bbox 3268 5724 3474 5790; x_wconf 86' lang='lat' dir='ltr'><strong>Insula,</strong></span> <span class='ocrx_word' id='word_1_793' title='bbox 3501 5722 3694 5779; x_wconf 83' lang='lat' dir='ltr'><strong>cellam</strong></span> <span class='ocrx_word' id='word_1_794' title='bbox 3716 5722 3773 5778; x_wconf 90' lang='lat' dir='ltr'><strong>in</strong></span> 
     </span>
    </p>
   </div>
  </div>
