4044 6186
224 298 409 367 665‘

1156 306 1501 365 EPISTOL/E
1538 309 1761 367 EXTRA
1800 310 2185 368 REGISTRUM
2218 311 2593 367 VAGANTES.

3420 313 3519 368 ses
3574 290 3575 295 Ν

218 444 404 493 castro
454 433 743 492 Candiaco.
808 436 873 489 In
918 433 1233 505 episcopatu
1294 432 1640 507 Lugdunensi
1691 450 1813 492 mo-
1839 440 1892 503 Α
1920 450 1977 491 se
2016 435 2451 509 divino‘judicio
2502 436 2730 491 existere
2761 434 2829 492 de
2872 443 3187 508 perpetrata
3232 430 3523 510 iniquitate

218 532 525 587 nasterium
567 527 716 600 quod
757 527 953 583 dicitur
982 527 1049 583 de
1079 527 1370 595 Amberta;
1418 528 1611 583 cellam
1641 529 1810 584 Talu-

216 623 452 689 siacum,
473 621 670 677 cellam
695 620 995 684 Poliacum,
1010 619 1209 675 cellam
1232 619 1598 685 Artedunum,
1615 621 1810 677 cellam

218 716 592 783 Saviniacum,
621 723 836 770 cortem
866 713 1276 781 Ambariacum,
1316 714 1598 770 ecclesiam
1626 714 1809 770 Sancti

222 808 472 875 Andioli,
518 806 829 879 [ecclesiam
894 821 1019 878 quae
1063 815 1284 862 vocatur
1336 806 1408 863 ad
1467 807 1807 877 Oratorium,

216 911 430 960 cortem
460 901 529 957 de
560 900 844 967 Romanis,
881 901 1078 956 cellam
1112 900 1491 968 Cavariacum,
1524 901 1812 959 ecclesiam

1920 539 2235 602 cognoscat,
2285 538 2339 585 et
2364 529 2467 584 nisi
2496 544 2559 585 ea
2606 543 2730 600 quae
2758 528 2825 584 ab
2854 529 2946 585 illo
2988 538 3118 585 sunt
3160 529 3304 586 male
3333 529 3516 587 oblata

1919 624 2221 679 restituerit
2237 630 2292 677 et
2306 622 2468 694 digna
2487 623 2812 694 paenitentia
2830 622 3016 678 illicite
3034 631 3156 679 acta
3171 623 3472 690 deﬂeverit,
3484 640 3518 681 a

1918 715 2291 771 sacratissimo
2302 730 2533 786 corpore
2543 724 2599 771 et
2610 717 2875 788 sanguine
2887 715 3520 788 DominiRedemptoris

1918 809 2094 865 nostri
2107 811 2138 863 J
2142 824 2238 863 esu
2254 807 2456 865 Christi
2468 808 2675 864 alienus
2687 808 2785 864 ﬁat
2796 817 2959 882 atque
2971 810 3027 864 in
3038 818 3250 865 aeterno
3264 808 3520 867 examine

1920 901 2185 958 districta:
2209 901 2405 957 ultioni
2426 901 2727 974 subjaceat.
2754 903 2977 958 Cunctis
2993 911 3179 958 autem
3194 901 3374 958 eidem
3396 902 3518 958 loco

212 996 275 1053 in
298 1005 480 1053 castro
509 995 712 1052 Gosan.
738 996 952 1050 Omnes
973 1008 1192 1065 quoque
1220 992 1375 1052 villas
1399 1002 1454 1049 et
1475 1002 1648 1051 terras
1676 1012 1813 1068 quas
1912 996 2066 1069 justa
2089 994 2454 1059 servantibus,
2477 995 2550 1050 sit
2568 1010 2667 1065 pax
2690 995 2919 1050 Domini
2942 995 3121 1050 nostri
3138 996 3269 1051 Iesu
3289 996 3517 1064 Christi,

214 1088 530 1147 Vichardus
580 1087 824 1144 moriens
875 1085 1135 1142 Cluniaco
1187 1086 1439 1143 contulit.
1493 1089 1553 1143 In
1597 1088 1814 1145 Gratia-

212 1182 533 1255 nopolitano
566 1182 880 1255 episcopatu
925 1181 1118 1236 cellam
1156 1195 1278 1252 quae
1316 1189 1544 1237 vocatur
1588 1184 1809 1255 Borget,

211 1276 615 1333 monasterium
643 1275 792 1348 quod
818 1281 1044 1331 vocatur
1086 1276 1360 1331 Domena.
1390 1277 1453 1330 In
1496 1276 1809 1348 episcopatu

212 1370 557 1427 Vesontiensi
597 1370 788 1425 cellam
825 1383 947 1440 qua:
975 1376 1201 1423 vocatur
1239 1370 1463 1425 Portus.
1505 1370 1569 1423 In
1598 1371 1809 1442 episco-

208 1475 348 1538 patu
365 1463 606 1519 Tullensi
633 1463 825 1519 cellam
847 1477 971 1534 quae
992 1470 1216 1517 vocatur
1233 1464 1566 1534 Ramengas.
1588 1467 1646 1520 In
1667 1466 1811 1523 Lau-

210 1557 474 1615 sannensi
495 1557 807 1629 episcopatu
826 1554 1223 1611 monasterium
1243 1555 1393 1627 quod
1416 1556 1615 1613 dicitur
1630 1561 1812 1613 Pater-

208 1653 424 1717 niacas,
441 1659 494 1706 et
512 1665 635 1722 qua:
656 1650 714 1705 in
739 1649 941 1705 Alsatia
965 1647 1232 1705 dederunt
1251 1650 1608 1720 imperatores
1632 1650 1810 1707 eidem

207 1745 373 1811 loco;
406 1745 596 1800 cellam
623 1757 746 1814 quae
774 1741 975 1798 dicitur
1006 1757 1168 1797 mons
1197 1742 1412 1798 Richeri
1448 1753 1505 1799 et
1534 1753 1812 1800 monaste-

1920 1098 2193 1161 quatenus
2223 1097 2279 1144 et
2304 1087 2392 1144 hic
2415 1086 2659 1144 fructum
2676 1088 2836 1144 bonae
2861 1088 3096 1143 actionis
3112 1089 3436 1160 percipiant,
3464 1097 3519 1146 et

1921 1182 2066 1255 apud
2097 1182 2399 1239 districtum
2413 1181 2659 1254 judicem
2688 1181 2912 1252 praemia
2948 1181 3100 1252 pacis
3129 1182 3431 1239 inveniant.

1993 1274 2553 1343 Datum.Lateranis,
2598 1275 2792 1346 quinto
2841 1273 2970 1330 Idus
3018 1274 3379 1346 Decembris,
3426 1290 3522 1347 per

1920 1385 2122 1426 manus
2164 1369 2312 1424 Petri
2367 1384 2538 1424 sacrae
2586 1370 2864 1424 Romanae
2910 1367 3173 1425 Ecclesiae
3219 1368 3521 1440 presbyteri

1919 1464 2215 1520 cardinalis
2244 1479 2307 1518 ac
2348 1461 2769 1531 bibliothecarii,
2814 1478 2957 1517 anno
2988 1469 3187 1535 quarto
3234 1459 3521 1530 pontiﬁca-

1918 1566 2010 1613 tus
2051 1556 2247 1613 domni
2277 1556 2527 1631 Gregorii
2568 1571 2723 1629 papa:
2761 1555 3018 1628 septimi,
3056 1554 3353 1613 indictione
3392 1569 3516 1612 XIV.

1920 1654 2066 1707 Bene
2093 1650 2289 1706 valete.

2634 1740 2791 1795 XXI.

205 1839 364 1895 rium
386 1836 528 1910 quod
541 1837 737 1894 dicitur
756 1839 1094 1892 Romanum.
1124 1838 1187 1891 In
1209 1836 1521 1908 episcopatu
1542 1838 1814 1894 Geneven-
1842 1816 1890 1880 Β
1921 1836 2270 1917 Priuilegium
2315 1834 2562 1917 Gregorii
2591 1848 2753 1917 pqpce
2786 1834 2911 1917 KH,
2956 1848 3057 1916 per
3083 1832 3227 1916 quod
3260 1837 3523 1917 monaste-

205 1931 255 1987 si
274 1930 665 1987 monasterium
684 1930 865 1985 Sancti
883 1929 1118 1985 Victoris
1134 1930 1403 2001 martyris.
1425 1931 1488 1986 In
1508 1932 1810 2003 Argentino

207 2023 526 2097 episcopatu
562 2023 969 2079 monasterium
1011 2022 1280 2079 Salsense.
1310 2025 1372 2078 In
1403 2025 1808 2081 Constantiensi

206 2120 526 2191 episcopatu
552 2117 746 2174 cellam
770 2131 894 2189 quae
922 2115 1122 2172 dicitur
1148 2117 1461 2173 Romisino.
1494 2120 1558 2173 In
1596 2117 1805 2189 episco-

206 2222 337 2285 patu
356 2209 611 2283 Papiensi
635 2209 1038 2266 monasterium
1058 2211 1240 2266 Sancti
1267 2210 1479 2267 Maioli.
1514 2212 1576 2266 In
1601 2213 1810 2284 episco-

206 2314 340 2377 patu
391 2303 659 2359 Lausensi
712 2298 1108 2359 monasterittm
1174 2305 1229 2359 S.
1288 2304 1480 2360 Marci.
1546 2308 1610 2361 In
1659 2306 1810 2361 Urbe

204 2398 521 2454 Placentina
558 2396 843 2453 ecclesiam
884 2397 1072 2453 Sancti
1103 2398 1379 2469 Gregorii.
1406 2401 1575 2453 Juxta
1615 2399 1807 2454 urbem

203 2494 539 2550 Cremonam
566 2488 969 2546 monasterium
997 2488 1050 2543 in
1078 2488 1286 2543 honore
1314 2488 1501 2544 Sancti
1535 2490 1808 2546 Gabrielis

206 2594 264 2642 et
301 2593 625 2641 sanctorum
667 2582 931 2638 Barnabas
974 2589 1028 2636 et
1071 2583 1257 2637 Lucae.
1298 2582 1505 2638 Praeter
1533 2598 1617 2650 ea,
1666 2584 1808 2639 sicut

203 2694 371 2750 supra
395 2677 653 2742 diximus,
685 2689 1029 2747 quaecunque
1054 2689 1201 2729 nunc
1234 2674 1400 2730 habet
1423 2683 1519 2729 aut
1542 2674 1598 2730 in
1630 2684 1807 2746 poste-

208 2788 358 2837 rum,
392 2771 637 2826 Domino
674 2776 981 2836 annuente,
1029 2768 1231 2824 habere
1260 2768 1557 2839 contigerit
1598 2768 1653 2823 in
1683 2769 1806 2841 qui-

210 2864 451 2922 buslibet
481 2863 650 2919 rebus
678 2861 975 2917 mobilibus
1005 2862 1087 2916 vel
1118 2861 1518 2917 immobilibus.

278 2960 423 3014 Item
448 2955 836 3013 constituimus
856 2963 916 3010 ut
944 2954 1187 3011 obeunte
1208 2954 1405 3010 abbate
1431 2970 1541 3010 non
1572 2954 1708 3010 alius
1736 2955 1811 3011 ibi

207 3065 541 3125 quacunque
568 3048 905 3119 obreptionis
940 3048 1142 3103 astutia
1182 3047 1472 3104 ordinetur
1510 3048 1616 3104 nisi
1645 3064 1808 3121 quem

208 3145 406 3201 fratres
457 3142 707 3214 ejusdem
748 3140 986 3197 ccenobii
1034 3156 1164 3196 cum
1209 3142 1499 3196 communi
1539 3158 1810 3197 consensu

1992 1910 2136 1961 rium
2165 1921 2359 1959 novum
2388 1907 2447 1957 in
2475 1905 2730 1959 suburbio
2776 1906 3137 1959 Pictavicensz'
3162 1908 3520 1960 constructum

1991 1994 2026 2032 a
2056 1977 2320 2032 Willelmo
2374 1980 2563 2030 comite
2622 1978 2986 2037 Pictavorum,
3023 1975 3097 2029 ad
3152 1977 3266 2044 ejus
3316 1990 3517 2046 preces,

1993 2050 2274 2103 committit
2314 2047 2610 2119 regendum
2632 2051 3096 2119 perpetuoisancto
3134 2050 3348 2115 Hugoni
3374 2046 3521 2117 ejus-

1994 2136 2095 2190 que
2121 2118 2514 2174 successoribus
2539 2118 2820 2172 abbatibus
2847 2118 3305 2173 Cluniacensibus.

2502 2214 2687 2279 (Anno
2728 2214 2914 2277 1075.)

2288 2304 2622 2374 [Bullarium
2652 2305 3013 2372 Cluniacense,
3044 2306 3161 2373 20.]

1990 2401 2350 2457 Gnnoonms
2378 2400 2688 2471 episcopus,
2719 2413 2909 2453 servus
2927 2412 3209 2454 servorum
3235 2398 3357 2461 Dei,
3382 2395 3523 2455 dile-

1918 2500 2007 2548 cto
2035 2493 2093 2547 in
2121 2492 2341 2548 Christo
2364 2492 2476 2546 ﬁlio
2510 2495 2753 2549 HUGONI
2786 2491 2964 2547 abbati
2988 2491 3309 2548 monasterii
3339 2491 3526 2549 beato-

1918 2602 2038 2642 rum
2077 2585 2455 2655 apostolorum
2498 2583 2647 2639 Petri
2676 2590 2731 2638 et
2767 2583 2921 2639 Pauli
2965 2585 3267 2642 constructi
3298 2585 3355 2641 in
3400 2584 3522 2655 loco

1917 2678 2010 2752 qui
2048 2677 2252 2732 dicitur
2277 2677 2589 2733 Cluniacus.

1989 2772 2253 2842 Supernae
2283 2769 2654 2825 miserationis
2680 2776 2934 2840 respectu
2963 2767 3032 2825 ad
3060 2769 3163 2825 hoc
3193 2770 3521 2830 universalis

1919 2864 2175 2920 Ecclesia:
2198 2878 2393 2919 curam
2414 2863 2780 2933 suscepimus,
2808 2871 2863 2917 et
2880 2862 3169 2933 apostolici
3191 2863 3522 2920 moderami-

1920 2958 2008 3013 nis
2037 2956 2459 3012 sollicitudinem
2488 2955 2750 3028 gerimus,
2778 2963 2843 3010 ut
2864 2955 3029 3027 justis
3059 2956 3400 3028 precantium
3432 2971 3524 3014 vo-

1923 3051 1995 3106 tis
2027 3058 2233 3106 attenta
2265 3049 2604 3122 benignitate
2630 3046 2934 3115 faveamus,
2956 3055 3013 3102 et
3040 3048 3328 3104 libramine
3348 3050 3524 3123 aequi-

1925 3144 2048 3200 tatis
2100 3142 2359 3200 omnibus
2402 3142 2461 3197 in
2487 3142 2804 3199 necessitate
2834 3140 3027 3214 positis
3068 3151 3360 3215 quantum,
3403 3146 3524 3201 Deo

209 3238 517 3295 secundum
551 3237 806 3292 timorem
840 3235 944 3290 Dei
969 3234 1250 3307 elegerint.
1282 3238 1354 3291 Et
1378 3235 1451 3291 ad
1481 3250 1811 3293 consecran-
1842 3210 1885 3276 (ἶ
1920 3236 2186 3304 donante,
2220 3252 2512 3309 possumus
2539 3235 2825 3292 subvenire
2865 3235 3202 3304 debeamus;
3251 3238 3525 3309 praecipue

211 3331 342 3389 dum
383 3331 550 3386 illum
587 3329 691 3401 ipsi
720 3328 919 3385 fratres
958 3328 1227 3385 advocent
1267 3329 1587 3402 episcopum
1618 3346 1811 3403 quem-

211 3440 429 3498 cunque
461 3424 757 3479 voluerint.
790 3423 903 3477 Nec
932 3421 1123 3493 quovis
1166 3422 1333 3479 modo
1372 3422 1662 3495 quisquam
1693 3424 1812 3496 epi-

213 3534 410 3591 scOpus
437 3516 522 3572 vel
554 3515 999 3587 archiepiscopus
1027 3514 1212 3570 locum
1237 3516 1417 3587 ipsum
1448 3532 1545 3571 seu
1580 3517 1817 3589 capellas

213 3611 577 3683 supradictas,
601 3608 850 3666 videlicet
875 3611 1096 3664 Sancta
1120 3609 1331 3677 Mariae,
1363 3610 1418 3666 S.
1452 3610 1645 3665 Maioli
1676 3619 1732 3666 et
1758 3610 1812 3665 S.

214 3705 487 3770 0dilonis,
519 3703 603 3759 vel
634 3702 983 3775 presbyteros
1014 3702 1082 3757 ab
1121 3701 1321 3759 abbate
1350 3702 1427 3757 ibi
1464 3702 1814 3760 constitutos.

218 3800 287 3853 Et
307 3795 616 3853 monachos
647 3796 817 3868 ipsius
846 3795 1171 3851 monasterii
1201 3797 1706 3861 excommunicare,
1734 3788 1817 3854 vel

212 3890 465 3963 judicare
492 3889 719 3957 audeat,
751 3887 843 3944 sed
883 3904 1101 3961 semper
1128 3890 1229 3944 sub
1260 3891 1428 3945 tutela
1459 3899 1512 3945 et
1552 3890 1815 3947 immuni-

218 3991 333 4039 tate
375 3985 666 4052 Bomana,
697 3983 980 4055 soliusque
1013 3982 1251 4038 Romani
1298 3983 1575 4054 pontiﬁcis
1616 3983 1818 4056 judicio

219 4077 604 4145 consistentes,
635 4076 1008 4147 omnipotenti
1052 4076 1295 4131 Domino
1323 4076 1498 4146 quieti
1534 4078 1820 4149 securique

220 4168 549 4227 deserviant.
569 4172 617 4225 Α
640 4185 973 4242 quocunque
994 4170 1255 4242 episcopo
1282 4168 1562 4227 voluerint
1581 4170 1750 4227 etiam
1767 4170 1821 4227 in

224 4278 355 4335 opus
380 4263 867 4319 consecrationum
894 4263 953 4317 in
975 4264 1092 4333 ipso
1124 4263 1245 4318 loco
1270 4261 1640 4334 agendarum,
1677 4264 1823 4318 chri-

224 4371 364 4429 sma,
393 4357 581 4412 oleum
619 4365 902 4424 sanctum,
933 4355 1119 4412 oleum
1158 4356 1512 4412 inﬁrmorum
1542 4357 1820 4429 accipere;

226 4465 437 4507 necnon
453 4458 507 4505 et
524 4449 957 4505 consecrationis
977 4448 1236 4505 altarium
1261 4458 1315 4504 et
1340 4450 1697 4521 capellarum,
1721 4466 1819 4507 seu

1922 3340 2113 3388 tamen
2133 3329 2202 3386 de
2221 3328 2610 3386 venerabilium
2636 3329 2884 3385 locorum
2902 3329 3199 3386 stabilitate
3220 3345 3320 3401 pro
3340 3330 3524 3387 debito

1924 3424 2136 3481 honore
2167 3436 2402 3478 summae
2435 3430 2491 3477 et
2513 3422 2826 3494 apostolica:
2851 3421 3000 3477 sedis
3031 3422 3120 3477 cui
3149 3422 3365 3495 speciali
3399 3423 3525 3496 jure

1924 3516 2224 3585 adhaerent,
2262 3522 2534 3586 quantum
2564 3531 2629 3570 ex
2666 3514 2851 3571 divino
2887 3515 3162 3587 adjutorio
3201 3517 3528 3588 possibilitas

1925 3610 2111 3678 datur,
2135 3609 2297 3665 nobis
2320 3607 2667 3679 pensandum
2692 3616 2747 3663 et
2775 3608 3136 3665 laborandum
3162 3624 3280 3666 esse
3308 3626 3531 3683 perpen-

1926 3703 2130 3759 dimus.
2161 3702 2399 3759 Proinde
2419 3702 2574 3775 juxta
2609 3702 2926 3773 petitionem
2959 3710 3118 3758 tuam
3144 3712 3200 3758 et
3230 3703 3326 3759 ﬁlii
3350 3706 3526 3761 nostri

1925 3796 2189 3854 Willelmi
2214 3794 2433 3852 comitis
2469 3795 2843 3862 Pictavorum,
2870 3798 3211 3853 monasterio
3243 3796 3395 3869 quod
3416 3798 3529 3869 ipse

1926 3906 2112 3946 comes
2162 3890 2221 3945 in
2267 3888 2530 3945 suburbio
2585 3887 2834 3960 ejusdem
2886 3890 3154 3961 civitatis,
3208 3890 3266 3945 in
3315 3888 3528 3947 honore

1926 3984 2216 4040 beatorum
2236 3982 2614 4053 apostolorum
2631 3983 2864 4037 Joannis
2889 3981 3255 4055 evangelista,
3287 3983 3528 4039 Simonis

1927 4085 1983 4133 et
2009 4080 2041 4133 J
2046 4076 2169 4132 udae
2194 4077 2519 4133 construxit.
2553 4078 2776 4150 Nosque
2805 4085 2866 4132 ut
2892 4076 2988 4133 tibi
3019 4092 3083 4133 ac
3119 4076 3226 4134 tuis
3252 4092 3529 4134 successu.

1928 4169 2080 4227 ribus
2103 4169 2410 4227 secundum
2439 4170 2741 4226 Dominum
2767 4179 3024 4243 perpetuo
3054 4168 3360 4243 regendum
3384 4186 3531 4229 com-

1929 4264 2275 4320 mitteremus
2305 4263 2572 4318 exoravit.
2619 4263 2953 4336 Hujusmodi
2997 4263 3337 4336 privilegium
3382 4280 3524 4336 prae-

1932 4355 2073 4413 senti
2117 4356 2459 4412 auctoritatis
2494 4364 2699 4412 nostraa
2746 4356 2965 4412 decreto
3004 4355 3371 4428 indulgemus,
3401 4373 3531 4413 con-

1931 4450 2182 4507 cedimus
2208 4458 2374 4521 atque
2404 4449 2713 4505 ﬁrmamus.
2752 4450 3064 4506 Statuentes
3092 4450 3306 4505 nullum
3334 4466 3529 4521 regum

228 4542 602 4599 ordinationes
644 4542 1071 4598 monachorum.
1104 4542 1472 4599 Concedimus
1513 4543 1611 4600 tibi
1637 4552 1691 4599 et
1718 4545 1821 4616 ipsi
1849 4585 1901 4650 Β
1933 4553 1989 4600 et
2033 4543 2454 4616 imperatorum,
2496 4543 2809 4599 antistitum
2850 4542 2935 4598 vel
2976 4543 3274 4609 comitum,
3316 4543 3526 4599 nullum

225 4636 516 4692 venerabili
548 4637 688 4702 loco,
729 4643 784 4691 et
807 4634 1212 4691 conﬁrmamus
1243 4636 1546 4708 apostolica
1575 4638 1821 4693 auctori-

230 4736 335 4785 tate
357 4728 798 4801 quandocunque
823 4728 905 4784 vel
935 4728 1179 4801 quandiu
1206 4729 1362 4785 vobis
1407 4729 1671 4800 placuerit
1701 4746 1821 4802 per-

230 4836 507 4879 cussorem
538 4822 748 4894 proprii
791 4821 1150 4885 numismatis
1180 4822 1263 4877 vel
1295 4830 1537 4878 monetae
1566 4822 1825 4895 quemad-

234 4913 453 4971 modum
484 4915 777 4989 privilegiis
803 4915 1206 4971 venerabilium
1236 4915 1697 4988 praedecessorum
1719 4933 1821 4973 uo-

233 5016 468 5065 strorum
494 5010 874 5083 comperimus
897 5009 1053 5064 vobis
1086 5024 1411 5065 concessum
1440 5019 1496 5066 et
1523 5010 1823 5067 conﬁrma-

238 5108 351 5159 tum
380 5118 519 5171 esse,
552 5103 911 5159 concedimus
944 5111 999 5159 et
1024 5104 1445 5160 conﬁrmamus.
1483 5105 1615 5160 Haec
1655 5104 1825 5176 igitur

240 5196 415 5251 omnia
442 5211 565 5269 quae
602 5196 720 5268 ejus
762 5197 1025 5268 praecepti
1063 5196 1379 5270 decretique
1416 5198 1590 5252 nostri
1625 5199 1824 5269 pagina

241 5274 489 5360 continet,
510 5299 631 5347 tam
652 5290 757 5345 tibi
783 5304 949 5362 quam
979 5290 1192 5346 cunctis
1218 5291 1310 5363 qui
1331 5292 1389 5346 in
1419 5306 1483 5347 eo
1509 5307 1617 5363 quo
1650 5307 1704 5347 es
1730 5308 1824 5349 or-

243 5376 362 5437 dine
386 5382 612 5455 lochue
644 5384 1033 5451 successerint,
1076 5390 1131 5439 et
1167 5384 1247 5439 eis
1294 5400 1529 5455 quorum
1559 5385 1826 5441 interesse

245 5474 432 5541 poteris
468 5477 525 5532 in
558 5484 882 5549 perpetuum
922 5476 1187 5533 servanda
1217 5476 1586 5535 decernimus.
1618 5480 1673 5536 Si
1701 5479 1826 5552 quis

246 5578 365 5622 vero
404 5584 618 5641 regum,
650 5569 1019 5637 sacerdotum,
1067 5571 1416 5637 clericorum,
1456 5571 1730 5643 judicum,
1759 5589 1824 5630 ac

245 5660 579 5719 molarium
610 5678 969 5734 personarum
1002 5663 1143 5719 hanc
1174 5664 1584 5721 constitutionis
1618 5674 1824 5723 nostrae

250 5754 487 5827 paginam
531 5771 855 5829 agnoscens,
896 5757 1078 5813 venire
1116 5765 1307 5813 contra
1339 5773 1465 5815 eam
1508 5759 1823 5828 tentaverit,

250 5849 519 5915 potestatis
550 5848 886 5923 honorisque
908 5850 993 5906 sui
1028 5850 1292 5923 dignitate
1317 5860 1522 5921 careat,
1559 5867 1825 5927 reumque

1930 4653 2254 4710 quacunque
2274 4638 2538 4709 dignitate
2567 4636 2858 4709 praeditum
2884 4636 2966 4692 vel
2987 4651 3325 4708 quemquam
3355 4635 3529 4693 alium

1931 4730 2135 4788 audere
2161 4729 2229 4787 de
2260 4730 2345 4789 bis
2373 4746 2496 4803 quae
2532 4747 2563 4786 a
2591 4729 2816 4802 praefato
2848 4730 3070 4798 comite,
3100 4729 3184 4785 vel
3212 4746 3243 4785 a
3272 4731 3532 4803 quibusli-

1932 4826 2025 4883 bet
2063 4824 2381 4881 hominibus
2409 4823 2589 4881 eidem
2614 4823 2901 4879 venerabili
2926 4825 3045 4880 loco
3067 4823 3133 4880 dc
3162 4826 3381 4898 proprio
3401 4826 3528 4898 jure

1927 4918 2044 4991 jam
2087 4917 2288 4973 donata
2323 4925 2472 4985 sunt,
2511 4918 2591 4973 vel
2632 4917 2690 4972 in
2733 4917 2986 4974 futurum
3015 4918 3258 4975 Domino
3288 4917 3531 4975 donante

1932 5012 2126 5069 collata
2150 5010 2372 5067 fuerunt
2403 5011 2503 5067 sub
2523 5011 2819 5084 cujuslibet
2838 5027 2999 5067 causa
3020 5013 3392 5070 occasionisve
3420 5028 3532 5085 spe-

1932 5106 2012 5161 cie
2037 5106 2286 5161 minuere
2303 5106 2387 5161 vel
2408 5104 2647 5173 auferre,
2672 5114 2727 5161 et
2751 5106 2863 5161 sive
2891 5106 3003 5162 suis
3029 5105 3216 5162 usibus
3237 5108 3527 5179 applicare,

1933 5199 2014 5255 vel
2043 5199 2165 5255 aliis
2192 5198 2348 5271 quasi
2374 5199 2474 5271 piis
2498 5197 2568 5255 de
2595 5199 2778 5255 causis
2813 5215 2911 5272 pro
2936 5215 3050 5256 suae
3081 5201 3325 5256 avaritiae
3363 5216 3531 5256 excu—

1932 5294 2145 5350 satione
2177 5292 2500 5349 concedere.
2540 5293 2646 5349 Sed
2674 5302 2871 5349 cuncta
2911 5310 3035 5366 quae
3064 5294 3138 5349 ibi
3169 5294 3349 5350 oblata
3379 5301 3530 5362 sunt,

1934 5386 2016 5442 vel
2054 5383 2244 5443 offerri
2267 5386 2569 5459 contigerit,
2589 5394 2707 5442 tam
2731 5402 2759 5441 a
2790 5394 2842 5442 te
2877 5402 3043 5458 quam
3067 5386 3135 5441 ab
3156 5386 3221 5441 iis
3245 5387 3337 5459 qui
3360 5386 3419 5442 in
3433 5395 3533 5444 tuo

1935 5478 2116 5536 ofﬁcio
2152 5480 2376 5553 locoque
2406 5480 2765 5536 successerint
2793 5480 3016 5552 perenni
3046 5487 3293 5553 tempore
3322 5480 3533 5537 illibata

1936 5581 1993 5630 et
2007 5574 2122 5629 sine
2141 5572 2517 5645 inquietudine
2538 5573 2717 5646 aliqua
2736 5574 2988 5629 volumus
3008 5573 3297 5645 possideri.
3326 5576 3531 5629 Eorum

1933 5666 2157 5739 quidem
2186 5665 2397 5735 usibus,
2426 5681 2525 5739 pro
2556 5682 2795 5739 quorum
2815 5667 3236 5731 sustentatione,
3266 5666 3531 5738 guberna-

1932 5760 2192 5833 tioneque
2217 5776 2473 5817 concessa
2502 5768 2655 5829 sunt,
2686 5759 2864 5817 modis
2894 5759 3151 5815 omnibus
3182 5756 3490 5831 profutura.

2005 5857 2163 5924 Item,
2176 5854 2569 5911 constituimus
2579 5861 2662 5921 ut,
2686 5852 2925 5909 obeunte
2942 5850 3162 5918 abbate,
3174 5864 3286 5907 non
3300 5848 3437 5904 alius
3454 5848 3529 5905 ibi
