4044 6186
986 248 1027 262 κ.

569 311 671 366 667

1511 306 1567 362 S.
1607 302 1927 361 GREGOBII
1964 303 2056 359 VII
2094 302 2288 359 PAPE
2324 299 2600 357 OPERUM
2634 292 2809 356 PARS
2847 298 2909 354 ll.

3738 298 3843 351 808

566 449 888 510 quacunque
926 431 1261 504 obreptionis
1287 430 1484 487 astutia
1520 430 1823 497 ordinetur,
1863 430 1967 486 nisi
1995 443 2158 501 quem
2188 431 2241 495 Α
2270 442 2387 483 rem
2416 424 2869 491 sollicitudinem,
2923 422 3138 495 penitus
3187 422 3435 478 amisisse
3476 419 3743 493 vigorem,
3797 428 3848 475 et

567 536 628 585 tu
656 531 846 600 tuique
865 540 1207 582 successores
1235 524 1543 581 secundum
1568 524 1826 581 timorem
1852 526 1952 581 Dei
1984 525 2162 596 elege.

568 623 708 692 ritis,
741 631 795 676 et
819 620 923 675 hoc
940 634 1159 691 quoque
1192 618 1451 689 prasenti
1480 618 1723 689 capitulo
1749 618 2157 691 subjungimus,

566 723 630 768 ut
659 714 839 785 ipsum
868 713 1273 769 monasterium
1305 720 1360 768 et
1384 712 1607 768 abbates
1631 713 1748 785 ejus
1777 713 1857 768 vel
1891 712 2159 768 monachi

565 806 633 862 ab
660 806 817 862 omni
848 806 1131 863 sacularis
1149 807 1425 862 servitutis
1450 805 1927 877 sint;infestatione
1958 806 2156 875 securi,

566 900 832 972 omnique
856 901 1175 973 gravamine
1209 900 1510 957 mundana
1537 900 1911 973 oppressionis
1936 901 2157 969 remoti,

564 992 621 1050 in
647 1002 853 1052 sancta
876 995 1159 1067 religionis
1184 992 1563 1050 observatione
1584 994 1759 1050 seduli
1781 1002 1944 1067 atque
1966 995 2156 1067 quieti.

563 1086 714 1144 Nulli
753 1089 847 1144 alii
869 1089 977 1144 nisi
997 1088 1181 1145 abbati
1198 1088 1538 1145 Cluniacensi
1550 1088 1733 1160 aliqua
1751 1097 2045 1145 teneantur
2065 1105 2158 1144 oc-

564 1181 789 1238 casione
816 1182 1065 1254 subjecti.
1102 1183 1544 1239 Consecrationis
1574 1191 1761 1238 autem
1798 1182 2063 1239 abbatum
2107 1190 2160 1239 et

563 1275 920 1332 ecclesiarum
950 1285 1002 1332 et
1028 1276 1395 1333 ordinationis
1420 1276 1842 1344 monachorum,
1868 1278 1979 1333 sive
2007 1277 2160 1333 cleri-

562 1383 780 1437 eorum,
798 1385 941 1441 sape
963 1369 1074 1425 fato
1098 1371 1348 1427 canobio
1371 1372 1786 1442 pertinentium,
1813 1370 1883 1427 ab
1904 1371 2157 1443 episcopo

563 1466 621 1521 in
659 1464 817 1537 cujus
844 1464 1071 1520 dimcesi
1110 1473 1241 1521 sunt
1268 1466 1558 1536 accipiant,
1600 1466 1675 1521 ita
1725 1474 1931 1535 tamen,
1962 1468 2009 1521 si
2039 1467 2155 1539 epi-

562 1574 758 1630 scopus
796 1559 1056 1614 canonice
1103 1559 1391 1615 ordinatus
1444 1558 1627 1627 fuerit,
1659 1568 1713 1615 et
1754 1560 2157 1617 ordinationem

563 1652 732 1723 gratis
776 1651 983 1707 fecerit.
1016 1651 1115 1708 Sin
1162 1661 1347 1709 autem
1374 1651 1583 1724 aliquid
1627 1653 1829 1709 horum
1860 1654 2153 1722 obstiterit,

560 1744 800 1801 habeant
852 1745 1130 1801 licentiam
1160 1746 1507 1801 auctoritatis
1553 1747 1698 1802 sedis
1726 1748 2040 1818 apostolica
2064 1748 2156 1803 ad

2267 520 2663 594 temporalibus
2703 519 2875 574 etiam
2902 518 3133 573 omnino
3161 516 3486 572 destitutum
3529 529 3645 570 esse
3673 512 3845 569 subsi-

2268 616 2394 684 diis,
2424 613 2850 688 lacrymabiliter
2884 612 3169 684 conquesti
3202 619 3348 667 sunt.
3377 609 3593 680 Quibus
3626 608 3848 664 miseriis

2269 709 2635 785 propcllendis
2692 708 2793 780 ipsi
2843 722 3060 779 quoque
3107 704 3359 761 monachi
3409 719 3533 776 qua
3580 702 3847 759 medicina

2267 804 2439 878 possit
2477 802 2726 860 adhiberi
2757 808 3107 874 suggerentes
3152 799 3340 855 multis
3378 796 3851 871 supplicationibus

2266 899 2423 955 nobis
2460 898 2799 966 institerunt,
2850 902 2911 951 ut
2933 902 3044 950 tua
3085 892 3377 967 vigilantia
3404 890 3700 964 prafatum
3730 904 3845 945 mo-

2266 992 2563 1049 nasterium
2606 991 2909 1048 debeamus
2937 986 3345 1057 commendare,
3391 1002 3501 1059 quo
3542 1000 3638 1056 per
3678 984 3850 1057 provi-

2267 1086 2465 1144 dentia
2488 1092 2597 1142 tua
2616 1084 2860 1141 Studium
2880 1098 3002 1156 qua
3027 1082 3263 1138 aliorum
3288 1078 3647 1136 somnolentia
3668 1077 3850 1149 deper-

2266 1181 2332 1238 iit
2360 1181 2551 1253 religio
2594 1179 2907 1247 reviviscat,
2934 1184 2987 1232 et
3019 1174 3391 1248 corporalibus
3420 1174 3573 1237 item,
3616 1173 3851 1229 Domino

2267 1275 2585 1343 auxiliante,
2608 1272 2884 1347 suffragiis
2906 1278 3200 1327 renovetur
3219 1277 3271 1325 et
3290 1276 3513 1325 crescat.
3541 1268 3739 1339 Igitur,
3761 1266 3850 1322 tibi

2267 1369 2491 1441 Hugoni
2529 1368 2853 1425 charissimo
2886 1374 3088 1422 sancta
3116 1368 3386 1421 Romana
3427 1362 3691 1419 Ecclesia
3717 1360 3852 1423 ﬁlio,

2266 1463 2723 1520 reverendissimo
2765 1460 3015 1518 videlicet
3061 1457 3440 1516 Cluniacensis
3475 1455 3723 1513 canobii
3773 1455 3856 1511 ab-

2266 1558 2397 1625 bati,
2426 1557 2748 1630 pradictum
2771 1555 3058 1629 Gigniense
3083 1552 3482 1609 monasterium
3506 1550 3854 1607 committen-

2266 1661 2371 1719 tes,
2409 1652 2571 1724 hujus
2602 1658 2805 1706 nostra
2844 1648 3222 1722 praceptionis
3258 1645 3582 1702 auctoritate
3616 1642 3854 1716 primipi-

2267 1762 2413 1815 mus,
2464 1745 2758 1802 annuimus
2800 1752 2961 1815 atque
2991 1741 3342 1798 concedimus
3384 1748 3447 1795 ut
3473 1739 3541 1795 ab
3570 1740 3675 1794 hac
3721 1754 3857 1810 pra-

561 1839 1002 1911 qualemcunque
1047 1838 1379 1896 catholicum
1409 1840 1728 1912 episcopum
1779 1841 1869 1912 qui
1913 1842 1991 1897 eis
2038 1842 2157 1914 pla-
2192 1821 2238 1883 Β
2267 1840 2404 1897 senti
2450 1839 2557 1907 die,
2590 1837 2833 1911 quandiu
2872 1836 3086 1905 vixeris,
3113 1835 3265 1905 illud,
3301 1842 3464 1907 prout
3485 1832 3733 1890 Domino
3762 1832 3855 1887 mi-

559 1934 755 2003 cuerit,
780 1949 949 1990 causa
977 1935 1413 1990 consecrationis
1437 1943 1494 1990 et
1512 1935 1901 2003 ordinationis,
1923 1944 2043 1992 tam
2073 1936 2155 1991 lo-

536 2014 754 2084 corum
773 2044 945 2101 quam
973 2043 1360 2098 personarum,
1378 2028 1606 2084 licenter
1636 2044 1877 2099 pergere.
1906 2033 2039 2086 Hac
2066 2029 2159 2101 igi-

560 2128 652 2176 tur
679 2121 869 2176 omnia
897 2136 1021 2193 qua
1048 2120 1209 2193 hujus
1238 2122 1495 2193 pracepti
1521 2121 1835 2195 decretique
1863 2123 2038 2178 nostri
2064 2140 2158 2195 pa-

561 2213 686 2285 gina
725 2214 991 2282 continet,
1017 2223 1134 2271 tam
1166 2214 1269 2270 tibi
1299 2230 1465 2286 quam
1495 2216 1707 2270 cunctis
1742 2216 1836 2288 qui
1867 2218 1924 2271 in
1947 2231 2012 2272 eo
2044 2232 2156 2289 quo

561 2320 621 2362 es
664 2306 856 2363 ordine
898 2307 1125 2381 locoque
1178 2308 1539 2363 successerint
1579 2309 1657 2363 vel
1701 2309 1766 2365 iis
1797 2325 2031 2380 quorum
2070 2311 2156 2365 in-

561 2406 765 2456 teresse
785 2400 1039 2473 potuerit,
1064 2402 1118 2457 in
1147 2410 1471 2474 perpetuum
1496 2402 1764 2459 servanda
1784 2401 2153 2457 decernimus.

562 2492 621 2549 Si
644 2495 769 2566 quis
806 2510 934 2551 vero
979 2510 1193 2566 regum,
1221 2494 1593 2561 sacerdotum,
1631 2495 1977 2564 clericorum,
1999 2494 2155 2567 judi-

562 2601 689 2643 cum
718 2603 782 2643 ac
811 2585 1155 2644 sacularium
1179 2604 1542 2659 personarum
1572 2588 1714 2643 hanc
1744 2589 2156 2645 constitutionis

559 2689 765 2736 nostra
804 2681 1058 2753 paginam
1092 2697 1412 2754 agnoscens,
1448 2690 1639 2737 contra
1671 2697 1793 2737 eam
1832 2683 2017 2738 venire
2042 2692 2158 2738 ten-

555 2773 771 2843 taverit,
818 2774 1106 2845 potestatis
1135 2774 1471 2847 honorisque
1508 2775 1591 2830 sui
1644 2775 1909 2847 dignitate
1953 2786 2155 2849 careat,

558 2883 792 2939 reusque
824 2881 883 2923 se
910 2867 1091 2923 divino
1115 2866 1328 2940 judicio
1358 2868 1594 2925 existere
1623 2868 1692 2925 de
1722 2877 2029 2941 perpetrata
2059 2872 2159 2925 ini-

558 2960 767 3034 quitate
788 2970 1115 3033 cognoscat;
1152 2968 1206 3017 et
1244 2961 1355 3017 nisi
1384 2977 1448 3017 ea
1472 2977 1597 3035 qua
1626 2963 1695 3018 ab
1728 2963 1823 3018 illo
1854 2972 1986 3019 sunt
2014 2965 2156 3020 male

558 3053 737 3110 ablata
766 3054 1066 3111 restituerit
1089 3062 1143 3111 et
1168 3054 1329 3127 digna
1359 3056 1678 3128 paenitentia
1708 3056 1895 3113 illicite
1918 3066 2036 3113 acta
2065 3056 2151 3113 de»

2266 1942 2479 1990 serante
2532 1933 2798 2001 volueris,
2855 1929 3179 1998 ordinandi,
3235 1927 3491 2001 regendi,
3549 1924 3855 1998 corrigendi

2264 2027 2743 2098 commutandique
2818 2041 2945 2082 cum
3015 2024 3275 2080 omnibus
3342 2021 3456 2078 suis
3519 2019 3859 2094 pertinentiis

2264 2122 2494 2179 liberam
2525 2127 2850 2192 potestatem
2882 2118 3103 2175 habeas.
3128 2120 3429 2188 Postquam
3460 2123 3644 2171 autem
3677 2122 3743 2169 tu
3769 2113 3857 2169 de-

2262 2215 2556 2273 sideratam
2583 2214 2729 2287 longi
2752 2213 2951 2269 laboris“
2974 2211 3288 2268 mercedem
3308 2226 3339 2266 a
3368 2209 3586 2267 Christo
3614 2216 3861 2280 receptu-

2263 2326 2377 2376 rus,
2429 2310 2668 2364 Domino
2721 2315 2969 2377 vocante,
3023 2306 3089 2362 ab
3139 2305 3246 2361 hoc
3301 2303 3513 2361 mundo
3562 2302 3859 2368 transieris,

2264 2417 2565 2473 omnesque
2610 2415 2955 2455 successores
2999 2407 3125 2455 tuos
3176 2399 3341 2455 talem
3388 2399 3445 2453 in
3485 2395 3719 2470 prafato
3764 2397 3861 2453 Gi-

2264 2494 2474 2569 gniensi
2527 2493 2863 2549 monasterio
2890 2499 3213 2565 potestatem
3259 2491 3461 2547 habere
3510 2490 3766 2546 volumus
3812 2497 3863 2545 et

2263 2587 2405 2643 hanc
2433 2586 2757 2643 auctoritate
2799 2585 3145 2655 roboramus,
3191 2584 3400 2639 scilicet
3441 2591 3503 2639 ut
3542 2584 3723 2639 nullus
3753 2584 3858 2640 ibi-

2261 2681 2392 2739 dem
2424 2680 2591 2736 abbas
2616 2680 2845 2752 eligatur
2872 2687 2967 2735 aut
3002 2679 3307 2746 ordinetur,
3336 2678 3440 2733 nisi
3466 2674 3543 2732 iret
3579 2678 3694 2748 ipse
3723 2677 3860 2734 Clu-

2263 2774 2536 2831 niacensis
2547 2773 2717 2831 abbas
2732 2772 2971 2830 adfuerit
2988 2788 3226 2846 eumque
3242 2770 3749 2845 approbaverit,vel
3766 2786 3866 2842 per

2264 2868 2503 2939 legatum
2525 2884 2685 2924 suum
2702 2867 3007 2923 secundum
3026 2867 3289 2923 timorem
3308 2867 3405 2922 Dei
3424 2881 3711 2922 assensum
3735 2881 3865 2938 pra-

2264 2962 2465 3019 buerit.
2495 2962 2547 3019 Si
2578 2962 2697 3034 quis
2724 2970 2912 3018 autem
2936 2978 3151 3035 regum,
3177 2962 3597 3034 imperatorum,
3626 2960 3855 3026 ducum,

2264 3057 2560 3125 comitum,
2600 3073 2696 3112 seu
2742 3055 2999 3129 qualibet
3041 3056 3273 3113 omnino
3317 3071 3520 3129 magna
3570 3054 3655 3111 vel
3703 3068 3863 3127 parva

558 3147 785 3216 fleverit,
816 3165 847 3205 a
876 3149 1250 3205 sacratissimo
1272 3166 1503 3221 corpore
1525 3164 1589 3205 ac
1620 3150 1881 3222 sanguine
1906 3151 2012 3206 Dei
2040 3155 2156 3208 Do-
2196 3189 2243 3255 ϐ
2271 3168 2526 3223 persona,
2554 3150 2716 3223 hujus
2736 3151 2913 3205 nostri
2934 3151 3190 3223 pracepti
3212 3151 3556 3207 sanctionem
3584 3148 3865 3204 violaverit

555 3243 696 3300 mini
740 3242 1106 3315 redemptoris
1148 3242 1323 3299 nostri
1359 3244 1495 3300 Jesu
1528 3243 1727 3300 Christi
1770 3243 1977 3300 alienus
2022 3244 2159 3314 fiat,

557 3344 724 3409 atque
750 3336 807 3392 in
833 3346 1040 3394 aterno
1067 3337 1318 3395 examine
1342 3337 1606 3395 districta
1636 3336 1832 3393 ultioni
1864 3338 2162 3411 subjaceat.

558 3430 782 3487 Cunctis
816 3440 1007 3488 autem
1034 3431 1211 3488 eidem
1257 3432 1375 3488 loco
1411 3432 1537 3504 jura
1566 3433 1930 3502 servantibus,
1960 3434 2029 3489 sit
2057 3450 2165 3505 pax

555 3524 779 3581 Domini
802 3526 973 3582 nostri
999 3528 1133 3582 Jesu
1158 3525 1386 3593 Christi,
1417 3536 1685 3597 quatenus
1716 3536 1772 3583 et
1803 3526 1894 3583 hic
1923 3528 2164 3583 fructum

558 3617 721 3675 bona
763 3619 993 3675 actionis
1031 3619 1358 3691 percipiant,
1410 3628 1465 3677 et
1492 3620 1638 3693 apud
1665 3621 1974 3677 districtum
2018 3619 2167 3694 judi-

560 3711 708 3766 cium
735 3712 962 3782 pramia
983 3720 1202 3768 aterna
1225 3715 1368 3783 pacis
1398 3714 1699 3771 inveniant.

629 3805 838 3860 Datum
862 3806 1172 3873 Lateranis,
1194 3805 1385 3877 quinto
1406 3807 1534 3862 Idus
1560 3808 1908 3877 Decembris,
1930 3824 2030 3881 per
2049 3824 2166 3865 ma-

558 3912 664 3953 nus
698 3897 842 3953 Petri
868 3905 1069 3954 sancta
1101 3900 1369 3955 Romana
1411 3899 1672 3958 Ecclesia
1708 3903 2005 3974 presbyteri
2043 3918 2165 3957 car-

559 3989 755 4048 dinalis
803 4006 867 4046 ac
914 3989 1331 4059 bibliothecarii,
1380 4008 1529 4048 anno
1575 4003 1772 4066 quarto
1819 3995 2165 4066 pontiﬁcatus

560 4083 749 4141 domui
780 4083 1032 4157 Gregorii
1060 4084 1308 4157 septimi,
1346 4084 1649 4143 indictione
1700 4086 1914 4149 decima
1946 4096 2161 4162 quarta.

630 4179 780 4235 Bene
808 4178 998 4235 valete.

1272 4268 1460 4326 XXII.

563 4360 918 4434 Privilegium
932 4362 1176 4431 Gregorii
1188 4324 1353 4434 papa
1364 4324 1484 4419 VVVII
1494 4378 1595 4433 per
1615 4364 1760 4433 quod
1778 4324 2163 4421 monasterium

638 4433 986 4509 Gignz'acense
1006 4435 1293 4509 committit
1320 4436 1611 4509 regendum
1642 4440 1824 4491 sancto
1850 4441 2084 4509 Hugoni,
2114 4444 2164 4493 et

637 4506 753 4575 ejus
781 4507 1165 4563 successoribus
1184 4507 1465 4562 abbatibus
1494 4508 1925 4565 Cluniacensibus
1940 4506 2015 4566 ’ἑτι
2034 4526 2162 4582 per-

635 4584 878 4650 petuum.

1171 4652 1352 4717 (Anno
1387 4654 1568 4717 1075.)

935 4744 1267 4818 [Baliarium
1297 4746 1654 4809 Cluniacense,
1687 4748 1805 4814 21.]

636 4838 987 4894 Gaaoomos
1025 4840 1332 4910 episcopus,
1383 4855 1570 4894 servus
1596 4855 1881 4896 servorum
1905 4839 2027 4908 Dei,
2049 4838 2172 4896 cha-

573 4930 796 4988 rissimo
821 4931 932 4986 ﬁlio
963 4932 1179 4987 Hucom
1199 4932 1537 4988 Cluniacensi
1559 4932 1760 4989 abbati.

638 5027 803 5099 Justa
847 5033 1159 5096 sanctaque
1200 5024 1445 5098 religioni
1492 5025 1778 5098 profutura
1818 5027 2171 5098 poscentibus

566 5132 758 5175 aurem
779 5133 880 5173 nos
904 5125 1124 5189 oportet
1144 5117 1465 5174 benevolam
1491 5119 1873 5186 commodare,
1900 5127 2169 5190 quatenus

565 5218 620 5268 et
646 5218 893 5284 petentes
934 5210 1178 5267 remedia
1206 5220 1447 5293 ‘sperata
1493 5212 1785 5284 reperiant,
1828 5220 1885 5267 et
1926 5212 2168 5269 ecclesiis

568 5304 1029 5377 monasteriisque
1053 5302 1335 5359 destitutis
1355 5304 1533 5359 debita
1554 5320 1665 5359 non
1694 5303 1833 5361 desit
1861 5305 2167 5363 sollicitudo

563 5399 989 5471 compassioque
1034 5398 1290 5469 pastoris.
1334 5397 1573 5454 Proinde
1620 5398 1998 5471 Gigniacensis
2038 5416 2167 5456 mo-

564 5493 799 5550 nasterii
848 5490 1031 5564 (quod
1080 5491 1366 5563 proprium
1413 5491 1557 5547 beati
1606 5492 1749 5548 Petri
1789 5494 2167 5566 apostolorum

565 5586 826 5659 principis
870 5601 987 5641 esse
1024 5584 1409 5658 dignoscitur),
1455 5585 1707 5642 monachi
1750 5596 1954 5645 nostra
1994 5589 2163 5645 mise-

564 5681 793 5738 rationis
836 5688 1122 5754 sperantes
1166 5679 1450 5747 auxilium,
1486 5678 1631 5735 idem
1676 5683 2069 5739 monasterium
2109 5692 2166 5741 et

567 5774 872 5849 religionis,
912 5791 1035 5848 qua
1072 5775 1206 5833 olim
1236 5774 1685 5833 excellentissima
1732 5775 1807 5832 ibi
1838 5776 2162 5847 habebatur,

564 5884 715 5925 nunc
754 5877 975 5943 propter
1010 5868 1274 5928 abbatum
1303 5870 1834 5946 prapositorumque
1876 5872 2160 5930 remissio-

2274 3254 2328 3303 et
2365 3244 2664 3316 infringere
2692 3260 2858 3300 ausus
2899 3243 3079 3315 fuerit,
3118 3244 3297 3300 donec
3323 3244 3418 3300 tibi
3458 3251 3557 3299 aut
3599 3243 3714 3298 tuis
3742 3256 3865 3298 suc-

2269 3339 2580 3397 cessoribus
2592 3338 3261 3410 satisfeceritdignamque
3273 3336 3659 3409 paenitentiam
3675 3336 3866 3409 egerit,

2269 3451 2397 3491 cum
2416 3450 2445 3490 a
2466 3425 2810 3489 sacrosancto
2825 3448 3054 3505 corpore
3078 3433 3323 3501 Domini,
3346 3432 3495 3487 velut
3514 3430 3865 3503 sacrilegum,

2269 3544 2645 3595 removemus,
2675 3534 2729 3583 et
2754 3526 3055 3600 apostolica
3084 3527 3408 3582 auctoritate
3442 3524 3826 3597 prohibemus.

2344 3626 2549 3679 Datum
2599 3620 2913 3691 Lateranis,
2962 3621 3159 3693 quinto
3209 3620 3337 3676 Idus
3377 3618 3740 3686 Decembris,
3780 3632 3870 3691 per

2269 3733 2470 3772 manus
2499 3716 2670 3783 Petri,
2704 3724 2911 3771 sancta
2938 3716 3207 3770 Romana
3242 3714 3497 3769 Ecclesia
3538 3712 3868 3785 presbyteri,

2270 3809 2558 3866 cardinalis
2582 3824 2646 3864 ac
2671 3808 3092 3880 bibliothecarii,
3113 3823 3264 3865 anno
3294 3816 3494 3880 quarto
3516 3805 3866 3878 pontificatus

2268 3902 2460 3960 domui
2482 3902 2731 3976 Gregorii
2752 3918 2908 3977 papa
2933 3902 3177 3976 septimi,
3204 3901 3395 3958 indict.
3416 3900 3636 3957 decima
3652 3907 3868 3974 quarta.

2341 3999 2487 4054 Bene
2519 3997 2711 4054 valete.

2960 4068 3179 4126 XXIII.

2272 4163 2565 4234 Gregorius
2626 4164 2727 4221 VII
2785 4166 3101 4218 monasterii
3155 4164 3212 4219 S.
3276 4162 3429 4219 Petri
3474 4159 3877 4219 Condomiensis

2728 4237 3085 4305 possessiones
3110 4237 3411 4304 conﬁrmat.

2869 4326 3052 4391 (Anno
3086 4324 3271 4394 1076.)

2411 4394 2594 4465 [Apud
2625 4390 2983 4465 Acnsmtnr,
3011 4390 3295 4467 Spicilegt't'
3312 4402 3453 4450 tom.
3482 4394 3556 4458 II,
3585 4390 3749 4465 584.]

2341 4484 2697 4541 Gnaooutus
2727 4484 3035 4556 episcopus,
3072 4500 3265 4542 servus
3299 4500 3585 4541 servorum
3623 4484 3754 4551 Dei,
3789 4482 3878 4539 di—

2203 4582 2254 4648 Ῑ)
2280 4575 2424 4632 lecto
2448 4574 2500 4630 in
2526 4573 2745 4629 Christo
2774 4573 2888 4629 tilio
2924 4576 3290 4631 Rununno
3320 4573 3504 4631 abbati
3548 4572 3880 4629 monasterii

2279 4664 2465 4722 Sancti
2492 4664 2644 4720 Petri
2667 4663 2756 4719 siti
2781 4664 2840 4718 in
2866 4663 2987 4720 loco
3009 4664 3101 4736 qui
3128 4664 3330 4721 dicitur
3352 4661 3701 4729 Condomus,
3732 4662 3883 4719 suis-

2277 4768 2386 4827 que
2423 4751 2830 4809 successoribus
2859 4752 2912 4807 in
2939 4761 3295 4824 perpetuum.

2348 4845 2611 4913 Superna
2637 4840 3000 4898 miserationis
3027 4850 3277 4914 respectu
3303 4839 3374 4897 ad
3410 4840 3517 4897 hoc
3544 4841 3887 4899 universalis

2276 4937 2535 4994 Ecclesia
2563 4952 2755 4992 curam
2791 4935 3153 5006 suscepimus,
3189 4944 3245 4992 et
3284 4934 3571 5007 apostolici
3615 4937 3886 4993 moderao

2275 5032 2443 5087 minis
2470 5028 2894 5086 sollicitudinem
2930 5029 3194 5101 gerimus,
3239 5037 3300 5084 ut
3336 5029 3500 5101 justis
3527 5030 3886 5100 precantium

2276 5126 2418 5181 votis
2463 5132 2667 5179 attenta
2722 5122 3064 5195 benignitate
3112 5122 3420 5192 faveamus,
3476 5130 3533 5179 et
3579 5122 3887 5179 libramine

2273 5218 2547 5290 aequitatis
2582 5216 2843 5273 omnibus
2884 5216 2946 5272 in
2974 5216 3297 5273 necessitate
3338 5216 3555 5289 positis,
3597 5225 3887 5288 quantum

2274 5313 2394 5367 Deo
2470 5309 2713 5366 donante
2778 5324 3101 5380 possumus,
3178 5309 3471 5365 subvenire
3542 5307 3884 5367 debeamus.

2271 5402 2511 5462 Proinde
2530 5403 2688 5476 juxta
2716 5402 3039 5475 petitionem
3065 5410 3223 5459 tuam
3245 5400 3474 5476 praiato
3504 5403 3884 5469 monasterio,

2272 5496 2362 5553 cui
2428 5503 2486 5552 tu
2532 5511 2765 5567 praesse
2824 5495 3165 5567 dignosceris
3216 5495 3533 5569 hujusmodi
3592 5496 3891 5569 privilegia

2273 5590 2527 5666 prasenti
2565 5591 2903 5648 auctoritatis
2952 5600 3156 5648 nostra
3210 5590 3432 5647 decreto
3490 5589 3887 5662 indulgemus;

2270 5686 2625 5744 concedimus
2663 5695 2825 5758 atque
2851 5687 3273 5755 conﬁrmamus;
3311 5692 3620 5745 statuentes
3655 5685 3889 5742 nullum

2268 5796 2485 5854 regum,
2523 5780 2605 5837 vel
2644 5779 3059 5852 imperatorum,
3105 5779 3441 5847 antistitum,
3486 5777 3702 5835 nullum
3733 5793 3893 5852 qua-

2271 5889 2487 5949 cunque
2516 5874 2784 5947 dignitate
2808 5872 3123 5947 praeditum,
3167 5873 3250 5929 vel
3278 5884 3663 5946 quemcunque
3695 5871 3891 5929 alium
