4044 6186
236 348 343 401 669

1177 310 1518 407 smsroun
1557 349 1779 406 EXTRA
1816 350 2202 407 REGISTRUM
2237 352 2613 411 VAGANTES.

232 472 439 527 audere
468 470 537 527 de
592 470 677 528 his
706 487 831 544 qua
861 471 1040 528 eidem
1071 473 1365 529 venerabili
1418 475 1540 530 loco
1568 474 1828 546 quibusli-
1864 481 1917 543 Α
1950 478 2239 550 episcopis,-
2269 477 2556 551 episcopis,
2588 478 3030 547 marchionibus,
3062 479 3377 543 comitibus,
3415 494 3551 550 pro-

229 565 326 621 bet
356 565 670 621 homiuibus
700 565 769 621 de
795 566 1012 638 proprio
1037 566 1161 639 jure
1182 566 1296 639 jam
1344 569 1545 623 donata
1576 577 1725 639 sunt,
1756 570 1837 625 vel

230 661 292 716 in
320 659 589 723 futurum,
615 663 737 715 Deo
759 660 1076 729 miserante,
1095 661 1243 733 juste
1264 661 1462 719 collata
1486 662 1712 731 fuerint,
1735 664 1838 719 sub

231 753 527 826 cujuslibet
578 768 758 810 causa
795 753 1164 811 occasionisve
1219 756 1399 828 specie
1457 757 1703 813 minuere
1755 757 1838 814 vel

228 847 473 917 auferre,
530 846 642 904 sive
672 849 787 904 suis
816 848 1004 904 usibus
1061 849 1349 921 applicare,
1379 850 1462 906 vel
1493 850 1612 907 aliis
1640 850 1743 924 piis
1771 850 1840 909 de

230 944 417 998 causis
468 956 565 1013 per
614 957 728 998 sua
775 942 1020 999 avaritia
1064 944 1473 1023 excusationem
1518 944 1837 1014 concedere;

228 1035 328 1091 sed
357 1045 552 1091 cuncta
574 1051 695 1107 qua
724 1035 795 1091 ibi
818 1036 966 1108 juste
987 1036 1168 1093 oblata
1198 1047 1345 1106 sunt,
1377 1038 1462 1093 vel
1492 1037 1675 1094 offerri
1700 1054 1837 1095 con-

232 1130 437 1201 tigerit,
471 1137 589 1185 tam
621 1145 651 1184 a
682 1138 736 1186 te
766 1144 934 1202 quam
960 1129 1029 1185 ab
1057 1131 1157 1200 eis,
1198 1132 1290 1203 qui
1334 1131 1391 1186 in
1420 1140 1517 1187 tuo
1547 1133 1732 1188 ofﬁcio
1760 1133 1837 1189 lo-

230 1238 408 1294 coque
437 1207 818 1292 succésserint,
848 1225 1068 1297 perenni
1108 1232 1356 1297 tempore
1400 1225 1603 1281 illibata
1642 1234 1696 1281 et
1723 1226 1838 1283 sine

228 1316 613 1389 inquietudine
642 1317 896 1373 volumus
926 1317 1216 1390 possideri,
1248 1335 1441 1375 eorum
1467 1319 1689 1392 quidem
1720 1320 1837 1377 usi-

226 1410 335 1468 bus
371 1427 470 1483 pro
501 1427 737 1484 quorum
766 1412 1165 1468 sustentatione
1199 1422 1254 1468 et
1283 1413 1681 1485 gubernatione
1708 1431 1837 1471 con-

228 1520 382 1562 cessa
410 1513 562 1574 sunt,
598 1505 775 1562 modis
805 1506 1066 1562 omnibus
1094 1506 1403 1578 profutura.

296 1602 373 1655 Et
402 1601 531 1673 quia
554 1602 680 1672 Ugo
706 1600 996 1672 episcopus
1052 1600 1200 1658 idem
1229 1603 1627 1660 monasterium
1652 1620 1719 1660 ex
1748 1604 1838 1662 bo-

227 1695 320 1750 nis
350 1694 686 1750 hareditatis
723 1710 838 1752 sua
866 1695 1099 1751 ditatum
1142 1699 1415 1753 Romana
1446 1698 1700 1755 Ecclesia
1722 1698 1833 1771 juri

227 1788 589 1859 contradidit,
641 1788 712 1845 ad
760 1787 1003 1845 futuram
1044 1788 1378 1845 defensionis
1425 1807 1537 1847 sua
1566 1794 1837 1849 cautelam

1950 571 2184 640 ceribus,
2233 571 2603 629 valvasoribus
2641 573 3001 645 omnibusque
3048 573 3107 628 in
3155 574 3375 630 Christo
3422 588 3549 629 cre-

1948 665 2228 735 dentibus,
2257 667 2487 722 salutem
2515 675 2569 721 et
2613 667 2969 739 apostolicam
3013 666 3473 723 benedictionem.

2019 760 2231 815 Notum
2278 759 2349 814 sit
2393 760 2557 815 vobis
2610 760 2888 829 omnibus,
2929 759 3076 832 quod
3118 776 3219 817 nos
3264 760 3547 818 ecclesiam

1948 861 2152 909 sancta
2182 852 2371 908 Crucis
2397 852 2589 909 Fontis
2627 853 2904 910 Avellana
2930 863 2987 910 et
3014 854 3200 910 omnia
3227 870 3352 927 qua
3376 855 3548 926 ipsius

1949 946 2114 1003 eremi
2138 954 2291 1013 sunt,
2327 945 2534 1002 scilicet
2558 948 2912 1017 monasteria,
2945 963 3160 1005 eremos
3198 956 3540 1020 cunctasque

1948 1040 2027 1096 illi
2074 1042 2387 1113 suppositas
2415 1039 2667 1096 ecclesias
2708 1041 2787 1097 vel
2826 1041 3080 1112 capellas,
3112 1042 3350 1109 castella,
3389 1043 3543 1099 vicos

1947 1134 2223 1208 villasque,
2260 1134 2458 1207 pradia
2478 1150 2607 1190 cum
2626 1134 2994 1191 retinentibus
3024 1150 3105 1202 ea,
3132 1143 3379 1192 armenta
3408 1152 3546 1208 quo-

1948 1244 2076 1301 que,
2103 1237 2232 1296 etc.,
2264 1228 2319 1283 in
2346 1237 2595 1284 nostram
2633 1229 2935 1300 suscepisse
2963 1228 3265 1285 custodiam
3295 1229 3413 1285 solo
3442 1232 3545 1303 Dei

1947 1323 2167 1390 timore,
2218 1331 2382 1395 atque
2422 1322 2721 1379 charissimi
2765 1321 2861 1377 ﬁlii
2888 1321 3063 1378 nostri
3111 1323 3254 1378 Petri
3283 1323 3541 1379 Damiani

1946 1416 2109 1488 hujus
2163 1421 2435 1473 Romamn
2486 1417 2738 1473 Ecclesia
2794 1415 3083 1473 cardinalis
3138 1431 3347 1484 amore;
3404 1415 3546 1472 unde

1947 1512 2207 1567 omnibus
2249 1510 2563 1567 hominibus
2606 1511 2970 1583 praecipimus,
3011 1518 3067 1566 et
3108 1526 3175 1566 ex
3223 1509 3372 1565 beati
3401 1509 3546 1566 Petri

1946 1604 2269 1661 auctoritate
2296 1622 2357 1660 ac
2398 1613 2584 1660 nostra
2622 1604 2947 1661 mandamus
2978 1609 3040 1660 ut
3067 1604 3255 1660 omnia
3303 1602 3545 1674 prafata

1946 1699 2206 1767 ecclesia,
2237 1700 2329 1755 ubi
2357 1698 2559 1755 fuerint
2588 1698 2825 1768 inventa,
2855 1698 2969 1753 sine
3014 1698 3238 1753 lasione
3263 1696 3540 1764 custodiri,

1949 1792 2129 1848 nullus
2156 1809 2186 1848 a
2211 1793 2369 1848 nobis
2398 1792 2475 1847 vel
2506 1792 2573 1847 ab
2603 1792 2782 1864 aliqua
2812 1799 3099 1863 potestate,
3128 1798 3234 1847 etc.

225 1882 590 1937 constitutum
642 1890 726 1938 est
775 1890 838 1938 ut
889 1884 1117 1958 singulis
1155 1884 1315 1940 annis
1355 1886 1545 1956 pensio
1602 1887 1836 1959 quinque
1867 1864 1917 1926 Β
2021 1890 2228 1943 Datum
2282 1887 2537 1943 Laterani
2574 1902 2617 1942 χ
2643 1884 2919 1942 Kalendas
2958 1885 3181 1957 Aprilis,
3212 1900 3308 1958 per
3342 1900 3543 1941 manus

225 1975 534 2032 solidorum
585 1986 828 2033 moneta
856 1976 999 2033 illius
1032 1986 1194 2035 terra
1222 1979 1536 2050 apostolica
1562 1979 1677 2035 sedi
1710 1979 1837 2035 red-

225 2069 413 2127 datur.
442 2070 786 2126 Nominatim
816 2072 982 2144 igitur
1008 2072 1401 2129 conﬁrmamus
1430 2073 1606 2129 eidem
1646 2090 1838 2131 mona-

222 2164 399 2219 sterio
425 2165 546 2219 illas
575 2166 969 2237 possessiones,
999 2181 1135 2237 quas
1163 2167 1463 2238 pradictus
1482 2169 1606 2239 Ugo
1631 2168 1837 2240 episco-

225 2273 330 2329 pus
361 2257 612 2330 ejusdem
640 2259 963 2315 monasterii
994 2259 1283 2327 fundator,
1338 2260 1389 2316 in
1419 2277 1556 2333 pago
1607 2263 1839 2317 Leuma-

222 2351 332 2407 nia
373 2367 442 2406 ex
464 2351 590 2424 jure
636 2352 942 2423 patrimonii
974 2354 1060 2409 sui
1108 2352 1335 2426 prafato
1384 2356 1506 2411 loco
1535 2356 1769 2410 contulit
1816 2374 1832 2413 :

221 2444 485 2501 videlicet
512 2446 793 2501 ecclesiam
818 2447 1007 2502 Sancti
1033 2448 1177 2502 Petri
1207 2456 1260 2501 et
1279 2448 1461 2503 locum
1491 2448 1833 2516 Coudomus,

224 2538 380 2612 quod
426 2538 823 2610 interpretatur
871 2539 1072 2595 domus
1101 2539 1370 2607 sublimis,
1421 2557 1550 2598 cum
1581 2542 1837 2597 omnibus

222 2633 340 2689 suis
393 2631 751 2705 appendiciis.
814 2636 956 2689 ltem
1010 2633 1401 2690 constituimus
1456 2643 1536 2701 ut,
1596 2635 1834 2692 obeunte

222 2726 445 2794 abbate,
477 2742 591 2781 non
620 2726 761 2783 alius
788 2726 863 2782 ibi
910 2743 1236 2800 quacunque
1266 2728 1605 2800 obreptionis
1636 2730 1834 2786 astutia

222 2820 536 2889 ordinetur,
572 2821 677 2875 nisi
706 2837 872 2893 quem
901 2819 1096 2877 fratres
1142 2822 1388 2894 ejusdem
1418 2822 1518 2877 loci
1548 2823 1833 2879 communi

222 2929 500 2970 consensu
549 2913 855 2970 secundum
909 2915 1170 2971 timorem
1220 2916 1324 2971 Dei
1376 2916 1653 2988 elegerint.
1716 2920 1836 2973 Hoc

222 3022 449 3080 quoque
476 3009 733 3078 prasenti
785 3008 1027 3079 capitulo
1076 3008 1495 3080 subjungimus,
1545 3018 1605 3065 ut
1652 3010 1832 3083 ipsum

223 3102 620 3157 monasterium
658 3110 713 3157 et
740 3102 966 3159 abbates
994 3102 1131 3175 ejus,
1162 3103 1245 3158 vel
1286 3103 1545 3159 monachi
1576 3104 1646 3159 ab
1675 3105 1828 3160 omni

219 3195 506 3251 sacularis
534 3194 735 3251 servitii
783 3195 890 3250 sint
936 3194 1283 3251 infestatione
1326 3196 1521 3266 securi,
1566 3198 1824 3271 omnique

218 3289 539 3361 gravamine
562 3287 857 3344 mundana
886 3290 1253 3361 oppressionis
1285 3291 1509 3359 remoti,
1537 3291 1591 3346 in
1619 3302 1821 3348 sancta

220 3382 501 3453 religionis
531 3382 914 3438 observatione
955 3383 1125 3439 seduli
1155 3392 1316 3454 atque
1360 3384 1551 3457 quieti,
1582 3393 1637 3441 et
1678 3386 1823 3442 nulla

217 3475 404 3548 aliqua
434 3476 738 3532 habeantur
769 3477 1059 3533 occasione
1086 3477 1336 3548 subjecti.

292 3571 433 3626 Hac
460 3569 627 3642 igitur
652 3569 861 3638 omnia,
885 3585 1009 3642 qua
1034 3570 1197 3643 hujus
1226 3571 1485 3643 pracepti
1514 3570 1827 3645 decretique

218 3662 397 3721 nostri
452 3664 650 3735 pagina
701 3663 961 3730 continet,
1008 3673 1127 3721 tam
1156 3664 1257 3720 tibi
1295 3680 1463 3736 quam
1491 3666 1704 3721 cunctis
1732 3668 1827 3739 qui

220 3758 282 3813 in
313 3772 506 3813 eorum
550 3757 669 3814 loca
709 3757 1092 3827 successerint,
1126 3757 1181 3813 in
1210 3766 1534 3831 perpetuum
1560 3760 1826 3816 servanda

219 3849 592 3907 decernimus.
621 3851 678 3905 Si
707 3851 827 3923 quis
860 3867 991 3907 vero
1022 3868 1237 3924 regum,
1266 3853 1634 3921 sacerdotum,
1663 3854 1825 3909 cieri-

221 3958 442 4010 corum,
466 3943 716 4016 judicum
758 3960 821 4000 ac
863 3945 1216 4001 sacularium
1273 3962 1632 4018 personarum
1684 3947 1827 4004 hanc

220 4037 634 4095 constitutionis
676 4046 882 4095 nostra
930 4039 1185 4111 paginam
1233 4056 1557 4110 agnoscens,
1630 4050 1823 4097 contra

220 4147 345 4189 eam
384 4133 569 4188 venire
615 4131 925 4201 tentaverit,
958 4132 1323 4205 possessionis
1369 4133 1701 4206 honorisque
1745 4136 1826 4192 sui

220 4224 491 4298 dignitate
525 4235 733 4293 careat,
761 4242 1029 4299 reumque
1051 4242 1109 4282 se
1133 4224 1323 4282 divino
1357 4226 1568 4299 judicio
1591 4226 1823 4295 existere

221 4316 288 4375 de
319 4326 627 4391 perpetrata
658 4319 953 4392 iniquitate
994 4328 1310 4393 cognoscat.
1364 4323 1434 4376 Et
1479 4320 1583 4376 nisi
1612 4337 1674 4377 ea
1704 4337 1825 4394 qua

222 4411 291 4467 ab
320 4412 414 4469 illo
442 4421 575 4468 sunt
602 4415 745 4469 male
774 4413 953 4470 ablata
979 4414 1294 4485 restituerit,
1341 4414 1423 4470 vel
1461 4415 1624 4487 digna
1652 4416 1823 4488 poeni-

222 4508 397 4562 tentia
428 4506 619 4563 illicite
646 4515 765 4563 acta
804 4507 1104 4575 deﬂeverit,
1144 4524 1175 4563 a
1203 4508 1567 4565 sacratissimo
1595 4525 1825 4582 corpore

220 4614 283 4656 ac
307 4602 575 4675 sanguine
601 4602 827 4657 Domini
856 4602 1218 4673 redemptoris
1244 4603 1416 4658 nostri
1443 4606 1572 4660 Jesu
1616 4603 1821 4661 Christi

222 4694 426 4752 alienus
453 4696 571 4751 ﬁat.
602 4696 825 4752 Cunctis
853 4704 1039 4767 autem
1059 4696 1242 4752 eidem
1280 4696 1401 4752 loco
1421 4698 1574 4768 justa
1603 4714 1824 4754 servan-

224 4786 366 4844 tibus
395 4790 471 4845 sit
499 4805 605 4861 pax
631 4789 857 4845 Domini
884 4791 1060 4845 nostri
1108 4790 1241 4845 Jesu
1298 4790 1519 4857 Christi,
1552 4801 1823 4862 quatenus

225 4885 279 4935 et
304 4880 392 4936 hic
434 4879 679 4937 fructum
726 4881 855 4938 boni
888 4883 1067 4955 operis
1110 4883 1430 4955 percipiant,
1480 4891 1536 4940 et
1562 4884 1705 4956 apud
1734 4884 1823 4940 di-

218 4974 470 5032 strictum
500 4974 741 5047 iudicem
771 4976 997 5048 pramia
1030 4985 1247 5033 aterna
1272 4978 1421 5048 pacis
1452 4978 1750 5034 inveniant.

294 5071 500 5125 Datum
528 5069 824 5126 Lateranis
847 5085 971 5127 vm
998 5069 1131 5126 ldus
1152 5071 1358 5140 Martii,
1378 5087 1476 5144 per
1500 5087 1697 5128 manus
1724 5074 1824 5129 Pe-

218 5161 321 5229 tri,
346 5172 551 5220 sancta
581 5166 857 5221 Romana
895 5163 1149 5221 Ecclesia
1186 5166 1510 5239 presbyteri,
1536 5165 1827 5224 cardinalis

219 5269 292 5312 ac
340 5257 759 5329 bibliothecarii,
818 5275 964 5316 anno
1009 5259 1173 5316 tertio
1215 5260 1568 5332 pontiﬁcatus
1617 5260 1823 5321 domini

220 5348 475 5423 Gregorii
505 5355 608 5410 VII
641 5368 818 5427 papa,
859 5352 1156 5410 indictione
1195 5368 1325 5412 XIV.

914 5457 1134 5515 XXIV.

221 5551 507 5624 Grcam
540 5557 650 5615 VII
665 5557 892 5627 suscipit
916 5556 1301 5613 monasterium
1332 5559 1522 5615 Fontis
1546 5557 1827 5614 Λυειιαηω

722 5628 820 5683 sub
858 5644 959 5683 sua
980 5631 1323 5700 protectione.

598 5724 782 5789 (Anno
807 5726 965 5791 1076,
982 5737 1024 5777 x
1044 5721 1171 5778 Kal.
1192 5722 1438 5794 Aprilis.)

217 5823 647 5895 [Mm/manu,
665 5826 873 5882 Annal.
895 5824 1222 5888 Camaldul.,
1249 5832 1388 5879 tom.
1421 5824 1493 5889 ll,
1521 5838 1647 5895 pag.
1676 5826 1826 5893 258.]

297 5916 651 5975 Gnaeonms
670 5920 977 5991 episcopus,
993 5931 1187 5975 servus
1196 5931 1484 5973 servorum
1498 5916 1621 5983 Dei,
1642 5916 1822 5973 archi-

1850 4645 1903 4707 D

1946 1981 2094 2037 Petri
2115 1989 2318 2037 sancta
2349 1984 2617 2037 Romana
2636 1979 2894 2036 Ecclesia
2919 1978 3222 2053 presbyteri
3253 1978 3544 2034 cardinalis

1945 2073 2363 2141 bibliothecarii,
2412 2089 2559 2131 anno
2618 2088 2697 2131 III
2744 2070 3091 2146 pontiﬁcatus
3145 2072 3339 2130 domni
3394 2072 3539 2129 Gre-

1944 2169 2204 2242 gorii.VlI
2226 2183 2401 2241 papa.

2642 2314 2833 2371 XXV.

1944 2464 2189 2531 Gregorii
2270 2464 2375 2519 VII
2455 2461 2683 2532 epistola
2735 2461 2810 2515 ad
2873 2462 3164 2516 Henricum
3244 2462 3543 2532 episcopum

2016 2534 2406 2589 Tridentinum.
2435 2561 2505 2572 —
2535 2535 2775 2601 Εειιροηὶε
2793 2534 2940 2600 juste
2983 2547 3038 2586 se
3060 2535 3347 2587 Henm'cum
3374 2536 3541 2602 impe-

2013 2610 2247 2659 ratorem
2293 2606 2795 2664 excommunieasse,
2840 2606 2891 2657 et
2916 2605 2979 2656 ut
3004 2607 3309 2673 pontiﬁcem
3353 2605 3536 2659 missis

2012 2678 2180 2746 copiis
2194 2677 2368 2746 juvet,
2397 2679 2579 2747 rogat.
3408 2690 3413 2696 ο

2511 2812 2695 2877 (Anno
2748 2815 2935 2880 1076.)

2334 2953 2579 3022 [MANSL
2601 2952 2798 3010 Concil.
2824 2953 2961 3020 XX,
2993 2953 3147 3021 375.)

2010 3102 2368 3159 GnaGonius
2397 3101 2709 3173 episcopus,
2746 3115 2939 3157 servus
2960 3115 3248 3156 servorum
3277 3100 3403 3169 Dei,
3425 3099 3539 3158 fra-

1936 3196 2031 3265 tri,
2059 3205 2114 3251 et
2137 3195 2461 3268 coepiscopo
2490 3194 2835 3262 Tridentino,
2866 3195 3195 3264 HEINRICO,
3226 3194 3459 3251 salutem
3488 3202 3542 3252 et

1934 3290 2292 3362 apostolicam
2337 3288 2792 3355 benedictionem,

2001 3384 2269 3439 Miramur
2291 3380 2649 3438 fraternitatis
2678 3392 2788 3438 tua
2833 3381 3184 3457 prudentiam
3226 3382 3386 3439 verba
3423 3396 3524 3439 no-

1860 3540 1863 3547 _
1931 3484 2043 3532 stra
2083 3475 2406 3549 neglexisse,
2437 3483 2497 3531 ut
2538 3475 2840 3531 secundum
2879 3490 2939 3531 ea
2986 3476 3201 3533 nullum
3232 3475 3536 3555 decreveris

1934 3569 2066 3626 dare
2093 3584 2440 3641 responsum,
2473 3570 2712 3624 maxime
2748 3584 2877 3624 cum
2907 3576 3032 3641 post
3059 3568 3379 3641 synodalem
3407 3584 3539 3625 sen-

1934 3663 2162 3719 tentiam
2205 3660 2624 3723 in.Heinricum
2654 3678 2842 3733 regem
2891 3664 3166 3735 prolatam
3191 3662 3408 3719 dilectio
3442 3670 3537 3719 tua

1933 3757 2162 3813 minime
2190 3755 2405 3812 differre
2436 3754 2707 3825 debuerit;
2736 3753 2809 3812 ad
2844 3756 2999 3828 cujus
3029 3755 3289 3812 nimirum
3318 3765 3537 3813 senten-

1932 3849 2020 3907 tia
2068 3848 2565 3922 promulgationem
2605 3865 2707 3905 nos
2745 3849 2975 3922 justitia
3019 3848 3137 3905 zelo
3167 3849 3454 3922 impulsos,
3484 3857 3540 3907 et

1931 3959 2043 3999 non
2085 3944 2263 4015 aliqua
2309 3943 2660 4015 promotione
2711 3943 2925 4015 injuria
2963 3944 3272 3999 concitatos
3301 3959 3535 4000 manum

1931 4038 2259 4108 exercuisse,
2298 4053 2475 4109 neque
2518 4036 2798 4093 solertiam
2843 4044 2996 4093 tuam
3027 4037 3303 4110 ignorare,
3353 4052 3536 4111 neque

1930 4131 2168 4203 aliquem
2192 4146 2343 4188 sana
2370 4130 2573 4187 mentis
2599 4130 2878 4187 hominem
2919 4139 3181 4203 putamus
3227 4146 3386 4203 posse
3414 4147 3537 4187 am-

1930 4223 2133 4297 bigere.
2162 4224 2321 4294 Quod
2360 4232 2551 4280 tamen
2579 4224 2621 4279 si
2654 4224 2709 4278 in
2747 4224 2984 4280 dubium
3014 4225 3274 4297 cuiquam
3323 4224 3540 4282 deveni-

1931 4326 2034 4384 ret,
2086 4312 2303 4373 constat
2343 4317 2460 4389 ejus
2507 4316 2583 4372 rei
2612 4318 2883 4374 rationem
2916 4317 3065 4387 prius
3104 4333 3168 4373 ex
3213 4318 3375 4374 nobis
3418 4317 3538 4375 fore

1931 4410 2299 4480 scrutandam,
2328 4426 2495 4484 quam
2525 4410 2580 4465 in
2606 4410 2764 4466 illum
2795 4410 3176 4481 prajudicium
3216 4410 3423 4467 factum
3450 4420 3535 4467 te-

1932 4520 2083 4560 mere
2110 4520 2227 4561 esse
2275 4503 2632 4563 credendum.
2672 4507 2904 4569 Verum,
2956 4513 3236 4575 utcunque
3264 4520 3381 4560 sese
3410 4505 3536 4576 opi-

1932 4598 2027 4654 nio
2084 4597 2299 4666 habeat,
2357 4597 2629 4654 factumve
2694 4598 3101 4671 interpretetur,
3159 4598 3293 4654 illud
3348 4600 3535 4671 procul

1935 4693 2101 4750 dubio
2116 4692 2404 4749 clementia
2419 4692 2601 4749 divina
2621 4702 2901 4764 sperantes
2921 4690 3315 4765 promittimus,
3328 4691 3534 4750 festum

1934 4786 2076 4843 beati
2106 4788 2251 4842 Petri
2302 4802 2412 4842 non
2443 4787 2591 4858 prius
2627 4786 3045 4855 transeundum,
3085 4802 3253 4859 quam
3303 4787 3361 4843 in
3393 4803 3534 4844 cun-

1930 4888 2148 4937 ctorum
2177 4880 2373 4936 notitia
2399 4880 2706 4936 certissime
2754 4880 2974 4949 clareat,
3026 4880 3185 4943 illum
3224 4881 3533 4953 justissime

1930 4990 2048 5032 esse
2067 4974 2631 5030 excommunicatum.
2671 4976 2743 5030 Et
2779 4973 2905 5029 inde
2935 4971 3340 5031 fraternitatem
3368 4984 3520 5032 tuam

1929 5068 2205 5132 volumus,
2254 5076 2418 5140 atque
2468 5084 2783 5136 monemus,
2834 5076 2896 5124 ut
2942 5077 3126 5125 certos
3172 5084 3275 5125 nos
3315 5070 3535 5126 studeat

1932 5161 2111 5219 facere
2137 5170 2324 5220 utrum
2354 5165 2471 5218 Deo
2509 5177 2578 5218 an
2604 5161 2920 5219 hominibus
2956 5162 3129 5235 magis
3151 5162 3376 5235 elegerit
3404 5162 3533 5219 obe.

1930 5256 2068 5328 dire,
2100 5266 2356 5314 utrumve
2375 5256 2608 5329 justitia
2636 5256 3067 5330 obtemperando
3112 5256 3281 5313 ﬁdem
3308 5259 3450 5324 Deo,
3479 5264 3534 5313 et
3628 5298 3633 5299 κ

1929 5360 2133 5409 sancta
2161 5355 2432 5409 Romana
2452 5351 2713 5407 Ecclesia
2736 5351 3053 5418 observare,
3082 5366 3247 5423 quam
3274 5349 3397 5406 filiis
3424 5350 3531 5407 ini-

1931 5446 2154 5520 quitatis
2182 5446 2442 5503 harendo
2472 5444 2845 5517 [adharendo]
2871 5444 3196 5501 conculcare
3232 5444 3526 5501 censuerit.

1929 5540 2214 5612 Rogamus
2242 5555 2373 5613 ergo
2401 5548 2567 5612 atque
2588 5540 2886 5596 invitamus
2906 5548 2968 5595 ut
2994 5537 3063 5594 ad
3081 5538 3367 5595 servitium
3387 5536 3531 5595 beati

1931 5634 2079 5692 Petri
2118 5649 2217 5705 pro
2257 5649 2417 5708 posse
2471 5641 2568 5690 tuo
2612 5634 2814 5690 milites
2861 5632 3080 5689 mittere
3119 5632 3361 5699 studeas,
3402 5647 3529 5687 eos-

1930 5742 2036 5801 que
2077 5726 2122 5784 si
2165 5727 2465 5785 decreveris
2501 5727 2741 5795 mittere,
2790 5724 3075 5782 Mathilda
3124 5734 3329 5781 nostra
3378 5723 3528 5778 noti-

1930 5821 2098 5877 ﬁcare
2118 5837 2395 5893 procures,
2424 5820 2580 5893 cujus
2601 5836 2705 5894 ope
2731 5818 2989 5875 conducti
3017 5833 3207 5874 secure
3226 5814 3433 5890 possint
3456 5813 3528 5871 ad

1930 5930 2052 5985 nos,
2071 5923 2127 5972 et
2140 5915 2256 5972 sine
2272 5914 2688 5986 impedimento,
2708 5911 2925 5967 favente
2936 5908 3202 5973 Domino,
3220 5906 3522 5978 pervenire.

3444 358 3546 410 670
3632 372 3635 377 '
