4044 6186
546 261 643 316 671

1235 385 1447 440 XXVI.

548 540 791 609 Gregorii
827 537 933 593 VII
956 535 1177 605 epistola
1196 534 1281 609 ad
1329 538 1638 592 Germanos.
1684 566 1755 577 —
1802 538 2000 594 Causas
2043 553 2137 592 ea:-

619 608 1107 666 cOmmunicationis
1148 608 1391 663 Heinrici
1429 610 1769 678 imperatoris
1806 611 2061 679 explicat.

1141 753 1323 818 (Anno
1379 758 1558 820 1076.)

918 893 1162 961 [MANSI,
1197 892 1396 950 Concil.
1435 893 1567 961 XX,
1607 892 1758 965 377.]

616 1046 994 1111 Gnscosms,
1016 1058 1204 1100 servus
1216 1059 1497 1101 servorum
1512 1045 1638 1114 Dei,
1658 1044 1918 1101 omnibus
1937 1046 2141 1117 episco-

546 1141 648 1213 pis,
674 1138 932 1206 ducibus,
956 1138 1274 1206 comitibus,
1308 1138 1626 1211 caterisque
1656 1139 1709 1194 in
1737 1155 1905 1212 regno
1935 1143 2139 1196 Teuto-

542 1235 793 1291 nicorum
839 1232 1197 1292 Christianam
1243 1232 1407 1289 ﬁdem
1436 1232 1854 1289 defendentibus
1903 1235 2137 1292 salutem

544 1335 598 1384 et
624 1326 979 1399 apostolicam
1010 1326 1461 1383 benedictionem.

617 1420 948 1477 Audivimus
998 1420 1141 1476 inter
1187 1436 1283 1476 vos
1323 1420 1590 1491 quosdam
1636 1421 1703 1477 de
1769 1422 2139 1478 excommuni-

545 1514 778 1581 catione,
810 1529 975 1586 quam
1006 1512 1059 1568 in
1087 1530 1272 1586 regem
1304 1512 1551 1583 fecimus,
1582 1514 1851 1579 dubitare,
1896 1532 1961 1572 ac
1990 1532 2139 1589 qua-

545 1623 664 1665 rere
713 1616 902 1665 utrum
940 1607 1091 1679 juste
1139 1606 1209 1663 sit
1256 1609 1779 1675 excommunicatus,
1834 1618 1891 1665 et
1954 1611 1996 1665 si
2042 1626 2143 1666 no-

1488 258 1544 313 S.
1585 257 1907 315 GREGORH
1945 259 2035 315 VII
2075 260 2268 315 ΡΛΡᾸΞ
2307 259 2578 316 OPERUM
2616 259 2789 315 PARS
2828 262 2891 315 ll.

2164 390 2218 451 Α
2249 384 2489 456 nequitia
2513 385 2865 456 pertinaciter
2891 390 3037 440 stare
3068 384 3409 457 agnovimus,
3439 385 3582 441 sicut
3608 383 3825 459 dignum

3721 220 3837 317 672‘

2243 485 2380 547 erat,
2399 479 2693 551 sacrilegos
2712 478 3073 533 administros
3088 486 3143 534 et
3159 477 3403 533 membra
3417 476 3619 533 diaboli
3632 494 3658 533 a
3678 494 3827 534 com-

2246 573 2507 628 munione
2522 581 2578 627 et
2589 587 2817 641 corpore
2828 572 2997 626 totius
3007 571 3263 627 Ecclesia
3273 573 3673 643 separavimus,
3687 581 3739 627 et
3751 588 3831 627 re~

2245 681 2370 737 gem
2394 674 2453 720 ut
2473 681 2568 721 eos
2589 682 2619 720 a
2647 665 2819 721 domo
2843 681 2963 734 sua,
2984 681 3014 720 a
3042 665 3302 732 consiliis,
3326 674 3381 721 et
3407 666 3560 721 omni
3581 680 3831 721 commu-

2246 760 2413 815 nione
2423 776 2538 827 sua,
2555 759 2693 814 sicut
2704 760 3215 815 excommunicatos
3227 759 3540 831 expelleret,
3556 760 3832 815 admonui-

2246 869 2389 908 mus.
2412 854 2640 908 lnterim
2658 869 2805 923 vero,
2824 854 3231 926 ingravescente
3256 860 3448 909 contra
3467 869 3650 926 regem
3684 855 3835 909 Saxo-

2243 962 2377 1003 num
2399 964 2582 1013 causa,
2596 964 2722 1002 cum
2739 948 2879 1002 vires
2900 956 2953 1002 et
2973 948 3219 1019 prasidia
3241 947 3395 1019 regni
3415 964 3481 1004 ex
3501 956 3655 1019 parte
3676 950 3835 1003 maxi-

2246 1057 2335 1097 ma
2349 1059 2377 1097 a
2391 1058 2447 1096 se
2459 1041 2693 1097 deiicere
2711 1041 2845 1096 velle
2855 1042 3213 1113 conspiceret,
3226 1042 3449 1097 interim
3467 1038 3673 1098 direxit
3686 1040 3836 1097 nobis

2244 1137 2532 1209 epistolam
2563 1135 2884 1208 supplicem,
2906 1143 2961 1190 et
2989 1136 3142 1190 omni
3174 1133 3486 1191 humilitate
3516 1135 3758 1207 plenam,
3784 1137 3838 1191 in

2243 1246 2349 1304 qua
2388 1230 2748 1301 omnipotenti
2781 1231 2913 1297 Deo,
2940 1236 2995 1284 et
3021 1228 3179 1284 beato
3207 1229 3371 1284 Petro
3410 1244 3475 1284 ac
3503 1229 3660 1283 nobis
3692 1228 3838 1285 valde

2244 1339 2303 1380 se
2350 1323 2680 1395 culpabilem
2732 1321 2989 1390 reddens,
3042 1337 3232 1393 preces
3279 1322 3445 1378 etiam
3490 1322 3707 1389 obtulit,
3761 1330 3837 1389 ut,

2244 1417 2393 1491 quod
2434 1434 2506 1474 ex
2551 1433 2645 1473 sua
2694 1417 2851 1487 culpa
2905 1418 2964 1471 in
3011 1416 3401 1472 ecclesiasticis
3447 1417 3623 1472 causis
3650 1424 3841 1471 contra

2245 1512 2573 1568 canonicam
2596 1511 2873 1583 justitiam
2924 1518 2979 1565 et
3007 1509 3227 1566 decreta
3257 1518 3574 1566 sanctorum
3622 1513 3841 1566 Patrum

2250 1605 2457 1662 factum
2506 1603 2717 1672 fuisset,
2758 1612 2950 1659 nostra
2989 1603 3285 1674 apostolica
3333 1603 3619 1676 prudentia
3664 1612 3724 1659 et
3752 1620 3841 1659 au-

546 1710 659 1758 stra
706 1701 978 1757 sententia
1027 1716 1091 1757 ex
1142 1702 1467 1757 auctoritate
1517 1702 1704 1773 legalis
1755 1719 2023 1769 censura,
2057 1720 2143 1771 ea,
2178 1717 2225 1779 Β
2253 1700 2505 1754 ctoritate
2543 1698 2817 1768 corrigere
2864 1695 3235 1765 studeremus,
3267 1705 3429 1768 atque
3474 1698 3534 1752 in
3572 1712 3637 1752 eo
3690 1712 3845 1753 suam

544 1812 651 1868 qua
721 1793 928 1863 debuit,
999 1794 1391 1851 deliberatione
1461 1811 1677 1867 egressa
1748 1798 1837 1852 sit.
1888 1800 2144 1871 Quapro-

543 1896 686 1963 pter,
724 1888 957 1962 qualiter
994 1888 1061 1944 ad
1109 1889 1693 1947 excommunicandum
1733 1890 1889 1968 illum
1927 1891 2143 1949 adducti

545 1999 759 2049 sumus,
805 1991 968 2054 prout
994 1985 1172 2039 verius
1218 1983 1580 2054 potuerimus,
1628 1991 1767 2040 teste
1814 1985 2145 2042 conscientia

544 2084 751 2142 nostra,
802 2075 973 2131 oculis
1034 2083 1090 2131 et
1138 2076 1494 2132 intellectibus
1538 2077 1791 2133 omnium
1838 2078 2143 2149 patefacere

545 2168 882 2235 curabimus,
911 2184 1024 2223 non
1050 2176 1162 2224 tam
1213 2178 1276 2225 ut
1311 2170 1550 2240 singulas
1594 2185 1814 2237 causas,
1857 2171 1988 2227 heu!
2019 2188 2143 2243 qua

544 2262 782 2318 nimium
792 2270 945 2318 nota
961 2269 1112 2329 sunt,
1131 2261 1284 2335 quasi
1300 2270 1490 2318 nostro
1513 2264 1755 2319 clamore
1784 2265 2144 2336 projiciamus

544 2356 604 2413 in
650 2355 953 2428 publicum,
985 2370 1152 2427 quam
1199 2364 1260 2411 ut
1304 2371 1500 2411 eorum
1545 2356 1888 2428 opinionibus
1924 2358 2142 2413 satisfa-

545 2448 756 2506 ciamus
785 2448 876 2521 qui
903 2457 1099 2521 putant
1127 2464 1227 2504 nos
1261 2449 1599 2519 spiritualem
1642 2450 1882 2521 gladium
1910 2458 2137 2521 temere,

544 2550 603 2598 et
637 2542 812 2614 magis
856 2550 1016 2597 motu
1061 2540 1230 2596 animi
1279 2540 1453 2597 nostri
1482 2557 1649 2613 quam
1679 2542 1869 2599 divino
1898 2550 2049 2599 metu
2090 2553 2143 2600 et

541 2635 768 2707 justitia
811 2635 954 2703 zelo,
1003 2634 1321 2705 arripuisse.
1379 2635 1521 2691 Cum
1574 2634 1754 2691 adhuc
1789 2637 1844 2692 in
1886 2636 2147 2693 diacona-

545 2736 634 2784 tus
674 2726 856 2784 ofllcio
904 2727 1068 2799 positi
1108 2742 1381 2796 essemus,
1418 2728 1624 2800 perlata
1653 2729 1720 2785 ad
1763 2746 1865 2786 nos
1891 2730 1960 2786 de
2002 2731 2142 2803 regis

545 2820 849 2877 actionibus
877 2820 1091 2877 sinistra
1121 2829 1177 2876 et
1204 2821 1441 2877 multum
1471 2821 1760 2877 inhonesta
1789 2822 1939 2879 fama
1974 2843 1987 2879 :
2018 2840 2141 2897 pro-

545 2920 668 2988 pter
689 2913 1028 2985 imperialem
1056 2913 1401 2986 dignitatem,
1430 2923 1485 2971 et
1507 2916 1869 2993 reverentiam
1894 2918 2061 2988 patris
2089 2926 2143 2973 et

545 3009 737 3065 matris
755 3007 891 3080 ejus,
912 3022 1015 3064 nec
1041 3023 1153 3064 non
1168 3017 1390 3080 propter
1409 3024 1561 3081 spem
1583 3017 1639 3065 et
1665 3008 1995 3067 desiderium
2015 3027 2139 3067 cor-

2254 1793 2415 1849 nobis
2429 1791 2827 1855 obedientiam,
2859 1790 3173 1857 consilium,
3194 1797 3249 1845 et
3286 1789 3439 1846 fidele
3463 1790 3723 1861 promisit
3765 1790 3844 1847 ad-

2242 1887 2535 1959 jutorium.
2573 1887 2692 1939 Hoc
2733 1884 2887 1939 idem
2916 1884 3083 1939 etiam
3113 1892 3302 1956 postea
3330 1900 3361 1939 a
3390 1882 3762 1939 confratribus
3791 1892 3844 1939 et

2255 1980 2447 2051 legatis
2499 1978 2703 2033 nostris
2745 1976 3058 2053 Humberto
3087 1977 3428 2034 Pranestino
3477 1977 3757 2050 episcopo,
3794 1985 3848 2034 et

2253 2072 2495 2130 Geraldo
2523 2071 2809 2127 Hostiensi
2830 2073 3110 2144 episcopo,
3134 2087 3274 2144 quos
3294 2071 3362 2127 ad
3384 2071 3539 2126 illum
3564 2070 3842 2135 misimus,

2253 2167 2321 2221 ad
2353 2166 2736 2237 paenitentiam
2765 2173 3050 2237 susceptus
3079 2165 3138 2219 in
3164 2164 3381 2221 illorum
3406 2180 3606 2219 manus
3632 2180 3734 2237 per
3761 2180 3848 2220 sa-

2253 2275 2373 2315 cras
2402 2260 2572 2315 stolas
2627 2274 2765 2332 quas
2816 2260 2874 2313 in
2905 2258 3045 2315 collo
3070 2259 3359 2328 tenebant,
3406 2257 3848 2330 repromittendo

2250 2352 2616 2409 conﬁrmavit.
2666 2353 2809 2408 Dein
2837 2361 2963 2423 post
3006 2352 3229 2426 aliquod
3278 2360 3497 2424 tempus
3545 2353 3859 2408 commisso

2250 2461 2378 2500 cum
2408 2444 2716 2500 Saxonibus
2742 2445 2953 2515 pralio,
2992 2461 3109 2511 rex,
3144 2461 3240 2516 pro
3267 2446 3492 2500 victoria
3524 2461 3697 2517 quam
3728 2445 3851 2501 ade-

2252 2547 2377 2611 ptus
2417 2546 2520 2606 est,
2556 2538 2693 2593 tales
2728 2541 2847 2593 Deo
2890 2546 3071 2610 grates
3116 2545 3171 2594 et
3214 2538 3468 2594 victimas
3515 2537 3744 2607 obtulit,
3791 2546 3852 2593 ut

2247 2640 2373 2688 vota
2399 2648 2521 2705 qua
2540 2631 2607 2688 de
2628 2631 3013 2687 emendatione
3035 2647 3132 2687 sua
3160 2629 3387 2699 fecerat,
3408 2632 3667 2687 continuo
3700 2630 3854 2688 fran-

2248 2734 2421 2800 geret,
2452 2734 2507 2781 et
2532 2725 2672 2780 nihil
2700 2741 2895 2781 eorum
2932 2740 3057 2796 qua
3092 2725 3253 2780 nobis
3286 2726 3631 2796 promiserat,
3657 2732 3851 2780 atten-

2250 2820 2403 2888 deus,
2423 2819 2926 2875 excommunicatos
2942 2818 2999 2872 in
3013 2833 3171 2873 suam
3186 2816 3610 2873 familiaritatem
3628 2825 3681 2872 et
3700 2833 3851 2874 com-

2249 2914 2578 2968 munionem
2604 2913 2889 2983 reciperet,
2908 2919 2964 2967 et
2990 2910 3249 2967 ecclesias
3278 2910 3333 2965 in
3358 2926 3482 2967 eam
3511 2925 3680 2983 quam
3708 2926 3847 2967 con-

2252 3015 2542 3063 sueverant
2578 3005 2965 3061 confusionem
3010 3006 3269 3062 traheret.
3319 3007 3441 3076 Qua
3483 3005 3552 3061 de
3593 3022 3653 3062 re
3702 3007 3849 3079 gravi

541 3103 803 3161 rectionis
842 3104 958 3174 ejus
990 3119 1084 3175 per
1125 3102 1331 3159 litteras
1381 3118 1525 3174 sape
1556 3103 1954 3160 admonuimus
2000 3114 2065 3159 ut
2112 3121 2141 3161 a
2177 3095 2221 3157 C
2251 3100 2442 3157 dolore
2472 3099 2730 3172 perculsi,
2761 3114 3075 3172 quanquam
3105 3100 3307 3172 potius,
3351 3107 3677 3170 contempta
3707 3100 3851 3172 regis

545 3196 805 3270 pravitate
826 3212 922 3253 ua
942 3196 1247 3264 desisteret,
1277 3204 1353 3264 et,
1373 3211 1589 3252 memor
1610 3196 1899 3252 clarissimi
1924 3198 2142 3269 generis

545 3305 609 3346 ac
650 3288 935 3362 dignitatis
964 3304 1095 3355 sua,
1144 3287 1310 3344 vitam
1352 3303 1511 3344 suam
1552 3288 1800 3344 moribus
1824 3289 2021 3362 quibus
2049 3305 2139 3345 re-

545 3397 673 3456 gem
702 3390 757 3438 et
775 3381 1045 3449 futurum,
1066 3384 1186 3438 Deo
1208 3379 1470 3447 donante,
1493 3381 1713 3438 deceret
1731 3383 2139 3455 imperatorem,

548 3476 877 3533 institueret.
901 3477 1199 3548 Postquam
1224 3483 1408 3531 autem
1438 3474 1507 3531 ad
1533 3474 1878 3547 pontificatus
1906 3478 2139 3548 apicem,

547 3570 672 3625 licet
709 3568 941 3641 indigni,
982 3570 1255 3634 venimus,
1300 3578 1357 3624 et
1390 3569 1461 3624 illi
1491 3578 1626 3625 atas
1665 3570 1865 3641 pariter
1901 3586 2141 3629 crescere

545 3662 710 3733 capit
736 3670 792 3717 et
834 3661 1106 3735 iniquitas,
1157 3661 1518 3732 intelligentes
1566 3666 1746 3719 Deum
1793 3665 2140 3737 omnipoten-

545 3762 660 3810 tem
688 3760 845 3808 tanto
874 3753 1169 3810 districtius
1210 3754 1277 3811 de
1323 3770 1489 3809 manu
1525 3764 1711 3811 nostra
1753 3758 2001 3815 animam
2026 3757 2141 3829 ejus

544 3845 956 3919 requisiturum,
997 3855 1202 3918 quanto
1232 3846 1391 3902 nobis
1440 3847 1595 3903 illum
1632 3846 1701 3903 ad
1740 3849 2142 3922 increpandum

543 3955 657 4012 pra
686 3940 894 3994 cunctis
914 3938 1137 3994 libertas
1165 3938 1297 3995 data
1326 3938 1518 3995 fuisset
1546 3949 1600 3996 et
1622 3942 1938 4009 auctoritas,
1969 3943 2141 3998 multo

543 4031 824 4088 sollicitius
886 4047 1015 4087 eum
1082 4031 1264 4087 modis
1319 4031 1574 4088 omnibus
1640 4032 1947 4104 arguendo,
1988 4034 2145 4092 obse-

546 4125 774 4192 crando,
797 4124 1148 4198 increpando,
1174 4124 1245 4181 ad
1267 4124 1715 4183 emendationem
1744 4126 1867 4183 vita
1887 4144 2002 4185 sua
2020 4128 2146 4186 hor-

544 4220 641 4274 tati
669 4233 880 4276 sumus.
911 4219 1013 4289 Qui
1050 4234 1179 4273 cum
1201 4216 1363 4274 nobis
1407 4234 1551 4292 sape
1576 4220 1940 4279 salutationes
1969 4230 2024 4279 et
2055 4224 2144 4280 lit-

543 4319 688 4368 teras
715 4311 975 4380 mitteret,
1006 4326 1274 4368 excusans
1303 4327 1361 4368 se
1390 4328 1518 4369 cum
1545 4329 1611 4369 ex
1632 4322 1815 4384 atate,
1847 4331 1971 4387 qua
1997 4317 2143 4373 ﬂuxa

545 4414 690 4463 esset
720 4414 773 4462 et
812 4404 1042 4479 fragilis,
1070 4413 1194 4461 tum
1246 4405 1397 4479 quod
1444 4406 1514 4463 ab
1556 4408 1638 4463 his
1667 4407 1721 4463 in
1752 4425 1991 4481 quorum
2030 4428 2139 4467 ma-

543 4499 703 4558 nibus
754 4516 883 4558 cura
930 4500 1048 4572 ejus
1099 4508 1238 4566 erat,
1280 4500 1558 4557 multoties
1598 4501 1698 4557 sibi
1728 4503 1868 4559 male
1917 4520 2135 4561 suasum

545 4604 711 4665 atque
739 4596 1051 4651 consultum
1081 4594 1171 4660 sit,
1201 4595 1412 4650 monita
1451 4604 1639 4651 nostra
1667 4594 1736 4651 de
1764 4596 1854 4651 die
1882 4597 1938 4651 in
1984 4598 2134 4655 diem

546 4702 605 4741 se
649 4689 1056 4759 promptissime
1101 4696 1483 4759 suscepturum
1530 4687 1708 4743 verbis
1737 4687 1963 4762 quidem
2012 4708 2137 4763 pro-

546 4778 721 4845 misit;
754 4787 1014 4835 caterum
1043 4795 1123 4847 re,
1168 4788 1222 4835 et
1261 4782 1681 4855 exaggeratione
1728 4783 2011 4856 culparum
2042 4802 2136 4856 pe-

546 4871 693 4927 nitus
712 4872 1068 4928 conculcavit.
1087 4874 1237 4928 Inter
1248 4873 1365 4929 hac
1380 4874 1648 4945 quosdam
1663 4875 1962 4933 familiares
1985 4894 2137 4949 suos,

544 4980 780 5039 quorum
812 4964 1053 5021 consiliis
1083 4972 1140 5021 et
1186 4967 1684 5024 machinationibus
1713 4970 2059 5042 episcopatus
2086 4979 2141 5028 et

544 5058 721 5115 multa
764 5059 1117 5127 monasteria,
1146 5057 1386 5116 inductis
1431 5076 1526 5132 per
1562 5062 1801 5132 pretium
1849 5062 1989 5135 lupis
2040 5081 2139 5136 pro

544 5151 877 5226 pastoribus,
911 5152 1222 5209 Simoniaca
1262 5152 1458 5209 haresi
1502 5153 1749 5222 foedavit,
1781 5155 1851 5210 ad
1877 5158 2142 5228 paeniten-

543 5246 681 5301 tiam
725 5245 1045 5301 vocavimus
1089 5265 1101 5301 :
1154 5254 1420 5318 quatenus
1469 5255 1525 5303 et
1567 5247 1714 5304 bona
1763 5250 2138 5322 ecclesiarum,

543 5353 668 5410 qua
697 5354 789 5411 per
818 5338 1188 5396 interventum
1216 5347 1333 5396 tam
1360 5340 1607 5396 scelerati
1630 5344 1948 5399 commercii
1980 5347 2145 5402 sacri-

543 5431 662 5503 lega
690 5447 860 5489 manu
888 5441 1265 5505 susceperant,
1297 5434 1698 5490 venerabilibus
1728 5435 1882 5504 locis,
1923 5437 1994 5493 ad
2018 5454 2142 5512 qua

544 5525 916 5598 pertinebant,
937 5542 1065 5583 cum
1093 5526 1270 5585 adhuc
1296 5526 1444 5583 locus
1472 5537 1617 5584 esset
1641 5530 1998 5602 emendandi,
2029 5533 2147 5589 red-

543 5619 764 5692 derent,
789 5627 843 5674 et
889 5620 991 5693 ipsi
1021 5619 1087 5677 de
1116 5629 1423 5693 perpetrata
1453 5622 1748 5696 iniquitate
1777 5641 1873 5697 per
1900 5626 2141 5682 lamenta

543 5713 902 5787 paenitudinis
942 5717 1063 5770 Deo
1110 5714 1505 5773 satisfacerent.
1537 5718 1689 5786 Quos
1730 5733 1858 5774 cum
1906 5718 1977 5774 ad
2030 5719 2146 5776 hac

542 5808 890 5881 exsequenda
933 5808 1086 5867 datas
1114 5808 1362 5868 inducias
1384 5825 1666 5882 spernere,
1696 5819 1756 5867 et
1794 5811 1851 5866 in
1880 5821 2143 5870 consueta

2252 3194 2490 3250 caelestis
2512 3192 2893 3261 beneﬁcentia,
2926 3209 3063 3265 pene
3096 3194 3286 3250 omnis
3326 3208 3449 3264 spes
3486 3194 3852 3249 correctionis

2248 3286 2364 3358 ejus
2406 3286 2566 3343 nobis
2605 3286 2785 3341 ablata
2814 3287 2886 3340 sit
2908 3286 3104 3354 adhuc,
3136 3293 3322 3341 tamen
3348 3286 3600 3343 animum
3628 3294 3847 3358 tempe-

2248 3380 2485 3436 randum
2517 3378 2635 3435 fore
2674 3378 3016 3436 decrevimus
3046 3380 3220 3452 magis
3247 3380 3529 3451 cupientes
3557 3394 3684 3434 eum
3715 3395 3849 3451 apo-

2247 3473 2503 3532 stolicam
2533 3472 2716 3529 audire
2759 3472 3261 3540 mansuetudinem,
3293 3488 3457 3544 quam
3501 3474 3747 3544 experiri
3775 3488 3855 3529 se-

2247 3569 2551 3624 veritatem.
2585 3569 2773 3639 ltaque
2820 3566 3070 3622 misimus
3099 3567 3149 3622 ei
3179 3566 3434 3639 epistolas
3470 3566 3853 3622 commonito-

2247 3662 2378 3730 rias,
2416 3670 2479 3717 ut
2502 3661 2821 3715 meminerit
2850 3660 3007 3732 quid,
3041 3668 3097 3715 et
3124 3661 3214 3716 cui
3250 3659 3586 3732 promiserit,
3631 3674 3705 3715 ne
3731 3674 3852 3716 cre-

2247 3753 2345 3811 dat
2385 3769 2444 3810 se
2474 3769 2635 3826 posse
2674 3754 2869 3809 fallere
2898 3756 3105 3823 Deum,
3135 3753 3294 3826 cujus
3340 3761 3549 3825 quanto
3586 3753 3855 3825 prolixior

2248 3855 2332 3904 est
2379 3848 2662 3919 patientia,
2720 3855 2873 3903 tanto
2929 3848 3173 3904 severior
3226 3855 3332 3913 est,
3386 3862 3516 3902 cum
3566 3845 3855 3904 vindicare

2249 3941 2494 4013 coeperit,
2537 3942 2648 4009 ira;
2686 3956 2758 3996 ne
2808 3940 3104 3997 inhonoret
3138 3944 3322 3997 Deum
3362 3940 3735 3997 honorantem
3776 3956 3855 4007 se,

2250 4051 2352 4091 nec
2407 4036 2711 4107 potentiam
2752 4050 2911 4091 suam
2949 4034 3017 4091 ad
3046 4035 3148 4090 Dei
3179 4042 3581 4106 contemptum,
3631 4042 3685 4088 et
3720 4050 3858 4107 apo-

2250 4130 2500 4185 stolicam
2558 4136 2736 4187 tentet
2811 4128 3107 4186 extendere
3173 4128 3592 4196 contumeliam,
3666 4128 3860 4185 sciens

2254 4222 2400 4293 quod
2456 4221 2719 4294 superbis
2785 4222 2997 4277 resistit
3062 4224 3237 4292 Deus,
3291 4220 3591 4277 humilibus
3662 4230 3857 4277 autem

2251 4314 2349 4371 dat
2370 4317 2627 4386 gratiam.
2649 4318 2926 4372 Praeterea
2956 4315 3217 4371 misimus
3246 4314 3312 4372 ad
3340 4330 3469 4370 eum
3496 4322 3605 4370 tres
3633 4313 3859 4387 religio-

2252 4424 2342 4464 sos
2371 4410 2536 4475 viros,
2577 4424 2707 4464 suos
2736 4408 2925 4480 utique
2954 4407 3161 4476 fideles,
3195 4423 3289 4479 per
3314 4423 3455 4480 quos
3481 4423 3611 4464 eum
3640 4415 3859 4465 secreto

2249 4501 2569 4557 monuimus
2596 4508 2655 4556 ut
2679 4503 3061 4572 paenitentiam
3089 4509 3275 4573 ageret
3298 4501 3367 4557 de
3395 4501 3505 4557 suis
3534 4501 3859 4570 sceleribus,

2243 4611 2388 4667 qua,
2407 4611 2570 4666 quam
2583 4594 2860 4651 horrenda
2879 4604 3010 4652 sunt
3024 4597 3191 4664 dicta,
3219 4596 3466 4668 pluribus
3481 4604 3675 4652 tamen
3695 4606 3859 4665 nota,

2247 4698 2301 4744 et
2328 4690 2384 4743 in
2413 4689 2603 4745 multis
2631 4688 2875 4761 partibus
2913 4699 3078 4746 terra
3123 4689 3424 4761 divulgata.
3456 4692 3689 4760 Propter
3727 4706 3861 4763 qua

2245 4799 2359 4839 non
2385 4784 2585 4839 solum'
2611 4784 3075 4839 excommunicari
3114 4798 3291 4855 usque
3332 4782 3404 4838 ad
3426 4782 3659 4856 dignam
3687 4785 3862 4841 satis-

2246 4877 2564 4945 factionem,
2611 4876 2709 4933 sed
2765 4877 2934 4932 etiam
2986 4877 3055 4932 ab
3092 4878 3245 4933 omni
3275 4877 3487 4933 honore
3516 4877 3672 4949 regni
3726 4893 3864 4934 eum

2247 4970 2456 5043 absque
2494 4970 2644 5026 omni
2673 4985 2768 5041 spe
2790 4971 3229 5042 recuperationis
3257 4970 3457 5027 debere
3485 4970 3737 5041 destitui,
3768 4971 3867 5027 di-

2248 5064 2501 5120 vinarum
2530 5075 2585 5120 et
2620 5063 2985 5121 humanarum
3025 5065 3208 5137 legum
3238 5070 3469 5121 testatur
3498 5073 3553 5120 et
3573 5064 3741 5137 jubet
3766 5081 3865 5123 au-

2247 5160 2492 5216 ctoritas.
2518 5161 2827 5225 Postremo,
2853 5158 2959 5213 nisi
2987 5160 3514 5226 excommunicatos,
3548 5173 3580 5213 a
3603 5172 3705 5214 sua
3730 5174 3866 5231 par-

2250 5255 2565 5326 ticipatione
2592 5252 2882 5319 divideret,
2914 5268 3019 5308 nos
3042 5252 3176 5308 nihil
3204 5252 3355 5309 aliud
3382 5251 3452 5309 de
3480 5267 3547 5309 eo
3573 5252 3866 5311 vindicare

2251 5356 2349 5405 aut
2372 5347 2672 5403 decernere
2698 5360 2873 5417 posse,
2890 5362 3052 5418 quam
3082 5354 3166 5417 ut,
3191 5355 3476 5418 separatus
3498 5345 3568 5401 ab
3582 5347 3862 5413 Ecclesia,

2251 5442 2309 5496 in
2331 5439 2949 5497 excommunicatorunr
2974 5441 3253 5497 consortio
3281 5437 3445 5506 foret,
3488 5454 3616 5496 cum
3649 5440 3867 5512 quibus

2249 5535 2367 5605 ipse
2377 5533 2559 5605 potius
2582 5548 2746 5604 quam
2766 5549 2890 5589 cum
2912 5534 3131 5590 Christo
3152 5533 3355 5589 habere
3372 5541 3583 5606 partem
3600 5532 3863 5605 elegerit.

2252 5628 2397 5683 Sane
2451 5627 2494 5682 si
2552 5633 2738 5683 nostra
2768 5628 2982 5684 monita
3032 5628 3324 5700 suscipere,
3382 5634 3436 5683 et
3464 5627 3636 5682 vitam
3686 5641 3864 5683 suam

2251 5721 2524 5791 corrigere
2551 5720 2733 5789 vellet,
2762 5724 2942 5777 Deum
2972 5728 3169 5776 testem
3199 5720 3578 5777 invocavimus
3608 5726 3665 5775 et
3690 5718 3865 5775 invo-

2254 5828 2467 5883 camus,
2496 5824 2765 5888 quantum
2792 5828 2895 5871 nos
2932 5814 3001 5871 de
3028 5815 3148 5888 ejus
3181 5815 3353 5871 salute
3380 5812 3746 5886 gauderemus
3802 5820 3866 5867 et
