4044 6164
158 310 263 364 6'73

1082 306 1424 365 EPISTOLE
1462 306 1685 363 EXTRA
1723 294 2111 365 REGISTRUM
2149 307 2525 364 VAGANTES.

3320 324 3323 327 λ
3348 315 3449 369 674

153 432 387 497 honore,
426 438 481 486 et
520 446 647 487 cum
692 437 894 503 quanta
954 429 1216 489 cbaritate
1252 448 1379 489 eum
1429 433 1495 487 in‘
1532 434 1743 506 gremio
1773 439 1818 499 A
1854 434 1969 504 ipse
1996 432 2291 505 aliquando
2339 438 2636 503 cognoscat
2680 446 2781 489 nos
2836 432 3013 489 multo
3054 434 3237 491 verius
3267 450 3455 493 amare

155 533 364 582 sanctae
406 524 664 581 Ecclesia
691 525 1166 596 amplecteremur,
1219 534 1412 598 utpote
1455 542 1583 582 eum
1627 526 1745 598 qui,

152 618 601 691 princepspOpuli
626 618 977 687 constitutus,
1023 627 1079 675 et
1107 608 1429 692 amplissimi
1456 621 1613 692 regni
1643 637 1745 692 gu-

146 711 449 767 bernacula
477 720 693 778 tenens,
726 710 1009 768 catholicae
1038 713 1183 783 pacis
1210 720 1266 769 et
1301 713 1527 785 justitia:
1554 712 1747 769 defen-

151 820 243 861 sor
273 820 396 862 esse
414 804 658 861 deberet.
691 808 896 860 Verum
927 806 1111 877 quanti
1143 807 1259 878 ipse
1289 816 1383 862 aut
1404 807 1626 878 scripto,
1655 814 1747 862 aut

149 915 250 971 per
300 899 506 972 legatos
536 900 703 954 missa
754 908 946 955 nostra
991 900 1153 955 verba
1194 900 1402 967 fecerit,
1447 902 1563 972 ejus
1602 900 1749 957 facta
1796 932 1801 935 »

148 992 467 1061 declarant;
508 993 600 1065 qui
631 993 851 1065 indigne
883 993 1067 1049 ferens
1107 1009 1164 1049 se
1191 1010 1221 1049 a
1254 1009 1530 1066 quoquam
1562 1010 1750 1066 repre-

148 1085 314 1143 hendi
340 1094 439 1143 aut
462 1086 682 1158 corripi,
710 1102 825 1143 non
847 1087 1028 1144 solum
1057 1104 1086 1143 a
1117 1088 1440 1160 perpetratis
1465 1088 1535 1144 ad
1565 1104 1751 1144 emen-

146 1178 438 1237 dationem
487 1180 732 1237 revocari
782 1196 899 1237 non
932 1180 1129 1253 potuit,
1180 1182 1275 1239 sed
1323 1182 1577 1254 ampliori
1618 1199 1748 1239 con-

144 1273 399 1331 scientiae
422 1273 613 1331 furore
641 1282 948 1347 correptus,
980 1290 1093 1332 non
1117 1275 1267 1348 prius
1294 1276 1547 1344 cessavit,
1576 1276 1753 1334 donec

144 1368 439 1441 episcopos
472 1383 609 1441 pene
640 1384 834 1425 omnes
861 1369 919 1425 in
956 1370 1133 1441 Italia,
1165 1369 1222 1426 in
1264 1370 1585 1427 Teutonicis
1626 1387 1752 1428 vero

144 1463 401 1533 partibus
427 1471 696 1535 quotquot
734 1462 934 1535 potuit,
966 1462 1107 1519 circa
1150 1462 1321 1520 ﬁdem
1364 1464 1567 1521 Christi
1611 1482 1753 1522 nau-

139 1555 365 1628 fragare
381 1556 533 1625 fecit,
561 1556 695 1612 dum
718 1572 813 1612 eos
826 1556 1071 1613 debitam
1091 1557 1250 1614 beato
1273 1558 1434 1615 Petro
1455 1566 1509 1615 et
1538 1568 1755 1631 aposto-

136 1649 263 1707 lica:
287 1649 416 1707 sedi
440 1650 831 1719 obedientiam,
858 1658 914 1707 et
940 1649 1209 1707 honorem
1237 1666 1267 1706 a
1296 1652 1533 1708 Domino
1560 1662 1753 1709 nostro

131 1746 268 1800 Jesu
297 1744 521 1801 Christo
545 1759 891 1813 concessum,
921 1746 1191 1815 abnegare
1215 1744 1448 1818 subegit.
1480 1749 1619 1802 Cum
1650 1747 1745 1819 igi-

1856 544 2003 595 eum,
2049 542 2219 600 quam
2247 526 2369 583 illos
2411 527 2501 597 qui
2552 542 2700 582 nunc
2727 526 2845 582 suis
2889 526 3264 599 iniquitatibus
3292 529 3455 586 obse-

1854 630 2095 693 quuntur
2121 629 2178 676 et
2213 619 2410 675 favent.
2438 620 2597 689 Quod
2623 619 2688 688 si,
2716 622 2835 677 Deo
2867 620 3192 695 inspirante,
3223 622 3456 679 voluerit

1857 715 2196 786 resipiscere,
2242 712 2505 785 quidquid
2537 722 2730 770 contra
2769 730 2870 771 nos
2912 715 3191 783 moliatur,
3234 732 3454 789 semper

1859 816 2046 864 tamen
2084 823 2189 863 nos
2227 808 2296 865 ad
2342 807 2717 880 recipiendum
2745 824 2872 865 eum
2918 808 2972 864 in
3001 818 3249 867 sanctam
3294 825 3451 866 com-

1859 902 2202 970 munionem,
2229 909 2397 974 prout
2425 909 2601 958 vestra
2634 901 2798 957 nobis
2824 901 3055 959 Charitas
3095 903 3449 971 consuluerit,

1859 1005 2079 1069 paratos
2104 995 2363 1052 inveniet.

2522 1102 2776 1169 'xxvu.

1863 1231 2108 1303 Gregorii
2154 1232 2257 1287 VII
2280 1230 2502 1300 epistola
2538 1231 2612 1284 ad
2653 1246 2830 1285 omnes
2873 1232 3161 1301 episcopos,
3210 1231 3449 1296 abbates,

2402 1306 2721 1370 ueteresque
2730 1302 2928 1370 ﬁdeles.

2453 1422 2638 1483 (Anno
2670 1421 2858 1483 1076.)

1867 1534 2142 1608 [Hugonis
2160 1534 2459 1591 Flaviniac.
2506 1535 2775 1608 Chronic,
2805 1532 2948 1603 apud
2974 1536 3170 1591 Pnn'rz
3211 1538 3452 1592 Monum.

2173 1609 2348 1664 Germ.
2380 1608 2547 1669 Hist”
2583 1606 2781 1677 Script.
2811 1608 2959 1673 Vill,
2990 1609 3143 1673 442.]

1930 1723 2285 1780 Gnsoonms
2309 1721 2616 1794 episcopus,
2643 1736 2830 1777 servus
2857 1736 3144 1778 servorum
3174 1721 3298 1785 Dei,
3328 1738 3451 1779 om-

132 1846 227 1895 tur
259 1838 609 1911 iniquitatem
639 1838 755 1910 ejus
784 1838 853 1894 ad
878 1805 1162 1896 summum
1188 1805 1453 1911 prodiisse
1473 1805 1737 1911 vidimus,
1775 1805 1821 1867 Β
1854 1818 2035 1911 “ibus,
2064 1818 2135 1911 in,
2172 1815 2389 1873 Chrism
2437 1813 2722 1883 fratribus,
2772 1816 3070 1911 #993099“:
3136 1815 3449 1911 abbatibtt?»

132 1948 237 2004 pro
274 1930 368 1987 his
411 1932 610 2001 causis,
654 1931 930 2000 videlicet,
961 1932 1222 2004 primum,
1255 1933 1404 2005 quod
1446 1934 1514 1989 ab
1552 1950 1743 1991 eorum

129 2026 542 2083 communione
570 2025 662 2098 qui
698 2041 797 2096 pro
820 2026 1087 2098 sacrilego
1115 2036 1264 2083 reatu
1292 2028 1615 2085 Simoniacaa
1640 2029 1745 2087 hae-

131 2120 276 2176 resis
301 2118 721 2176 excommunati
748 2128 898 2186 sunt,
919 2135 979 2176 se
1001 2120 1276 2176 abstinere
1298 2122 1496 2185 noluit,
1520 2122 1740 2178 demum

129 2213 289 2286 quod
312 2229 417 2285 pro
427 2213 733 2270 criminosis
750 2213 1061 2271 actionibus
1081 2215 1207 2271 vitae
1222 2230 1336 2272 suae
1350 2216 1741 2287 paenitentiam,

131 2324 249 2364 non
268 2306 403 2363 dico
426 2306 720 2377 suscipere,
750 2306 842 2363 sed
868 2323 969 2363 nec
989 2307 1311 2379 promittere
1333 2309 1523 2377 voluit,
1540 2309 1745 2365 immu-

132 2410 247 2457 tata
263 2416 358 2467 ea,
369 2414 536 2472 quam
550 2401 608 2456 in
621 2401 1129 2471 manuslegatorum
1144 2411 1460 2457 nostrorum
1477 2405 1744 2473 promise-

136 2504 241 2561 rat,
263 2495 517 2559 ﬁde,nec
534 2509 647 2548 non
669 2492 815 2563 quod
830 2508 1028 2565 corpus
1040 2492 1243 2549 Christi
1259 2502 1313 2550 et
1331 2495 1600 2551 unitatem
1622 2512 1745 2552 san-

136 2597 241 2645 ctae
261 2586 519 2643 scindere
531 2586 791 2643 Ecclesiae
801 2601 913 2642 non
928 2602 990 2642 ex
998 2587 1221 2659 paverit,
1244 2603 1343 2659 pro
1369 2587 1473 2657 his,
1496 2589 1717 2661 inquam
1727 2631 1741 2653 ,

140 2680 321 2753 culpis
347 2680 597 2753 synodali
620 2696 746 2736 eum
768 2679 979 2751 judicio
1008 2681 1629 2749 excommunicavimus,
1660 2690 1741 2751 ut,

147 2789 320 2846 quem
345 2776 512 2830 mites
535 2789 651 2829 non
672 2773 970 2845 potuimus,
998 2775 1077 2829 vel
1090 2773 1260 2829 severi
1276 2774 1343 2831 ad
1365 2774 1509 2830 viam
1530 2775 1741 2844 salutis,

140 2872 264 2925 Deo
294 2867 606 2939 adjuvante,
629 2881 887 2923 revocare
923 2868 1229 2934 valeamus;
1255 2876 1350 2922 aut
1376 2868 1440 2933 si,
1468 2869 1614 2939 quod
1641 2870 1745 2926 ab—

141 2962 243 3017 sitl
286 2977 359 3017 ne
396 2959 756 3017 districtionis
803 2960 1028 3033 quidem
1058 2976 1342 3017 censuram
1380 2962 1740 3033 pertimuerit,

145 3063 341 3111 nostra
365 3055 563 3111 saltem
588 3054 771 3110 anima
796 3054 1143 3126 negligentia;
1170 3062 1264 3110 aut
1293 3055 1511 3111 timoris
1548 3055 1742 3112 discri-

140 3148 281 3205 mini
307 3163 421 3204 non
457 3148 797 3204 succumbat.
826 3148 879 3204 Si
911 3147 1031 3219 quis
1061 3148 1229 3221 igitur
1251 3148 1395 3204 hanc
1419 3150 1743 3206 sententiam
1779 3167 1823 3230 ρ

143 3243 346 3314 injuste
387 3241 467 3296 vel
495 3241 935 3297 irrationabiliter
975 3242 1244 3313 prolatam
1291 3257 1409 3299 esse
1453 3246 1744 3317 putaverit,

142 3336 186 3392 si
232 3334 364 3391 talis
406 3343 512 3403 est,
553 3342 613 3390 ut
648 3335 816 3391 sacris
848 3334 1052 3407 regulis
1098 3335 1471 3407 intelligentiae
1524 3353 1747 3398 sensum

143 3429 399 3501 praebere
445 3429 599 3497 velit,
639 3428 931 3485 nobiscum
970 3428 1136 3484 etiam
1167 3438 1311 3501 agat,
1350 3438 1407 3486 et
1444 3446 1556 3486 non
1598 3430 1749 3504 quod

142 3537 267 3593 nos,
300 3522 401 3579 sed
432 3522 566 3594 quid
594 3521 795 3578 divina’
818 3523 1116 3579 auctoritas
1144 3522 1357 3589 doceat,
1397 3524 1529 3595 quid
1557 3524 1748 3582 decer-

142 3625 262 3681 nat,
280 3615 414 3686 quid
437 3631 683 3672 consona
700 3631 805 3671 vox
826 3625 1152 3672 sanctorum
1176 3618 1394 3671 Patrum
1414 3615 1638 3687 indicet,
1654 3635 1749 3690 pa-

144 3710 352 3765 tienter
370 3708 579 3777 audiat,
602 3709 930 3781 acquiescat.
950 3711 1067 3765 Nos
1084 3718 1271 3765 tamen
1285 3725 1399 3765 non
1414 3711 1751 3768 aestimamus

148 3818 483 3874 quemquam
498 3802 768 3871 ﬁdelium,
791 3803 881 3875 qui
896 3803 1261 3860 ecclesiastica
1284 3813 1491 3860 statuta
1510 3806 1746 3873 noverit,

146 3896 265 3952 hoc
292 3910 473 3952 errore
492 3897 687 3965 teneri,
714 3906 775 3954 ut
804 3912 916 3953 non
936 3896 1065 3965 hoc,
1094 3905 1145 3953 et
1166 3898 1209 3953 si
1241 3897 1456 3970 publice
1474 3898 1750 3954 afﬁrmare

140 4004 269 4045 non
298 3988 511 4057 audeat,
540 3990 624 4046 vel
672 3990 731 4045 in
770 3989 937 4049 corde
982 4005 1082 4046 suo
1137 3989 1350 4046 rectum
1398 3990 1600 4047 factum
1629 4007 1747 4048 esse

139 4082 455 4155 perbibeat.
516 4085 846 4157 Quanquam
906 4084 951 4139 si
1002 4098 1127 4151 nos,
1191 4084 1335 4155 quod
1391 4087 1541 4141 Deus
1593 4101 1748 4141 aver-

141 4182 251 4233 tat!
285 4192 403 4232 non
444 4178 579 4233 satis
627 4177 772 4249 gravi
819 4177 887 4234 de
915 4192 1076 4234 causa
1126 4185 1223 4233 aut
1269 4176 1450 4233 minus
1496 4177 1747 4233 ordinate

139 4286 275 4327 eum
342 4269 667 4342 hujusmodi
722 4271 942 4326 vinculo
992 4270 1305 4343 ligavimus,
1368 4271 1511 4327 sicut
1571 4271 1746 4327 sancti

138 4366 340 4420 Patres
414 4363 587 4419 nostri
657 4371 930 4433 asserunt,
982 4379 1096 4420 non
1164 4362 1372 4420 idcirco
1447 4364 1748 4436 spernenda

137 4456 422 4514 sententia
454 4465 566 4524 est;
614 4456 713 4513 sed
758 4456 1033 4513 absolutio
1076 4473 1205 4513 cum
1250 4457 1403 4513 omni
1434 4456 1747 4513 humilitate

1853 1910 2248 1978 sacerdotibus,
2313 1910 2543 1966 ducibus
2588 1918 2643 1966 et
2700 1908 3038 1981 principibus
3089 1917 3256 1981 atque
3300 1908 3450 1964 mili-

1852 2005 2023 2072 tibus,
2070 2003 2436 2076 omnibusque
2476 2003 2843 2061 Christianam
2880 2001 3049 2058 ﬁdem
3083 2011 3140 2058 et
3184 2001 3328 2059 beati
3352 2005 3450 2060 Pe-

1852 2100 1921 2153 tri
1947 2098 2219 2155 honorem
2264 2113 2451 2154 revera
2503 2096 2852 2169 diligentibus
2880 2095 2938 2151 in
2977 2098 3237 2151 Romano
3280 2095 3454 2167 impe-

1853 2192 1934 2247 rio
1970 2190 2363 2260 habitantibus,
2424 2190 2659 2248 salutem
2710 2199 2764 2246 et
2812 2188 3169 2263 apostolicam
3228 2187 3452 2246 benedi-

1858 2286 2122 2342 ctionem.

1924 2381 2224 2453 Postquam
2276 2378 2608 2436 fraternitati
2670 2386 2865 2435 vestra:
2913 2377 3209 2449 epistolam
3250 2376 3451 2435 direxi-

1853 2488 1979 2529 mus
2006 2488 2128 2543 quaa
2170 2473 2245 2528 ita
2288 2473 2523 2545 incipit:
2569 2473 2789 2528 Gratias
2830 2473 3048 2544 agimus
3091 2470 3453 2542 omnipotenti

1854 2570 1996 2633 Deo,
2024 2588 2049 2613 ι
2091 2581 2121 2620 a
2151 2564 2403 2621 ﬁdelibus
2440 2572 2647 2620 sanctae
2673 2564 2932 2619 Ecclesiae
2955 2564 3266 2633 accepimus
3305 2562 3454 2634 quod

1851 2673 1946 2713 rex
1973 2672 2324 2728 summopere
2358 2663 2615 2728 procuret
2641 2672 2747 2711 nos
2774 2656 2843 2712 ab
2872 2656 3109 2712 invicem
3140 2654 3451 2728 sejungere,

1854 2742 2061 2821 suaque
2088 2750 2279 2806 fraude
2306 2749 2580 2821 decipere,
2606 2732 2777 2804 niodo
2803 2763 2900 2819 per
2919 2748 3251 2819 spirituales,
3279 2748 3450 2804 modo

1854 2859 1950 2914 per
1978 2844 2272 2899 saeculares
2296 2857 2574 2913 personas.
2603 2840 2838 2896 Proinde
2865 2840 3186 2897 dubitamus
3212 2854 3282 2895 ne
3312 2840 3453 2895 forte

1854 2936 2157 3007 exfnostris
2183 2933 2440 2991 fratribus
2474 2936 2657 2990 minus
2701 2934 2845 2989 cauti
2893 2949 2993 3005 pro
3026 2933 3240 2989 licentia
3281 2948 3451 3005 quam

1854 3030 2107 3087 dedimus
2148 3028 2520 3100 decipiantur;
2563 3036 2618 3084 et
2647 3027 2772 3083 ideo
2816 3042 2880 3082 ex
2925 3034 3079 3097 parte
3124 3025 3268 3082 beati
3304 3025 3450 3083 Petri

1858 3124 2237 3195 apostolorum
2281 3121 2544 3193 principis
2599 3119 2944 3193 praecipimus
2998 3127 3059 3176 ut
3097 3119 3278 3175 nullus
3321 3134 3451 3175 eum

1855 3226 2158 3289 praesumat
2195 3232 2225 3272 a
2254 3216 2475 3272 vinculo
2504 3214 2863 3271 anathematis
2904 3212 3208 3281 absolvere,
3248 3227 3452 3285 quous-

1859 3326 1965 3383 que
2006 3310 2152 3366 illius
2179 3308 2478 3365 satisfactio
2507 3316 2563 3365 et
2604 3306 2927 3380 poenitentia
2970 3322 3070 3379 per
3095 3306 3323 3363 idoneos
3361 3321 3451 3363 ve-

1860 3412 2005 3460 stros
2031 3403 2195 3459 nobis
2220 3402 2389 3459 fuerit
2428 3401 2758 3467 renuntiata,
2807 3410 2869 3457 ut
2905 3400 3071 3456 simul
3103 3399 3451 3456 decernentes

1860 3513 1958 3569 per
1980 3497 2186 3568 legatos
2217 3504 2439 3552 nostros
2466 3493 2614 3566 quod
2639 3510 2863 3566 aequum
2891 3492 3063 3549 fuerit
3101 3508 3166 3548 ac
3191 3495 3309 3549 Deo
3340 3493 3451 3565 pla-

1858 3591 2049 3658 citum,
2077 3588 2227 3645 omni
2270 3587 2463 3644 fraude
2500 3595 2729 3653 remota,
2758 3586 3061 3658 apostolica
3106 3585 3446 3642 auctoritate.

1859 3687 1970 3740 Vos
2021 3691 2206 3738 autem
2251 3681 2546 3753 diligenter
2590 3679 2807 3736 studete
2851 3695 2979 3736 eam
3027 3679 3447 3751 promissionem

1858 3792 2095 3848 eamque
2109 3775 2458 3832 securitatem
2483 3774 2554 3830 ab
2578 3773 2672 3829 illo
2695 3772 2940 3845 accipere
2955 3779 3018 3829 ut
3039 3788 3151 3828 non
3171 3770 3450 3829 videamur

1859 3885 1963 3941 pro
1989 3870 2264 3927 columbae
2288 3868 2638 3940 simplicitate
2667 3867 2932 3939 serpentis
2972 3864 3324 3938 prudentiam
3353 3881 3449 3922 ne-

1855 3964 2073 4035 gligere.
2120 3963 2284 4031 Quod
2331 3960 2375 4018 si
2414 3962 2563 4017 inter
2617 3960 2754 4028 haec,
2802 3959 2954 4031 quod
2999 3975 3115 4015 non
3168 3968 3443 4030 optamus,

1857 4065 2035 4113 morte
2062 4062 2367 4127 pmventus
2391 4053 2579 4121 fuerit,
2613 4069 2730 4110 non
2757 4052 2971 4109 dubitet
2992 4061 3171 4109 vestra
3200 4052 3449 4109 fraterni-

1855 4159 1938 4205 tas
1962 4166 2129 4222 quam
2157 4164 2282 4205 vera
2303 4148 2619 4219 pmnitentia
2645 4162 2882 4219 veraque
2907 4145 3205 4204 satisfactio
3232 4161 3448 4218 prome.

1854 4252 2008 4300 retur
2034 4242 2397 4298 absolutionis
2426 4239 2760 4296 medicinam
2788 4239 3120 4310 impendere.

1925 4338 2069 4392 Data
2092 4334 2360 4403 Triburis,
2382 4348 2447 4391 ιν
2468 4333 2599 4389 Kal.
2627 4331 2980 4403 Septembris.

2520 4449 2785 4504 XXVIII.

136 4549 463 4624 querenda.
494 4553 609 4606 Vos
635 4559 823 4607 autem
858 4550 1086 4606 Domini
1129 4550 1441 4623 [Annalista
1487 4554 1638 4608 Samo
1667 4554 1740 4607 le-

1865 4570 2103 4637 Gregorz’i
2142 4569 2251 4625 VII
2286 4560 2971 4637 epistola'adWillelmum
2999 4578 3194 4637 regem
3231 4561 3443 4634 Anglo—

135 4648 200 4713 gi
242 4663 263 4695 :
321 4641 684 4713 dilectissimi]
745 4644 838 4715 qui
879 4642 1155 4715 justitiam
1206 4643 1307 4699 Dei
1352 4659 1454 4699 nec
1501 4661 1601 4716 pro
1651 4660 1743 4700 re-

134 4737 226 4810 gia
270 4736 671 4808 indignatione,
714 4752 815 4792 nec
855 4751 953 4807 pro
993 4737 1181 4808 aliquo
1224 4738 1463 4807 periculo
1492 4737 1743 4795 deserere

135 4829 419 4893 voluistis,
458 4828 760 4897 fatuitates,
805 4846 929 4903 quae
970 4829 1039 4886 de
1078 4829 1451 4886 exsecratione
1482 4839 1535 4886 et
1577 4846 1743 4887 men-

136 4922 305 4981 dacio
346 4923 828 4980 annuntiabuntur
855 4925 913 4979 in
942 4924 1420 4980 consummatione
1454 4924 1742 4996 parvipen-

137 5017 357 5086 dentes,
391 5016 620 5073 viriliter
659 5025 796 5073 state
841 5025 896 5073 et
936 5016 1329 5073 confortamini
1372 5018 1427 5072 in
1481 5018 1742 5086 Domino,

137 5111 378 5168 scientes
399 5109 549 5182 quod
579 5110 727 5166 illius
753 5119 964 5181 partem
992 5110 1283 5167 defenditis
1321 5112 1415 5183 qui
1454 5112 1741 5182 insupera-

139 5203 272 5261 bilis
298 5219 392 5260 rex
416 5211 521 5272 est,
547 5211 605 5260 et
630 5204 953 5276 magniﬁcus
978 5204 1379 5276 triumphator,
1403 5204 1745 5277 judicaturus

144 5298 301 5355 vivos
323 5307 381 5355 et
405 5307 683 5367 mortuos,
700 5298 937 5356 reddens
956 5298 1253 5372 unicuique
1274 5299 1577 5356 sectmdum
1608 5317 1745 5373 opus

145 5405 330 5448 suum.
361 5394 444 5448 De
464 5392 621 5467 cujus
645 5392 970 5450 multimoda
996 5392 1374 5463 retributione,
1411 5401 1467 5450 et
1485 5409 1582 5450 vos
1610 5394 1743 5450 certi

148 5498 269 5541 esse
317 5486 589 5559 poteritis,
629 5487 677 5542 si
718 5501 890 5559 usque
920 5487 979 5542 in
1012 5485 1183 5543 ﬁnem
1230 5486 1414 5544 ﬁdeles
1459 5495 1516 5543 et
1542 5489 1743 5544 incon-

153 5578 295 5635 cassi
332 5580 396 5635 in
440 5579 559 5653 ejus
586 5580 816 5637 veritate
845 5579 1207 5652 perstiteritis.
1239 5582 1461 5653 Propter
1502 5581 1652 5655 quod
1693 5589 1746 5638 et

152 5685 255 5727 nos
304 5674 641 5729 incessanter
680 5689 778 5745 pro
820 5673 977 5730 vobis
1022 5690 1277 5748 rogamus
1318 5678 1518 5746 Deum,
1552 5683 1613 5733 ut
1653 5675 1745 5731 det

156 5763 311 5822 vobis
338 5765 682 5822 corroborari
711 5781 808 5837 per
835 5766 1097 5837 Spiritum
1134 5778 1382 5827 sanctum
1423 5770 1481 5824 in
1520 5767 1746 5824 nomine

156 5856 291 5927 ejus,
334 5866 395 5914 et
436 5866 725 5917 convertat
751 5874 848 5916 cor
883 5860 1031 5933 regis
1071 5862 1143 5921 ad
1171 5862 1568 5937 panitentiam,
1599 5869 1663 5917 ut
1689 5869 1746 5917 et

1924 4634 2066 4694 rum.
2098 4669 2169 4679 —
2207 4642 2280 4694 De
2307 4634 2569 4704 Simonia,
2616 4636 2861 4695 luxuria,
2902 4637 2951 4688 et
2978 4634 3305 4703 depositione
3354 4638 3443 4693 Jo-.

1924 4710 2352 4837 hieniloDOIensis
2400 4709 2651 4779 episcopi,
2712 4711 2763 4761 et
2791 4705 3131 4761 ordinatione
3168 4707 3338 4764 Oveni
3386 4710 3444 4762 in

1923 4798 2037 4851 ejus
2111 4798 2249 4837 cum.

2456 4880 2841 4951 (Ann01076.)

2247 4991 2492 5066 [Mansn
2514 4992 2707 5049 Concil.
2736 4992 2877 5058 XX,
2907 4994 3057 5059 888.]

1924 5111 2290 5167 GnsGonms
2309 5109 2613 5181 episcopus,
2635 5122 2823 5163 servus
2840 5122 3126 5162 servorum
3145 5107 3269 5174 Dei,
3282 5108 3449 5164 excel-

1852 5204 2154 5261 lentissimo
2178 5203 2291 5259 ﬁlio
2323 5204 2416 5258 W.
2449 5201 2690 5274 glorioso
2730 5200 2843 5274 regi
2867 5201 3191 5274 Anglorum,
3215 5200 3446 5257 salutem

1853 5305 1908 5355 et
1926 5298 2292 5369 apostolicam
2321 5295 2784 5353 benedictionem.

1924 5393 2283 5464 Compertum
2339 5406 2457 5447 esse
2497 5388 2805 5446 celsitudini
2844 5395 2954 5445 tum
2986 5403 3097 5444 non
3130 5386 3449 5445 dubitamus

1854 5485 2003 5560 quod
2034 5485 2215 5541 dictus
2245 5483 2532 5556 episcopus
2573 5481 2827 5539 Dolensis
2864 5482 3141 5548 Ecclesia,
3182 5496 3305 5553 qua
3337 5482 3453 5539 Bri-

1852 5579 2085 5635 tannica:
2113 5577 2404 5649 provinciae
2430 5574 2744 5649 principalis
2768 5580 2853 5630 est
2884 5574 3063 5644 sedes,
3094 5590 3210 5631 sum
3263 5575 3451 5631 salutis

1855 5674 2178 5739 immemor,
2219 5680 2273 5727 et
2301 5680 2619 5727 sanctorum
2660 5671 2943 5723 canenum
2982 5668 3196 5726 decreta
3225 5668 3449 5722 concul-

1855 5783 2010 5835 cans,
2044 5763 2297 5821 eamdem
2335 5764 2637 5821 Ecclesiam
2665 5773 2765 5832 per
2788 5758 3169 5821 Simoniaeam
3201 5758 3452 5814 haeresim

1854 5859 2200 5935 impudenter
2250 5857 2532 5921 invaserit,
2578 5859 2633 5907 et
2674 5847 2893 5920 prolixo
2938 5851 3060 5921 iam
3092 5862 3335 5919 tempore
3362 5866 3462 5923 op-
