4044 6186
522 256 627 309 6Ίῦ

1467 244 1522 301 S.
1563 243 1885 301 GREGORII
1922 242 2010 298 Vil
2048 243 2244 299 ΡΑΡᾹΞ
2281 240 2556 297 OPERUM
2592 240 2764 297 PARS
2804 240 2866 296 ll.

3699 242 3797 295 676

524 364 787 450 presserit
811 375 1101 433 violenter.
1135 370 1291 428 Datis
1318 384 1561 441 namque
1587 368 1776 424 comiti
1806 367 1986 423 Alano
2028 382 2116 423 co-
2143 372 2195 435 Α
2224 367 2317 424 sia
2347 366 2623 439 episcopo,
2651 366 2876 437 suisque
2899 363 3325 431 successoribus,
3352 363 3585 420 salutem
3608 370 3661 419 et
3679 378 3804 435 apo-

523 472 689 545 piosis
716 470 1057 536 muneribus,
1098 480 1220 537 qua
1262 478 1434 536 usque
1463 462 1622 518 hodie
1674 461 1743 517 ad
1769 460 2113 535 fprobamen-

524 572 642 622 tum
686 563 837 636 prius
869 559 1130 632 nequitia
1171 558 1230 613 in
1258 556 1547 630 propatulo
1590 563 1825 622 exstant,
1859 571 1970 611 non
2020 570 2116 625 per

523 659 727 715 ostium
753 656 809 711 in
841 654 981 711 ovile
1018 650 1242 720 Christi,
1287 651 1383 708 sed
1422 658 1486 706 ut
1512 648 1602 706 fur
1644 657 1700 705 et
1731 651 1870 705 latro
1896 647 2115 704 aliunde

521 750 765 822 irrepsit;
805 747 897 821 qui
927 746 1096 803 etiam
1126 762 1227 802 nec
1269 744 1378 801 hoc
1406 744 1610 801 scelere
1647 751 1964 809 contentus,
2005 741 2113 797 ini—

521 844 789 916 quitatem
817 858 984 915 super
1027 840 1372 913 iniquitatem
1409 838 1685 911 apposuit,
1734 846 1790 893 et
1829 835 1987 909 quasi
2026 836 2111 891 Si-

520 937 839 994 moniacum
860 951 980 992 esse
1020 950 1213 1007 parum
1245 942 1301 989 et
1328 949 1428 1006 pro
1457 932 1629 989 nihilo
1679 931 1987 1003 deputaret,
2015 930 2111 987 Ni-

519 1032 713 1089 colaita
756 1046 973 1104 quoque
1011 1028 1133 1085 ﬁeri
1181 1027 1477 1085 festinavit.
1528 1018 1669 1083 Nam
1722 1026 1777 1081 in
1831 1024 1951 1096 ipso
2000 1032 2111 1079 tam

517 1124 818 1199 perniciose
858 1124 1055 1196 adepto
1102 1122 1420 1194 episcopatu
1453 1120 1659 1192 nuptiis
1708 1118 1918 1190 publice
1967 1117 2113 1173 cele-

520 1218 713 1287 bratis,
755 1227 998 1275 scortum
1034 1217 1215 1288 potius
1261 1230 1427 1287 quam
1466 1228 1720 1287 sponsam
1764 1212 1963 1267 ducere
1998 1227 2113 1266 non

521 1313 763 1381 erubuit,
807 1328 869 1367 ex
893 1326 998 1383 qua
1027 1318 1081 1366 et
1108 1294 1248 1365 filios
1276 1308 1601 1381 procreavit,
1633 1315 1693 1361 ut
1734 1305 1822 1377 qui
1845 1306 1961 1378 jam
1999 1304 2110 1376 spi—

522 1408 691 1464 ritum
734 1421 898 1461 suum
952 1405 1263 1460 animarum
1306 1400 1613 1473 corruptori
1666 1416 1762 1472 per
1801 1399 2113 1455 Simoniaca

523 1499 859 1558 commercia
891 1498 1264 1571 prostituerat,
1286 1512 1382 1568 per
1397 1495 1561 1553 foeda
1587 1492 1822 1549 libidinis
1839 1492 2112 1549 incestum

480 1660 483 1663 η
523 1608 721 1666 corpus
749 1608 911 1649 suum
940 1592 1013 1647 ita
1042 1592 1097 1647 in
1125 1588 1516 1647 contumeliam
1556 1587 1775 1645 diabolo
1822 1603 2113 1642 consecra-

524 1694 629 1755 ret,
668 1694 725 1743 et
753 1686 833 1742 sic
872 1686 927 1743 in
955 1700 1021 1742 eo
1049 1686 1233 1741 nullus
1280 1685 1432 1741 locus
1472 1690 1779 1754 superesset
1808 1680 2112 1749 Conditori,

2220 461 2468 517 stolicam
2496 458 2957 516 benedictionem.

2294 557 2551 626 Superna
2591 553 2961 610 miserationis
2986 560 3235 623 respectu
3267 552 3336 609 ad
3366 550 3471 608 hoc
3499 550 3805 609 universalis

2222 648 2475 704 Ecclesia
2528 662 2718 707 curam
2763 647 3103 719 suscepimus
3136 655 3192 703 et
3240 645 3524 719 apostolici
3560 644 3827 701 modera-r

2224 743 2383 797 minis
2424 741 2845 799 sollicitudinem
2893 741 3137 813 gerimus
3177 749 3239 795 ut
3274 741 3432 813 justis
3474 739 3805 813 precantium

2224 836 2361 892 votis
2392 836 2668 892 faveamus
2696 845 2751 891 et
2787 843 2978 892 nostro
3027 834 3314 891 libramine
3354 834 3535 891 charis
3562 833 3809 890 omnibus

2222 931 2280 985 in
2307 929 2628 985 necessitate
2658 928 2873 1002 positis,
2903 937 3167 1001 quantum
3191 933 3310 985 Deo
3348 928 3588 985 donante
3618 942 3806 1001 possu-

2222 1040 2367 1089 mus,
2395 1022 2687 1079 subvenire
2716 1022 3033 1080 debeamus.
3081 1022 3318 1079 Proinde
3340 1021 3493 1094 juxta
3523 1037 3811 1095 personam

2224 1127 2373 1173 tuam
2404 1117 2641 1173 ecclesia
2678 1116 2819 1174 beati
2853 1117 3122 1186 Autberti,
3172 1115 3487 1188 bujusmodi
3532 1115 3811 1187 privilegio

2221 1210 2659 1282 auctoritatisque
2704 1219 2907 1268 nostra
2950 1209 3175 1267 decreto
3218 1209 3579 1280 indulgemus,
3624 1225 3812 1266 conce-

2221 1305 2404 1361 dimus
2441 1314 2601 1378 atque
2632 1306 2937 1371 ﬁrmamus,
2969 1312 3271 1361 statuentes
3300 1305 3508 1361 nullum
3538 1320 3810 1361 successov

2221 1416 2342 1455 rum
2380 1408 2637 1469 tuorum,
2682 1399 2893 1455 nulltun
2938 1414 3155 1471 quoque
3198 1398 3458 1471 dignitate
3494 1398 3808 1471 praditum,

2222 1495 2305 1549 vel
2348 1509 2619 1567 quemque
2660 1493 2851 1555 alium,
2899 1492 2967 1549 de
3012 1492 3099 1549 bis
3144 1508 3269 1565 qua
3297 1491 3473 1548 eidem
3527 1490 3812 1547 venerabili

2222 1588 2555 1645 monasterio
2586 1604 2617 1643 a
2648 1598 2699 1644 te
2722 1588 2804 1643 vel
2836 1603 2866 1641 a
2894 1586 3225 1659 quibuslibet
3251 1585 3572 1643 hominibus
3594 1587 3662 1644 de
3690 1602 3812 1658 pro-

2224 1682 2339 1754 prio
2359 1681 2481 1754 jure
2502 1682 2621 1754 jam
2658 1682 2857 1738 donata
2887 1682 3018 1749 sint,
3052 1680 3135 1737 vel
3181 1682 3237 1736 in
3266 1679 3533 1749 futurum,
3562 1684 3683 1737 Deo
3713 1682 3814 1737 mi-

519 1796 687 1854 quem
708 1780 856 1837 intus
884 1778 1234 1851 exteriusque:
1256 1777 1557 1850 obligatum
1580 1784 1759 1832 totum
1790 1774 1893 1831 sibi
1917 1773 2110 1830 adver-
2145 1766 2192 1828 B
2223 1785 2458 1843 serante,
2497 1775 2656 1832 allata
2708 1775 2928 1845 fuerint,
2977 1776 3078 1832 sub
3132 1774 3420 1848 cujuslibet
3452 1791 3633 1832 causa
3660 1792 3816 1832 occa-

519 1874 691 1932 sarius
718 1890 831 1930 non
870 1873 1211 1930 vindicasset.
1244 1874 1358 1929 Nec
1394 1880 1585 1927 tamen
1628 1870 1909 1941 hucusque
1953 1869 2109 1924 mali-

517 1969 608 2026 tia
633 1976 863 2025 conatus
884 1967 1147 2033 substitit,
1179 1965 1277 2023 sed
1316 1964 1727 2022 atrocissimum
1754 1962 1963 2019 facinus
1992 1970 2109 2018 tur-

518 2061 909 2134 pissimumque
956 2060 1225 2133 ﬂagitium
1288 2058 1564 2115 horrendo
1612 2058 1776 2114 etiam
1836 2056 2113 2128 sacrilegio

519 2155 838 2211 cumulavit.
868 2157 1013 2210 Nam
1059 2152 1275 2209 adultas
1318 2168 1386 2209 ex
1429 2151 1619 2207 illicito
1663 2150 2017 2207 matrimonio
2046 2149 2111 2204 li-

520 2247 640 2314 lias,
688 2247 908 2320 pradiis
954 2247 1198 2303 ecclesia
1242 2253 1298 2301 et
1342 2244 1650 2301 redditibus
1696 2244 1923 2299 nomine
1970 2242 2112 2298 dotis

519 2341 749 2409 collatis,
781 2348 947 2414 atque
991 2340 1235 2397 alienatis
1274 2339 1478 2395 scelere
1506 2336 1901 2393 immanissimo
1942 2337 2112 2392 mari-

519 2434 673 2493 tavit.
712 2434 818 2490 His
856 2433 1231 2507 iniquitatibus
1275 2440 1586 2504 coopertus,
1631 2430 1884 2488 eamdem
1928 2436 2114 2484 tamen

518 2528 802 2586 ecclesiam
829 2528 1179 2585 dilaceratam
1222 2524 1657 2596 dissipatamque
1686 2523 1730 2579 si
1761 2522 1920 2578 liceat
1951 2522 2111 2577 incu-

520 2621 649 2678 bare
672 2620 920 2688 molitur,
951 2618 1153 2692 quibus
1182 2619 1249 2675 de
1278 2618 1459 2675 causis
1485 2616 1751 2673 celsitudo
1780 2623 1875 2672 tua
1902 2616 2114 2671 noverit

519 2715 674 2772 illum
695 2714 813 2787 jam
864 2713 1010 2770 beati
1056 2713 1205 2769 Petri
1256 2711 1487 2785 apostoli
1532 2710 1742 2783 spiculo
1781 2708 2110 2782 perfossum,

520 2815 595 2879 et,
652 2808 755 2865 nisi
796 2806 1016 2864 sceleris
1070 2805 1382 2877 resipuerit,
1434 2804 1783 2860 anathemate
1825 2800 2112 2859 mortifero

518 2917 635 2960 esse
684 2900 1033 2958 damnatum.
1083 2900 1428 2972 Quapropter
1477 2905 1703 2970 paterna
1752 2897 2017 2954 charitate
2060 2904 2113 2953 te

518 2995 836 3065 admonere,
865 3003 922 3051 et
943 3010 1167 3051 causam
1198 2992 1434 3049 breviter
1472 3007 1744 3064 exponere
1779 2991 2111 3057 studuimus,

514 3105 587 3148 ne
630 3089 863 3146 fortasse
908 3103 1004 3160 per
1048 3086 1417 3159 ignorantiam
1463 3094 1577 3143 tam
1620 3085 1844 3141 scelesto
1894 3084 2108 3140 homini

527 3183 721 3241 tandiu
767 3184 825 3239 in
872 3150 1117 3238 tenebris
1162 3181 1276 3237 suis
1322 3179 1519 3253 iacenti
1579 3178 1809 3236 ulterius
1849 3178 2109 3234 auxilium
2148 3150 2192 3212 (ἶ

517 3275 781 3350 prabeas.
823 3292 959 3333 neve
988 3275 1258 3333 scelerum
1287 3274 1400 3345 ejus
1443 3281 1499 3329 te
1543 3271 1868 3345 participem
1921 3271 2104 3337 facias,

516 3371 612 3430 sed
639 3369 754 3429 sedi
783 3369 1115 3443 apostolica,
1144 3368 1455 3440 nostrisque
1480 3366 1706 3424 monitis
1734 3365 1979 3423 modeste
2010 3380 2107 3437 pa-

517 3464 693 3523 rendo
728 3464 883 3522 illum
910 3480 941 3520 a
968 3472 1022 3521 te
1051 3463 1309 3535 repellas;
1344 3461 1429 3519 vel
1450 3460 1617 3518 etiam
1645 3468 1708 3516 ut
1752 3459 1976 3517 tandem
2002 3458 2108 3515 ali-

514 3558 734 3632 quando
756 3558 862 3615 sibi
885 3557 1158 3626 consulat,
1186 3567 1351 3629 atque
1384 3555 1456 3613 ad
1498 3554 1805 3612 remedium
1834 3553 2108 3625 poeniten-

515 3653 606 3710 tia
632 3651 938 3723 confugiat,
975 3650 1176 3708 blande
1208 3647 1515 3717 suadendo,
1539 3647 1584 3704 si
1615 3648 1836 3721 poteris,
1852 3646 2104 3703 inducas.

514 3747 656 3802 Nam
676 3746 812 3801 tales
844 3745 898 3800 in
937 3746 1080 3800 malo
1110 3752 1514 3814 perseverantes
1558 3740 1743 3798 fovere
1765 3750 1822 3797 et
1848 3740 2108 3812 adjuvare

516 3836 649 3894 nihil
674 3845 757 3894 est
798 3836 944 3893 aliud
968 3852 1135 3909 quam
1162 3835 1302 3891 iram
1329 3834 1561 3891 Domini
1591 3843 1781 3890 contra
1822 3850 1881 3890 se
1911 3849 2106 3906 provo-

515 3947 660 3989 care.
708 3934 825 3988 Nos
880 3946 1009 3987 vero
1051 3929 1379 4000 supradicta
1426 3926 1681 3984 Ecclesia
1756 3926 2107 3984 afﬂictionem

514 4025 724 4083 diutius
763 4039 878 4080 non
922 4023 1181 4090 ferentes,
1210 4023 1331 4079 Deo
1385 4020 1707 4092 inspirante,
1761 4020 1935 4075 virum
1984 4019 2107 4078 vita

514 4118 852 4192 probabilem
896 4125 953 4174 et
978 4124 1276 4188 comperta
1319 4113 1603 4186 religionis
1649 4111 1786 4169 inibi
1826 4112 2108 4170 ordinavi-

517 4228 643 4270 mus
694 4222 751 4270 et
793 4210 1253 4276 consecravimus,
1298 4206 1547 4265 videlicet
1579 4210 1639 4265 S.
1680 4206 1897 4264 Melanii
1941 4207 2107 4264 abba-

514 4315 633 4365 tem
664 4306 779 4379 qui,
817 4322 945 4362 cum
994 4304 1065 4360 ob
1104 4302 1240 4360 alias
1266 4318 1458 4359 causas
1494 4316 1632 4375 quas
1680 4302 1955 4374 explicare
1983 4318 2107 4375 pro-

517 4402 693 4459 lixum
733 4409 838 4470 est,
882 4398 954 4457 ad
1006 4413 1109 4455 nos
1146 4397 1402 4465 venisset,
1448 4396 1800 4469 pontiﬁcatus
1862 4412 2003 4453 onus
2040 4414 2107 4453 ex

515 4496 793 4569 insperato
822 4493 1013 4551 subire
1047 4491 1365 4564 compulsus
1392 4499 1494 4546 est.
1524 4492 1609 4546 De
1640 4506 1752 4562 quo
1779 4490 2107 4548 conﬁdimus
2142 4522 2191 4586 Β

516 4592 572 4649 in
597 4593 858 4662 Domino,
877 4590 1001 4664 quia
1021 4588 1091 4659 si,
1116 4597 1179 4645 ut
1197 4587 1569 4646 desideramus
1587 4586 1885 4659 litterisque
1910 4589 2110 4645 nostris

516 4686 886 4757 multipliciter
913 4684 1212 4757 implorare
1238 4682 1573 4751 curavimus,
1608 4681 1915 4754 principum
1947 4691 2110 4740 terra

518 4779 791 4836 bonorum
839 4777 1082 4835 virorum
1143 4777 1379 4849 gratiam
1442 4784 1498 4833 et
1543 4775 1719 4833 studia
1768 4775 1964 4833 habere
1993 4792 2111 4833 me-

516 4872 711 4941 ruerit,
740 4871 985 4929 Domino
1013 4878 1363 4942 cooperante,
1394 4870 1497 4927 sub
1544 4870 1608 4925 B.
1632 4870 1777 4928 Petri
1808 4870 2109 4943 patrocinio

518 4965 802 5024 ecclesiam
830 4966 889 5021 in
907 4964 1103 5022 melius
1123 4964 1469 5021 restaurabit.

1192 5098 1416 5155 XXIX.

662 5204 828 5285 Βαιιά
847 5226 1093 5297 Gregorii
1123 5224 1232 5283 VII
1244 5239 1346 5297 pro
1379 5222 1593 5279 ecclesia
1618 5222 1677 5279 S.
1709 5218 1969 5279 Autberti

1106 5298 1525 5356 Cameracensis.

1121 5418 1302 5481 (Anno
1322 5413 1504 5478 1076.)

518 5517 867 5603 muniam,
898 5529 1197 5600 Chronique
1238 5528 1550 5603 d’Arras_et
1576 5526 1642 5583 de
1667 5526 1946 5603 Cambrai,
1973 5527 2105 5586 edit.

872 5598 1145 5672 Laeni,
1176 5618 1300 5674 pag.
1329 5606 1457 5671 545,
1482 5599 1541 5656 in
1562 5598 1753 5674 notis]

588 5724 958 5781 Gnnbonws
975 5719 1285 5793 episcopus,
1310 5733 1498 5775 servus
1511 5732 1794 5775 servorum
1814 5717 1935 5784 Dei,
1967 5718 2108 5773 Lis-

516 5828 707 5876 anno
734 5818 932 5877 dilecto
961 5815 1018 5874 iu
1064 5813 1282 5873 Christo
1319 5813 1453 5878 ﬁlio,
1484 5812 1888 5871 Cameracensis
1918 5813 2108 5869 Eccle-

2223 1871 2463 1928 sionisve
2509 1870 2705 1943 specie,
2743 1870 3008 1939 minuere,
3067 1870 3152 1926 vel
3181 1868 3415 1937 auferre,
3446 1886 3508 1925 ac
3560 1872 3674 1926 suis
3706 1871 3811 1927 usi-

2222 1966 2325 2024 bus
2351 1965 2618 2038 applicare
2659 1973 2753 2021 aut
2795 1964 2915 2020 aliis
2943 1963 3267 2020 concedere.
3313 1964 3421 2020 Sed
3457 1972 3653 2021 cuncta
3689 1979 3814 2036 qua

2223 2060 2400 2116 oblata
2430 2068 2579 2127 sunt,
2610 2059 2693 2115 vel
2714 2058 2787 2113 ibi
2820 2057 3006 2114 offerri
3037 2058 3400 2130 contigerunt,
3434 2059 3655 2130 perenni
3675 2067 3814 2113 tem-

2222 2170 2352 2225 pore
2399 2153 2607 2226 integra
2655 2169 2687 2210 a
2734 2151 2948 2208 clericis
2987 2152 3088 2208 loci
3126 2151 3269 2208 illius
3309 2160 3365 2208 et
3391 2152 3509 2209 sine
3545 2151 3814 2224 inquietu-

2223 2247 2349 2304 dine
2402 2248 2655 2304 volumus
2720 2246 3005 2318 possideri,
3072 2261 3263 2303 eorum
3318 2246 3543 2318 quidem
3600 2246 3815 2313 usibus,

2224 2358 2320 2413 pro
2345 2357 2583 2413 quorum
2602 2340 3003 2401 sustentatione
3025 2341 3537 2413 gubernationeque
3557 2356 3817 2397 concessa

2222 2443 2350 2490 sunt
2379 2433 2558 2489 modis
2594 2433 2847 2489 omnibus
2876 2433 3189 2506 profutura.
3238 2437 3371 2489 Hac
3413 2434 3578 2506 igitur
3623 2434 3815 2491 omnia

2223 2543 2345 2600 qua
2397 2526 2558 2599 hujus
2587 2526 2826 2599 pradicti
2870 2525 3181 2599 decretique
3219 2526 3393 2583 nostri
3430 2528 3619 2598 pagina
3646 2528 3819 2583 conti-

2222 2630 2315 2677 net
2342 2630 2457 2677 tam
2485 2620 2577 2677 tibi
2629 2637 2795 2693 quam
2837 2622 3046 2677 cunctis
3075 2620 3169 2694 qui
3218 2620 3315 2677 tibi
3368 2620 3717 2677 successerint
3752 2622 3813 2677 in

2222 2726 2547 2787 perpetuum
2575 2715 2846 2773 servando
2881 2714 3253 2772 decernimus.
3291 2715 3344 2771 Si
3385 2716 3507 2787 quis
3545 2730 3669 2771 vero
3698 2714 3811 2787 epi-

2220 2826 2516 2882 scoporum
2539 2817 2635 2865 aut
2672 2809 3021 2877 clericorum,
3053 2808 3136 2865 vel
3170 2808 3515 2876 sacularium
3554 2824 3816 2880 persona-

2221 2920 2345 2960 rum
2375 2903 2519 2959 hanc
2546 2903 2953 2960 constitutionis
2980 2911 3183 2960 nostra
3225 2903 3476 2976 paginam
3505 2918 3812 2975 agnoscens

2220 3007 2410 3054 contra
2448 2997 2629 3053 venire
2675 2997 2987 3068 tentaverit,
3032 2997 3321 3069 potestatis
3350 2996 3685 3070 honorisque
3738 2997 3818 3053 di-

2220 3092 2423 3165 gnitate
2451 3099 2650 3159 careat,
2676 3107 2943 3163 reumqne
2969 3106 3026 3147 se
3055 3090 3242 3147 divino
3280 3091 3485 3165 judicio
3522 3090 3591 3148 de
3630 3106 3818 3163 perpe-

2220 3194 2358 3241 trata
2401 3184 2682 3257 iniquitate
2725 3193 3039 3258 cognoscat,
3082 3192 3135 3241 et
3158 3185 3261 3242 nisi
3303 3200 3426 3257 qua
3470 3185 3540 3241 ab
3568 3185 3661 3241 illo
3690 3193 3821 3241 sunt

2220 3279 2364 3335 mala
2385 3277 2564 3334 ablata
2590 3279 2863 3348 restituat,
2887 3295 2918 3334 a
2960 3278 3307 3336 sanctissimo
3338 3294 3567 3351 corpore
3602 3295 3667 3335 ac
3693 3294 3819 3335 san-

2218 3374 2377 3446 guine
2416 3373 2513 3429 Dei
2544 3372 2765 3429 Domini
2794 3371 3192 3445 Redemptoris
3220 3374 3396 3430 nostri
3427 3375 3559 3429 Jesu
3588 3373 3816 3440 Christi,

2217 3468 2428 3523 alienus
2466 3466 2580 3536 ﬁat,
2611 3475 2777 3540 atque
2806 3466 2863 3522 in
2902 3476 3108 3523 aterno
3139 3467 3394 3524 examine
3442 3466 3711 3523 districta
3743 3468 3819 3524 ul-

2218 3561 2347 3617 tioni
2378 3561 2675 3634 subjaceat.
2708 3561 2932 3617 Cunctis
2955 3569 3140 3618 autem
3166 3560 3344 3617 eidem
3369 3561 3491 3618 loco
3515 3560 3664 3634 justa
3707 3576 3818 3618 ser-

2217 3656 2467 3711 vantibus
2504 3656 2576 3712 sit
2604 3671 2706 3728 pax
2732 3653 2960 3711 Domini
2985 3654 3163 3712 nostri
3200 3658 3330 3712 Jesu
3375 3654 3599 3720 Christi,
3627 3664 3691 3711 ut
3730 3654 3821 3712 hic

2219 3748 2460 3805 fructum
2492 3748 2653 3805 bona
2674 3747 2898 3805 actionis
2928 3748 3207 3819 recipiant,
3238 3757 3293 3805 et
3319 3748 3466 3821 apud
3494 3748 3818 3805 districtum

2211 3842 2453 3915 judicem
2484 3841 2713 3915 pramia
2735 3850 2955 3900 aterna
2976 3842 3121 3914 pacis
3156 3840 3455 3899 inveniant.

2288 3939 2495 3993 Datum
2519 3937 2808 3993 Lateranis
2835 3935 3121 3994 Kalendas
3148 3936 3479 3995 Novembris
3498 3951 3595 4009 per
3620 3951 3820 3994 manus

2216 4030 2387 4099 Petri,
2428 4039 2633 4088 sancta
2671 4033 2942 4088 Romana
2992 4030 3244 4090 Ecclesia
3300 4030 3604 4105 presbyteri
3641 4030 3817 4087 cardi-

2216 4124 2358 4181 nalis
2391 4140 2454 4181 ac
2491 4124 2912 4194 bibliothecarii,
2945 4140 3092 4182 anno
3137 4140 3205 4183 1v
3235 4125 3591 4197 pontiﬁcatus
3614 4122 3819 4182 domui

2219 4217 2471 4290 Gregorii
2487 4232 2660 4290 papa.
2916 4289 3089 4345 XXX

2220 4384 2469 4454 Gregorii
2500 4382 2604 4439 VII
2629 4380 2853 4453 epistola
2878 4380 2952 4438 ad
2999 4386 3310 4441 Germanos.
3342 4412 3412 4424 --
3448 4384 3737 4454 Signiﬁcat
3766 4400 3819 4442 se

2290 4456 2403 4509 ideo
2464 4455 2760 4509 accelerare
2819 4455 2892 4509 ad
2949 4470 3036 4509 eos
3076 4457 3179 4508 iter
3226 4458 3477 4512 statuisse
3542 4463 3605 4511 ut
3642 4460 3820 4527 possit

2290 4526 2377 4579 die
2426 4532 2459 4581 8
2527 4528 2782 4579 Januarii
2836 4529 3021 4592 (1077)
3072 4528 3317 4583 Mantues
3379 4543 3506 4584 esse.
3585 4525 3825 4586 Mando:

2290 4601 2477 4652 curent
2504 4601 2567 4651 ut
2597 4597 2720 4653 bene
2748 4598 3061 4668 recipiatur.

2817 4694 3000 4757 (Anno
3033 4696 3215 4759 1076.)

2604 4781 2856 4850 [MANSI,
2882 4781 3077 4837 Concil.
3098 4781 3238 4849 ΧΧ,
3270 4776 3420 4853 879.]

2288 4873 2678 4942 Gnacoams,
2704 4888 2892 4931 servus
2917 4888 3200 4931 servorum
3226 4874 3344 4939 Dei,
3370 4872 3821 4948 archiepiscopis,

2215 4968 2505 5040 episcopis,
2546 4967 2803 5038 ducibus,
2846 4967 3161 5039 comitibus,
3213 4983 3318 5025 nec
3344 4984 3462 5031 non
3506 4968 3821 5041 majoribus

2214 5070 2271 5117 et
2310 5061 2615 5119 minoribus
2666 5061 2725 5118 in
2749 5062 2948 5133 [regno
2999 5062 3430 5119 Teutonicorum
3467 5063 3818 5133 constitutis,

2214 5154 2448 5212 salutem
2470 5156 2526 5213 et
2552 5154 2909 5229 apostolicam
2934 5154 3398 5214 benedictionem.

2285 5252 2421 5317 Nos,
2450 5257 2506 5305 et
2549 5248 2756 5321 indigni
2799 5256 2854 5305 et
2882 5249 3096 5307 inutiles
3137 5250 3401 5323 principis
3427 5249 3820 5323 apostolorum

2215 5342 2380 5411 servi,
2418 5343 2712 5401 statuimus
2748 5341 2821 5400 ad
2856 5358 2954 5401 vos
2983 5343 3164 5417 divina
3188 5345 3491 5402 auxiliante
3518 5344 3820 5404 clementia

2215 5436 2417 5504 venire,
2445 5444 2501 5492 et
2530 5444 2918 5509 postponentes
2947 5438 3197 5496 omnium
3219 5439 3466 5498 ﬁdelium
3485 5448 3818 5497 nostrorum

2216 5530 2527 5599 consilium,
2579 5530 2652 5585 ita
2699 5529 3096 5603 profectionem
3124 5541 3374 5591 nostram
3416 5540 3699 5591 maturare
3744 5541 3814 5590 ut

2217 5639 2278 5680 vr
2352 5621 2483 5681 ldus
2554 5625 2799 5682 Januarii
2840 5626 3010 5700 apud.
3038 5666 3054 5685 .
3083 5667 3102 5685 .
3128 5667 3145 5685 .
3178 5666 3191 5682 .
3224 5667 3242 5686 .
3273 5665 3292 5685 .
3379 5627 3611 5685 velimus
3665 5642 3818 5694 esse,

2217 5726 2396 5776 vestra
2442 5717 2665 5791 quidem
2710 5720 2990 5779 voluntate
3049 5729 3107 5780 et
3160 5720 3458 5792 desiderio,
3498 5731 3563 5779 ut
3607 5720 3817 5779 ﬁducia

2217 5812 2464 5884 probata
2489 5812 2616 5871 ﬁdei
2643 5829 2980 5888 quacunque
3003 5830 3219 5888 aspera,
3254 5822 3310 5875 et
3346 5816 3392 5873 si
3437 5813 3817 5875 necessarium
