4044 6164
131 175 241 227 677

1072 172 1416 241 EPISTOL/E
1451 173 1672 230 EXTRA
1712 174 2094 230 REGISTRUM
2130 174 2509 231 VAGANTES.

3330 189 3433 242 678
3478 198 3486 213 ‘

126 298 324 365 fuerit,
361 296 541 368 ipsam
594 293 927 354 effusionem
979 298 1264 371 sanguinis
1318 315 1420 370 pro
1474 298 1731 357 libertate
1759 306 1810 368 Α
1838 300 2290 367 Gerardus,tunc
2317 299 2624 372 episcopus,
2644 309 2832 372 postea
2846 306 3117 363 Romanae
3139 305 3287 365 sedis
3309 323 3431 379 pon-

128 390 394 446 Ecclesiaa
435 397 638 445 sanctae
677 398 734 445 et
770 391 946 447 salute
980 391 1217 463 imperii,
1267 408 1400 464 pura
1428 401 1485 449 et
1513 393 1727 449 sincera

128 483 447 541 intentione
469 482 655 539 subire
684 500 798 540 non
826 484 1164 542 dubitemus.
1189 488 1371 543 Vestri
1401 503 1529 559 ergo
1560 487 1729 543 studii

128 579 202 634 sit
222 577 300 634 de
328 578 652 650 exceptione
676 586 733 635 et
763 578 983 635 servitio
1012 590 1204 636 nostro
1244 595 1591 653 praemonere
1614 597 1731 650 eos,

126 688 272 744 quos
300 670 595 743 prudentia
625 679 803 728 vestra
832 672 1151 746 cognoverit
1177 673 1233 730 id
1263 690 1441 745 posse,
1487 683 1544 731 et
1566 674 1729 731 nobis

122 766 348 823 debere.
405 768 488 823 Sit
515 765 687 822 etiam
746 766 906 823 studii
948 768 1107 823 vestri
1156 784 1252 840 per
1299 777 1479 839 partes
1517 778 1728 826 vestras

120 875 324 932 pacem
367 859 610 927 ﬁrmare,
660 867 723 916 ut
770 861 1091 917 intentionis
1142 870 1347 919 nostrae
1384 864 1727 935 propositum

122 953 266 1009 nihil
314 954 587 1025 impedire
626 955 821 1026 possit.
873 955 1022 1023 Quot
1073 964 1128 1011 et
1174 964 1407 1028 quantas
1457 957 1729 1013 collucta-

118 1048 305 1105 tiones
360 1064 489 1105 cum
530 1050 741 1104 nuntiis
787 1049 950 1121 regiis
988 1049 1379 1118 habuerimus,
1435 1058 1493 1107 et
1534 1050 1728 1122 quibus

121 1142 440 1199 rationibus
503 1142 668 1199 dictis
733 1158 929 1199 eorum
976 1143 1402 1212 obviaverimus,
1461 1144 1727 1216 quidquid

120 1236 321 1293 deesse
349 1235 566 1292 videtur
603 1236 820 1305 litteris,
860 1236 1065 1293 latores
1094 1254 1288 1294 earum
1330 1238 1547 1309 plenius
1571 1238 1726 1311 judi-

118 1330 356 1387 cabunt.
415 1330 646 1400 Quibus,
687 1331 830 1387 sicut
883 1331 951 1387 de
982 1329 1068 1399 iis,
1108 1347 1232 1404 quae
1280 1331 1444 1388 beato
1472 1334 1635 1388 Petro
1674 1339 1730 1388 et

120 1424 292 1481 nobis
320 1425 673 1496 promisistis,
704 1424 1085 1482 indubitanter
1109 1426 1411 1495 credimus,
1437 1426 1510 1483 ita
1542 1443 1637 1482 vos
1656 1426 1727 1484 de

120 1517 234 1585 his,
274 1534 407 1591 qua:
434 1534 503 1576 ex
535 1527 730 1576 nostra
759 1528 917 1592 parte
936 1519 1198 1590 dixerint,
1226 1520 1391 1577 nobis
1419 1521 1726 1578 certissime

122 1612 389 1669 volumus
415 1612 661 1671 credere.

824 1716 1049 1776 XXXI.

130 1820 373 1891 Gregorii
418 1821 521 1879 VII
555 1821 778 1892 epistola
820 1823 895 1877 ad
943 1824 1250 1880 Germanos.
1297 1851 1369 1863 --
1406 1824 1640 1882 Nuntiat
1671 1838 1725 1879 se

196 1898 380 1949 contra
421 1895 755 1949 voluntatem
796 1900 846 1949 et
886 1896 1171 1950 consilium
1214 1897 1571 1951 Romanorum
1622 1898 1724 1949 iter

198 1966 271 2090 ἓᾹᾶ
287 1981 381 2047 eos
410 1964 619 2021 habere.
651 1968 914 2021 Hortatur
943 1967 1070 2021 dent
1097 1968 1312 2037 operam
1346 1972 1405 2023 ut
1442 1983 1525 2023 eos
1549 1968 1723 2039 possit

276 2053 371 2090 ire.

276 2053 351 2091 πε
358 2077 371 2091 .

734 2108 917 2181 (Anno
939 2114 1123 2175 1076.)

520 2207 770 2281 [Μηει.
797 2212 992 2267 Concil.
1016 2212 1154 2279 XX,
1191 2215 1333 2281 383.]

199 2311 556 2369 Gsseonms
583 2314 888 2385 epiSCOpuS,
912 2331 1101 2371 servus
1131 2331 1418 2369 servorum
1449 2312 1573 2380 Dei,
1606 2329 1721 2371 om-

145 2403 289 2460 nibus
314 2406 764 2477 archiepiSCOpis,
795 2407 1090 2478 episcopis,
1118 2406 1433 2473 abbatibus,
1465 2406 1719 2477 ducibus,

148 2497 568 2564 marchionibus,
604 2499 925 2568 comitibus,
958 2500 1322 2571 omnibusque
1342 2499 1719 2556 Christianam

149 2594 275 2647 etB.
302 2594 475 2659 Petri,
510 2594 891 2664 apostolorum
921 2594 1207 2665 principis,
1236 2594 1401 2650 ﬁdem
1432 2602 1488 2649 et
1514 2594 1720 2650 doctri-

149 2700 264 2742 nam
287 2685 726 2756 defendentibus,
767 2696 821 2745 et
837 2687 1259 2744 observantibus
1284 2687 1341 2743 in
1370 2687 1522 2744 omni
1554 2703 1720 2760 regno

148 2780 579 2850 Teutonicorum,
619 2782 854 2838 salutem
901 2790 957 2837 et
1004 2781 1293 2839 beatorum
1338 2780 1719 2853 apostolorum

147 2874 272 2930 Petri
291 2884 343 2931 et
362 2874 521 2932 Pauli
542 2876 986 2933 benedictionem
1011 2885 1067 2933 et
1092 2877 1348 2933 omnium
1371 2883 1719 2948 peccatorum

146 2967 552 3026 absolutionem.

203 3063 313 3137 Ego
339 3064 730 3138 qualiscunque
759 3063 1011 3122 sacerdos
1039 3064 1414 3138 apostolorum
1454 3063 1717 3136 principis
1750 3076 1797 3141 ρ

138 3172 345 3227 servus,
402 3167 596 3215 contra
643 3158 987 3215 voluntatem
1018 3168 1073 3215 et
1110 3159 1403 3215 consilium
1434 3160 1717 3214 Romano-

136 3265 277 3321 rum,
306 3252 589 3310 conﬁdens
617 3252 685 3310 de
711 3252 1087 3310 misericordia
1117 3253 1217 3309 Dei
1256 3260 1310 3309 et
1335 3268 1459 3309 vera
1494 3251 1603 3307 ﬁde
1632 3268 1717 3307 ca-

130 3345 346 3416 tholica,
367 3346 526 3403 venio
555 3345 628 3403 ad
661 3363 779 3415 vos,
812 3355 1030 3420 paratus
1070 3355 1294 3419 propter
1321 3346 1587 3402 honorem
1611 3345 1715 3400 Dei

127 3448 177 3496 et
200 3443 440 3498 salutem
470 3442 787 3498 animarum
816 3450 1127 3497 vestrarum
1155 3448 1399 3496 mortem
1429 3438 1635 3510 subire,
1657 3446 1718 3495 ut

123 3550 220 3606 per
252 3536 458 3592 multas
488 3535 874 3591 tribulationes
908 3535 1222 3601 tendamus,
1248 3541 1303 3590 et
1331 3532 1718 3605 perveniamus

124 3629 192 3686 ad
220 3630 487 3702 requiem.
518 3632 631 3687 Vos
664 3637 871 3697 autem,
903 3628 1098 3685 fratres
1127 3629 1236 3684 mei
1276 3627 1636 3695 dilectissimi,
1664 3633 1719 3682 et

124 3722 597 3792 desideratissimi,
639 3739 988 3795 summopere
1028 3731 1217 3779 curate
1258 3731 1321 3778 ut
1347 3736 1443 3777 vos
1486 3721 1715 3793 possim,

122 3818 249 3873 Deo
266 3817 577 3885 auxiliante,
594 3816 771 3888 adire,
794 3816 1059 3890 vobisque
1071 3816 1130 3872 in
1156 3815 1415 3872 omnibus
1434 3813 1715 3887 prodesse.

120 3909 430 3969 Benedicat
453 3928 551 3968 vos
580 3912 674 3969 ille
709 3926 777 3968 ex
823 3910 979 3984 cujus
1008 3912 1181 3984 gratia
1217 3909 1429 3967 dictum
1464 3916 1546 3965 est
1580 3907 1718 3964 mihi

117 4006 187 4063 ad
236 4022 441 4080 corpus
491 4005 638 4063 beati
688 4005 838 4064 Petri
885 4004 944 4060 in
988 4004 1078 4061 die
1114 4002 1477 4060 ordinationis
1520 4017 1661 4058 meae
1700 4022 1713 4058 :

118 4100 504 4173 Quodcunque
534 4099 882 4157 benedixeris
907 4097 1264 4156 benedictum
1293 4096 1418 4167 erit,
1449 4103 1504 4152 et
1536 4094 1718 4169 quod-

118 4211 338 4269 cunque
399 4194 630 4253 solveris
688 4194 750 4251 in
802 4202 953 4251 terra
1004 4192 1110 4250 erit
1162 4191 1407 4249 solutum
1452 4190 1507 4248 in
1556 4191 1715 4247 coelo.

118 4291 330 4348 Amen.

1754 1680 1804 1746 B

1837 392 1991 461 tifex,
2028 394 2359 465 rescriptum
2390 407 2508 449 esse
2531 404 2769 462 constat,
2802 396 2885 453 vel
2912 407 3106 455 vestrm
3128 401 3433 460 canonica.

1835 489 2019 558 Quam
2046 489 2257 543 scilicet
2273 489 2598 545 canonicam
2628 491 2920 561 tuendam,
2949 501 3005 550 et
3031 493 3433 553 defendendam

1835 596 1929 652 per
1965 581 2222 637 eamdem
2250 582 2506 653 paginam
2554 583 2669 655 ipse
2714 594 2891 642 vester
2934 587 3253 661 episcopus,
3297 605 3431 646 san—

1835 674 2065 730 ctissimi
2094 675 2515 747 praedecessoris
2540 678 2650 734 mei
2676 679 2875 735 Leonis
2902 696 3073 752 papae,
3095 697 3432 756 suorumque

1834 784 2213 825 successorum
2260 770 2577 825 auctoritati
2616 772 2898 840 tuendam,
2930 783 2987 829 et
3015 773 3429 833 defendendam

1836 863 2137 931 commisit,
2180 872 2343 935 atque
2376 864 2682 936 supposuit,
2716 874 2777 921 ut
2819 867 3012 939 quieti,
3045 878 3100 925 et
3132 872 3315 931 securi
3360 870 3430 927 ab

1834 956 1988 1011 omni
2020 957 2244 1013 laesione
2275 973 2599 1028 permanere
2627 958 2877 1015 valeatis.
2916 960 3197 1019 Desiderio
3218 964 3428 1037 itaque,

1834 1066 1897 1105 ac
1920 1050 2183 1122 petitione
2222 1058 2343 1117 tua,
2371 1059 2432 1107 ut
2461 1051 2722 1122 diximus,
2764 1053 3034 1121 inclinati,
3078 1064 3135 1111 et
3162 1060 3429 1130 praeposi-

1833 1152 1975 1212 tum,
2016 1152 2181 1217 atque
2217 1160 2558 1201 successores
2599 1146 2930 1203 canonicam
2968 1149 3141 1205 vitam
3170 1149 3432 1209 ducturos

1832 1238 1934 1294 sub
1959 1247 2163 1294 nostrae
2203 1240 2523 1311 apostolicae
2553 1239 2897 1297 defensionis
2918 1242 3232 1299 munimine
3260 1245 3430 1300 susci-

1833 1332 2031 1402 pimus.
2065 1335 2136 1389 Et
2160 1331 2307 1389 bona
2341 1335 2549 1402 omnia,
2579 1348 2703 1406 quae
2726 1344 2907 1392 vestra
2944 1344 2998 1391 et
3026 1336 3213 1405 habet,
3245 1345 3304 1394 et
3331 1337 3432 1396 ha-

1833 1424 2012 1482 bitura
2040 1434 2140 1497 est,
2176 1434 2235 1483 et
2258 1426 2361 1482 sibi
2395 1427 2677 1498 pertinent
2703 1428 2985 1498 canonica,
3017 1429 3277 1487 videlicet
3300 1448 3433 1488 cur-

1832 1526 1934 1587 tes,
1952 1529 2148 1589 terras,
2166 1530 2221 1576 et
2234 1520 2397 1594 juxta
2420 1522 2801 1578 Florentinam
2817 1523 3015 1579 urbem
3029 1532 3245 1596 pratum
3263 1526 3428 1599 regis,

1831 1629 2093 1686 campum
2119 1615 2265 1688 regis
2290 1623 2475 1671 totum
2504 1631 2633 1671 cum
2658 1616 2882 1683 mansis,
2915 1624 2972 1672 et
2994 1616 3284 1673 territoriis
3304 1633 3431 1675 om-

1832 1707 2017 1777 nibus,
2045 1724 2171 1780 quaa
2196 1709 2253 1764 in
2282 1708 2601 1766 Florentina
2627 1717 2784 1765 curte
2814 1708 2982 1765 habet
3008 1718 3064 1766 et
3092 1711 3314 1781 retinet,
3341 1712 3427 1768 vel

1832 1801 1936 1857 sibi
1973 1802 2248 1872 pertinent
2285 1801 2543 1873 prmdicta
2579 1796 2758 1859 vestra
2798 1803 3089 1873 cononica,
3124 1813 3337 1861 curtem
3369 1807 3425 1862 S.

1830 1893 2068 1952 Andreas
2094 1911 2226 1952 cum
2253 1896 2512 1951 omnibus
2541 1896 2648 1952 sibi
2680 1896 3105 1969 pertinentibus,
3126 1907 3338 1955 curtem
3359 1898 3430 1955 de

1832 1988 2054 2058 Quinto,
2080 1997 2296 2045 curtem
2324 1988 2395 2045 de
2423 1989 2668 2046 Cintoria
2702 2006 2835 2046 cum
2866 1990 3131 2047 omnibus
3160 1993 3275 2047 suis
3303 2007 3426 2063 per-

1829 2081 2103 2150 tinentiis,
2131 2090 2187 2138 et
2202 2083 2358 2139 illam
2392 2091 2629 2154 partem,
2665 2100 2835 2155 quam
2864 2086 3060 2140 Petrus
3078 2085 3429 2157 primicerius

1829 2185 2018 2233 contra
2039 2177 2297 2233 canonica
2339 2177 2586 2234 instituta
2617 2193 2881 2249 usurpare
2911 2178 3058 2235 visus
3080 2187 3180 2246 est,
3210 2179 3427 2250 plebem

1828 2269 1898 2327 de
1927 2271 2131 2326 Exinea
2159 2288 2285 2326 cum
2310 2278 2486 2339 curte,
2513 2279 2570 2327 et
2597 2271 2826 2337 mansis,
2858 2280 2914 2327 et
2936 2272 3197 2329 omnibus
3212 2273 3429 2330 territo-

1828 2363 1941 2430 riis,
1971 2371 2026 2419 et
2052 2364 2535 2433 decimationibus,
2568 2380 2912 2438 quaecunque
2936 2365 3010 2422 ad
3036 2366 3292 2423 eamdem
3319 2367 3429 2439 ple-

1828 2455 1978 2524 bem,
2005 2457 2087 2513 vel
2124 2466 2336 2513 curtem
2373 2458 2643 2528 pertinere
2666 2459 2941 2514 videntur.
2964 2462 3192 2530 Insuper
3220 2468 3421 2529 totum,

1830 2549 1977 2620 quod
1996 2550 2222 2605 Theuzo
2248 2550 2396 2606 ﬁlius
2439 2549 2623 2620 Lepizi
2649 2566 2750 2621 pro
2777 2550 2952 2606 salute
2989 2551 3194 2608 animae
3221 2568 3337 2609 sua:
3366 2553 3422 2609 in

1830 2642 2057 2699 ecclesia
2094 2645 2149 2699 8.
2193 2644 2423 2699 Joannis
2481 2643 2734 2711 contulit,
2790 2643 2874 2698 vel
2923 2643 2983 2698 in
3030 2645 3221 2701 eadem
3260 2662 3425 2703 cano-

1828 2737 1982 2804 nica;
2022 2744 2231 2791 terram
2271 2738 2326 2791 S.
2361 2736 2578 2791 Proculi
2612 2736 2673 2791 in
2705 2735 2966 2807 prmdicta
2996 2737 3169 2808 plebe,
3211 2747 3425 2797 curtem

1828 2828 1897 2884 de
1926 2829 2066 2897 lacu,
2095 2844 2218 2900 quae
2239 2837 2321 2884 est
2341 2827 2485 2884 infra
2506 2827 2723 2899 plebem
2748 2830 2803 2885 S.
2822 2829 2966 2885 Petri
2992 2829 3160 2886 sitam
3187 2831 3422 2899 Veliam,

1827 2939 1957 2979 cum
1983 2923 2242 2979 omnibus
2293 2922 2611 2994 adjacentiis
2638 2930 2694 2978 et
2723 2921 3069 2994 pertinentiis
3107 2924 3241 2991 suis,
3277 2940 3426 2981 cam-

1826 3034 1959 3089 pum
1974 3016 2338 3073 nihilominus
2360 3015 2546 3071 Randi
2563 3033 2576 3083 ;
2594 3014 2850 3072 similiter
2872 3015 3163 3073 ecclesiam
3178 3018 3235 3074 S.
3254 3018 3419 3087 Petri,

1823 3126 1946 3182 qum
1995 3110 2192 3167 dicitur
2231 3110 2491 3167 Cantuari
2523 3125 2653 3165 cum
2690 3110 2806 3165 suis
2844 3110 3214 3181 pertinentiis,
3255 3127 3422 3183 quam

1824 3204 2106 3262 Gerardus
2135 3203 2460 3262 venerabilis
2483 3203 2770 3276 episcopus
2793 3203 3129 3261 Florentium
3156 3204 3423 3262 Ecclesiae

1824 3299 2124 3371 prmlibataa
2166 3298 2399 3353 contulit
2432 3296 2731 3354 canonica.
2785 3300 2898 3353 Nec
2950 3313 3067 3353 non
3106 3297 3421 3369 ubicunque

1824 3392 2030 3465 aliquid
2059 3391 2277 3460 habere,
2302 3390 2383 3447 vel
2409 3398 2616 3459 tenere,
2638 3399 2736 3446 aut
2761 3390 2864 3446 sibi
2890 3390 3165 3463 pertinere
3181 3388 3420 3460 videtur,

1824 3486 1942 3558 ipsa
1974 3493 2151 3542 vestra
2181 3486 2447 3542 canonica
2479 3501 2493 3541 :
2529 3492 2585 3540 et
2612 3483 2881 3556 quidquid
2929 3484 3210 3542 Gerardus
3236 3485 3421 3542 archi—

1822 3580 2104 3653 presbyter
2133 3594 2232 3651 pro
2263 3578 2549 3645 beneﬁcio,
2594 3587 2650 3634 et
2690 3578 2810 3650 ipsa
2834 3578 3151 3636 Florentina
3176 3579 3421 3637 Ecclesia

1824 3674 2020 3741 tenuit,
2049 3681 2164 3729 tam
2190 3673 2250 3728 in
2274 3670 2734 3730 decimationibus
2762 3688 2932 3745 quam
2963 3688 3087 3744 quae
3105 3673 3161 3728 in
3189 3674 3419 3742 mansis,

1824 3777 1879 3824 et
1904 3769 1963 3824 in
1992 3765 2227 3840 prmdiis,
2258 3782 2358 3823 nec
2386 3782 2501 3823 non
2529 3775 2583 3823 et
2611 3782 2954 3838 quaecunque
2981 3765 3295 3839 Stephanus
3322 3768 3423 3825 ab-

1824 3862 1921 3917 bas
1943 3877 2008 3917 ex
2037 3860 2299 3918 beneﬁcio
2328 3859 2527 3917 tenuit.
2560 3860 2825 3917 Similiter
2863 3868 2918 3916 et
2944 3876 3288 3932 quaecunque
3315 3861 3426 3932 prio

1826 3955 2036 4012 micerii
2076 3954 2340 4012 beneﬁcia
2384 3954 2570 4023 fuere;
2614 3962 2775 4026 atque
2803 3955 3018 4026 plebem
3055 3955 3110 4011 S.
3144 3954 3423 4027 Hippolyti

1826 4050 1991 4107 sitam
2028 4048 2189 4113 Elsae,
2230 4048 2475 4119 itemque
2515 4064 2793 4120 campum,
2833 4056 2891 4105 et
2925 4048 3172 4115 hortum,
3210 4049 3303 4120 qui
3341 4055 3425 4105 est

1817 4142 1977 4216 juxta
2014 4141 2299 4200 ecclesiam
2342 4144 2400 4197 S.
2429 4144 2742 4211 Reparatm,
2786 4156 2883 4197 seu
2927 4141 3097 4198 etiam
3136 4150 3321 4198 curtes
3366 4150 3425 4199 et

1830 4235 2082 4294 ecclesias
2128 4244 2293 4309 atque
2326 4233 2612 4291 castellum
2655 4233 2713 4289 in
2744 4234 3025 4290 territorio
3065 4235 3313 4305 plebium
3361 4237 3421 4291 S.

1830 4330 2060 4388 Joannis
2096 4328 2343 4401 Majoris,
2384 4335 2440 4384 et
2473 4329 2528 4384 S.
2562 4325 2868 4395 Laurentii,
2916 4335 2972 4383 et
2997 4328 3052 4384 S.
3099 4327 3346 4385 Cassiani
3392 4345 3423 4385 a

121 4463 408 4535 Gregorius
472 4459 581 4521 VII
619 4398 1303 4519 mthedrblznecclesiam
1350 4459 1717 4517 Florentinam
1746 4451 1796 4516 D
1827 4422 2033 4535 ﬁnibus
2056 4398 2426 4535 jugi;Alpiu,m
2452 4420 3080 4535 ﬁ“°°lff”3i“'f‘f“{‘{°
3107 4418 3164 4476 in
3195 4420 3425 4535 navium

190 4534 455 4592 tuendam
497 4538 725 4606 suscipit
755 4536 993 4606 bonaque
1033 4534 1148 4605 ejus
1181 4536 1484 4604 conﬁrmat,
1504 4536 1720 4603 petente

189 4611 468 4679 Ragnerio
493 4611 754 4681 episcopo.

723 4714 907 4777 (Anno
953 4711 1129 4774 1016.)

430 4807 763 4875 [Παπίου.
794 4804 953 4860 Italia
979 4787 1153 4865 sacra,
1188 4796 1415 4867 IlI,79.]

188 4910 568 4968 Gnseonms
580 4907 891 4979 episcopus,
900 4918 1091 4961 servus
1100 4918 1390 4960 servorum
1409 4901 1536 4969 Dei,
1553 4903 1723 4958 Man-

126 5018 265 5061 mlo
288 5005 347 5061 S.
380 5002 716 5060 Florentius;
728 5000 984 5058 Ecclesia
1005 4998 1322 5071 praeposito,
1345 4996 1574 5068 aliisque
1595 5010 1729 5051 con-

124 5095 391 5157 fratribus
432 5095 748 5165 canonicis,
776 5095 993 5167 tuisque
1039 5090 1450 5163 successoribus
1490 5089 1549 5145 in
1594 5103 1725 5161 per-

126 5200 379 5263 Ρεῒιιιιω.

190 5288 253 5343 Si
279 5286 446 5359 iustis
461 5299 751 5341 servorum
762 5281 865 5341 Dei
883 5279 1242 5356 petitionibus
1269 5277 1721 5347 satisfecerimus,

126 5379 317 5452 procul
354 5379 525 5436 dubio
568 5379 870 5451 apostolica
916 5383 1185 5450 praecepta
1228 5387 1530 5431 servamus.
1580 5374 1724 5442 Qua-

125 5482 375 5547 propter,
392 5473 794 5530 interveniente
815 5470 1089 5527 confratre
1104 5476 1296 5526 nostro
1318 5466 1594 5540 Raynerio
1619 5465 1727 5538 epi~

126 5584 296 5643 scopo
317 5576 525 5637 vestro,
545 5567 941 5624 conﬁrmamus
970 5573 1134 5638 atque
1157 5562 1586 5621 corroboramus
1600 5559 1725 5628 tibi,

127 5665 351 5736 tuisque
377 5660 808 5727 successoribus,
850 5656 1122 5731 quidquid
1170 5660 1232 5716 in
1274 5656 1474 5731 pagina
1503 5670 1727 5713 conces-

126 5757 328 5825 sionis,
375 5762 432 5814 et
464 5752 928 5823 conﬁrmationis,
972 5768 1140 5827 quam
1171 5761 1353 5812 vester
1397 5749 1533 5809 fecit
1576 5746 1728 5805 vobis

1827 4522 2002 4589 Sevaa,
2030 4533 2155 4592 quae
2167 4517 2437 4576 Jeremias
2449 4516 2596 4572 ﬁlius
2621 4514 2936 4587 lldeprandi
2959 4529 3059 4587 pro
3085 4531 3187 4572 sua
3215 4515 3424 4589 ﬁliique

1828 4615 1913 4671 sui
1945 4613 2133 4671 anima
2162 4628 2260 4685 per
2284 4611 2595 4668 chartulam
2621 4608 2932 4666 offersionis
2965 4609 3262 4681 praelibataa
3287 4626 3421 4668 con-

1831 4708 1955 4765 tulit
1978 4707 2279 4774 canonicae,
2308 4713 2491 4762 curtes
2518 4712 2573 4761 et
2606 4719 2780 4773 casas,
2800 4712 2977 4760 sortes
2996 4712 3055 4760 et
3084 4703 3421 4775 domnicata,

1834 4811 1888 4860 et
1915 4800 2201 4860 ecclesiam
2234 4801 2289 4857 S.
2320 4797 2541 4856 Martini
2567 4814 2697 4855 cum
2725 4796 2987 4855 omnibus
3016 4797 3117 4855 sibi
3146 4800 3425 4871 pertinen-

1832 4895 1982 4953 tibus
2007 4895 2169 4953 rebus
2198 4894 2256 4950 in
2282 4892 2408 4949 villa
2439 4892 2509 4948 de
2540 4893 2808 4965 Bagnolo,
2839 4907 2963 4965 quae
2988 4891 3155 4950 citur
3186 4909 3308 4951 esse
3345 4894 3430 4949 in-

1831 4990 1915 5049 fra
1945 4989 2159 5063 plebem
2184 4988 2240 5046 S.
2258 4987 2457 5045 Maria
2482 4986 2551 5045 de
2573 4987 2773 5057 Pinita,
2796 5002 2920 5060 quae
2947 4986 3149 5044 dedere
3167 4985 3427 5045 homines

1834 5085 1905 5142 de
1924 5086 2124 5142 Ruﬁna
2151 5084 2209 5140 in
2236 5082 2495 5156 praedicta
2523 5081 2809 5139 canonica.
2843 5081 3146 5139 Ecclesiam
3184 5081 3246 5137 S.
3278 5085 3420 5139 Am-

1836 5179 2008 5236 brosii
2031 5195 2160 5237 cum
2175 5176 2290 5234 suis
2320 5176 2684 5248 pertinentiis,
2711 5174 2998 5232 ecclesiam
3023 5176 3081 5232 S.
3114 5174 3307 5233 Maria:
3328 5192 3429 5234 no-

1834 5274 1987 5332 vellm
2009 5289 2139 5329 cum
2167 5272 2336 5329 rebus
2352 5270 2489 5339 suis,
2516 5278 2760 5328 castrum
2787 5268 2859 5326 de
2886 5267 3246 5338 Scharaboni,
3266 5285 3425 5328 man-

1833 5384 1960 5424 sum
1990 5382 2168 5425 unum
2208 5366 2268 5421 in
2314 5364 2621 5434 Conciano,
2659 5371 2712 5420 et
2754 5361 3028 5436 quidquid
3066 5362 3127 5418 in
3165 5363 3428 5434 praedicta

1834 5461 2097 5520 canonica
2120 5458 2273 5517 dedit
2294 5457 2505 5516 Imelda
2533 5458 2594 5515 in
2612 5458 2831 5514 civitate
2863 5456 3131 5514 Fesulana
3163 5450 3335 5528 intus,
3374 5465 3430 5516 et

1836 5565 1989 5615 extra
2016 5563 2231 5612 curtem
2256 5552 2325 5609 de
2345 5553 2659 5609 Petramala
2686 5567 2815 5606 cum
2846 5551 3112 5610 omnibus
3131 5551 3236 5608 sibi
3263 5551 3426 5623 perti-

1834 5650 2093 5709 nentibus
2116 5648 2300 5716 rebus,
2330 5655 2386 5703 et
2401 5657 2629 5713 terram,
2649 5659 2771 5715 qum
2794 5644 2950 5701 dedit
2966 5646 3276 5717 Thetberga
3289 5659 3428 5701 uxor

1786 5774 1791 5777 ς
1834 5741 2136 5818 Rodulpbi,
2179 5747 2233 5798 et
2275 5748 2557 5813 praeterea,
2605 5738 2743 5794 sicut
2771 5750 2946 5807 supra
2987 5739 3247 5805 diximus,
3278 5748 3428 5809 qum;
