4044 6186
1702 44 1735 53 r

547 263 648 316 6'79

1482 257 1539 312 s.
1579 254 1900 312 onsoonu
1938 222 2259 309 VlIﬂPAPJE
2297 250 2574 308 opsnuu
2609 250 2781 307 PARS
2819 250 2881 306 ιι.

3720 247 3823 307 ego
3878 210 3895 215 ’

548 398 765 457 cunque
794 392 970 440 vestra
993 381 1251 439 canonica
1279 380 1428 453 juste
1454 395 1605 436 nunc
1630 378 1818 447 habet,
1840 387 1935 435 aut
1959 379 2015 433 in
2043 393 2139 449 po-
2166 383 2220 445 Α
2253 374 2477 433 timoda
2505 373 2867 447 panitudinis
2886 372 3223 431 exhibitione
3254 371 3325 429 ab
3345 371 3701 428 anathematis
3727 373 3825 428 vin-

547 486 777 544 sterum,
804 476 1049 534 Domino
1080 483 1380 544 annuente,
1412 473 1615 530 habere
1639 471 1929 544 contigerit
1946 472 2002 527 in
2027 470 2137 544 qui-

545 571 781 628 buslibet
815 571 978 625 rebus
1006 568 1325 637 mobilibus,
1371 569 1451 625 vel
1482 566 1884 635 immobilibus,
1914 567 2027 621 sive
2069 565 2137 621 ab

543 663 787 736 ejusdem
823 662 1061 718 civitatis
1089 662 1341 735 episcopo
1369 662 1533 731 datis,
1564 662 1675 719 sive
1704 661 1773 717 ab
1810 660 1930 716 aliis
1960 660 2140 715 homi-

543 756 704 814 nibus
737 755 992 828 publicis,
1023 756 1103 812 vel
1140 758 1363 827 privatis
1396 756 1521 821 tibi,
1565 756 1783 827 tuisque
1811 754 2139 810 successori-

540 850 643 907 bus
693 849 1089 907 conﬁrmamus
1118 860 1172 907 et
1203 850 1509 908 stabilimus
1543 851 1601 907 in
1628 857 1975 922 perpetuum.
2004 851 2139 904 Hac

543 942 711 1015 igitur
731 946 944 1009 omnia,
984 960 1106 1016 qua
1131 944 1293 1017 hujus
1326 944 1582 1017 pracepti
1618 942 1931 1014 decretique
1959 941 2136 997 nostri

543 1037 742 1109 pagina
770 1038 1039 1105 continet,
1079 1047 1197 1094 tam
1224 1038 1324 1093 tibi
1353 1053 1522 1110 quam
1561 1038 1793 1105 cunctis,
1831 1036 1926 1109 qui
1964 1036 2019 1091 ln
2048 1050 2135 1104 eo,

541 1142 653 1200 quo
679 1142 736 1183 es
762 1127 976 1195 ordine,
998 1127 1226 1199 locoque
1256 1126 1635 1193 successerint,
1670 1124 1753 1181 vel
1780 1125 1856 1181 eis
1899 1140 2137 1196 quorum

544 1220 809 1277 interesse
843 1221 1102 1294 potuerit,
1141 1219 1437 1292 apostolica
1486 1219 1812 1276 auctoritate
1849 1219 1908 1273 in
1951 1234 2139 1290 perpe-

540 1322 699 1371 tuum
726 1314 990 1371 servanda
1020 1314 1388 1371 decernimus.
1420 1314 1473 1371 Si
1498 1312 1621 1385 quis
1640 1328 1771 1369 vero
1800 1327 2016 1384 regum,
2046 1328 2137 1369 sa-

541 1407 851 1475 cerdotum,
880 1406 1231 1475 clericorum,
1256 1406 1507 1479 judicum
1538 1422 1601 1462 ac
1636 1406 1979 1463 sacularium
2013 1422 2135 1478 per-

543 1515 807 1557 sonarum
837 1499 982 1557 hanc
1006 1500 1419 1557 constitutionis
1447 1508 1653 1557 nostra
1680 1499 1937 1573 paginam
1973 1516 2137 1572 agno-

540 1608 715 1659 scens,
746 1602 939 1650 contra
978 1611 1097 1650 eam
1126 1594 1416 1650 temerario
1450 1609 1590 1651 ausu
1614 1594 1801 1649 venire
1826 1595 2137 1662 tentaverit,

538 1687 841 1758 potestatis,
873 1687 1205 1760 honorisque
1234 1688 1319 1745 sui
1349 1686 1614 1760 dignitate
1639 1696 1843 1759 careat,
1872 1704 2139 1760 reumque

2245 470 2371 527 culo
2398 469 2712 527 absolutum
2746 469 2803 525 in
2842 468 3070 543 gratiam
3097 465 3501 523 communionis
3529 480 3655 522 eum
3681 481 3824 522 rece-

2245 566 2445 635 pimus.
2475 567 2559 620 De
2601 572 2799 621 catero
2832 562 2964 618 nihil
2990 576 3177 618 secum
3202 568 3528 628 statuentes,
3554 558 3658 615 nisi
3686 559 3826 631 quod

2245 658 2312 714 ad
2340 658 2608 714 cautelam
2624 665 2681 712 et
2706 657 2975 712 honorem
3004 655 3257 711 omnium
3288 662 3532 709 vestrum
3558 650 3672 708 fore
3692 661 3829 725 puta.

2248 751 2441 808 vimus.
2475 752 2723 822 Cumque
2748 749 3238 821 Langobardorum
3275 745 3509 819 episcopi
3538 746 3704 801 totius
3741 760 3829 801 ne-

2244 844 2381 916 gotii
2400 858 2682 900 summam
2702 842 2770 900 ad
2793 856 3152 900 communem
3168 849 3502 897 conventum
3525 847 3581 896 et
3606 838 3812 912 pruden

2247 939 2337 996 tia
2370 948 2564 995 vestra
2607 938 3065 995 consultationem
3120 945 3453 993 reservatam
3485 950 3603 990 esse
3629 948 3828 1006 cogno-

2247 1040 2479 1101 scerent,
2510 1049 2612 1089 nec
2660 1032 2728 1090 de
2753 1031 2864 1088 suis
2903 1032 3075 1104 culpis
3102 1047 3165 1088 ea
3197 1046 3367 1103 quam
3413 1030 3704 1102 sperabant
3732 1028 3829 1084 im-

2244 1127 2493 1201 punitate
2517 1126 2922 1183 absolutionem
2942 1125 3202 1196 consequi
3222 1122 3551 1195 potuissent,
3577 1128 3828 1194 quantam

2245 1221 2561 1294 superbiam
2597 1226 2941 1293 quantosque
2984 1218 3212 1274 malitia
3239 1226 3476 1273 conatus
3512 1224 3710 1272 contra
3739 1230 3830 1270 nos

2244 1315 2422 1372 adorsi
2446 1316 2574 1380 sint,
2607 1314 2678 1370 ad
2704 1312 3002 1370 dicendum
3037 1310 3261 1384 quidem
3289 1310 3470 1378 triste,
3501 1308 3569 1366 ad
3611 1308 3832 1365 audien-

2242 1410 2379 1466 dum
2403 1416 2486 1466 est
2524 1407 2915 1475 abominabile,
2947 1422 3078 1462 cum
3114 1404 3212 1473 illi,
3245 1404 3336 1477 qui
3367 1404 3422 1459 in
3456 1403 3699 1460 Ecclesia
3736 1401 3827 1458 Dei

2245 1504 2514 1561 columna
2551 1517 2671 1560 esse
2715 1500 3050 1568 debuerunt,
3091 1513 3202 1555 non
3247 1497 3417 1555 modo
3468 1498 3527 1554 in
3567 1511 3831 1568 compage

2247 1598 2491 1670 corporis
2517 1595 2712 1654 Christi
2740 1594 2955 1651 nullum
2983 1594 3166 1649 locum
3190 1600 3433 1659 teneant,
3479 1590 3575 1647 sed
3606 1589 3831 1662 pertina-

2247 1692 2383 1749 citer
2411 1690 2840 1763 impugnatores,
2873 1696 2927 1744 et
2961 1695 3228 1760 quantum
3270 1685 3339 1741 ad
3381 1700 3439 1741 se
3467 1685 3831 1741 destructores

540 1794 600 1836 se
641 1779 826 1836 divino
867 1779 1073 1854 judicio
1111 1782 1341 1838 existere
1378 1782 1446 1838 de
1492 1790 1802 1854 perpetrata
1845 1781 2129 1854 iniquitate
2160 1798 2209 1861 B
2240 1785 2495 1845 existant.
2524 1786 2610 1840 De
2628 1798 2754 1856 rege
2774 1797 2923 1851 vero,
2950 1788 3014 1837 ut
3049 1780 3105 1836 in
3137 1779 3223 1835 his
3248 1795 3373 1852 qua
3401 1777 3558 1835 nobis
3582 1778 3833 1850 promisit

539 1881 855 1944 cognoscat.
883 1876 954 1929 Et
980 1875 1086 1930 nisi
1111 1890 1195 1944 ea,
1228 1890 1350 1946 qua
1381 1875 1450 1930 al)
1478 1875 1571 1931 illo
1599 1885 1729 1931 sunt
1756 1875 1899 1931 male
1936 1875 2133 1939 ablata,

540 1966 856 2035 restituerit,
884 1968 966 2024 vel
985 1967 1152 2041 digna
1186 1969 1509 2040 panitentia
1544 1968 1731 2025 illicite
1755 1978 1873 2025 acta
1901 1968 2130 2025 deﬂeve-

540 2059 630 2127 rit,
661 2077 692 2116 a
716 2061 1088 2117 sacratissimo
1114 2076 1366 2133 corpore,
1396 2079 1461 2118 ac
1479 2061 1745 2134 sanguine
1778 2062 1881 2117 Dei
1904 2062 2132 2117 Domini

538 2150 908 2224 redemptoris
943 2154 1115 2210 nostri
1152 2156 1283 2211 Jesu
1317 2154 1519 2211 Christi
1561 2154 1767 2210 alienus
1810 2154 1924 2224 ﬁat,
1965 2165 2133 2227 atque

538 2245 595 2300 in
623 2252 832 2302 atemo
856 2247 1111 2303 examine
1128 2246 1397 2304 districta
1443 2247 1635 2304 ultioni
1660 2247 1959 2320 subjaceat.
1983 2250 2131 2304 Cun-

538 2337 639 2393 ctis
668 2347 853 2395 autem
884 2338 1065 2395 eidem
1091 2338 1212 2395 loco
1233 2339 1380 2411 justa
1413 2341 1756 2396 servantibus
1792 2342 1864 2395 sit
1892 2357 1993 2411 pax
2025 2344 2131 2396 Do-

538 2430 679 2486 mini
724 2432 899 2487 nostri
938 2435 1072 2489 Jesu
1108 2431 1331 2501 Christi,
1369 2442 1641 2504 quatenus
1677 2441 1732 2487 et
1774 2432 1860 2487 hic
1888 2431 2130 2511 fructum,

538 2524 701 2579 bona
735 2524 969 2579 actionis
1008 2524 1332 2597 percipiant,
1362 2533 1418 2580 et
1455 2525 1601 2597 apud
1630 2524 1943 2582 districtum
1972 2524 2126 2597 judi-

538 2629 660 2671 cem
688 2617 913 2686 pramia
946 2624 1167 2673 aterna
1196 2617 1345 2687 pacis
1378 2617 1675 2674 inveniant.
1707 2624 1908 2684 Amen,
1940 2633 2123 2673 amen.

606 2707 831 2779 Signum
855 2708 1101 2781 Gregorii
1132 2725 1284 2781 papa
1311 2711 1532 2781 septimi
1568 2732 1581 2769 :
1613 2714 1976 2768 miserationes
1996 2717 2124 2779 tua,

534 2803 774 2865 Domine,
807 2817 968 2871 super
991 2804 1170 2856 omnia
1197 2818 1361 2873 opera
1384 2805 1519 2874 ejus.

604 2896 812 2950 Datum
842 2894 1135 2951 Florentia
1167 2911 1197 2949 v
1225 2896 1356 2952 Kal.
1388 2897 1636 2953 Januarii
1668 2913 1765 2967 per
1792 2913 1991 2955 manus
2023 2901 2125 2954 Pe-

531 2987 603 3044 tri
630 2995 835 3045 sancta
880 2990 1149 3045 Romana
1184 2990 1441 3048 Ecclesia
1479 2991 1777 3064 presbyteri
1813 2990 2124 3060 cardinalis,

530 3096 595 3136 ac
624 3080 1040 3147 bibliothecarii,
1077 3098 1225 3139 anno
1252 3098 1319 3140 Iv
1360 3084 1710 3155 pontiﬁcatus
1737 3084 1949 3140 domini
1986 3087 2125 3142 Gre-

2242 1879 2563 1953 simpliciter
2581 1886 2677 1933 aut
2709 1874 3027 1931 obedienter
3052 1872 3434 1942 ambulaverit,
3458 1887 3571 1927 non
3593 1872 3831 1928 multum

2242 1973 2415 2031 latari
2442 1985 2757 2045 possumus,
2797 1968 3101 2041 prasertim
3139 1983 3269 2023 cum
3301 1982 3366 2022 ex
3394 1965 3514 2037 ejus
3548 1966 3830 2038 prasentia

2243 2068 2467 2141 pessimi
2513 2067 2716 2139 quique
2761 2073 2954 2122 contra
3005 2079 3109 2121 nos
3157 2071 3212 2120 et
3248 2062 3608 2135 apostolicam
3642 2060 3832 2117 sedem

2240 2162 2360 2233 plus
2387 2160 2633 2218 audacia
2673 2175 2843 2231 quam
2889 2158 3114 2215 terroris
3153 2173 3252 2229 pro
3302 2163 3608 2228 perpetrata
3636 2153 3833 2227 iniqui-

2239 2262 2352 2310 tate
2378 2252 2633 2309 habeant.
2662 2255 2814 2309 Inter
2836 2251 2957 2309 hac
2977 2258 3157 2307 vestra
3185 2250 3414 2306 consilia
3436 2256 3828 2320 exspectantes,

2238 2346 2464 2403 tandem
2484 2362 2577 2417 per
2604 2345 2782 2401 ﬁlium
2794 2354 3047 2401 nostrum
3072 2346 3447 2415 Rapotonem,
3463 2357 3629 2415 quem
3644 2341 3718 2398 ad
3741 2356 3833 2397 vos

2236 2440 2514 2505 misimus,
2557 2437 2661 2493 hoc
2688 2452 2786 2492 vos
2816 2435 2953 2491 velle
2981 2444 3035 2492 et
3064 2436 3342 2507 postulare
3367 2436 3757 2507 cognovimus,
3788 2433 3829 2490 si

2236 2531 2514 2603 quomodo
2539 2530 2610 2587 ad
2641 2538 2820 2602 partes
2851 2536 3055 2585 vestras
3080 2529 3314 2585 transire
3345 2527 3638 2600 possimus,
3669 2537 3831 2600 atque

2237 2624 2310 2691 id,
2337 2633 2399 2681 ut
2426 2625 2640 2680 cautius
2668 2623 2785 2679 ﬁeri
2832 2622 3029 2696 possit,
3056 2638 3186 2679 cum
3216 2622 3364 2694 regis
3390 2621 3617 2677 consilio
3640 2628 3695 2675 et
3732 2619 3829 2677 ad-

2228 2717 2455 2790 jutorio,
2497 2732 2659 2791 agere
2708 2715 3050 2772 studeamus.
3093 2717 3209 2771 Nos
3254 2715 3442 2787 itaque
3484 2714 3621 2770 sicut
3644 2713 3829 2781 '_vobis

2233 2810 2642 2878 mandavimus,
2668 2819 2864 2867 vestra
2885 2810 3153 2865 voluntati
3177 2817 3340 2880 atque
3358 2807 3605 2864 consiliis
3629 2807 3691 2863 in
3712 2823 3831 2863 om-

2236 2902 2400 2960 nibus
2443 2902 2747 2960 secundum
2792 2902 3339 2974 beneplacitumDei
3383 2900 3693 2958 satisfacere
3731 2917 3828 2958 cu-

2236 2996 2469 3067 pientes.
2502 2996 2558 3053 id
2588 2998 2768 3068 ipsum
2797 3012 2893 3067 per
2917 2996 3142 3051 nuntios
3164 3003 3383 3052 nostros
3411 3010 3541 3052 cum
3571 3009 3700 3066 rege
3725 3002 3831 3051 sta—

2237 3095 2390 3145 tuere
2438 3096 2602 3160 atque
2641 3096 2897 3160 coaptare
2940 3103 3165 3161 operam
3217 3087 3434 3144 damus.
3476 3089 3685 3143 Verum
3724 3103 3828 3159 quo

529 3173 667 3246 gorii
694 3176 798 3230 VII
836 3190 1023 3246 papa;
1064 3192 1210 3232 anno
1255 3177 1503 3232 videlicet
1534 3178 1848 3233 Dominica
1889 3178 2129 3234 incarna-
2163 3193 2209 3256 c
2237 3181 2428 3237 animo
2472 3181 2588 3252 ipse
2633 3181 2792 3238 nobis
2820 3189 2874 3237 et
2902 3181 3056 3237 vobis
3082 3181 3139 3237 in
3178 3180 3283 3238 hac
3324 3196 3490 3237 causa
3518 3182 3828 3237 consentire

528 3267 695 3324 tionis
722 3267 1015 3325 millesimo
1036 3271 1432 3343 septuagesimo
1454 3279 1627 3340 sexto,
1657 3270 1851 3327 indict.
1880 3286 2016 3328 11v.

1190 3387 1466 3443 XXXIII.

531 3496 775 3571 Gregorii
825 3497 928 3553 VII
961 3499 1183 3568 epistola
1229 3499 1303 3553 ad
1340 3499 1785 3571 archiepiscopos,
1838 3500 2122 3570 episcopos,

601 3568 778 3643 duces,
808 3572 1019 3643 comites
1062 3574 1379 3643 craterasque
1400 3568 1685 3643 principes
1720 3587 1837 3628 cum
1860 3568 2126 3643 omni—po-

592 3639 725 3707 pulo
745 3642 900 3707 regni
926 3642 1344 3696 Teutonicorum.

1128 3745 1312 3808 (Anno
1347 3748 1529 3809 1077.)

530 3832 807 3907 [Engonis
826 3833 1117 3907 Flaviniac.
1148 3836 1462 3900 Chronicon,
1484 3836 1628 3907 apud
1643 3839 1860 3905 Pna'rz,
1886 3842 2117 3895 Monum.

708 3905 886 3960 Germ.
908 3906 1062 3968 hist”
1090 3907 1289 3977 Script.
1311 3915 1450 3963 tom.
1475 3905 1622 3975 VIII,
1655 3925 1778 3981 pag.
1798 3914 1949 3977 445.]

595 4011 957 4069 Gemonias
982 4013 1294 4085 episcopus,
1320 4028 1512 4070 servus
1537 4030 1824 4072 servorum
1846 4016 1968 4082 Dei,
1999 4016 2125 4073 dite

524 4102 781 4160 ctissimis
804 4105 859 4160 in
882 4105 1106 4161 Christo
1132 4103 1401 4162 fratribus
1427 4114 1483 4162 et
1510 4106 1655 4174 ﬁliis,
1678 4108 2121 4182 archiepiscopis,

446 4278 449 4283 ί
528 4198 824 4270 episcopis,
855 4198 1107 4265 ducibus,
1137 4198 1452 4267 comitibus,
1499 4200 1823 4274 caterisque
1862 4204 2120 4277 principi-

522 4287 648 4358 bus,
693 4305 821 4347 cum
876 4291 1029 4347 omni
1062 4292 1262 4364 popqu
1313 4294 1468 4366 regni
1494 4295 1925 4354 Teutonicorum
1979 4298 2123 4355 chri-

522 4382 760 4439 stianam
780 4382 950 4440 ﬁdem
975 4393 1031 4441 et
1056 4386 1379 4459 religionem
1408 4386 1851 4461 defendentibus,
1881 4391 2115 4448 salutem

520 4485 577 4533 et
604 4479 961 4551 apostolicam
985 4478 1440 4537 benedictionem.

2236 3274 2454 3341 debeat,
2501 3282 2627 3331 ante
2661 3274 2980 3332 missionem
3019 3275 3184 3347 hujus
3228 3274 3536 3346 legationis,
3564 3275 3830 3345 quoniam

2237 3384 2332 3425 rex
2353 3385 2385 3424 a
2404 3368 2562 3426 nobis
2574 3368 2734 3442 longe
2753 3368 3009 3435 distabat,
3038 3383 3375 3440 pranoscere
3396 3383 3509 3424 non
3524 3370 3825 3440 potuimus,

2235 3462 2331 3520 sed
2362 3479 2492 3520 mox
2529 3470 2591 3520 ut
2633 3463 3069 3537 cognoverimus,
3112 3463 3263 3520 vobis
3299 3462 3556 3519 intimare
3584 3478 3698 3518 non
3728 3472 3829 3519 tar-

2235 3555 2511 3615 dabimus.
2557 3558 2760 3615 Scitote
2793 3557 2958 3629 igitur
2995 3557 3259 3629 quoniam
3295 3556 3415 3614 bac
3459 3564 3543 3612 est
3580 3556 3829 3613 voluntas

2236 3659 2290 3708 et
2312 3651 2643 3708 desiderium
2670 3659 2945 3719 nostrum,
2976 3659 3039 3707 ut
3060 3650 3143 3707 vel
3172 3665 3442 3706 consensu
3471 3649 3635 3722 regis,
3666 3651 3754 3706 vel
3780 3650 3827 3707 si

2235 3761 2301 3801 eo
2326 3746 2551 3801 nolente
2579 3744 2695 3800 ﬁeri
2724 3745 2920 3816 possit,
2950 3743 3019 3800 ad
3043 3740 3141 3801 vos
3161 3759 3260 3816 pro
3288 3743 3574 3801 communi
3589 3742 3825 3801 utilitate

2234 3846 2292 3896 et
2318 3839 2495 3896 salute
2525 3841 2776 3896 omnium
2796 3834 3039 3897 vestrum
3070 3848 3531 3911 pertranseamus.
3564 3839 3733 3909 Quod
3762 3839 3825 3907 si,

2233 3932 2471 4005 peccatis
2488 3941 2543 3990 et
2568 3949 2867 4005 pravorum
2894 3932 3091 3989 studiis
3112 3933 3475 3998 obstantibus,
3507 3933 3623 3990 ﬁeri
3644 3932 3830 4005 nequi-

2234 4028 2392 4095 verit,
2442 4027 2641 4085 absens
2683 4035 2870 4084 tamen
2905 4027 3344 4101 omnipotentem
3387 4028 3569 4084 Deum
3603 4026 3823 4083 obnixis

2232 4135 2447 4192 semper
2471 4120 2640 4177 orabo
2670 4121 2940 4193 precibus,
2976 4130 3041 4177 ut
3084 4120 3251 4178 corda
3279 4129 3456 4177 vestra
3486 4128 3542 4178 et
3563 4119 3734 4177 ﬁdem
3761 4118 3827 4176 in

2233 4215 2391 4270 omni
2432 4216 2605 4286 gratia
2652 4215 2853 4272 virtute
2893 4214 3214 4280 conﬁrmet,
3252 4222 3307 4271 et
3335 4215 3411 4270 ita
3460 4215 3519 4271 in
3565 4213 3827 4269 omnibus

2234 4316 2413 4363 vestra
2455 4307 2678 4364 consilia
2702 4317 2756 4364 et
2784 4308 2925 4365 facta
2957 4308 3178 4381 dirigat,
3225 4316 3287 4365 ut
3321 4308 3629 4364 libertatem
3671 4307 3827 4365 Chri-

2226 4401 2422 4456 stiana
2455 4400 2734 4473 religionis
2762 4400 3038 4458 indefessa
3072 4403 3277 4458 virtute
3301 4400 3618 4469 defendere,
3650 4410 3709 4456 et
3736 4416 3821 4467 ea,

2222 4509 2349 4564 qua
2391 4494 2460 4550 ad
2500 4502 2711 4550 statum
2753 4503 2811 4550 et
2839 4495 3075 4567 gloriam
3104 4494 3433 4551 nobilissimi
3472 4494 3629 4567 regni
3659 4494 3827 4551 vestri

592 4570 821 4626 Sicutin
849 4572 1125 4643 prioribus
1164 4572 1353 4630 litteris
1392 4582 1451 4630 et
1475 4574 1778 4647 legatorum
1812 4578 1992 4635 verbis
2014 4594 2115 4636 vo-
2142 4554 2193 4616 Ῑ)
2223 4554 2339 4642 Deo
2373 4586 2691 4659 dignissima
2727 4596 2783 4643 et
2823 4554 2979 4644 vvobis
3019 4588 3309 4645 utilissima
3336 4596 3487 4654 sunt,
3533 4554 3825 4660 providere

521 4662 609 4717 bis
635 4663 1086 4734 signiﬁcavimus,
1118 4665 1479 4739 intelligentes
1506 4668 1655 4741 quod
1679 4669 1843 4743 digne
1870 4673 1988 4727 Deo
2014 4671 2109 4727 de-

520 4752 765 4811 fensores
785 4756 1013 4827 justitia
1041 4774 1148 4814 vos
1171 4759 1227 4814 in
1249 4776 1375 4816 vera
1409 4761 1716 4820 obedientia
1749 4772 1805 4819 et
1829 4765 2111 4837 apostolici

522 4848 862 4920 principatus
898 4852 1207 4908 reverentia
1226 4853 1566 4924 exbibuistis,
1606 4856 1663 4912 in
1699 4866 1876 4914 vestra
1904 4858 2012 4915 ﬁde
2056 4868 2113 4915 et

519 4941 763 4997 consiliis
791 4941 1118 4999 ﬁducialiter
1144 4960 1299 5016 spem
1332 4958 1616 5018 ponentes,
1642 4960 1831 5006 contra
1857 4952 2109 5009 volunta-

516 5043 631 5092 tem
662 5050 801 5105 pene
824 5036 1079 5093 omnium
1109 5037 1351 5096 ﬁdelium
1373 5049 1713 5111 nostrorum,
1748 5054 1969 5114 excepta
1983 5046 2112 5102 cba-

518 5128 737 5185 rissima
767 5136 822 5183 et
845 5128 1163 5186 ﬁdelissima
1190 5132 1337 5187 beati
1380 5134 1526 5189 Petri
1555 5134 1689 5202 ﬁlia,
1712 5135 1958 5193 videlicet
1986 5141 2108 5195 Ma—

516 5221 706 5290 thilde,
735 5222 839 5278 iter
866 5223 936 5279 ad
974 5239 1072 5279 vos
1101 5240 1215 5280 non
1242 5225 1426 5282 solum
1476 5227 1623 5283 inter
1672 5230 1849 5285 multa
1898 5230 2107 5288 incom-

517 5314 704 5382 moda,
725 5314 820 5372 sed
841 5323 896 5371 et
922 5318 1158 5388 pericula
1186 5320 1428 5390 aggressi
1475 5336 1689 5389 sumus,
1714 5330 1770 5378 et
1798 5325 2108 5394 pervenisse

516 5407 739 5480 quidem
786 5408 1175 5480 potuissemus,
1213 5412 1263 5468 si
1312 5411 1577 5468 ducatum
1618 5429 1685 5470 eo
1723 5423 1992 5489 tempore,
2041 5434 2107 5476 eo

516 5501 637 5558 loco
682 5517 792 5574 quo
826 5504 1192 5560 constitutum
1218 5513 1358 5574 erat,
1408 5522 1470 5562 ex
1508 5516 1685 5565 vestra
1711 5520 1862 5581 parte
1893 5512 2106 5571 habuis-

515 5610 721 5652 semus.
743 5596 883 5652 Cum
903 5605 1096 5654 autem
1124 5614 1190 5654 ex
1222 5598 1338 5670 ipsa
1363 5602 1724 5673 suspensione
1752 5613 1956 5662 nostra
1983 5623 2103 5679 pro-

513 5687 774 5746 factionis
815 5691 930 5762 regi
963 5690 1021 5746 in
1057 5691 1274 5749 Italiam
1322 5696 1634 5767 properanti
1674 5697 1742 5753 ad
1785 5715 1887 5755 nos
1916 5716 2103 5772 perve-

513 5782 697 5839 niendi
719 5781 946 5842 daretur
973 5786 1207 5854 occasio,
1237 5786 1362 5844 victi
1390 5787 1507 5859 ejus
1534 5787 1846 5847 humilitate
1875 5801 1931 5848 et
1952 5794 2097 5850 mul-

2220 4680 2437 4751 possitis
2474 4688 2530 4736 et
2561 4681 2807 4754 exsequi.
2853 4684 2964 4738 Vos
3001 4689 3192 4740 autem
3217 4683 3274 4737 in
3313 4680 3592 4753 proposito
3630 4679 3823 4739 defen-

2217 4773 2410 4831 denda
2431 4772 2699 4846 justitia,’
2721 4774 2867 4845 quod
2905 4790 3003 4846 pro
3036 4775 3265 4832 nomine
3284 4774 3481 4832 Christi
3512 4783 3567 4831 et
3611 4783 3822 4833 atema

2217 4868 2577 4923 retributione
2596 4866 2919 4939 incapistis,
2948 4868 3025 4925 ita
3054 4868 3347 4939 persistite,
3374 4876 3438 4925 ut
3464 4867 3533 4925 ad
3552 4884 3823 4925 coronam

2216 4968 2333 5017 tam
2350 4960 2544 5027 sancti,
2564 4970 2681 5017 tam
2696 4965 2814 5017 Deo
2837 4961 3023 5033 placiti
3043 4963 3383 5030 certaminis,
3407 4966 3525 5019 Deo
3546 4962 3817 5029 donante,

2216 5049 2524 5121 pertingere
2552 5048 2794 5104 valeatis.
2842 5049 3007 5105 Plura
3047 5051 3201 5107 vobis
3240 5067 3339 5123 per
3382 5055 3583 5124 scripta
3627 5052 3822 5109 misis-

2213 5150 2422 5202 semus,
2462 5137 2565 5194 nisi
2611 5136 2760 5210 quod
2802 5138 2938 5194 tales
2984 5138 3054 5195 ad
3092 5156 3189 5196 vos
3236 5140 3456 5201 nuntios
3491 5140 3817 5209 direximus,

2212 5225 2408 5295 quibus
2434 5226 2810 5283 indubitanter
2835 5227 3057 5283 credere
3078 5229 3331 5299 potestis,
3364 5229 3419 5283 in
3443 5244 3685 5302 quorum
3714 5244 3819 5286 ore

2211 5313 2484 5385 quidquid
2522 5316 2577 5370 in
2606 5316 2838 5387 epistola
2868 5316 3049 5372 minus
3073 5318 3410 5386 continetur,
3439 5326 3497 5374 et
3522 5334 3623 5391 pro
3657 5317 3818 5376 vobis

2210 5402 2292 5457 vel
2316 5401 2388 5458 ad
2414 5417 2512 5459 vos
2533 5418 2631 5459 cor
2657 5411 2913 5460 nostrum
2935 5404 3120 5472 habet,
3152 5406 3459 5478 posuimus.
3492 5410 3694 5465 Amen.

2874 5499 3143 5555 XXXIV.

2210 5586 2455 5654 Gregorii
2485 5588 2592 5663 VII
2603 5590 2840 5663 _epistola
2867 5590 2940 5645 ad
2983 5606 3157 5647 omnes
3202 5591 3641 5663 archiepiscopos,
3690 5594 3813 5663 epi-

2279 5744 2339 5782 m
2368 5744 2705 5785 naroonenst
2734 5744 2947 5797 ᾱαιιῑα,
2998 5744 3294 5789 Guascom‘a
3336 5744 3390 5789 et
3418 5744 3682 5805 Hispania
3718 5749 3811 5789 re-

2276 5800 2433 5868 gione
2481 5805 2794 5859 constitutos
2836 5803 3052 5873 quando
3099 5807 3380 5872 Amatam,
3432 5806 3813 5863 Oloroncnsem
