  <div class='ocr_page' id='page_1' title='image "/cluster/home/n/w/nwhite01/storage/ocr_20150623/148/hvd.32044054760061/346.png"; bbox 0 0 4044 6186; ppageno 0'>
   <div class='ocr_carea' id='block_1_1' title="bbox 276 251 1857 322">
    <p class='ocr_par' dir='ltr' id='par_1_1' title="bbox 276 251 1857 312">
     <span class='ocr_line' id='line_1_1' title="bbox 276 251 1857 312; baseline 0.003 -6"><span class='ocrx_word' id='word_1_1' title='bbox 276 255 367 306; x_wconf 73' lang='grc'>681</span> <span class='ocrx_word' id='word_1_2' title='bbox 1208 253 1551 310; x_wconf 70' lang='grc' dir='ltr'>ΕΡΙΞΤΟιΑῖ</span> <span class='ocrx_word' id='word_1_3' title='bbox 1590 251 1808 312; x_wconf 80' lang='lat' dir='ltr'>EXTRA</span> <span class='ocrx_word' id='word_1_4' title='bbox 1848 258 1857 312; x_wconf 91' lang='lat' dir='ltr'>l</span> 
     </span>
    </p>
   </div>
   <div class='ocr_carea' id='block_1_2' title="bbox 1972 251 2643 322">
    <p class='ocr_par' dir='ltr' id='par_1_2' title="bbox 1972 257 2643 322">
     <span class='ocr_line' id='line_1_2' title="bbox 1972 257 2643 322; baseline 0.016 -11"><span class='ocrx_word' id='word_1_5' title='bbox 1972 257 2228 316; x_wconf 71' lang='lat' dir='ltr'>ilSTRUM</span> <span class='ocrx_word' id='word_1_6' title='bbox 2268 263 2620 322; x_wconf 75' lang='lat' dir='ltr'>VAGANTES</span> <span class='ocrx_word' id='word_1_7' title='bbox 2631 307 2643 321; x_wconf 91' lang='lat'>.</span> 
     </span>
    </p>
   </div>
   <div class='ocr_carea' id='block_1_3' title="bbox 3466 281 3568 336">
    <p class='ocr_par' dir='ltr' id='par_1_3' title="bbox 3466 281 3568 336">
     <span class='ocr_line' id='line_1_3' title="bbox 3466 281 3568 336; baseline 0.01 -1"><span class='ocrx_word' id='word_1_8' title='bbox 3466 281 3568 336; x_wconf 74' lang='lat'>682</span> 
     </span>
    </p>
   </div>
   <div class='ocr_carea' id='block_1_4' title="bbox 342 373 3567 460">
    <p class='ocr_par' dir='ltr' id='par_1_4' title="bbox 342 373 3567 460">
     <span class='ocr_line' id='line_1_4' title="bbox 342 373 3567 460; baseline 0.008 -28"><span class='ocrx_word' id='word_1_9' title='bbox 342 380 641 460; x_wconf 66' lang='lat' dir='ltr'>episcopum</span> <span class='ocrx_word' id='word_1_10' title='bbox 674 373 754 433; x_wconf 52' lang='lat' dir='ltr'>Sf</span> <span class='ocrx_word' id='word_1_11' title='bbox 783 380 848 433; x_wconf 78' lang='grc' dir='ltr'>Β.</span> <span class='ocrx_word' id='word_1_12' title='bbox 904 381 970 433; x_wconf 84' lang='grc' dir='ltr'>Ε.</span> <span class='ocrx_word' id='word_1_13' title='bbox 1022 379 1251 447; x_wconf 83' lang='lat' dir='ltr'>legatum</span> <span class='ocrx_word' id='word_1_14' title='bbox 1283 383 1427 434; x_wconf 78' lang='lat' dir='ltr'>misit</span> <span class='ocrx_word' id='word_1_15' title='bbox 1457 383 1516 434; x_wconf 75' lang='lat' dir='ltr'>in</span> <span class='ocrx_word' id='word_1_16' title='bbox 1547 382 1788 437; x_wconf 81' lang='lat' dir='ltr'>Galliam</span> <span class='ocrx_word' id='word_1_17' title='bbox 1814 389 1864 437; x_wconf 83' lang='lat' dir='ltr'>et</span> <span class='ocrx_word' id='word_1_18' title='bbox 1893 388 1945 450; x_wconf 84' lang='grc' dir='ltr'><strong>Α</strong></span> <span class='ocrx_word' id='word_1_19' title='bbox 1974 393 2027 440; x_wconf 92' lang='lat' dir='ltr'>et</span> <span class='ocrx_word' id='word_1_20' title='bbox 2055 390 2534 459; x_wconf 76' lang='lat' dir='ltr'>congregationem</span> <span class='ocrx_word' id='word_1_21' title='bbox 2564 391 2799 449; x_wconf 85' lang='lat' dir='ltr'>fratrum</span> <span class='ocrx_word' id='word_1_22' title='bbox 2814 395 2946 452; x_wconf 90' lang='lat' dir='ltr'>inibi</span> <span class='ocrx_word' id='word_1_23' title='bbox 2976 399 3096 454; x_wconf 93' lang='lat' dir='ltr'>Deo</span> <span class='ocrx_word' id='word_1_24' title='bbox 3129 401 3486 459; x_wconf 87' lang='lat' dir='ltr'>servientium</span> <span class='ocrx_word' id='word_1_25' title='bbox 3511 406 3567 460; x_wconf 88' lang='lat' dir='ltr'>in</span> 
     </span>
    </p>
   </div>
   <div class='ocr_carea' id='block_1_5' title="bbox 346 451 687 518">
    <p class='ocr_par' dir='ltr' id='par_1_5' title="bbox 346 451 687 518">
     <span class='ocr_line' id='line_1_5' title="bbox 346 451 687 518; baseline 0 -14"><span class='ocrx_word' id='word_1_26' title='bbox 346 451 687 518; x_wconf 73' lang='lat' dir='ltr'>Hispaniam.</span> 
     </span>
    </p>
   </div>
   <div class='ocr_carea' id='block_1_6' title="bbox 862 548 1267 608">
    <p class='ocr_par' dir='ltr' id='par_1_6' title="bbox 862 548 1267 608">
     <span class='ocr_line' id='line_1_6' title="bbox 862 548 1267 608; baseline -0.002 -9"><span class='ocrx_word' id='word_1_27' title='bbox 862 548 1044 608; x_wconf 87' lang='lat' dir='ltr'>(Anno</span> <span class='ocrx_word' id='word_1_28' title='bbox 1087 550 1267 608; x_wconf 79' lang='lat'>1077.)</span> 
     </span>
    </p>
   </div>
   <div class='ocr_carea' id='block_1_7' title="bbox 659 639 1469 705">
    <p class='ocr_par' dir='ltr' id='par_1_7' title="bbox 659 639 1469 705">
     <span class='ocr_line' id='line_1_7' title="bbox 659 639 1469 705; baseline 0.004 -14"><span class='ocrx_word' id='word_1_29' title='bbox 659 639 885 704; x_wconf 76' lang='lat' dir='ltr'>MANSI,</span> <span class='ocrx_word' id='word_1_30' title='bbox 925 639 1119 693; x_wconf 74' lang='lat' dir='ltr'>Concll.</span> <span class='ocrx_word' id='word_1_31' title='bbox 1176 639 1311 705; x_wconf 82' lang='lat' dir='ltr'>XX,</span> <span class='ocrx_word' id='word_1_32' title='bbox 1342 644 1469 695; x_wconf 84' lang='lat'>622.</span> 
     </span>
    </p>
   </div>
   <div class='ocr_carea' id='block_1_8' title="bbox 343 741 1863 812">
    <p class='ocr_par' dir='ltr' id='par_1_8' title="bbox 343 741 1863 812">
     <span class='ocr_line' id='line_1_8' title="bbox 343 741 1863 812; baseline 0 -15"><span class='ocrx_word' id='word_1_33' title='bbox 343 741 692 797; x_wconf 77' lang='lat' dir='ltr'>GBBGOBIUS</span> <span class='ocrx_word' id='word_1_34' title='bbox 703 741 1011 812; x_wconf 84' lang='lat' dir='ltr'>episcopus,</span> <span class='ocrx_word' id='word_1_35' title='bbox 1035 755 1222 796; x_wconf 86' lang='lat' dir='ltr'>servus</span> <span class='ocrx_word' id='word_1_36' title='bbox 1240 757 1522 797; x_wconf 89' lang='lat' dir='ltr'>servorum</span> <span class='ocrx_word' id='word_1_37' title='bbox 1535 743 1658 804; x_wconf 88' lang='lat' dir='ltr'>Dei,</span> <span class='ocrx_word' id='word_1_38' title='bbox 1682 743 1863 798; x_wconf 89' lang='lat' dir='ltr'>omni-</span> 
     </span>
    </p>
   </div>
   <div class='ocr_carea' id='block_1_9' title="bbox 273 831 1860 908">
    <p class='ocr_par' dir='ltr' id='par_1_9' title="bbox 273 831 1860 908">
     <span class='ocr_line' id='line_1_9' title="bbox 273 831 1860 908; baseline 0.002 -20"><span class='ocrx_word' id='word_1_39' title='bbox 273 831 371 889; x_wconf 89' lang='lat' dir='ltr'>bus</span> <span class='ocrx_word' id='word_1_40' title='bbox 427 833 871 904; x_wconf 86' lang='lat' dir='ltr'>archiepiscopis,</span> <span class='ocrx_word' id='word_1_41' title='bbox 919 834 1205 905; x_wconf 87' lang='lat' dir='ltr'>episcopis,</span> <span class='ocrx_word' id='word_1_42' title='bbox 1260 835 1569 901; x_wconf 83' lang='lat' dir='ltr'>abbatibus,</span> <span class='ocrx_word' id='word_1_43' title='bbox 1617 837 1860 908; x_wconf 87' lang='lat' dir='ltr'>regibus,</span> 
     </span>
    </p>
   </div>
   <div class='ocr_carea' id='block_1_10' title="bbox 274 927 1861 999">
    <p class='ocr_par' dir='ltr' id='par_1_10' title="bbox 274 927 1861 999">
     <span class='ocr_line' id='line_1_10' title="bbox 274 927 1861 999; baseline 0.002 -19"><span class='ocrx_word' id='word_1_44' title='bbox 274 927 634 999; x_wconf 87' lang='lat' dir='ltr'>principibus,</span> <span class='ocrx_word' id='word_1_45' title='bbox 664 927 880 982; x_wconf 81' lang='lat' dir='ltr'>clericis</span> <span class='ocrx_word' id='word_1_46' title='bbox 905 943 1125 999; x_wconf 91' lang='lat' dir='ltr'>quoque</span> <span class='ocrx_word' id='word_1_47' title='bbox 1167 945 1230 983; x_wconf 89' lang='lat' dir='ltr'>ac</span> <span class='ocrx_word' id='word_1_48' title='bbox 1255 927 1412 984; x_wconf 85' lang='lat' dir='ltr'>laicis</span> <span class='ocrx_word' id='word_1_49' title='bbox 1437 928 1488 983; x_wconf 91' lang='lat' dir='ltr'>in</span> <span class='ocrx_word' id='word_1_50' title='bbox 1513 928 1861 984; x_wconf 77' lang='lat' dir='ltr'>Narbonensi</span> 
     </span>
    </p>
   </div>
   <div class='ocr_carea' id='block_1_11' title="bbox 273 1020 1864 1094">
    <p class='ocr_par' dir='ltr' id='par_1_11' title="bbox 273 1020 1864 1094">
     <span class='ocr_line' id='line_1_11' title="bbox 273 1020 1864 1094; baseline 0.001 -18"><span class='ocrx_word' id='word_1_51' title='bbox 273 1020 463 1087; x_wconf 88' lang='lat' dir='ltr'>Gallia,</span> <span class='ocrx_word' id='word_1_52' title='bbox 493 1021 808 1077; x_wconf 89' lang='lat' dir='ltr'>Guasconia</span> <span class='ocrx_word' id='word_1_53' title='bbox 851 1020 1226 1092; x_wconf 85' lang='lat' dir='ltr'>Hispaniaque</span> <span class='ocrx_word' id='word_1_54' title='bbox 1266 1022 1492 1094; x_wconf 85' lang='lat' dir='ltr'>regione</span> <span class='ocrx_word' id='word_1_55' title='bbox 1548 1023 1777 1077; x_wconf 83' lang='lat' dir='ltr'>salutem</span> <span class='ocrx_word' id='word_1_56' title='bbox 1807 1033 1864 1078; x_wconf 89' lang='lat' dir='ltr'>et</span> 
     </span>
    </p>
   </div>
   <div class='ocr_carea' id='block_1_12' title="bbox 271 1113 1154 1185">
    <p class='ocr_par' dir='ltr' id='par_1_12' title="bbox 271 1113 1154 1185">
     <span class='ocr_line' id='line_1_12' title="bbox 271 1113 1154 1185; baseline 0 -17"><span class='ocrx_word' id='word_1_57' title='bbox 271 1114 623 1185; x_wconf 86' lang='lat' dir='ltr'>apostolicam</span> <span class='ocrx_word' id='word_1_58' title='bbox 685 1113 1154 1170; x_wconf 86' lang='lat' dir='ltr'>benedictionem.</span> 
     </span>
    </p>
   </div>
   <div class='ocr_carea' id='block_1_13' title="bbox 341 1206 1860 1281">
    <p class='ocr_par' dir='ltr' id='par_1_13' title="bbox 341 1206 1860 1281">
     <span class='ocr_line' id='line_1_13' title="bbox 341 1206 1860 1281; baseline 0.001 -20"><span class='ocrx_word' id='word_1_59' title='bbox 341 1207 701 1263; x_wconf 87' lang='lat' dir='ltr'>Dilectissimi</span> <span class='ocrx_word' id='word_1_60' title='bbox 735 1206 933 1263; x_wconf 89' lang='lat' dir='ltr'>fratres</span> <span class='ocrx_word' id='word_1_61' title='bbox 967 1217 1021 1263; x_wconf 87' lang='lat' dir='ltr'>et</span> <span class='ocrx_word' id='word_1_62' title='bbox 1050 1208 1164 1276; x_wconf 80' lang='lat' dir='ltr'>lilii,</span> <span class='ocrx_word' id='word_1_63' title='bbox 1192 1208 1498 1281; x_wconf 67' lang='lat' dir='ltr'>prudentiae</span> <span class='ocrx_word' id='word_1_64' title='bbox 1522 1218 1718 1266; x_wconf 71' lang='lat' dir='ltr'>vestra:</span> <span class='ocrx_word' id='word_1_65' title='bbox 1745 1225 1860 1264; x_wconf 90' lang='lat' dir='ltr'>ma-</span> 
     </span>
    </p>
   </div>
   <div class='ocr_carea' id='block_1_14' title="bbox 269 1302 1860 1374">
    <p class='ocr_par' dir='ltr' id='par_1_14' title="bbox 269 1302 1860 1374">
     <span class='ocr_line' id='line_1_14' title="bbox 269 1302 1860 1374; baseline 0.001 -18"><span class='ocrx_word' id='word_1_66' title='bbox 269 1302 626 1357; x_wconf 86' lang='lat' dir='ltr'>nifestissime</span> <span class='ocrx_word' id='word_1_67' title='bbox 651 1308 850 1356; x_wconf 92' lang='lat' dir='ltr'>notum</span> <span class='ocrx_word' id='word_1_68' title='bbox 881 1310 964 1355; x_wconf 89' lang='lat' dir='ltr'>est</span> <span class='ocrx_word' id='word_1_69' title='bbox 993 1302 1141 1374; x_wconf 92' lang='lat' dir='ltr'>quod</span> <span class='ocrx_word' id='word_1_70' title='bbox 1167 1305 1424 1357; x_wconf 83' lang='lat' dir='ltr'>Romana</span> <span class='ocrx_word' id='word_1_71' title='bbox 1458 1303 1695 1357; x_wconf 85' lang='lat' dir='ltr'>Ecclesia</span> <span class='ocrx_word' id='word_1_72' title='bbox 1722 1303 1860 1357; x_wconf 89' lang='lat' dir='ltr'>hanc</span> 
     </span>
    </p>
   </div>
   <div class='ocr_carea' id='block_1_15' title="bbox 268 1394 1858 1466">
    <p class='ocr_par' dir='ltr' id='par_1_15' title="bbox 268 1394 1858 1466">
     <span class='ocr_line' id='line_1_15' title="bbox 268 1394 1858 1466; baseline -0.001 -15"><span class='ocrx_word' id='word_1_73' title='bbox 268 1394 719 1451; x_wconf 86' lang='lat' dir='ltr'>consuetudinem</span> <span class='ocrx_word' id='word_1_74' title='bbox 747 1395 941 1450; x_wconf 91' lang='lat' dir='ltr'>habuit</span> <span class='ocrx_word' id='word_1_75' title='bbox 968 1397 1035 1450; x_wconf 88' lang='lat' dir='ltr'>ab</span> <span class='ocrx_word' id='word_1_76' title='bbox 1069 1396 1200 1466; x_wconf 87' lang='lat' dir='ltr'>ipsis</span> <span class='ocrx_word' id='word_1_77' title='bbox 1230 1411 1344 1451; x_wconf 80' lang='lat' dir='ltr'>suae</span> <span class='ocrx_word' id='word_1_78' title='bbox 1372 1395 1715 1451; x_wconf 87' lang='lat' dir='ltr'>fundationis</span> <span class='ocrx_word' id='word_1_79' title='bbox 1746 1397 1858 1466; x_wconf 90' lang='lat' dir='ltr'>pri—</span> 
     </span>
    </p>
   </div>
   <div class='ocr_carea' id='block_1_16' title="bbox 270 1488 1858 1561">
    <p class='ocr_par' dir='ltr' id='par_1_16' title="bbox 270 1488 1858 1561">
     <span class='ocr_line' id='line_1_16' title="bbox 270 1488 1858 1561; baseline -0.001 -16"><span class='ocrx_word' id='word_1_80' title='bbox 270 1489 516 1555; x_wconf 90' lang='lat' dir='ltr'>mordiis,</span> <span class='ocrx_word' id='word_1_81' title='bbox 573 1498 635 1545; x_wconf 92' lang='lat' dir='ltr'>ut</span> <span class='ocrx_word' id='word_1_82' title='bbox 666 1488 736 1545; x_wconf 89' lang='lat' dir='ltr'>ad</span> <span class='ocrx_word' id='word_1_83' title='bbox 787 1504 986 1544; x_wconf 92' lang='lat' dir='ltr'>omnes</span> <span class='ocrx_word' id='word_1_84' title='bbox 1014 1498 1194 1561; x_wconf 91' lang='lat' dir='ltr'>partes</span> <span class='ocrx_word' id='word_1_85' title='bbox 1220 1505 1343 1560; x_wconf 82' lang='lat' dir='ltr'>quae</span> <span class='ocrx_word' id='word_1_86' title='bbox 1382 1489 1711 1545; x_wconf 87' lang='lat' dir='ltr'>Christianae</span> <span class='ocrx_word' id='word_1_87' title='bbox 1734 1491 1858 1544; x_wconf 87' lang='lat' dir='ltr'>reli—</span> 
     </span>
    </p>
   </div>
   <div class='ocr_carea' id='block_1_17' title="bbox 270 1583 1856 1654">
    <p class='ocr_par' dir='ltr' id='par_1_17' title="bbox 270 1583 1856 1654">
     <span class='ocr_line' id='line_1_17' title="bbox 270 1583 1856 1654; baseline -0.002 -18"><span class='ocrx_word' id='word_1_88' title='bbox 270 1584 453 1654; x_wconf 86' lang='lat' dir='ltr'>gionis</span> <span class='ocrx_word' id='word_1_89' title='bbox 513 1583 674 1637; x_wconf 85' lang='lat' dir='ltr'>titulo</span> <span class='ocrx_word' id='word_1_90' title='bbox 729 1591 1103 1653; x_wconf 69' lang='lat' dir='ltr'>praenotantur</span> <span class='ocrx_word' id='word_1_91' title='bbox 1157 1599 1286 1638; x_wconf 91' lang='lat' dir='ltr'>suos</span> <span class='ocrx_word' id='word_1_92' title='bbox 1331 1584 1540 1654; x_wconf 85' lang='lat' dir='ltr'>legatos</span> <span class='ocrx_word' id='word_1_93' title='bbox 1593 1583 1856 1646; x_wconf 77' lang='lat' dir='ltr'>mitteret,</span> 
     </span>
    </p>
   </div>
   <div class='ocr_carea' id='block_1_18' title="bbox 271 1676 1859 1749">
    <p class='ocr_par' dir='ltr' id='par_1_18' title="bbox 271 1676 1859 1749">
     <span class='ocr_line' id='line_1_18' title="bbox 271 1676 1859 1749; baseline 0.001 -19"><span class='ocrx_word' id='word_1_94' title='bbox 271 1685 544 1749; x_wconf 82' lang='lat' dir='ltr'>quatenus</span> <span class='ocrx_word' id='word_1_95' title='bbox 575 1693 635 1732; x_wconf 87' lang='lat' dir='ltr'>ea</span> <span class='ocrx_word' id='word_1_96' title='bbox 683 1693 808 1748; x_wconf 70' lang='lat' dir='ltr'>qua:</span> <span class='ocrx_word' id='word_1_97' title='bbox 835 1677 1174 1745; x_wconf 73' lang='lat' dir='ltr'>gubernator</span> <span class='ocrx_word' id='word_1_98' title='bbox 1203 1685 1257 1732; x_wconf 91' lang='lat' dir='ltr'>et</span> <span class='ocrx_word' id='word_1_99' title='bbox 1287 1686 1470 1732; x_wconf 88' lang='lat' dir='ltr'>rector</span> <span class='ocrx_word' id='word_1_100' title='bbox 1498 1676 1746 1748; x_wconf 86' lang='lat' dir='ltr'>ejusdem</span> <span class='ocrx_word' id='word_1_101' title='bbox 1766 1680 1859 1732; x_wconf 84' lang='lat' dir='ltr'>Ec-</span> 
     </span>
    </p>
   </div>
   <div class='ocr_carea' id='block_1_19' title="bbox 1972 479 3570 554">
    <p class='ocr_par' dir='ltr' id='par_1_19' title="bbox 1972 479 3570 554">
     <span class='ocr_line' id='line_1_19' title="bbox 1972 479 3570 554; baseline 0.013 -21"><span class='ocrx_word' id='word_1_102' title='bbox 1972 479 2198 535; x_wconf 86' lang='lat' dir='ltr'>tutelam</span> <span class='ocrx_word' id='word_1_103' title='bbox 2242 489 2296 536; x_wconf 86' lang='lat' dir='ltr'>et</span> <span class='ocrx_word' id='word_1_104' title='bbox 2339 481 2722 542; x_wconf 85' lang='lat' dir='ltr'>defensionem</span> <span class='ocrx_word' id='word_1_105' title='bbox 2767 498 2974 546; x_wconf 65' lang='lat' dir='ltr'>sancta;</span> <span class='ocrx_word' id='word_1_106' title='bbox 3004 493 3275 551; x_wconf 77' lang='lat' dir='ltr'>Romanae</span> <span class='ocrx_word' id='word_1_107' title='bbox 3314 497 3570 554; x_wconf 77' lang='lat' dir='ltr'>Ecclesiae</span> 
     </span>
    </p>
   </div>
   <div class='ocr_carea' id='block_1_20' title="bbox 1971 573 3570 660">
    <p class='ocr_par' dir='ltr' id='par_1_20' title="bbox 1971 573 3570 660">
     <span class='ocr_line' id='line_1_20' title="bbox 1971 573 3570 660; baseline 0.013 -34"><span class='ocrx_word' id='word_1_108' title='bbox 1971 573 2284 643; x_wconf 77' lang='lat' dir='ltr'>apostolica:</span> <span class='ocrx_word' id='word_1_109' title='bbox 2313 576 2561 632; x_wconf 89' lang='lat' dir='ltr'>tuitionis</span> <span class='ocrx_word' id='word_1_110' title='bbox 2603 581 2950 654; x_wconf 78' lang='lat' dir='ltr'>privilegium</span> <span class='ocrx_word' id='word_1_111' title='bbox 3006 599 3070 640; x_wconf 88' lang='lat' dir='ltr'>ex</span> <span class='ocrx_word' id='word_1_112' title='bbox 3122 594 3292 656; x_wconf 90' lang='lat' dir='ltr'>tunc,</span> <span class='ocrx_word' id='word_1_113' title='bbox 3337 605 3443 660; x_wconf 91' lang='lat' dir='ltr'>qua</span> <span class='ocrx_word' id='word_1_114' title='bbox 3474 606 3570 660; x_wconf 84' lang='lat' dir='ltr'>per</span> 
     </span>
    </p>
   </div>
   <div class='ocr_carea' id='block_1_21' title="bbox 1973 665 3566 753">
    <p class='ocr_par' dir='ltr' id='par_1_21' title="bbox 1973 665 3566 753">
     <span class='ocr_line' id='line_1_21' title="bbox 1973 665 3566 753; baseline 0.013 -34"><span class='ocrx_word' id='word_1_115' title='bbox 1973 665 2198 721; x_wconf 91' lang='lat' dir='ltr'>beatum</span> <span class='ocrx_word' id='word_1_116' title='bbox 2231 670 2482 737; x_wconf 88' lang='lat' dir='ltr'>Petrum,</span> <span class='ocrx_word' id='word_1_117' title='bbox 2515 674 2628 727; x_wconf 91' lang='lat' dir='ltr'>Deo</span> <span class='ocrx_word' id='word_1_118' title='bbox 2674 672 3020 746; x_wconf 90' lang='lat' dir='ltr'>disponente,</span> <span class='ocrx_word' id='word_1_119' title='bbox 3073 681 3434 753; x_wconf 88' lang='lat' dir='ltr'>suscepimus,</span> <span class='ocrx_word' id='word_1_120' title='bbox 3467 700 3566 737; x_wconf 89' lang='lat' dir='ltr'>au-</span> 
     </span>
    </p>
   </div>
   <div class='ocr_carea' id='block_1_22' title="bbox 1972 760 3567 831">
    <p class='ocr_par' dir='ltr' id='par_1_22' title="bbox 1972 760 3567 831">
     <span class='ocr_line' id='line_1_22' title="bbox 1972 760 3567 831; baseline 0.011 -18"><span class='ocrx_word' id='word_1_121' title='bbox 1972 760 2227 814; x_wconf 87' lang='lat' dir='ltr'>ctoritate</span> <span class='ocrx_word' id='word_1_122' title='bbox 2249 763 2630 831; x_wconf 86' lang='lat' dir='ltr'>concedimus;</span> <span class='ocrx_word' id='word_1_123' title='bbox 2654 767 3049 827; x_wconf 82' lang='lat' dir='ltr'>conﬁrmantes</span> <span class='ocrx_word' id='word_1_124' title='bbox 3077 781 3132 827; x_wconf 92' lang='lat' dir='ltr'>et</span> <span class='ocrx_word' id='word_1_125' title='bbox 3149 776 3567 831; x_wconf 90' lang='lat' dir='ltr'>corroborantes</span> 
     </span>
    </p>
   </div>
   <div class='ocr_carea' id='block_1_23' title="bbox 1972 851 3567 937">
    <p class='ocr_par' dir='ltr' id='par_1_23' title="bbox 1972 851 3567 937">
     <span class='ocr_line' id='line_1_23' title="bbox 1972 851 3567 937; baseline 0.011 -31"><span class='ocrx_word' id='word_1_126' title='bbox 1972 851 2152 907; x_wconf 90' lang='lat' dir='ltr'>eidem</span> <span class='ocrx_word' id='word_1_127' title='bbox 2197 856 2496 910; x_wconf 86' lang='lat' dir='ltr'>venerabili</span> <span class='ocrx_word' id='word_1_128' title='bbox 2530 862 2866 917; x_wconf 88' lang='lat' dir='ltr'>monasterio</span> <span class='ocrx_word' id='word_1_129' title='bbox 2897 880 3225 937; x_wconf 90' lang='lat' dir='ltr'>quacunque</span> <span class='ocrx_word' id='word_1_130' title='bbox 3256 885 3404 924; x_wconf 90' lang='lat' dir='ltr'>nunc</span> <span class='ocrx_word' id='word_1_131' title='bbox 3435 877 3567 924; x_wconf 89' lang='lat' dir='ltr'>sunt</span> 
     </span>
    </p>
   </div>
   <div class='ocr_carea' id='block_1_24' title="bbox 1965 946 3562 1030">
    <p class='ocr_par' dir='ltr' id='par_1_24' title="bbox 1965 946 3562 1030">
     <span class='ocr_line' id='line_1_24' title="bbox 1965 946 3562 1030; baseline 0.011 -30"><span class='ocrx_word' id='word_1_132' title='bbox 1965 946 2030 1024; x_wconf 81' lang='lat' dir='ltr'>in</span> <span class='ocrx_word' id='word_1_133' title='bbox 2074 947 2232 1002; x_wconf 88' lang='lat' dir='ltr'>terris</span> <span class='ocrx_word' id='word_1_134' title='bbox 2261 947 2422 1004; x_wconf 88' lang='lat' dir='ltr'>cultis</span> <span class='ocrx_word' id='word_1_135' title='bbox 2476 958 2571 1004; x_wconf 87' lang='lat' dir='ltr'>aut</span> <span class='ocrx_word' id='word_1_136' title='bbox 2610 952 2853 1020; x_wconf 83' lang='lat' dir='ltr'>incultis,</span> <span class='ocrx_word' id='word_1_137' title='bbox 2888 956 2998 1011; x_wconf 89' lang='lat' dir='ltr'>sive</span> <span class='ocrx_word' id='word_1_138' title='bbox 3042 957 3098 1012; x_wconf 91' lang='lat' dir='ltr'>in</span> <span class='ocrx_word' id='word_1_139' title='bbox 3127 959 3458 1030; x_wconf 89' lang='lat' dir='ltr'>quibuslibet</span> <span class='ocrx_word' id='word_1_140' title='bbox 3484 978 3562 1018; x_wconf 90' lang='lat' dir='ltr'>re-</span> 
     </span>
    </p>
   </div>
   <div class='ocr_carea' id='block_1_25' title="bbox 1973 1039 3561 1122">
    <p class='ocr_par' dir='ltr' id='par_1_25' title="bbox 1973 1039 3561 1122">
     <span class='ocr_line' id='line_1_25' title="bbox 1973 1039 3561 1122; baseline 0.009 -28"><span class='ocrx_word' id='word_1_141' title='bbox 1973 1039 2073 1094; x_wconf 90' lang='lat' dir='ltr'>bus</span> <span class='ocrx_word' id='word_1_142' title='bbox 2128 1041 2422 1097; x_wconf 89' lang='lat' dir='ltr'>mobilibus</span> <span class='ocrx_word' id='word_1_143' title='bbox 2484 1045 2561 1098; x_wconf 88' lang='lat' dir='ltr'>vel</span> <span class='ocrx_word' id='word_1_144' title='bbox 2613 1045 2991 1104; x_wconf 86' lang='lat' dir='ltr'>immobilibus</span> <span class='ocrx_word' id='word_1_145' title='bbox 3032 1050 3180 1122; x_wconf 89' lang='lat' dir='ltr'>juste</span> <span class='ocrx_word' id='word_1_146' title='bbox 3231 1052 3415 1121; x_wconf 86' lang='lat' dir='ltr'>habet,</span> <span class='ocrx_word' id='word_1_147' title='bbox 3464 1063 3561 1110; x_wconf 88' lang='lat' dir='ltr'>aut</span> 
     </span>
    </p>
   </div>
   <div class='ocr_carea' id='block_1_26' title="bbox 1963 1133 3565 1219">
    <p class='ocr_par' dir='ltr' id='par_1_26' title="bbox 1963 1133 3565 1219">
     <span class='ocr_line' id='line_1_26' title="bbox 1963 1133 3565 1219; baseline 0.011 -32"><span class='ocrx_word' id='word_1_148' title='bbox 1963 1133 2022 1188; x_wconf 91' lang='lat' dir='ltr'>in</span> <span class='ocrx_word' id='word_1_149' title='bbox 2052 1142 2355 1203; x_wconf 89' lang='lat' dir='ltr'>posterum,</span> <span class='ocrx_word' id='word_1_150' title='bbox 2378 1139 2498 1191; x_wconf 90' lang='lat' dir='ltr'>Deo</span> <span class='ocrx_word' id='word_1_151' title='bbox 2523 1138 2849 1208; x_wconf 86' lang='lat' dir='ltr'>opitulante,</span> <span class='ocrx_word' id='word_1_152' title='bbox 2870 1143 3149 1212; x_wconf 86' lang='lat' dir='ltr'>acquirere</span> <span class='ocrx_word' id='word_1_153' title='bbox 3178 1147 3396 1215; x_wconf 89' lang='lat' dir='ltr'>poterit,</span> <span class='ocrx_word' id='word_1_154' title='bbox 3425 1165 3565 1219; x_wconf 47' lang='lat' dir='ltr'>qua;</span> 
     </span>
    </p>
   </div>
   <div class='ocr_carea' id='block_1_27' title="bbox 1968 1228 3560 1308">
    <p class='ocr_par' dir='ltr' id='par_1_27' title="bbox 1968 1228 3560 1308">
     <span class='ocr_line' id='line_1_27' title="bbox 1968 1228 3560 1308; baseline 0.009 -28"><span class='ocrx_word' id='word_1_155' title='bbox 1968 1235 2128 1281; x_wconf 89' lang='lat' dir='ltr'>tenus</span> <span class='ocrx_word' id='word_1_156' title='bbox 2158 1236 2272 1282; x_wconf 89' lang='lat' dir='ltr'>tum</span> <span class='ocrx_word' id='word_1_157' title='bbox 2303 1228 2372 1283; x_wconf 90' lang='lat' dir='ltr'>ad</span> <span class='ocrx_word' id='word_1_158' title='bbox 2391 1246 2745 1286; x_wconf 90' lang='lat' dir='ltr'>communem</span> <span class='ocrx_word' id='word_1_159' title='bbox 2768 1249 2928 1288; x_wconf 90' lang='lat' dir='ltr'>usum</span> <span class='ocrx_word' id='word_1_160' title='bbox 2945 1234 3200 1302; x_wconf 87' lang='lat' dir='ltr'>fratrum,</span> <span class='ocrx_word' id='word_1_161' title='bbox 3223 1246 3337 1293; x_wconf 90' lang='lat' dir='ltr'>tam</span> <span class='ocrx_word' id='word_1_162' title='bbox 3367 1239 3422 1294; x_wconf 92' lang='lat' dir='ltr'>in</span> <span class='ocrx_word' id='word_1_163' title='bbox 3441 1249 3560 1308; x_wconf 89' lang='lat' dir='ltr'>tua,</span> 
     </span>
    </p>
   </div>
   <div class='ocr_carea' id='block_1_28' title="bbox 1967 1322 3558 1400">
    <p class='ocr_par' dir='ltr' id='par_1_28' title="bbox 1967 1322 3558 1400">
     <span class='ocr_line' id='line_1_28' title="bbox 1967 1322 3558 1400; baseline 0.009 -26"><span class='ocrx_word' id='word_1_164' title='bbox 1967 1337 2136 1390; x_wconf 90' lang='lat' dir='ltr'>quam</span> <span class='ocrx_word' id='word_1_165' title='bbox 2187 1322 2241 1376; x_wconf 91' lang='lat' dir='ltr'>in</span> <span class='ocrx_word' id='word_1_166' title='bbox 2290 1339 2670 1381; x_wconf 86' lang='lat' dir='ltr'>successorum</span> <span class='ocrx_word' id='word_1_167' title='bbox 2709 1334 2935 1383; x_wconf 89' lang='lat' dir='ltr'>tuorum</span> <span class='ocrx_word' id='word_1_168' title='bbox 2967 1328 3307 1400; x_wconf 88' lang='lat' dir='ltr'>providentia</span> <span class='ocrx_word' id='word_1_169' title='bbox 3338 1339 3395 1386; x_wconf 86' lang='lat' dir='ltr'>et</span> <span class='ocrx_word' id='word_1_170' title='bbox 3423 1348 3558 1387; x_wconf 88' lang='lat' dir='ltr'>con—</span> 
     </span>
    </p>
   </div>
   <div class='ocr_carea' id='block_1_29' title="bbox 1967 1414 3561 1496">
    <p class='ocr_par' dir='ltr' id='par_1_29' title="bbox 1967 1414 3561 1496">
     <span class='ocr_line' id='line_1_29' title="bbox 1967 1414 3561 1496; baseline 0.009 -30"><span class='ocrx_word' id='word_1_171' title='bbox 1967 1429 2101 1484; x_wconf 83' lang='lat' dir='ltr'>grua</span> <span class='ocrx_word' id='word_1_172' title='bbox 2145 1414 2571 1486; x_wconf 87' lang='lat' dir='ltr'>dispensatione,</span> <span class='ocrx_word' id='word_1_173' title='bbox 2614 1419 2940 1476; x_wconf 89' lang='lat' dir='ltr'>inconvulsa</span> <span class='ocrx_word' id='word_1_174' title='bbox 2996 1421 3312 1494; x_wconf 88' lang='lat' dir='ltr'>illibataque</span> <span class='ocrx_word' id='word_1_175' title='bbox 3350 1439 3561 1496; x_wconf 90' lang='lat' dir='ltr'>perma-</span> 
     </span>
    </p>
   </div>
   <div class='ocr_carea' id='block_1_30' title="bbox 1967 1510 3564 1580">
    <p class='ocr_par' dir='ltr' id='par_1_30' title="bbox 1967 1510 3564 1580">
     <span class='ocr_line' id='line_1_30' title="bbox 1967 1510 3564 1580; baseline 0.008 -20"><span class='ocrx_word' id='word_1_176' title='bbox 1967 1515 2153 1562; x_wconf 89' lang='lat' dir='ltr'>neant.</span> <span class='ocrx_word' id='word_1_177' title='bbox 2192 1510 2397 1564; x_wconf 87' lang='lat' dir='ltr'>Eadem</span> <span class='ocrx_word' id='word_1_178' title='bbox 2443 1514 2794 1580; x_wconf 70' lang='lat' dir='ltr'>praesentium</span> <span class='ocrx_word' id='word_1_179' title='bbox 2834 1515 3159 1572; x_wconf 89' lang='lat' dir='ltr'>auctoritate</span> <span class='ocrx_word' id='word_1_180' title='bbox 3195 1518 3475 1572; x_wconf 87' lang='lat' dir='ltr'>sancimus</span> <span class='ocrx_word' id='word_1_181' title='bbox 3504 1525 3564 1572; x_wconf 89' lang='lat' dir='ltr'>ut</span> 
     </span>
    </p>
   </div>
   <div class='ocr_carea' id='block_1_31' title="bbox 1969 1602 3561 1681">
    <p class='ocr_par' dir='ltr' id='par_1_31' title="bbox 1969 1602 3561 1681">
     <span class='ocr_line' id='line_1_31' title="bbox 1969 1602 3561 1681; baseline 0.007 -26"><span class='ocrx_word' id='word_1_182' title='bbox 1969 1617 2064 1656; x_wconf 92' lang='lat' dir='ltr'>eos</span> <span class='ocrx_word' id='word_1_183' title='bbox 2115 1602 2230 1672; x_wconf 89' lang='lat' dir='ltr'>qui,</span> <span class='ocrx_word' id='word_1_184' title='bbox 2279 1603 2362 1674; x_wconf 90' lang='lat' dir='ltr'>pia</span> <span class='ocrx_word' id='word_1_185' title='bbox 2415 1604 2710 1660; x_wconf 83' lang='lat' dir='ltr'>devotione</span> <span class='ocrx_word' id='word_1_186' title='bbox 2758 1615 2812 1662; x_wconf 92' lang='lat' dir='ltr'>et</span> <span class='ocrx_word' id='word_1_187' title='bbox 2866 1625 3056 1664; x_wconf 89' lang='lat' dir='ltr'>amore</span> <span class='ocrx_word' id='word_1_188' title='bbox 3094 1609 3336 1666; x_wconf 73' lang='lat' dir='ltr'>cmlestis</span> <span class='ocrx_word' id='word_1_189' title='bbox 3373 1611 3561 1681; x_wconf 64' lang='lat' dir='ltr'>patria</span> 
     </span>
    </p>
   </div>
   <div class='ocr_carea' id='block_1_32' title="bbox 1969 1695 3559 1766">
    <p class='ocr_par' dir='ltr' id='par_1_32' title="bbox 1969 1695 3559 1766">
     <span class='ocr_line' id='line_1_32' title="bbox 1969 1695 3559 1766; baseline 0.008 -17"><span class='ocrx_word' id='word_1_190' title='bbox 1969 1695 2181 1751; x_wconf 91' lang='lat' dir='ltr'>mundo</span> <span class='ocrx_word' id='word_1_191' title='bbox 2200 1697 2671 1766; x_wconf 88' lang='lat' dir='ltr'>abrenuntiantes,</span> <span class='ocrx_word' id='word_1_192' title='bbox 2705 1700 2906 1756; x_wconf 89' lang='lat' dir='ltr'>ibidem</span> <span class='ocrx_word' id='word_1_193' title='bbox 2927 1701 2996 1757; x_wconf 89' lang='lat' dir='ltr'>ad</span> <span class='ocrx_word' id='word_1_194' title='bbox 3014 1704 3374 1760; x_wconf 88' lang='lat' dir='ltr'>monasticam</span> <span class='ocrx_word' id='word_1_195' title='bbox 3397 1705 3559 1760; x_wconf 89' lang='lat' dir='ltr'>vitam</span> 
     </span>
    </p>
   </div>
   <div class='ocr_carea' id='block_1_33' title="bbox 271 1769 1857 1861">
    <p class='ocr_par' dir='ltr' id='par_1_33' title="bbox 271 1769 1852 1842">
     <span class='ocr_line' id='line_1_33' title="bbox 271 1769 1852 1842; baseline 0 -17"><span class='ocrx_word' id='word_1_196' title='bbox 271 1772 442 1827; x_wconf 82' lang='lat' dir='ltr'>clesiae</span> <span class='ocrx_word' id='word_1_197' title='bbox 467 1787 562 1839; x_wconf 87' lang='lat' dir='ltr'>per</span> <span class='ocrx_word' id='word_1_198' title='bbox 591 1786 750 1825; x_wconf 90' lang='lat' dir='ltr'>suam</span> <span class='ocrx_word' id='word_1_199' title='bbox 781 1771 1133 1841; x_wconf 64' lang='lat' dir='ltr'>prmsentiam</span> <span class='ocrx_word' id='word_1_200' title='bbox 1164 1769 1417 1842; x_wconf 83' lang='lat' dir='ltr'>expedire</span> <span class='ocrx_word' id='word_1_201' title='bbox 1445 1785 1555 1824; x_wconf 91' lang='lat' dir='ltr'>non</span> <span class='ocrx_word' id='word_1_202' title='bbox 1581 1772 1852 1840; x_wconf 80' lang='lat' dir='ltr'>praevalet,</span> 
     </span>
    </p>
   </div>
   <div class='ocr_carea' id='block_1_34' title="bbox 1972 1769 3556 1861">
    <p class='ocr_par' dir='ltr' id='par_1_34' title="bbox 1972 1789 3556 1861">
     <span class='ocr_line' id='line_1_34' title="bbox 1972 1789 3556 1861; baseline 0.006 -19"><span class='ocrx_word' id='word_1_203' title='bbox 1972 1789 2284 1860; x_wconf 84' lang='lat' dir='ltr'>regulariter</span> <span class='ocrx_word' id='word_1_204' title='bbox 2317 1806 2374 1845; x_wconf 91' lang='lat' dir='ltr'>se</span> <span class='ocrx_word' id='word_1_205' title='bbox 2416 1790 2669 1848; x_wconf 89' lang='lat' dir='ltr'>conferre</span> <span class='ocrx_word' id='word_1_206' title='bbox 2699 1794 2987 1861; x_wconf 89' lang='lat' dir='ltr'>voluerint,</span> <span class='ocrx_word' id='word_1_207' title='bbox 3013 1797 3132 1851; x_wconf 86' lang='lat' dir='ltr'>sine</span> <span class='ocrx_word' id='word_1_208' title='bbox 3162 1799 3313 1852; x_wconf 90' lang='lat' dir='ltr'>omni</span> <span class='ocrx_word' id='word_1_209' title='bbox 3343 1806 3556 1853; x_wconf 89' lang='lat' dir='ltr'>contra-</span> 
     </span>
    </p>
   </div>
   <div class='ocr_carea' id='block_1_35' title="bbox 272 1864 1855 1935">
    <p class='ocr_par' dir='ltr' id='par_1_35' title="bbox 272 1864 1855 1935">
     <span class='ocr_line' id='line_1_35' title="bbox 272 1864 1855 1935; baseline 0.001 -18"><span class='ocrx_word' id='word_1_210' title='bbox 272 1865 384 1919; x_wconf 84' lang='lat' dir='ltr'>vice</span> <span class='ocrx_word' id='word_1_211' title='bbox 406 1879 500 1920; x_wconf 89' lang='lat' dir='ltr'>sua</span> <span class='ocrx_word' id='word_1_212' title='bbox 529 1864 718 1935; x_wconf 83' lang='lat' dir='ltr'>legatis</span> <span class='ocrx_word' id='word_1_213' title='bbox 747 1880 1027 1930; x_wconf 88' lang='lat' dir='ltr'>concessa,</span> <span class='ocrx_word' id='word_1_214' title='bbox 1078 1865 1292 1919; x_wconf 87' lang='lat' dir='ltr'>monita</span> <span class='ocrx_word' id='word_1_215' title='bbox 1321 1865 1512 1920; x_wconf 88' lang='lat' dir='ltr'>salutis</span> <span class='ocrx_word' id='word_1_216' title='bbox 1542 1881 1606 1919; x_wconf 89' lang='lat' dir='ltr'>ac</span> <span class='ocrx_word' id='word_1_217' title='bbox 1635 1880 1855 1919; x_wconf 90' lang='lat' dir='ltr'>morum</span> 
     </span>
    </p>
   </div>
   <div class='ocr_carea' id='block_1_36' title="bbox 269 1957 1855 2028">
    <p class='ocr_par' dir='ltr' id='par_1_36' title="bbox 269 1957 1855 2028">
     <span class='ocr_line' id='line_1_36' title="bbox 269 1957 1855 2028; baseline 0 -16"><span class='ocrx_word' id='word_1_218' title='bbox 269 1957 613 2013; x_wconf 86' lang='lat' dir='ltr'>honestatem</span> <span class='ocrx_word' id='word_1_219' title='bbox 644 1973 740 2028; x_wconf 92' lang='lat' dir='ltr'>per</span> <span class='ocrx_word' id='word_1_220' title='bbox 781 1973 876 2012; x_wconf 89' lang='lat' dir='ltr'>eos</span> <span class='ocrx_word' id='word_1_221' title='bbox 927 1959 1144 2013; x_wconf 89' lang='lat' dir='ltr'>cunctis</span> <span class='ocrx_word' id='word_1_222' title='bbox 1189 1973 1284 2028; x_wconf 91' lang='lat' dir='ltr'>per</span> <span class='ocrx_word' id='word_1_223' title='bbox 1345 1959 1533 2014; x_wconf 92' lang='lat' dir='ltr'>orbem</span> <span class='ocrx_word' id='word_1_224' title='bbox 1579 1967 1855 2013; x_wconf 89' lang='lat' dir='ltr'>terrarum</span> 
     </span>
    </p>
   </div>
   <div class='ocr_carea' id='block_1_37' title="bbox 267 2051 1855 2123">
    <p class='ocr_par' dir='ltr' id='par_1_37' title="bbox 267 2051 1855 2123">
     <span class='ocr_line' id='line_1_37' title="bbox 267 2051 1855 2123; baseline -0.001 -17"><span class='ocrx_word' id='word_1_225' title='bbox 267 2052 578 2107; x_wconf 87' lang='lat' dir='ltr'>constitutis</span> <span class='ocrx_word' id='word_1_226' title='bbox 626 2051 882 2106; x_wconf 87' lang='lat' dir='ltr'>Ecclesiis</span> <span class='ocrx_word' id='word_1_227' title='bbox 939 2052 1246 2114; x_wconf 84' lang='lat' dir='ltr'>nuntiaret,</span> <span class='ocrx_word' id='word_1_228' title='bbox 1299 2067 1496 2123; x_wconf 86' lang='lat' dir='ltr'>easque</span> <span class='ocrx_word' id='word_1_229' title='bbox 1551 2051 1855 2122; x_wconf 87' lang='lat' dir='ltr'>apostolica</span> 
     </span>
    </p>
   </div>
   <div class='ocr_carea' id='block_1_38' title="bbox 265 2143 1861 2215">
    <p class='ocr_par' dir='ltr' id='par_1_38' title="bbox 265 2143 1861 2215">
     <span class='ocr_line' id='line_1_38' title="bbox 265 2143 1861 2215; baseline -0.001 -16"><span class='ocrx_word' id='word_1_230' title='bbox 265 2143 517 2200; x_wconf 88' lang='lat' dir='ltr'>doctrina</span> <span class='ocrx_word' id='word_1_231' title='bbox 541 2144 596 2198; x_wconf 90' lang='lat' dir='ltr'>in</span> <span class='ocrx_word' id='word_1_232' title='bbox 626 2144 885 2199; x_wconf 87' lang='lat' dir='ltr'>omnibus</span> <span class='ocrx_word' id='word_1_233' title='bbox 908 2159 1032 2214; x_wconf 82' lang='lat' dir='ltr'>quae</span> <span class='ocrx_word' id='word_1_234' title='bbox 1059 2160 1228 2200; x_wconf 68' lang='lat' dir='ltr'>sacrm</span> <span class='ocrx_word' id='word_1_235' title='bbox 1247 2145 1494 2215; x_wconf 88' lang='lat' dir='ltr'>religioni</span> <span class='ocrx_word' id='word_1_236' title='bbox 1524 2146 1861 2200; x_wconf 86' lang='lat' dir='ltr'>conveniant</span> 
     </span>
    </p>
   </div>
   <div class='ocr_carea' id='block_1_39' title="bbox 263 2236 1854 2308">
    <p class='ocr_par' dir='ltr' id='par_1_39' title="bbox 263 2236 1854 2308">
     <span class='ocr_line' id='line_1_39' title="bbox 263 2236 1854 2308; baseline 0 -16"><span class='ocrx_word' id='word_1_237' title='bbox 263 2236 557 2308; x_wconf 82' lang='lat' dir='ltr'>diligenter</span> <span class='ocrx_word' id='word_1_238' title='bbox 603 2238 922 2292; x_wconf 90' lang='lat' dir='ltr'>instrueret.</span> <span class='ocrx_word' id='word_1_239' title='bbox 983 2237 1221 2294; x_wconf 86' lang='lat' dir='ltr'>Proinde</span> <span class='ocrx_word' id='word_1_240' title='bbox 1270 2237 1468 2293; x_wconf 88' lang='lat' dir='ltr'>horum</span> <span class='ocrx_word' id='word_1_241' title='bbox 1510 2239 1854 2308; x_wconf 70' lang='lat' dir='ltr'>praesentium</span> 
     </span>
    </p>
   </div>
   <div class='ocr_carea' id='block_1_40' title="bbox 264 2329 1858 2402">
    <p class='ocr_par' dir='ltr' id='par_1_40' title="bbox 264 2329 1858 2402">
     <span class='ocr_line' id='line_1_40' title="bbox 264 2329 1858 2402; baseline -0.001 -16"><span class='ocrx_word' id='word_1_242' title='bbox 264 2331 588 2402; x_wconf 86' lang='lat' dir='ltr'>portitorem</span> <span class='ocrx_word' id='word_1_243' title='bbox 640 2331 1009 2386; x_wconf 85' lang='lat' dir='ltr'>venerabilem</span> <span class='ocrx_word' id='word_1_244' title='bbox 1037 2329 1173 2390; x_wconf 85' lang='lat' dir='ltr'>conf</span> <span class='ocrx_word' id='word_1_245' title='bbox 1175 2339 1374 2386; x_wconf 88' lang='lat' dir='ltr'>ratrem</span> <span class='ocrx_word' id='word_1_246' title='bbox 1408 2339 1655 2386; x_wconf 89' lang='lat' dir='ltr'>nostrum</span> <span class='ocrx_word' id='word_1_247' title='bbox 1688 2337 1858 2386; x_wconf 82' lang='lat' dir='ltr'>Ama-</span> 
     </span>
    </p>
   </div>
   <div class='ocr_carea' id='block_1_41' title="bbox 261 2423 1857 2496">
    <p class='ocr_par' dir='ltr' id='par_1_41' title="bbox 261 2423 1857 2496">
     <span class='ocr_line' id='line_1_41' title="bbox 261 2423 1857 2496; baseline 0 -17"><span class='ocrx_word' id='word_1_248' title='bbox 261 2434 376 2480; x_wconf 88' lang='lat' dir='ltr'>tum</span> <span class='ocrx_word' id='word_1_249' title='bbox 405 2426 725 2496; x_wconf 87' lang='lat' dir='ltr'>episcopum</span> <span class='ocrx_word' id='word_1_250' title='bbox 756 2423 822 2480; x_wconf 89' lang='lat' dir='ltr'>ad</span> <span class='ocrx_word' id='word_1_251' title='bbox 850 2434 1036 2495; x_wconf 89' lang='lat' dir='ltr'>partes</span> <span class='ocrx_word' id='word_1_252' title='bbox 1063 2433 1266 2480; x_wconf 87' lang='lat' dir='ltr'>vestras</span> <span class='ocrx_word' id='word_1_253' title='bbox 1295 2424 1602 2495; x_wconf 83' lang='lat' dir='ltr'>dirigimus,</span> <span class='ocrx_word' id='word_1_254' title='bbox 1635 2433 1715 2492; x_wconf 91' lang='lat' dir='ltr'>ut,</span> <span class='ocrx_word' id='word_1_255' title='bbox 1737 2441 1857 2495; x_wconf 78' lang='lat' dir='ltr'>qua:</span> 
     </span>
    </p>
   </div>
   <div class='ocr_carea' id='block_1_42' title="bbox 261 2516 1860 2588">
    <p class='ocr_par' dir='ltr' id='par_1_42' title="bbox 261 2516 1860 2588">
     <span class='ocr_line' id='line_1_42' title="bbox 261 2516 1860 2588; baseline -0.001 -15"><span class='ocrx_word' id='word_1_256' title='bbox 261 2518 336 2573; x_wconf 86' lang='lat' dir='ltr'>ibi</span> <span class='ocrx_word' id='word_1_257' title='bbox 362 2518 498 2574; x_wconf 87' lang='lat' dir='ltr'>vitia</span> <span class='ocrx_word' id='word_1_258' title='bbox 523 2516 851 2573; x_wconf 88' lang='lat' dir='ltr'>eradicanda</span> <span class='ocrx_word' id='word_1_259' title='bbox 875 2526 1006 2573; x_wconf 91' lang='lat' dir='ltr'>sunt</span> <span class='ocrx_word' id='word_1_260' title='bbox 1030 2534 1058 2572; x_wconf 89' lang='lat' dir='ltr'>a</span> <span class='ocrx_word' id='word_1_261' title='bbox 1084 2517 1448 2574; x_wconf 84' lang='lat' dir='ltr'>fundamento</span> <span class='ocrx_word' id='word_1_262' title='bbox 1477 2519 1694 2578; x_wconf 85' lang='lat' dir='ltr'>evulsis,</span> <span class='ocrx_word' id='word_1_263' title='bbox 1714 2518 1860 2588; x_wconf 90' lang='lat' dir='ltr'>plan-</span> 
     </span>
    </p>
   </div>
   <div class='ocr_carea' id='block_1_43' title="bbox 263 2611 1856 2682">
    <p class='ocr_par' dir='ltr' id='par_1_43' title="bbox 263 2611 1856 2682">
     <span class='ocr_line' id='line_1_43' title="bbox 263 2611 1856 2682; baseline -0.001 -16"><span class='ocrx_word' id='word_1_264' title='bbox 263 2613 397 2666; x_wconf 85' lang='lat' dir='ltr'>taria</span> <span class='ocrx_word' id='word_1_265' title='bbox 434 2613 730 2674; x_wconf 82' lang='lat' dir='ltr'>virtutum,</span> <span class='ocrx_word' id='word_1_266' title='bbox 762 2615 880 2666; x_wconf 89' lang='lat' dir='ltr'>Deo</span> <span class='ocrx_word' id='word_1_267' title='bbox 911 2621 1152 2678; x_wconf 91' lang='lat' dir='ltr'>auctore,</span> <span class='ocrx_word' id='word_1_268' title='bbox 1190 2611 1373 2666; x_wconf 80' lang='lat' dir='ltr'>solerti</span> <span class='ocrx_word' id='word_1_269' title='bbox 1399 2611 1674 2682; x_wconf 82' lang='lat' dir='ltr'>vigilantia</span> <span class='ocrx_word' id='word_1_270' title='bbox 1705 2611 1856 2681; x_wconf 85' lang='lat' dir='ltr'>plan-</span> 
     </span>
    </p>
   </div>
   <div class='ocr_carea' id='block_1_44' title="bbox 262 2705 1859 2775">
    <p class='ocr_par' dir='ltr' id='par_1_44' title="bbox 262 2705 1859 2775">
     <span class='ocr_line' id='line_1_44' title="bbox 262 2705 1859 2775; baseline -0.001 -17"><span class='ocrx_word' id='word_1_271' title='bbox 262 2713 374 2759; x_wconf 87' lang='lat' dir='ltr'>tare</span> <span class='ocrx_word' id='word_1_272' title='bbox 401 2714 678 2775; x_wconf 87' lang='lat' dir='ltr'>procuret.</span> <span class='ocrx_word' id='word_1_273' title='bbox 705 2707 882 2774; x_wconf 85' lang='lat' dir='ltr'>Quem</span> <span class='ocrx_word' id='word_1_274' title='bbox 904 2706 1046 2760; x_wconf 88' lang='lat' dir='ltr'>sicut</span> <span class='ocrx_word' id='word_1_275' title='bbox 1075 2714 1353 2770; x_wconf 88' lang='lat' dir='ltr'>nostram,</span> <span class='ocrx_word' id='word_1_276' title='bbox 1385 2706 1500 2760; x_wconf 88' lang='lat' dir='ltr'>imo</span> <span class='ocrx_word' id='word_1_277' title='bbox 1516 2705 1664 2759; x_wconf 84' lang='lat' dir='ltr'>beati</span> <span class='ocrx_word' id='word_1_278' title='bbox 1691 2705 1859 2769; x_wconf 83' lang='lat' dir='ltr'>Petri,</span> 
     </span>
    </p>
   </div>
   <div class='ocr_carea' id='block_1_45' title="bbox 264 2799 1860 2871">
    <p class='ocr_par' dir='ltr' id='par_1_45' title="bbox 264 2799 1860 2871">
     <span class='ocr_line' id='line_1_45' title="bbox 264 2799 1860 2871; baseline 0 -19"><span class='ocrx_word' id='word_1_279' title='bbox 264 2799 607 2868; x_wconf 59' lang='lat' dir='ltr'>praesentiam</span> <span class='ocrx_word' id='word_1_280' title='bbox 635 2816 731 2853; x_wconf 88' lang='lat' dir='ltr'>vos</span> <span class='ocrx_word' id='word_1_281' title='bbox 758 2800 1030 2870; x_wconf 88' lang='lat' dir='ltr'>suscipere</span> <span class='ocrx_word' id='word_1_282' title='bbox 1061 2799 1359 2871; x_wconf 87' lang='lat' dir='ltr'>apostolica</span> <span class='ocrx_word' id='word_1_283' title='bbox 1401 2799 1730 2853; x_wconf 87' lang='lat' dir='ltr'>auctoritate</span> <span class='ocrx_word' id='word_1_284' title='bbox 1763 2799 1860 2869; x_wconf 89' lang='lat' dir='ltr'>ju—</span> 
     </span>
    </p>
   </div>
   <div class='ocr_carea' id='block_1_46' title="bbox 259 2890 1862 2962">
    <p class='ocr_par' dir='ltr' id='par_1_46' title="bbox 259 2890 1862 2962">
     <span class='ocr_line' id='line_1_46' title="bbox 259 2890 1862 2962; baseline -0.002 -16"><span class='ocrx_word' id='word_1_285' title='bbox 259 2891 483 2957; x_wconf 84' lang='lat' dir='ltr'>bemus;</span> <span class='ocrx_word' id='word_1_286' title='bbox 526 2908 588 2946; x_wconf 88' lang='lat' dir='ltr'>ac</span> <span class='ocrx_word' id='word_1_287' title='bbox 618 2908 716 2962; x_wconf 93' lang='lat' dir='ltr'>pro</span> <span class='ocrx_word' id='word_1_288' title='bbox 775 2893 1082 2947; x_wconf 88' lang='lat' dir='ltr'>reverentia</span> <span class='ocrx_word' id='word_1_289' title='bbox 1132 2891 1454 2962; x_wconf 58' lang='lat' dir='ltr'>apostolica</span> <span class='ocrx_word' id='word_1_290' title='bbox 1494 2890 1661 2956; x_wconf 86' lang='lat' dir='ltr'>sedis,</span> <span class='ocrx_word' id='word_1_291' title='bbox 1706 2891 1862 2960; x_wconf 86' lang='lat' dir='ltr'>cujus</span> 
     </span>
    </p>
   </div>
   <div class='ocr_carea' id='block_1_47' title="bbox 259 2984 1859 3056">
    <p class='ocr_par' dir='ltr' id='par_1_47' title="bbox 259 2984 1859 3056">
     <span class='ocr_line' id='line_1_47' title="bbox 259 2984 1859 3056; baseline -0.001 -17"><span class='ocrx_word' id='word_1_292' title='bbox 259 2985 484 3040; x_wconf 87' lang='lat' dir='ltr'>nuntius</span> <span class='ocrx_word' id='word_1_293' title='bbox 512 2993 616 3051; x_wconf 90' lang='lat' dir='ltr'>est,</span> <span class='ocrx_word' id='word_1_294' title='bbox 649 3000 744 3040; x_wconf 88' lang='lat' dir='ltr'>vos</span> <span class='ocrx_word' id='word_1_295' title='bbox 773 2985 829 3038; x_wconf 90' lang='lat' dir='ltr'>in</span> <span class='ocrx_word' id='word_1_296' title='bbox 859 2985 1119 3039; x_wconf 89' lang='lat' dir='ltr'>omnibus</span> <span class='ocrx_word' id='word_1_297' title='bbox 1145 2985 1248 3039; x_wconf 87' lang='lat' dir='ltr'>sibi</span> <span class='ocrx_word' id='word_1_298' title='bbox 1292 2984 1513 3040; x_wconf 90' lang='lat' dir='ltr'>obedire</span> <span class='ocrx_word' id='word_1_299' title='bbox 1544 2993 1710 3056; x_wconf 89' lang='lat' dir='ltr'>atque</span> <span class='ocrx_word' id='word_1_300' title='bbox 1734 3000 1859 3040; x_wconf 90' lang='lat' dir='ltr'>eum</span> 
     </span>
    </p>
   </div>
   <div class='ocr_carea' id='block_1_48' title="bbox 265 3077 1861 3150">
    <p class='ocr_par' dir='ltr' id='par_1_48' title="bbox 265 3077 1861 3150">
     <span class='ocr_line' id='line_1_48' title="bbox 265 3077 1861 3150; baseline -0.001 -18"><span class='ocrx_word' id='word_1_301' title='bbox 265 3078 450 3134; x_wconf 87' lang='lat' dir='ltr'>audire</span> <span class='ocrx_word' id='word_1_302' title='bbox 481 3077 818 3133; x_wconf 88' lang='lat' dir='ltr'>mandamus</span> <span class='ocrx_word' id='word_1_303' title='bbox 881 3086 943 3132; x_wconf 90' lang='lat' dir='ltr'>ut</span> <span class='ocrx_word' id='word_1_304' title='bbox 971 3077 1243 3150; x_wconf 86' lang='lat' dir='ltr'>propriam</span> <span class='ocrx_word' id='word_1_305' title='bbox 1279 3077 1473 3132; x_wconf 77' lang='lat' dir='ltr'>facient</span> <span class='ocrx_word' id='word_1_306' title='bbox 1502 3086 1750 3132; x_wconf 86' lang='lat' dir='ltr'>nostram</span> <span class='ocrx_word' id='word_1_307' title='bbox 1768 3093 1861 3132; x_wconf 90' lang='lat' dir='ltr'>seu</span> 
     </span>
    </p>
   </div>
   <div class='ocr_carea' id='block_1_49' title="bbox 1965 1881 3566 1961">
    <p class='ocr_par' dir='ltr' id='par_1_49' title="bbox 1965 1881 3566 1961">
     <span class='ocr_line' id='line_1_49' title="bbox 1965 1881 3566 1961; baseline 0.007 -25"><span class='ocrx_word' id='word_1_308' title='bbox 1965 1881 2210 1939; x_wconf 91' lang='lat' dir='ltr'>dictione</span> <span class='ocrx_word' id='word_1_309' title='bbox 2229 1884 2515 1956; x_wconf 88' lang='lat' dir='ltr'>cujuslibet</span> <span class='ocrx_word' id='word_1_310' title='bbox 2533 1901 2798 1956; x_wconf 59' lang='lat' dir='ltr'>personis,</span> <span class='ocrx_word' id='word_1_311' title='bbox 2828 1889 2896 1942; x_wconf 88' lang='lat' dir='ltr'>ab</span> <span class='ocrx_word' id='word_1_312' title='bbox 2923 1888 3143 1955; x_wconf 90' lang='lat' dir='ltr'>abbate,</span> <span class='ocrx_word' id='word_1_313' title='bbox 3177 1891 3270 1961; x_wconf 91' lang='lat' dir='ltr'>qui</span> <span class='ocrx_word' id='word_1_314' title='bbox 3301 1906 3402 1961; x_wconf 90' lang='lat' dir='ltr'>pro</span> <span class='ocrx_word' id='word_1_315' title='bbox 3427 1899 3566 1947; x_wconf 86' lang='lat' dir='ltr'>tem-</span> 
     </span>
    </p>
   </div>
   <div class='ocr_carea' id='block_1_50' title="bbox 1963 1975 3562 2053">
    <p class='ocr_par' dir='ltr' id='par_1_50' title="bbox 1963 1975 3562 2053">
     <span class='ocr_line' id='line_1_50' title="bbox 1963 1975 3562 2053; baseline 0.004 -23"><span class='ocrx_word' id='word_1_316' title='bbox 1963 1989 2097 2046; x_wconf 89' lang='lat' dir='ltr'>pore</span> <span class='ocrx_word' id='word_1_317' title='bbox 2131 1975 2316 2045; x_wconf 87' lang='lat' dir='ltr'>fuerit,</span> <span class='ocrx_word' id='word_1_318' title='bbox 2341 1979 2660 2048; x_wconf 71' lang='lat' dir='ltr'>caaterisque</span> <span class='ocrx_word' id='word_1_319' title='bbox 2705 1979 3077 2036; x_wconf 88' lang='lat' dir='ltr'>confratribus</span> <span class='ocrx_word' id='word_1_320' title='bbox 3106 1983 3275 2053; x_wconf 88' lang='lat' dir='ltr'>recipi</span> <span class='ocrx_word' id='word_1_321' title='bbox 3300 1999 3365 2039; x_wconf 89' lang='lat' dir='ltr'>ac</span> <span class='ocrx_word' id='word_1_322' title='bbox 3383 1985 3562 2039; x_wconf 91' lang='lat' dir='ltr'>teneri</span> 
     </span>
    </p>
   </div>
   <div class='ocr_carea' id='block_1_51' title="bbox 1967 2068 3566 2146">
    <p class='ocr_par' dir='ltr' id='par_1_51' title="bbox 1967 2068 3566 2146">
     <span class='ocr_line' id='line_1_51' title="bbox 1967 2068 3566 2146; baseline 0.006 -23"><span class='ocrx_word' id='word_1_323' title='bbox 1967 2068 2148 2125; x_wconf 88' lang='lat' dir='ltr'>liceat.</span> <span class='ocrx_word' id='word_1_324' title='bbox 2195 2073 2466 2127; x_wconf 81' lang='lat' dir='ltr'>Praeterea</span> <span class='ocrx_word' id='word_1_325' title='bbox 2524 2073 2842 2139; x_wconf 88' lang='lat' dir='ltr'>statuimus,</span> <span class='ocrx_word' id='word_1_326' title='bbox 2873 2082 2949 2140; x_wconf 92' lang='lat' dir='ltr'>et,</span> <span class='ocrx_word' id='word_1_327' title='bbox 2982 2074 3134 2143; x_wconf 86' lang='lat' dir='ltr'>juxta</span> <span class='ocrx_word' id='word_1_328' title='bbox 3183 2076 3330 2146; x_wconf 92' lang='lat' dir='ltr'>quod</span> <span class='ocrx_word' id='word_1_329' title='bbox 3370 2077 3566 2132; x_wconf 86' lang='lat' dir='ltr'>beatus</span> 
     </span>
    </p>
   </div>
   <div class='ocr_carea' id='block_1_52' title="bbox 1967 2164 3565 2240">
    <p class='ocr_par' dir='ltr' id='par_1_52' title="bbox 1967 2164 3565 2240">
     <span class='ocr_line' id='line_1_52' title="bbox 1967 2164 3565 2240; baseline 0.005 -24"><span class='ocrx_word' id='word_1_330' title='bbox 1967 2178 2103 2234; x_wconf 89' lang='lat' dir='ltr'>papa</span> <span class='ocrx_word' id='word_1_331' title='bbox 2152 2165 2386 2236; x_wconf 81' lang='lat' dir='ltr'>Agapito</span> <span class='ocrx_word' id='word_1_332' title='bbox 2415 2164 2585 2220; x_wconf 88' lang='lat' dir='ltr'>Urbis</span> <span class='ocrx_word' id='word_1_333' title='bbox 2624 2167 2975 2238; x_wconf 88' lang='lat' dir='ltr'>praescripsit,</span> <span class='ocrx_word' id='word_1_334' title='bbox 3009 2167 3180 2238; x_wconf 84' lang='lat' dir='ltr'>ﬁrma</span> <span class='ocrx_word' id='word_1_335' title='bbox 3197 2170 3565 2240; x_wconf 69' lang='lat' dir='ltr'>praeceptione</span> 
     </span>
    </p>
   </div>
   <div class='ocr_carea' id='block_1_53' title="bbox 1967 2241 3565 2317">
    <p class='ocr_par' dir='ltr' id='par_1_53' title="bbox 1967 2241 3565 2317">
     <span class='ocr_line' id='line_1_53' title="bbox 1967 2241 3565 2317; baseline 0.004 -7"><span class='ocrx_word' id='word_1_336' title='bbox 1967 2271 2256 2311; x_wconf 92' lang='lat' dir='ltr'>censemus</span> <span class='ocrx_word' id='word_1_337' title='bbox 2295 2265 2356 2311; x_wconf 91' lang='lat' dir='ltr'>ut</span> <span class='ocrx_word' id='word_1_338' title='bbox 2405 2273 2573 2313; x_wconf 92' lang='lat' dir='ltr'>nemo</span> <span class='ocrx_word' id='word_1_339' title='bbox 2626 2258 2814 2315; x_wconf 83' lang='lat' dir='ltr'>ﬁdeles</span> <span class='ocrx_word' id='word_1_340' title='bbox 2862 2241 3210 2316; x_wconf 88' lang='lat' dir='ltr'>Christianos</span> <span class='ocrx_word' id='word_1_341' title='bbox 3265 2262 3324 2316; x_wconf 93' lang='lat' dir='ltr'>in</span> <span class='ocrx_word' id='word_1_342' title='bbox 3369 2261 3565 2317; x_wconf 88' lang='lat' dir='ltr'>eodem</span> 
     </span>
    </p>
   </div>
   <div class='ocr_carea' id='block_1_54' title="bbox 1969 2351 3560 2422">
    <p class='ocr_par' dir='ltr' id='par_1_54' title="bbox 1969 2351 3560 2422">
     <span class='ocr_line' id='line_1_54' title="bbox 1969 2351 3560 2422; baseline 0.003 -18"><span class='ocrx_word' id='word_1_343' title='bbox 1969 2351 2306 2406; x_wconf 90' lang='lat' dir='ltr'>monasterio</span> <span class='ocrx_word' id='word_1_344' title='bbox 2336 2352 2570 2421; x_wconf 88' lang='lat' dir='ltr'>sepelire</span> <span class='ocrx_word' id='word_1_345' title='bbox 2593 2353 2892 2422; x_wconf 87' lang='lat' dir='ltr'>‘cupientes</span> <span class='ocrx_word' id='word_1_346' title='bbox 2921 2352 3288 2420; x_wconf 89' lang='lat' dir='ltr'>contradicat,</span> <span class='ocrx_word' id='word_1_347' title='bbox 3316 2355 3397 2409; x_wconf 91' lang='lat' dir='ltr'>vel</span> <span class='ocrx_word' id='word_1_348' title='bbox 3424 2355 3560 2409; x_wconf 91' lang='lat' dir='ltr'>mis-</span> 
     </span>
    </p>
   </div>
   <div class='ocr_carea' id='block_1_55' title="bbox 1969 2443 3564 2519">
    <p class='ocr_par' dir='ltr' id='par_1_55' title="bbox 1969 2443 3564 2519">
     <span class='ocr_line' id='line_1_55' title="bbox 1969 2443 3564 2519; baseline 0.004 -23"><span class='ocrx_word' id='word_1_349' title='bbox 1969 2458 2090 2498; x_wconf 90' lang='lat' dir='ltr'>sam</span> <span class='ocrx_word' id='word_1_350' title='bbox 2121 2444 2303 2516; x_wconf 89' lang='lat' dir='ltr'>aliquo</span> <span class='ocrx_word' id='word_1_351' title='bbox 2339 2443 2507 2500; x_wconf 91' lang='lat' dir='ltr'>modo</span> <span class='ocrx_word' id='word_1_352' title='bbox 2552 2453 2770 2500; x_wconf 90' lang='lat' dir='ltr'>cantare</span> <span class='ocrx_word' id='word_1_353' title='bbox 2796 2445 3104 2516; x_wconf 87' lang='lat' dir='ltr'>prohibeat,</span> <span class='ocrx_word' id='word_1_354' title='bbox 3132 2456 3227 2502; x_wconf 91' lang='lat' dir='ltr'>aut</span> <span class='ocrx_word' id='word_1_355' title='bbox 3262 2447 3564 2519; x_wconf 88' lang='lat' dir='ltr'>eleemosy-</span> 
     </span>
    </p>
   </div>
   <div class='ocr_carea' id='block_1_56' title="bbox 1969 2537 3564 2611">
    <p class='ocr_par' dir='ltr' id='par_1_56' title="bbox 1969 2537 3564 2611">
     <span class='ocr_line' id='line_1_56' title="bbox 1969 2537 3564 2611; baseline 0.004 -21"><span class='ocrx_word' id='word_1_356' title='bbox 1969 2553 2090 2602; x_wconf 88' lang='lat' dir='ltr'>nas,</span> <span class='ocrx_word' id='word_1_357' title='bbox 2129 2553 2266 2607; x_wconf 88' lang='lat' dir='ltr'>quas</span> <span class='ocrx_word' id='word_1_358' title='bbox 2295 2538 2544 2592; x_wconf 92' lang='lat' dir='ltr'>vivorum</span> <span class='ocrx_word' id='word_1_359' title='bbox 2585 2547 2682 2594; x_wconf 89' lang='lat' dir='ltr'>aut</span> <span class='ocrx_word' id='word_1_360' title='bbox 2713 2537 3100 2594; x_wconf 77' lang='lat' dir='ltr'>defunctorum</span> <span class='ocrx_word' id='word_1_361' title='bbox 3132 2539 3327 2611; x_wconf 90' lang='lat' dir='ltr'>aliquis</span> <span class='ocrx_word' id='word_1_362' title='bbox 3361 2539 3564 2596; x_wconf 88' lang='lat' dir='ltr'>ibidem</span> 
     </span>
    </p>
   </div>
   <div class='ocr_carea' id='block_1_57' title="bbox 1967 2629 3568 2701">
    <p class='ocr_par' dir='ltr' id='par_1_57' title="bbox 1967 2629 3568 2701">
     <span class='ocr_line' id='line_1_57' title="bbox 1967 2629 3568 2701; baseline 0.004 -18"><span class='ocrx_word' id='word_1_363' title='bbox 1967 2629 2255 2683; x_wconf 84' lang='lat' dir='ltr'>destinavit</span> <span class='ocrx_word' id='word_1_364' title='bbox 2309 2639 2400 2684; x_wconf 90' lang='lat' dir='ltr'>aut</span> <span class='ocrx_word' id='word_1_365' title='bbox 2457 2645 2556 2700; x_wconf 88' lang='lat' dir='ltr'>pro</span> <span class='ocrx_word' id='word_1_366' title='bbox 2604 2647 2794 2687; x_wconf 89' lang='lat' dir='ltr'>amore</span> <span class='ocrx_word' id='word_1_367' title='bbox 2858 2633 2956 2687; x_wconf 89' lang='lat' dir='ltr'>Dei</span> <span class='ocrx_word' id='word_1_368' title='bbox 3005 2632 3380 2701; x_wconf 88' lang='lat' dir='ltr'>destinaverit,</span> <span class='ocrx_word' id='word_1_369' title='bbox 3442 2634 3568 2690; x_wconf 89' lang='lat' dir='ltr'>inde</span> 
     </span>
    </p>
   </div>
   <div class='ocr_carea' id='block_1_58' title="bbox 1969 2723 3565 2796">
    <p class='ocr_par' dir='ltr' id='par_1_58' title="bbox 1969 2723 3565 2796">
     <span class='ocr_line' id='line_1_58' title="bbox 1969 2723 3565 2796; baseline 0.004 -20"><span class='ocrx_word' id='word_1_370' title='bbox 1969 2723 2196 2776; x_wconf 89' lang='lat' dir='ltr'>evellere</span> <span class='ocrx_word' id='word_1_371' title='bbox 2227 2723 2306 2777; x_wconf 89' lang='lat' dir='ltr'>vel</span> <span class='ocrx_word' id='word_1_372' title='bbox 2352 2724 2535 2794; x_wconf 89' lang='lat' dir='ltr'>aliquo</span> <span class='ocrx_word' id='word_1_373' title='bbox 2584 2724 2752 2779; x_wconf 92' lang='lat' dir='ltr'>modo</span> <span class='ocrx_word' id='word_1_374' title='bbox 2784 2725 3105 2780; x_wconf 88' lang='lat' dir='ltr'>subtrahere</span> <span class='ocrx_word' id='word_1_375' title='bbox 3148 2736 3468 2796; x_wconf 70' lang='lat' dir='ltr'>praesumat.</span> <span class='ocrx_word' id='word_1_376' title='bbox 3509 2729 3565 2782; x_wconf 90' lang='lat' dir='ltr'>Si</span> 
     </span>
    </p>
   </div>
   <div class='ocr_carea' id='block_1_59' title="bbox 1970 2816 3565 2891">
    <p class='ocr_par' dir='ltr' id='par_1_59' title="bbox 1970 2816 3565 2891">
     <span class='ocr_line' id='line_1_59' title="bbox 1970 2816 3565 2891; baseline 0.004 -23"><span class='ocrx_word' id='word_1_377' title='bbox 1970 2816 2088 2884; x_wconf 88' lang='lat' dir='ltr'>quis</span> <span class='ocrx_word' id='word_1_378' title='bbox 2113 2831 2240 2870; x_wconf 90' lang='lat' dir='ltr'>vero</span> <span class='ocrx_word' id='word_1_379' title='bbox 2283 2832 2493 2886; x_wconf 86' lang='lat' dir='ltr'>regum,</span> <span class='ocrx_word' id='word_1_380' title='bbox 2523 2816 2902 2884; x_wconf 89' lang='lat' dir='ltr'>sacerdotum,</span> <span class='ocrx_word' id='word_1_381' title='bbox 2926 2819 3278 2885; x_wconf 88' lang='lat' dir='ltr'>clericorum,</span> <span class='ocrx_word' id='word_1_382' title='bbox 3315 2820 3565 2891; x_wconf 89' lang='lat' dir='ltr'>judicum</span> 
     </span>
    </p>
   </div>
   <div class='ocr_carea' id='block_1_60' title="bbox 1970 2908 3562 2979">
    <p class='ocr_par' dir='ltr' id='par_1_60' title="bbox 1970 2908 3562 2979">
     <span class='ocr_line' id='line_1_60' title="bbox 1970 2908 3562 2979; baseline 0.003 -17"><span class='ocrx_word' id='word_1_383' title='bbox 1970 2924 2032 2962; x_wconf 87' lang='lat' dir='ltr'>ac</span> <span class='ocrx_word' id='word_1_384' title='bbox 2060 2908 2410 2964; x_wconf 62' lang='lat' dir='ltr'>saecularium</span> <span class='ocrx_word' id='word_1_385' title='bbox 2438 2925 2803 2979; x_wconf 88' lang='lat' dir='ltr'>personarum</span> <span class='ocrx_word' id='word_1_386' title='bbox 2834 2910 2978 2964; x_wconf 89' lang='lat' dir='ltr'>hanc</span> <span class='ocrx_word' id='word_1_387' title='bbox 3014 2912 3433 2966; x_wconf 87' lang='lat' dir='ltr'>constitutionis</span> <span class='ocrx_word' id='word_1_388' title='bbox 3464 2929 3562 2966; x_wconf 92' lang='lat' dir='ltr'>no-</span> 
     </span>
    </p>
   </div>
   <div class='ocr_carea' id='block_1_61' title="bbox 1971 3001 3569 3072">
    <p class='ocr_par' dir='ltr' id='par_1_61' title="bbox 1971 3001 3569 3072">
     <span class='ocr_line' id='line_1_61' title="bbox 1971 3001 3569 3072; baseline 0.003 -17"><span class='ocrx_word' id='word_1_389' title='bbox 1971 3007 2099 3056; x_wconf 73' lang='lat' dir='ltr'>strae</span> <span class='ocrx_word' id='word_1_390' title='bbox 2137 3001 2388 3072; x_wconf 87' lang='lat' dir='ltr'>paginam</span> <span class='ocrx_word' id='word_1_391' title='bbox 2422 3018 2747 3072; x_wconf 82' lang='lat' dir='ltr'>agnoscens,</span> <span class='ocrx_word' id='word_1_392' title='bbox 2804 3011 2998 3058; x_wconf 88' lang='lat' dir='ltr'>contra</span> <span class='ocrx_word' id='word_1_393' title='bbox 3030 3019 3154 3059; x_wconf 91' lang='lat' dir='ltr'>eam</span> <span class='ocrx_word' id='word_1_394' title='bbox 3185 3005 3366 3060; x_wconf 87' lang='lat' dir='ltr'>venire</span> <span class='ocrx_word' id='word_1_395' title='bbox 3397 3013 3569 3060; x_wconf 89' lang='lat' dir='ltr'>tenta-</span> 
     </span>
    </p>
   </div>
   <div class='ocr_carea' id='block_1_62' title="bbox 1971 3095 3565 3168">
    <p class='ocr_par' dir='ltr' id='par_1_62' title="bbox 1971 3095 3565 3168">
     <span class='ocr_line' id='line_1_62' title="bbox 1971 3095 3565 3168; baseline 0.004 -22"><span class='ocrx_word' id='word_1_396' title='bbox 1971 3095 2126 3162; x_wconf 88' lang='lat' dir='ltr'>verit,</span> <span class='ocrx_word' id='word_1_397' title='bbox 2197 3096 2481 3165; x_wconf 85' lang='lat' dir='ltr'>potestatis</span> <span class='ocrx_word' id='word_1_398' title='bbox 2546 3095 2882 3167; x_wconf 88' lang='lat' dir='ltr'>honorisque</span> <span class='ocrx_word' id='word_1_399' title='bbox 2926 3097 3006 3151; x_wconf 89' lang='lat' dir='ltr'>sui</span> <span class='ocrx_word' id='word_1_400' title='bbox 3042 3096 3304 3168; x_wconf 87' lang='lat' dir='ltr'>dignitate</span> <span class='ocrx_word' id='word_1_401' title='bbox 3359 3106 3565 3163; x_wconf 85' lang='lat' dir='ltr'>careat,</span> 
     </span>
    </p>
   </div>
   <div class='ocr_carea' id='block_1_63' title="bbox 265 3167 3567 3267">
    <p class='ocr_par' dir='ltr' id='par_1_63' title="bbox 265 3167 3567 3267">
     <span class='ocr_line' id='line_1_63' title="bbox 265 3167 3567 3267; baseline 0.002 -42"><span class='ocrx_word' id='word_1_402' title='bbox 265 3180 467 3227; x_wconf 74' lang='lat' dir='ltr'>nostra:</span> <span class='ocrx_word' id='word_1_403' title='bbox 493 3171 630 3226; x_wconf 69' lang='lat' dir='ltr'>vivae</span> <span class='ocrx_word' id='word_1_404' title='bbox 654 3171 804 3225; x_wconf 89' lang='lat' dir='ltr'>vocis</span> <span class='ocrx_word' id='word_1_405' title='bbox 834 3171 1071 3227; x_wconf 89' lang='lat' dir='ltr'>oracula.</span> <span class='ocrx_word' id='word_1_406' title='bbox 1104 3170 1382 3240; x_wconf 88' lang='lat' dir='ltr'>Scriptum</span> <span class='ocrx_word' id='word_1_407' title='bbox 1411 3180 1493 3226; x_wconf 90' lang='lat' dir='ltr'>est</span> <span class='ocrx_word' id='word_1_408' title='bbox 1525 3171 1674 3226; x_wconf 90' lang='lat' dir='ltr'>enim.</span> <span class='ocrx_word' id='word_1_409' title='bbox 1707 3189 1719 3224; x_wconf 89' lang='lat'><strong>:</strong></span> <span class='ocrx_word' id='word_1_410' title='bbox 1753 3173 1857 3237; x_wconf 81' lang='lat' dir='ltr'>Qui</span> <span class='ocrx_word' id='word_1_411' title='bbox 1889 3167 1934 3227; x_wconf 87' lang='lat' dir='ltr'>C</span> <span class='ocrx_word' id='word_1_412' title='bbox 1970 3204 2232 3267; x_wconf 47' lang='lat' dir='ltr'>reumque</span> <span class='ocrx_word' id='word_1_413' title='bbox 2258 3205 2316 3243; x_wconf 69' lang='lat' dir='ltr'>se</span> <span class='ocrx_word' id='word_1_414' title='bbox 2352 3189 2539 3244; x_wconf 68' lang='grc' dir='ltr'>ἀίνίηο</span> <span class='ocrx_word' id='word_1_415' title='bbox 2547 3189 2760 3260; x_wconf 70' lang='lat' dir='ltr'>judicio</span> <span class='ocrx_word' id='word_1_416' title='bbox 2787 3190 3018 3245; x_wconf 58' lang='lat' dir='ltr'>existere</span> <span class='ocrx_word' id='word_1_417' title='bbox 3043 3167 3118 3245; x_wconf 9' lang='lat' dir='ltr'>de,</span> <span class='ocrx_word' id='word_1_418' title='bbox 3136 3198 3446 3261; x_wconf 58' lang='lat' dir='ltr'>perpetrata</span> <span class='ocrx_word' id='word_1_419' title='bbox 3471 3191 3567 3246; x_wconf 72' lang='lat' dir='ltr'>ini-</span> 
     </span>
    </p>
   </div>
   <div class='ocr_carea' id='block_1_64' title="bbox 262 3264 1859 3336">
    <p class='ocr_par' dir='ltr' id='par_1_64' title="bbox 262 3264 1859 3336">
     <span class='ocr_line' id='line_1_64' title="bbox 262 3264 1859 3336; baseline -0.001 -17"><span class='ocrx_word' id='word_1_420' title='bbox 262 3281 350 3319; x_wconf 81' lang='lat' dir='ltr'>vos</span> <span class='ocrx_word' id='word_1_421' title='bbox 377 3266 550 3328; x_wconf 76' lang='lat' dir='ltr'>audit,</span> <span class='ocrx_word' id='word_1_422' title='bbox 606 3281 685 3318; x_wconf 82' lang='lat' dir='ltr'>me</span> <span class='ocrx_word' id='word_1_423' title='bbox 713 3265 872 3318; x_wconf 74' lang='lat' dir='ltr'>audit</span> <span class='ocrx_word' id='word_1_424' title='bbox 906 3268 1053 3330; x_wconf 84' lang='lat' dir='ltr'>(Luc.</span> <span class='ocrx_word' id='word_1_425' title='bbox 1081 3280 1143 3326; x_wconf 73' lang='grc' dir='ltr'>Χ,</span> <span class='ocrx_word' id='word_1_426' title='bbox 1177 3268 1283 3329; x_wconf 81' lang='grc'>16).</span> <span class='ocrx_word' id='word_1_427' title='bbox 1329 3264 1488 3335; x_wconf 79' lang='lat' dir='ltr'>Agite</span> <span class='ocrx_word' id='word_1_428' title='bbox 1519 3265 1705 3336; x_wconf 87' lang='lat' dir='ltr'>itaque</span> <span class='ocrx_word' id='word_1_429' title='bbox 1735 3281 1859 3336; x_wconf 89' lang='lat' dir='ltr'>pru-</span> 
     </span>
    </p>
   </div>
   <div class='ocr_carea' id='block_1_65' title="bbox 261 3356 1860 3427">
    <p class='ocr_par' dir='ltr' id='par_1_65' title="bbox 261 3356 1860 3427">
     <span class='ocr_line' id='line_1_65' title="bbox 261 3356 1860 3427; baseline -0.001 -14"><span class='ocrx_word' id='word_1_430' title='bbox 261 3358 454 3414; x_wconf 87' lang='lat' dir='ltr'>denter</span> <span class='ocrx_word' id='word_1_431' title='bbox 480 3373 546 3412; x_wconf 89' lang='lat' dir='ltr'>ac</span> <span class='ocrx_word' id='word_1_432' title='bbox 601 3356 897 3427; x_wconf 83' lang='lat' dir='ltr'>religiose;</span> <span class='ocrx_word' id='word_1_433' title='bbox 951 3367 1007 3413; x_wconf 88' lang='lat' dir='ltr'>et</span> <span class='ocrx_word' id='word_1_434' title='bbox 1045 3358 1123 3412; x_wconf 90' lang='lat' dir='ltr'>sic</span> <span class='ocrx_word' id='word_1_435' title='bbox 1163 3373 1260 3413; x_wconf 91' lang='lat' dir='ltr'>vos</span> <span class='ocrx_word' id='word_1_436' title='bbox 1290 3358 1603 3414; x_wconf 89' lang='lat' dir='ltr'>obedientes</span> <span class='ocrx_word' id='word_1_437' title='bbox 1655 3362 1775 3413; x_wconf 89' lang='lat' dir='ltr'>Deo</span> <span class='ocrx_word' id='word_1_438' title='bbox 1806 3366 1860 3413; x_wconf 86' lang='lat' dir='ltr'>et</span> 
     </span>
    </p>
   </div>
   <div class='ocr_carea' id='block_1_66' title="bbox 256 3439 1859 3523">
    <p class='ocr_par' dir='ltr' id='par_1_66' title="bbox 256 3439 1859 3523">
     <span class='ocr_line' id='line_1_66' title="bbox 256 3439 1859 3523; baseline -0.001 -15"><span class='ocrx_word' id='word_1_439' title='bbox 256 3459 451 3508; x_wconf 86' lang='lat' dir='ltr'>sancto</span> <span class='ocrx_word' id='word_1_440' title='bbox 491 3453 654 3505; x_wconf 90' lang='lat' dir='ltr'>Petro</span> <span class='ocrx_word' id='word_1_441' title='bbox 708 3451 764 3504; x_wconf 90' lang='lat' dir='ltr'>in</span> <span class='ocrx_word' id='word_1_442' title='bbox 793 3450 1052 3507; x_wconf 90' lang='lat' dir='ltr'>omnibus</span> <span class='ocrx_word' id='word_1_443' title='bbox 1100 3439 1380 3517; x_wconf 81' lang='lat' dir='ltr'>exhibete,</span> <span class='ocrx_word' id='word_1_444' title='bbox 1412 3460 1707 3523; x_wconf 90' lang='lat' dir='ltr'>quatenus,</span> <span class='ocrx_word' id='word_1_445' title='bbox 1739 3451 1859 3522; x_wconf 89' lang='lat' dir='ltr'>ipso</span> 
     </span>
    </p>
   </div>
   <div class='ocr_carea' id='block_1_67' title="bbox 257 3545 1861 3616">
    <p class='ocr_par' dir='ltr' id='par_1_67' title="bbox 257 3545 1861 3616">
     <span class='ocr_line' id='line_1_67' title="bbox 257 3545 1861 3616; baseline 0.001 -17"><span class='ocrx_word' id='word_1_446' title='bbox 257 3545 643 3616; x_wconf 86' lang='lat' dir='ltr'>apostolorum</span> <span class='ocrx_word' id='word_1_447' title='bbox 679 3546 925 3616; x_wconf 88' lang='lat' dir='ltr'>principe</span> <span class='ocrx_word' id='word_1_448' title='bbox 961 3545 1378 3608; x_wconf 87' lang='lat' dir='ltr'>interveniente,</span> <span class='ocrx_word' id='word_1_449' title='bbox 1427 3546 1713 3616; x_wconf 86' lang='lat' dir='ltr'>utriusque</span> <span class='ocrx_word' id='word_1_450' title='bbox 1736 3545 1861 3601; x_wconf 77' lang='lat' dir='ltr'>vita:</span> 
     </span>
    </p>
   </div>
   <div class='ocr_carea' id='block_1_68' title="bbox 252 3637 1605 3710">
    <p class='ocr_par' dir='ltr' id='par_1_68' title="bbox 252 3637 1605 3710">
     <span class='ocr_line' id='line_1_68' title="bbox 252 3637 1605 3710; baseline -0.003 -17"><span class='ocrx_word' id='word_1_451' title='bbox 252 3639 492 3710; x_wconf 82' lang='lat' dir='ltr'>gloriam</span> <span class='ocrx_word' id='word_1_452' title='bbox 522 3646 579 3692; x_wconf 90' lang='lat' dir='ltr'>et</span> <span class='ocrx_word' id='word_1_453' title='bbox 607 3637 928 3694; x_wconf 88' lang='lat' dir='ltr'>felicitatem</span> <span class='ocrx_word' id='word_1_454' title='bbox 960 3639 1223 3708; x_wconf 87' lang='lat' dir='ltr'>consequi</span> <span class='ocrx_word' id='word_1_455' title='bbox 1257 3637 1605 3692; x_wconf 89' lang='lat' dir='ltr'>mereamini.</span> 
     </span>
    </p>
   </div>
   <div class='ocr_carea' id='block_1_69' title="bbox 948 3741 1190 3796">
    <p class='ocr_par' dir='ltr' id='par_1_69' title="bbox 948 3741 1190 3796">
     <span class='ocr_line' id='line_1_69' title="bbox 948 3741 1190 3796; baseline 0.004 -3"><span class='ocrx_word' id='word_1_456' title='bbox 948 3741 1190 3796; x_wconf 77' lang='lat' dir='ltr'>XXXV.</span> 
     </span>
    </p>
   </div>
   <div class='ocr_carea' id='block_1_70' title="bbox 254 3841 1862 3911">
    <p class='ocr_par' dir='ltr' id='par_1_70' title="bbox 254 3841 1862 3911">
     <span class='ocr_line' id='line_1_70' title="bbox 254 3841 1862 3911; baseline -0.002 -12"><span class='ocrx_word' id='word_1_457' title='bbox 254 3845 551 3911; x_wconf 76' lang='lat' dir='ltr'>Gregorius</span> <span class='ocrx_word' id='word_1_458' title='bbox 603 3845 706 3898; x_wconf 80' lang='lat' dir='ltr'>VII</span> <span class='ocrx_word' id='word_1_459' title='bbox 764 3846 1145 3896; x_wconf 75' lang='lat' dir='ltr'>monasterium</span> <span class='ocrx_word' id='word_1_460' title='bbox 1197 3844 1250 3898; x_wconf 88' lang='lat' dir='ltr'>S.</span> <span class='ocrx_word' id='word_1_461' title='bbox 1304 3841 1570 3898; x_wconf 70' lang='lat' dir='ltr'>Michaelis</span> <span class='ocrx_word' id='word_1_462' title='bbox 1608 3846 1862 3898; x_wconf 73' lang='lat' dir='ltr'>Pisanmn</span> 
     </span>
    </p>
   </div>
   <div class='ocr_carea' id='block_1_71' title="bbox 332 3914 1860 3983">
    <p class='ocr_par' dir='ltr' id='par_1_71' title="bbox 332 3914 1860 3983">
     <span class='ocr_line' id='line_1_71' title="bbox 332 3914 1860 3983; baseline 0 -15"><span class='ocrx_word' id='word_1_463' title='bbox 332 3915 593 3968; x_wconf 78' lang='lat' dir='ltr'>tuendum</span> <span class='ocrx_word' id='word_1_464' title='bbox 617 3917 840 3983; x_wconf 73' lang='lat' dir='ltr'>suscipit</span> <span class='ocrx_word' id='word_1_465' title='bbox 868 3920 918 3968; x_wconf 85' lang='lat' dir='ltr'>et</span> <span class='ocrx_word' id='word_1_466' title='bbox 947 3914 1060 3981; x_wconf 83' lang='lat' dir='ltr'>ejus</span> <span class='ocrx_word' id='word_1_467' title='bbox 1087 3915 1222 3967; x_wconf 82' lang='lat' dir='ltr'>bona</span> <span class='ocrx_word' id='word_1_468' title='bbox 1257 3929 1318 3968; x_wconf 87' lang='lat' dir='ltr'>ac</span> <span class='ocrx_word' id='word_1_469' title='bbox 1338 3915 1475 3983; x_wconf 83' lang='lat' dir='ltr'>jura</span> <span class='ocrx_word' id='word_1_470' title='bbox 1503 3917 1818 3983; x_wconf 79' lang='lat' dir='ltr'>con/irmat.]</span> <span class='ocrx_word' id='word_1_471' title='bbox 1851 3959 1860 3968; x_wconf 47' lang='grc' dir='ltr'><em>κ</em></span> 
     </span>
    </p>
   </div>
   <div class='ocr_carea' id='block_1_72' title="bbox 863 4013 1268 4082">
    <p class='ocr_par' dir='ltr' id='par_1_72' title="bbox 863 4013 1268 4082">
     <span class='ocr_line' id='line_1_72' title="bbox 863 4013 1268 4082; baseline -0.005 -15"><span class='ocrx_word' id='word_1_472' title='bbox 863 4015 1052 4079; x_wconf 82' lang='lat' dir='ltr'>(Anno</span> <span class='ocrx_word' id='word_1_473' title='bbox 1084 4013 1268 4082; x_wconf 85' lang='lat'>1077.)</span> 
     </span>
    </p>
   </div>
   <div class='ocr_carea' id='block_1_73' title="bbox 545 4113 1566 4181">
    <p class='ocr_par' dir='ltr' id='par_1_73' title="bbox 545 4113 1566 4181">
     <span class='ocr_line' id='line_1_73' title="bbox 545 4113 1566 4181; baseline -0.003 -13"><span class='ocrx_word' id='word_1_474' title='bbox 545 4115 864 4181; x_wconf 68' lang='lat' dir='ltr'>[UGHELLL</span> <span class='ocrx_word' id='word_1_475' title='bbox 893 4113 1060 4167; x_wconf 77' lang='lat' dir='ltr'>Italia</span> <span class='ocrx_word' id='word_1_476' title='bbox 1083 4127 1262 4178; x_wconf 79' lang='lat' dir='ltr'>sacra,</span> <span class='ocrx_word' id='word_1_477' title='bbox 1287 4113 1382 4178; x_wconf 89' lang='lat' dir='ltr'>lll,</span> <span class='ocrx_word' id='word_1_478' title='bbox 1415 4117 1566 4180; x_wconf 75' lang='lat'>361.]</span> 
     </span>
    </p>
   </div>
   <div class='ocr_carea' id='block_1_74' title="bbox 322 4215 1859 4287">
    <p class='ocr_par' dir='ltr' id='par_1_74' title="bbox 322 4215 1859 4287">
     <span class='ocr_line' id='line_1_74' title="bbox 322 4215 1859 4287; baseline -0.003 -13"><span class='ocrx_word' id='word_1_479' title='bbox 322 4218 690 4274; x_wconf 72' lang='lat' dir='ltr'>Gnsoonms</span> <span class='ocrx_word' id='word_1_480' title='bbox 715 4215 1032 4287; x_wconf 89' lang='lat' dir='ltr'>episcopus,</span> <span class='ocrx_word' id='word_1_481' title='bbox 1078 4230 1268 4270; x_wconf 88' lang='lat' dir='ltr'>servus</span> <span class='ocrx_word' id='word_1_482' title='bbox 1313 4230 1593 4270; x_wconf 88' lang='lat' dir='ltr'>servorum</span> <span class='ocrx_word' id='word_1_483' title='bbox 1623 4216 1745 4282; x_wconf 88' lang='lat' dir='ltr'>Dei,</span> <span class='ocrx_word' id='word_1_484' title='bbox 1775 4216 1859 4270; x_wconf 89' lang='lat' dir='ltr'>di—</span> 
     </span>
    </p>
   </div>
   <div class='ocr_carea' id='block_1_75' title="bbox 247 4307 1859 4377">
    <p class='ocr_par' dir='ltr' id='par_1_75' title="bbox 247 4307 1859 4377">
     <span class='ocr_line' id='line_1_75' title="bbox 247 4307 1859 4377; baseline -0.001 -13"><span class='ocrx_word' id='word_1_485' title='bbox 247 4310 397 4366; x_wconf 87' lang='lat' dir='ltr'>lecto</span> <span class='ocrx_word' id='word_1_486' title='bbox 420 4311 481 4364; x_wconf 89' lang='lat' dir='ltr'>in</span> <span class='ocrx_word' id='word_1_487' title='bbox 507 4309 728 4366; x_wconf 88' lang='lat' dir='ltr'>Christo</span> <span class='ocrx_word' id='word_1_488' title='bbox 763 4309 874 4364; x_wconf 79' lang='lat' dir='ltr'>tilio</span> <span class='ocrx_word' id='word_1_489' title='bbox 894 4312 1106 4377; x_wconf 70' lang='lat' dir='ltr'>Lsom,</span> <span class='ocrx_word' id='word_1_490' title='bbox 1131 4308 1311 4364; x_wconf 87' lang='lat' dir='ltr'>abbati</span> <span class='ocrx_word' id='word_1_491' title='bbox 1330 4307 1648 4364; x_wconf 89' lang='lat' dir='ltr'>monasterii</span> <span class='ocrx_word' id='word_1_492' title='bbox 1679 4310 1732 4363; x_wconf 92' lang='lat' dir='ltr'>S.</span> <span class='ocrx_word' id='word_1_493' title='bbox 1761 4309 1859 4362; x_wconf 86' lang='lat' dir='ltr'>Mi-</span> 
     </span>
    </p>
   </div>
   <div class='ocr_carea' id='block_1_76' title="bbox 246 4401 1856 4473">
    <p class='ocr_par' dir='ltr' id='par_1_76' title="bbox 246 4401 1856 4473">
     <span class='ocr_line' id='line_1_76' title="bbox 246 4401 1856 4473; baseline -0.001 -16"><span class='ocrx_word' id='word_1_494' title='bbox 246 4403 462 4458; x_wconf 85' lang='lat' dir='ltr'>chaelis</span> <span class='ocrx_word' id='word_1_495' title='bbox 478 4401 792 4473; x_wconf 89' lang='lat' dir='ltr'>archangeli</span> <span class='ocrx_word' id='word_1_496' title='bbox 816 4403 953 4458; x_wconf 61' lang='lat' dir='ltr'>Pisae</span> <span class='ocrx_word' id='word_1_497' title='bbox 982 4402 1302 4468; x_wconf 89' lang='lat' dir='ltr'>constituti,</span> <span class='ocrx_word' id='word_1_498' title='bbox 1322 4402 1548 4473; x_wconf 86' lang='lat' dir='ltr'>suisque</span> <span class='ocrx_word' id='word_1_499' title='bbox 1574 4417 1856 4457; x_wconf 87' lang='lat' dir='ltr'>successo-</span> 
     </span>
    </p>
   </div>
   <div class='ocr_carea' id='block_1_77' title="bbox 246 4494 1936 4593">
    <p class='ocr_par' dir='ltr' id='par_1_77' title="bbox 246 4494 1936 4593">
     <span class='ocr_line' id='line_1_77' title="bbox 246 4494 1936 4593; baseline -0.001 -42"><span class='ocrx_word' id='word_1_500' title='bbox 246 4494 632 4553; x_wconf 90' lang='lat' dir='ltr'>ribusibidem</span> <span class='ocrx_word' id='word_1_501' title='bbox 658 4495 986 4565; x_wconf 89' lang='lat' dir='ltr'>regulariter</span> <span class='ocrx_word' id='word_1_502' title='bbox 1008 4494 1400 4566; x_wconf 87' lang='lat' dir='ltr'>promovendis</span> <span class='ocrx_word' id='word_1_503' title='bbox 1425 4495 1481 4551; x_wconf 90' lang='lat' dir='ltr'>in</span> <span class='ocrx_word' id='word_1_504' title='bbox 1504 4503 1848 4567; x_wconf 88' lang='lat' dir='ltr'>perpetuum.</span> <span class='ocrx_word' id='word_1_505' title='bbox 1887 4531 1936 4593; x_wconf 68' lang='grc' dir='ltr'>Β</span> 
     </span>
    </p>
   </div>
   <div class='ocr_carea' id='block_1_78' title="bbox 319 4588 1860 4660">
    <p class='ocr_par' dir='ltr' id='par_1_78' title="bbox 319 4588 1860 4660">
     <span class='ocr_line' id='line_1_78' title="bbox 319 4588 1860 4660; baseline -0.001 -16"><span class='ocrx_word' id='word_1_506' title='bbox 319 4588 602 4644; x_wconf 87' lang='lat' dir='ltr'>Convenit</span> <span class='ocrx_word' id='word_1_507' title='bbox 633 4589 933 4657; x_wconf 90' lang='lat' dir='ltr'>apostolico</span> <span class='ocrx_word' id='word_1_508' title='bbox 959 4588 1322 4643; x_wconf 84' lang='lat' dir='ltr'>moderamini</span> <span class='ocrx_word' id='word_1_509' title='bbox 1348 4589 1430 4658; x_wconf 92' lang='lat' dir='ltr'>pia</span> <span class='ocrx_word' id='word_1_510' title='bbox 1462 4589 1723 4660; x_wconf 89' lang='lat' dir='ltr'>religione</span> <span class='ocrx_word' id='word_1_511' title='bbox 1752 4589 1860 4659; x_wconf 87' lang='lat' dir='ltr'>pol-</span> 
     </span>
    </p>
   </div>
   <div class='ocr_carea' id='block_1_79' title="bbox 239 4682 1854 4754">
    <p class='ocr_par' dir='ltr' id='par_1_79' title="bbox 239 4682 1854 4754">
     <span class='ocr_line' id='line_1_79' title="bbox 239 4682 1854 4754; baseline 0.001 -17"><span class='ocrx_word' id='word_1_512' title='bbox 239 4683 495 4739; x_wconf 88' lang='lat' dir='ltr'>lentibus</span> <span class='ocrx_word' id='word_1_513' title='bbox 538 4682 800 4738; x_wconf 86' lang='lat' dir='ltr'>benevola</span> <span class='ocrx_word' id='word_1_514' title='bbox 867 4684 1244 4754; x_wconf 90' lang='lat' dir='ltr'>compassione</span> <span class='ocrx_word' id='word_1_515' title='bbox 1301 4699 1607 4747; x_wconf 88' lang='lat' dir='ltr'>succurere,</span> <span class='ocrx_word' id='word_1_516' title='bbox 1662 4691 1717 4738; x_wconf 91' lang='lat' dir='ltr'>et</span> <span class='ocrx_word' id='word_1_517' title='bbox 1758 4700 1854 4754; x_wconf 87' lang='lat' dir='ltr'>po-</span> 
     </span>
    </p>
   </div>
   <div class='ocr_carea' id='block_1_80' title="bbox 237 4776 1853 4846">
    <p class='ocr_par' dir='ltr' id='par_1_80' title="bbox 237 4776 1853 4846">
     <span class='ocr_line' id='line_1_80' title="bbox 237 4776 1853 4846; baseline -0.001 -14"><span class='ocrx_word' id='word_1_518' title='bbox 237 4778 528 4832; x_wconf 86' lang='lat' dir='ltr'>scentium</span> <span class='ocrx_word' id='word_1_519' title='bbox 579 4776 779 4832; x_wconf 89' lang='lat' dir='ltr'>animis</span> <span class='ocrx_word' id='word_1_520' title='bbox 823 4776 986 4830; x_wconf 90' lang='lat' dir='ltr'>alacri</span> <span class='ocrx_word' id='word_1_521' title='bbox 1017 4776 1308 4830; x_wconf 88' lang='lat' dir='ltr'>devotione</span> <span class='ocrx_word' id='word_1_522' title='bbox 1341 4776 1620 4846; x_wconf 88' lang='lat' dir='ltr'>impertire</span> <span class='ocrx_word' id='word_1_523' title='bbox 1663 4792 1853 4832; x_wconf 89' lang='lat' dir='ltr'>assen-</span> 
     </span>
    </p>
   </div>
   <div class='ocr_carea' id='block_1_81' title="bbox 237 4868 1850 4943">
    <p class='ocr_par' dir='ltr' id='par_1_81' title="bbox 237 4868 1850 4943">
     <span class='ocr_line' id='line_1_81' title="bbox 237 4868 1850 4943; baseline 0.001 -19"><span class='ocrx_word' id='word_1_524' title='bbox 237 4886 370 4926; x_wconf 85' lang='lat' dir='ltr'>sum</span> <span class='ocrx_word' id='word_1_525' title='bbox 404 4888 425 4943; x_wconf 15' lang='grc' dir='ltr'>εν</span> <span class='ocrx_word' id='word_1_526' title='bbox 456 4887 521 4926; x_wconf 83' lang='lat' dir='ltr'>ex</span> <span class='ocrx_word' id='word_1_527' title='bbox 561 4869 670 4926; x_wconf 87' lang='lat' dir='ltr'>hoc</span> <span class='ocrx_word' id='word_1_528' title='bbox 693 4868 842 4925; x_wconf 91' lang='lat' dir='ltr'>enim</span> <span class='ocrx_word' id='word_1_529' title='bbox 904 4869 1247 4939; x_wconf 90' lang='lat' dir='ltr'>potissimum</span> <span class='ocrx_word' id='word_1_530' title='bbox 1280 4869 1568 4939; x_wconf 66' lang='lat' dir='ltr'>praemium</span> <span class='ocrx_word' id='word_1_531' title='bbox 1603 4886 1633 4924; x_wconf 88' lang='lat' dir='ltr'>a</span> <span class='ocrx_word' id='word_1_532' title='bbox 1661 4869 1850 4925; x_wconf 89' lang='lat' dir='ltr'>condi-</span> 
     </span>
    </p>
   </div>
   <div class='ocr_carea' id='block_1_82' title="bbox 237 4961 1852 5034">
    <p class='ocr_par' dir='ltr' id='par_1_82' title="bbox 237 4961 1852 5034">
     <span class='ocr_line' id='line_1_82' title="bbox 237 4961 1852 5034; baseline 0.001 -18"><span class='ocrx_word' id='word_1_533' title='bbox 237 4971 368 5020; x_wconf 89' lang='lat' dir='ltr'>tore</span> <span class='ocrx_word' id='word_1_534' title='bbox 390 4964 649 5019; x_wconf 90' lang='lat' dir='ltr'>omnium</span> <span class='ocrx_word' id='word_1_535' title='bbox 674 4966 793 5018; x_wconf 94' lang='lat' dir='ltr'>Deo</span> <span class='ocrx_word' id='word_1_536' title='bbox 821 4962 1012 5034; x_wconf 90' lang='lat' dir='ltr'>procul</span> <span class='ocrx_word' id='word_1_537' title='bbox 1042 4961 1207 5018; x_wconf 91' lang='lat' dir='ltr'>dubio</span> <span class='ocrx_word' id='word_1_538' title='bbox 1235 4962 1693 5033; x_wconf 90' lang='lat' dir='ltr'>promerebimur,</span> <span class='ocrx_word' id='word_1_539' title='bbox 1719 4964 1852 5018; x_wconf 90' lang='lat' dir='ltr'>dum</span> 
     </span>
    </p>
   </div>
   <div class='ocr_carea' id='block_1_83' title="bbox 237 5055 1853 5128">
    <p class='ocr_par' dir='ltr' id='par_1_83' title="bbox 237 5055 1853 5128">
     <span class='ocr_line' id='line_1_83' title="bbox 237 5055 1853 5128; baseline 0.002 -20"><span class='ocrx_word' id='word_1_540' title='bbox 237 5057 589 5114; x_wconf 82' lang='lat' dir='ltr'>venerabilia</span> <span class='ocrx_word' id='word_1_541' title='bbox 619 5056 737 5111; x_wconf 85' lang='lat' dir='ltr'>loca</span> <span class='ocrx_word' id='word_1_542' title='bbox 786 5063 1097 5128; x_wconf 89' lang='lat' dir='ltr'>opportune</span> <span class='ocrx_word' id='word_1_543' title='bbox 1149 5055 1421 5121; x_wconf 90' lang='lat' dir='ltr'>ordinata,</span> <span class='ocrx_word' id='word_1_544' title='bbox 1454 5055 1523 5112; x_wconf 90' lang='lat' dir='ltr'>ad</span> <span class='ocrx_word' id='word_1_545' title='bbox 1565 5057 1853 5112; x_wconf 89' lang='lat' dir='ltr'>meliorem</span> 
     </span>
    </p>
   </div>
   <div class='ocr_carea' id='block_1_84' title="bbox 236 5147 1855 5220">
    <p class='ocr_par' dir='ltr' id='par_1_84' title="bbox 236 5147 1855 5220">
     <span class='ocr_line' id='line_1_84' title="bbox 236 5147 1855 5220; baseline 0.001 -16"><span class='ocrx_word' id='word_1_546' title='bbox 236 5147 459 5205; x_wconf 84' lang='lat' dir='ltr'>fuerint</span> <span class='ocrx_word' id='word_1_547' title='bbox 494 5149 616 5205; x_wconf 89' lang='lat' dir='ltr'>sine</span> <span class='ocrx_word' id='word_1_548' title='bbox 646 5147 813 5204; x_wconf 90' lang='lat' dir='ltr'>dubio</span> <span class='ocrx_word' id='word_1_549' title='bbox 848 5157 1056 5204; x_wconf 89' lang='lat' dir='ltr'>statum</span> <span class='ocrx_word' id='word_1_550' title='bbox 1095 5149 1376 5219; x_wconf 90' lang='lat' dir='ltr'>perducta.</span> <span class='ocrx_word' id='word_1_551' title='bbox 1406 5148 1642 5205; x_wconf 90' lang='lat' dir='ltr'>Proinde</span> <span class='ocrx_word' id='word_1_552' title='bbox 1670 5158 1855 5220; x_wconf 90' lang='lat' dir='ltr'>postu-</span> 
     </span>
    </p>
   </div>
   <div class='ocr_carea' id='block_1_85' title="bbox 239 5242 1853 5314">
    <p class='ocr_par' dir='ltr' id='par_1_85' title="bbox 239 5242 1853 5314">
     <span class='ocr_line' id='line_1_85' title="bbox 239 5242 1853 5314; baseline 0.001 -18"><span class='ocrx_word' id='word_1_553' title='bbox 239 5242 396 5300; x_wconf 83' lang='lat' dir='ltr'>lante</span> <span class='ocrx_word' id='word_1_554' title='bbox 423 5252 504 5309; x_wconf 87' lang='lat' dir='ltr'>te,</span> <span class='ocrx_word' id='word_1_555' title='bbox 534 5242 735 5300; x_wconf 87' lang='lat' dir='ltr'>dilecte</span> <span class='ocrx_word' id='word_1_556' title='bbox 752 5242 846 5309; x_wconf 85' lang='lat' dir='ltr'>ﬁli,</span> <span class='ocrx_word' id='word_1_557' title='bbox 883 5249 1154 5314; x_wconf 89' lang='lat' dir='ltr'>quatenus</span> <span class='ocrx_word' id='word_1_558' title='bbox 1178 5243 1573 5299; x_wconf 87' lang='lat' dir='ltr'>monasterium</span> <span class='ocrx_word' id='word_1_559' title='bbox 1598 5242 1705 5311; x_wconf 91' lang='lat' dir='ltr'>cui,</span> <span class='ocrx_word' id='word_1_560' title='bbox 1737 5246 1853 5299; x_wconf 91' lang='lat' dir='ltr'>Deo</span> 
     </span>
    </p>
   </div>
   <div class='ocr_carea' id='block_1_86' title="bbox 243 5335 1856 5409">
    <p class='ocr_par' dir='ltr' id='par_1_86' title="bbox 243 5335 1856 5409">
     <span class='ocr_line' id='line_1_86' title="bbox 243 5335 1856 5409; baseline 0.001 -20"><span class='ocrx_word' id='word_1_561' title='bbox 243 5345 504 5404; x_wconf 87' lang='lat' dir='ltr'>auctore,</span> <span class='ocrx_word' id='word_1_562' title='bbox 535 5351 766 5408; x_wconf 62' lang='lat' dir='ltr'>praesse</span> <span class='ocrx_word' id='word_1_563' title='bbox 819 5335 1176 5409; x_wconf 84' lang='lat' dir='ltr'>dignosceris,</span> <span class='ocrx_word' id='word_1_564' title='bbox 1210 5336 1521 5406; x_wconf 88' lang='lat' dir='ltr'>apostolicis</span> <span class='ocrx_word' id='word_1_565' title='bbox 1567 5336 1856 5408; x_wconf 87' lang='lat' dir='ltr'>privilegiis</span> 
     </span>
    </p>
   </div>
   <div class='ocr_carea' id='block_1_87' title="bbox 241 5429 1854 5486">
    <p class='ocr_par' dir='ltr' id='par_1_87' title="bbox 241 5429 1854 5486">
     <span class='ocr_line' id='line_1_87' title="bbox 241 5429 1854 5486; baseline 0 -3"><span class='ocrx_word' id='word_1_566' title='bbox 241 5431 607 5485; x_wconf 86' lang='lat' dir='ltr'>muniremus</span> <span class='ocrx_word' id='word_1_567' title='bbox 633 5431 706 5486; x_wconf 92' lang='lat' dir='ltr'>ob</span> <span class='ocrx_word' id='word_1_568' title='bbox 744 5430 1109 5486; x_wconf 88' lang='lat' dir='ltr'>reverentiam</span> <span class='ocrx_word' id='word_1_569' title='bbox 1140 5430 1285 5484; x_wconf 89' lang='lat' dir='ltr'>beati</span> <span class='ocrx_word' id='word_1_570' title='bbox 1311 5429 1597 5485; x_wconf 86' lang='lat' dir='ltr'>Michaelis</span> <span class='ocrx_word' id='word_1_571' title='bbox 1626 5429 1854 5484; x_wconf 87' lang='lat' dir='ltr'>archan-</span> 
     </span>
    </p>
   </div>
   <div class='ocr_carea' id='block_1_88' title="bbox 243 5521 1855 5593">
    <p class='ocr_par' dir='ltr' id='par_1_88' title="bbox 243 5521 1855 5593">
     <span class='ocr_line' id='line_1_88' title="bbox 243 5521 1855 5593; baseline 0.002 -19"><span class='ocrx_word' id='word_1_572' title='bbox 243 5521 381 5591; x_wconf 84' lang='lat' dir='ltr'>geli,</span> <span class='ocrx_word' id='word_1_573' title='bbox 413 5523 468 5577; x_wconf 93' lang='lat' dir='ltr'>in</span> <span class='ocrx_word' id='word_1_574' title='bbox 499 5523 656 5593; x_wconf 90' lang='lat' dir='ltr'>cujus</span> <span class='ocrx_word' id='word_1_575' title='bbox 683 5522 952 5579; x_wconf 89' lang='lat' dir='ltr'>honorem</span> <span class='ocrx_word' id='word_1_576' title='bbox 973 5522 1302 5578; x_wconf 89' lang='lat' dir='ltr'>venerabilis</span> <span class='ocrx_word' id='word_1_577' title='bbox 1332 5523 1482 5578; x_wconf 92' lang='lat' dir='ltr'>locus</span> <span class='ocrx_word' id='word_1_578' title='bbox 1521 5523 1610 5578; x_wconf 93' lang='lat' dir='ltr'>ille</span> <span class='ocrx_word' id='word_1_579' title='bbox 1650 5523 1855 5579; x_wconf 89' lang='lat' dir='ltr'>consti-</span> 
     </span>
    </p>
   </div>
   <div class='ocr_carea' id='block_1_89' title="bbox 247 5615 1856 5687">
    <p class='ocr_par' dir='ltr' id='par_1_89' title="bbox 247 5615 1856 5687">
     <span class='ocr_line' id='line_1_89' title="bbox 247 5615 1856 5687; baseline 0.002 -20"><span class='ocrx_word' id='word_1_580' title='bbox 247 5620 413 5670; x_wconf 87' lang='lat' dir='ltr'>tutus</span> <span class='ocrx_word' id='word_1_581' title='bbox 448 5624 553 5682; x_wconf 88' lang='lat' dir='ltr'>est,</span> <span class='ocrx_word' id='word_1_582' title='bbox 608 5615 860 5687; x_wconf 87' lang='lat' dir='ltr'>precibus</span> <span class='ocrx_word' id='word_1_583' title='bbox 908 5615 1018 5671; x_wconf 89' lang='lat' dir='ltr'>tuis</span> <span class='ocrx_word' id='word_1_584' title='bbox 1055 5615 1316 5672; x_wconf 88' lang='lat' dir='ltr'>benevola</span> <span class='ocrx_word' id='word_1_585' title='bbox 1367 5616 1718 5672; x_wconf 89' lang='lat' dir='ltr'>concessione</span> <span class='ocrx_word' id='word_1_586' title='bbox 1763 5633 1856 5671; x_wconf 88' lang='lat' dir='ltr'>au-</span> 
     </span>
    </p>
   </div>
   <div class='ocr_carea' id='block_1_90' title="bbox 243 5707 1859 5781">
    <p class='ocr_par' dir='ltr' id='par_1_90' title="bbox 243 5707 1859 5781">
     <span class='ocr_line' id='line_1_90' title="bbox 243 5707 1859 5781; baseline 0.003 -21"><span class='ocrx_word' id='word_1_587' title='bbox 243 5707 549 5764; x_wconf 86' lang='lat' dir='ltr'>nuendum</span> <span class='ocrx_word' id='word_1_588' title='bbox 615 5725 732 5766; x_wconf 85' lang='lat' dir='ltr'>esse</span> <span class='ocrx_word' id='word_1_589' title='bbox 776 5709 1194 5766; x_wconf 85' lang='lat' dir='ltr'>destinavimus.</span> <span class='ocrx_word' id='word_1_590' title='bbox 1261 5709 1634 5781; x_wconf 88' lang='lat' dir='ltr'>Suscipientes</span> <span class='ocrx_word' id='word_1_591' title='bbox 1693 5708 1859 5781; x_wconf 88' lang='lat' dir='ltr'>igitur</span> 
     </span>
    </p>
   </div>
   <div class='ocr_carea' id='block_1_91' title="bbox 247 5800 1856 5873">
    <p class='ocr_par' dir='ltr' id='par_1_91' title="bbox 247 5800 1856 5873">
     <span class='ocr_line' id='line_1_91' title="bbox 247 5800 1856 5873; baseline 0.001 -16"><span class='ocrx_word' id='word_1_592' title='bbox 247 5800 551 5869; x_wconf 73' lang='lat' dir='ltr'>pmfatnm</span> <span class='ocrx_word' id='word_1_593' title='bbox 582 5804 782 5872; x_wconf 87' lang='lat' dir='ltr'>locum,</span> <span class='ocrx_word' id='word_1_594' title='bbox 815 5812 872 5860; x_wconf 91' lang='lat' dir='ltr'>et</span> <span class='ocrx_word' id='word_1_595' title='bbox 893 5803 1080 5860; x_wconf 89' lang='lat' dir='ltr'>omnia</span> <span class='ocrx_word' id='word_1_596' title='bbox 1097 5802 1198 5859; x_wconf 89' lang='lat' dir='ltr'>sibi</span> <span class='ocrx_word' id='word_1_597' title='bbox 1230 5802 1578 5873; x_wconf 89' lang='lat' dir='ltr'>pertinentia,</span> <span class='ocrx_word' id='word_1_598' title='bbox 1609 5817 1708 5860; x_wconf 89' lang='lat' dir='ltr'>nec</span> <span class='ocrx_word' id='word_1_599' title='bbox 1743 5819 1856 5860; x_wconf 93' lang='lat' dir='ltr'>non</span> 
     </span>
    </p>
   </div>
   <div class='ocr_carea' id='block_1_92' title="bbox 545 5895 1070 5950">
    <p class='ocr_par' dir='ltr' id='par_1_92' title="bbox 545 5895 1070 5950">
     <span class='ocr_line' id='line_1_92' title="bbox 545 5895 1070 5950; baseline 0.002 -3"><span class='ocrx_word' id='word_1_600' title='bbox 545 5895 768 5949; x_wconf 70' lang='lat' dir='ltr'>PATBOL.</span> <span class='ocrx_word' id='word_1_601' title='bbox 810 5895 1070 5950; x_wconf 74' lang='lat' dir='ltr'>CXLVIII.</span> 
     </span>
    </p>
   </div>
   <div class='ocr_carea' id='block_1_93' title="bbox 1967 3282 3569 3354">
    <p class='ocr_par' dir='ltr' id='par_1_93' title="bbox 1967 3282 3569 3354">
     <span class='ocr_line' id='line_1_93' title="bbox 1967 3282 3569 3354; baseline 0.002 -19"><span class='ocrx_word' id='word_1_602' title='bbox 1967 3282 2178 3353; x_wconf 91' lang='lat' dir='ltr'>quitate</span> <span class='ocrx_word' id='word_1_603' title='bbox 2217 3290 2534 3353; x_wconf 87' lang='lat' dir='ltr'>cognoscat,</span> <span class='ocrx_word' id='word_1_604' title='bbox 2567 3291 2643 3350; x_wconf 92' lang='lat' dir='ltr'>et,</span> <span class='ocrx_word' id='word_1_605' title='bbox 2689 3283 2790 3337; x_wconf 91' lang='lat' dir='ltr'>nisi</span> <span class='ocrx_word' id='word_1_606' title='bbox 2834 3285 2916 3338; x_wconf 90' lang='lat' dir='ltr'>vel</span> <span class='ocrx_word' id='word_1_607' title='bbox 2948 3299 3013 3338; x_wconf 89' lang='lat' dir='ltr'>ea</span> <span class='ocrx_word' id='word_1_608' title='bbox 3045 3299 3168 3354; x_wconf 77' lang='lat' dir='ltr'>qua:</span> <span class='ocrx_word' id='word_1_609' title='bbox 3202 3283 3271 3338; x_wconf 88' lang='lat' dir='ltr'>ab</span> <span class='ocrx_word' id='word_1_610' title='bbox 3301 3283 3396 3338; x_wconf 91' lang='lat' dir='ltr'>illo</span> <span class='ocrx_word' id='word_1_611' title='bbox 3442 3294 3569 3340; x_wconf 87' lang='lat' dir='ltr'>sunt</span> 
     </span>
    </p>
   </div>
   <div class='ocr_carea' id='block_1_94' title="bbox 1969 3375 3567 3448">
    <p class='ocr_par' dir='ltr' id='par_1_94' title="bbox 1969 3375 3567 3448">
     <span class='ocr_line' id='line_1_94' title="bbox 1969 3375 3567 3448; baseline 0.001 -19"><span class='ocrx_word' id='word_1_612' title='bbox 1969 3376 2112 3430; x_wconf 91' lang='lat' dir='ltr'>male</span> <span class='ocrx_word' id='word_1_613' title='bbox 2140 3375 2319 3430; x_wconf 90' lang='lat' dir='ltr'>ablata</span> <span class='ocrx_word' id='word_1_614' title='bbox 2352 3376 2673 3442; x_wconf 89' lang='lat' dir='ltr'>restituerit,</span> <span class='ocrx_word' id='word_1_615' title='bbox 2717 3375 2800 3429; x_wconf 92' lang='lat' dir='ltr'>vel</span> <span class='ocrx_word' id='word_1_616' title='bbox 2827 3375 2991 3448; x_wconf 89' lang='lat' dir='ltr'>digna</span> <span class='ocrx_word' id='word_1_617' title='bbox 3024 3377 3353 3446; x_wconf 69' lang='lat' dir='ltr'>paenitentia</span> <span class='ocrx_word' id='word_1_618' title='bbox 3383 3376 3567 3432; x_wconf 90' lang='lat' dir='ltr'>illicite</span> 
     </span>
    </p>
   </div>
   <div class='ocr_carea' id='block_1_95' title="bbox 1968 3467 3558 3541">
    <p class='ocr_par' dir='ltr' id='par_1_95' title="bbox 1968 3467 3558 3541">
     <span class='ocr_line' id='line_1_95' title="bbox 1968 3467 3558 3541; baseline 0.001 -18"><span class='ocrx_word' id='word_1_619' title='bbox 1968 3477 2086 3523; x_wconf 88' lang='lat' dir='ltr'>acta</span> <span class='ocrx_word' id='word_1_620' title='bbox 2118 3467 2419 3535; x_wconf 78' lang='lat' dir='ltr'>defleverit,</span> <span class='ocrx_word' id='word_1_621' title='bbox 2471 3483 2502 3522; x_wconf 90' lang='lat' dir='ltr'>a</span> <span class='ocrx_word' id='word_1_622' title='bbox 2532 3468 2910 3524; x_wconf 88' lang='lat' dir='ltr'>sacratissimo</span> <span class='ocrx_word' id='word_1_623' title='bbox 2937 3485 3170 3539; x_wconf 87' lang='lat' dir='ltr'>corpore</span> <span class='ocrx_word' id='word_1_624' title='bbox 3201 3486 3265 3525; x_wconf 91' lang='lat' dir='ltr'>ac</span> <span class='ocrx_word' id='word_1_625' title='bbox 3293 3470 3558 3541; x_wconf 88' lang='lat' dir='ltr'>sanguine</span> 
     </span>
    </p>
   </div>
   <div class='ocr_carea' id='block_1_96' title="bbox 1970 3561 3568 3634">
    <p class='ocr_par' dir='ltr' id='par_1_96' title="bbox 1970 3561 3568 3634">
     <span class='ocr_line' id='line_1_96' title="bbox 1970 3561 3568 3634; baseline 0.001 -17"><span class='ocrx_word' id='word_1_626' title='bbox 1970 3562 2066 3617; x_wconf 89' lang='lat' dir='ltr'>Dei</span> <span class='ocrx_word' id='word_1_627' title='bbox 2088 3569 2143 3616; x_wconf 90' lang='lat' dir='ltr'>et</span> <span class='ocrx_word' id='word_1_628' title='bbox 2171 3561 2396 3617; x_wconf 85' lang='lat' dir='ltr'>Domini</span> <span class='ocrx_word' id='word_1_629' title='bbox 2429 3561 2830 3630; x_wconf 68' lang='lat' dir='ltr'>Redemptoris)</span> <span class='ocrx_word' id='word_1_630' title='bbox 2846 3563 3022 3616; x_wconf 89' lang='lat' dir='ltr'>nostri</span> <span class='ocrx_word' id='word_1_631' title='bbox 3043 3564 3171 3617; x_wconf 86' lang='lat' dir='ltr'>Jesu</span> <span class='ocrx_word' id='word_1_632' title='bbox 3201 3563 3400 3634; x_wconf 82' lang='lat' dir='ltr'>Christi</span> <span class='ocrx_word' id='word_1_633' title='bbox 3428 3563 3568 3630; x_wconf 42' lang='lat' dir='ltr'>.alie-</span> 
     </span>
    </p>
   </div>
   <div class='ocr_carea' id='block_1_97' title="bbox 1970 3637 3568 3723">
    <p class='ocr_par' dir='ltr' id='par_1_97' title="bbox 1970 3637 3568 3723">
     <span class='ocr_line' id='line_1_97' title="bbox 1970 3637 3568 3723; baseline 0.002 -16"><span class='ocrx_word' id='word_1_634' title='bbox 1970 3670 2075 3708; x_wconf 91' lang='lat' dir='ltr'>nus</span> <span class='ocrx_word' id='word_1_635' title='bbox 2104 3655 2220 3717; x_wconf 85' lang='lat' dir='ltr'>ﬁat,</span> <span class='ocrx_word' id='word_1_636' title='bbox 2253 3661 2416 3723; x_wconf 90' lang='lat' dir='ltr'>atque</span> <span class='ocrx_word' id='word_1_637' title='bbox 2449 3654 2506 3706; x_wconf 91' lang='lat' dir='ltr'>in</span> <span class='ocrx_word' id='word_1_638' title='bbox 2529 3661 2777 3708; x_wconf 86' lang='lat' dir='ltr'>extremo</span> <span class='ocrx_word' id='word_1_639' title='bbox 2807 3654 3063 3708; x_wconf 85' lang='lat' dir='ltr'>examine</span> <span class='ocrx_word' id='word_1_640' title='bbox 3087 3637 3354 3711; x_wconf 66' lang='lat' dir='ltr'>districtis</span> <span class='ocrx_word' id='word_1_641' title='bbox 3376 3656 3568 3710; x_wconf 89' lang='lat' dir='ltr'>ultioni</span> 
     </span>
    </p>
   </div>
   <div class='ocr_carea' id='block_1_98' title="bbox 1971 3746 3570 3819">
    <p class='ocr_par' dir='ltr' id='par_1_98' title="bbox 1971 3746 3570 3819">
     <span class='ocr_line' id='line_1_98' title="bbox 1971 3746 3570 3819; baseline 0.001 -19"><span class='ocrx_word' id='word_1_642' title='bbox 1971 3747 2270 3818; x_wconf 89' lang='lat' dir='ltr'>subjaceat.</span> <span class='ocrx_word' id='word_1_643' title='bbox 2307 3746 2533 3803; x_wconf 87' lang='lat' dir='ltr'>Cunctis</span> <span class='ocrx_word' id='word_1_644' title='bbox 2558 3755 2743 3801; x_wconf 90' lang='lat' dir='ltr'>autem</span> <span class='ocrx_word' id='word_1_645' title='bbox 2776 3747 2959 3803; x_wconf 86' lang='lat' dir='ltr'>eidem</span> <span class='ocrx_word' id='word_1_646' title='bbox 2993 3747 3110 3802; x_wconf 89' lang='lat' dir='ltr'>loco</span> <span class='ocrx_word' id='word_1_647' title='bbox 3133 3748 3276 3819; x_wconf 86' lang='lat' dir='ltr'>justa</span> <span class='ocrx_word' id='word_1_648' title='bbox 3305 3749 3570 3804; x_wconf 88' lang='lat' dir='ltr'>servanti-</span> 
     </span>
    </p>
   </div>
   <div class='ocr_carea' id='block_1_99' title="bbox 1973 3839 3566 3912">
    <p class='ocr_par' dir='ltr' id='par_1_99' title="bbox 1973 3839 3566 3912">
     <span class='ocr_line' id='line_1_99' title="bbox 1973 3839 3566 3912; baseline 0 -18"><span class='ocrx_word' id='word_1_649' title='bbox 1973 3839 2074 3896; x_wconf 91' lang='lat' dir='ltr'>bus</span> <span class='ocrx_word' id='word_1_650' title='bbox 2103 3840 2175 3895; x_wconf 89' lang='lat' dir='ltr'>sit</span> <span class='ocrx_word' id='word_1_651' title='bbox 2202 3857 2307 3912; x_wconf 87' lang='lat' dir='ltr'>pax</span> <span class='ocrx_word' id='word_1_652' title='bbox 2337 3839 2566 3895; x_wconf 91' lang='lat' dir='ltr'>Domini</span> <span class='ocrx_word' id='word_1_653' title='bbox 2593 3840 2765 3895; x_wconf 92' lang='lat' dir='ltr'>nostri</span> <span class='ocrx_word' id='word_1_654' title='bbox 2792 3842 2922 3896; x_wconf 92' lang='lat' dir='ltr'>Jesu</span> <span class='ocrx_word' id='word_1_655' title='bbox 2973 3841 3198 3910; x_wconf 89' lang='lat' dir='ltr'>Christi,</span> <span class='ocrx_word' id='word_1_656' title='bbox 3229 3850 3291 3896; x_wconf 93' lang='lat' dir='ltr'>ut</span> <span class='ocrx_word' id='word_1_657' title='bbox 3336 3840 3421 3896; x_wconf 90' lang='lat' dir='ltr'>hic</span> <span class='ocrx_word' id='word_1_658' title='bbox 3451 3840 3566 3895; x_wconf 84' lang='lat' dir='ltr'>fru-</span> 
     </span>
    </p>
   </div>
   <div class='ocr_carea' id='block_1_100' title="bbox 1972 3933 3564 4005">
    <p class='ocr_par' dir='ltr' id='par_1_100' title="bbox 1972 3933 3564 4005">
     <span class='ocr_line' id='line_1_100' title="bbox 1972 3933 3564 4005; baseline 0.001 -17"><span class='ocrx_word' id='word_1_659' title='bbox 1972 3942 2125 3990; x_wconf 91' lang='lat' dir='ltr'>ctum</span> <span class='ocrx_word' id='word_1_660' title='bbox 2154 3933 2313 3989; x_wconf 78' lang='lat' dir='ltr'>bonae</span> <span class='ocrx_word' id='word_1_661' title='bbox 2345 3933 2578 3988; x_wconf 87' lang='lat' dir='ltr'>actionis</span> <span class='ocrx_word' id='word_1_662' title='bbox 2615 3933 2939 4004; x_wconf 87' lang='lat' dir='ltr'>percipiant,</span> <span class='ocrx_word' id='word_1_663' title='bbox 2985 3943 3041 3988; x_wconf 90' lang='lat' dir='ltr'>et</span> <span class='ocrx_word' id='word_1_664' title='bbox 3070 3934 3213 4005; x_wconf 86' lang='lat' dir='ltr'>apud</span> <span class='ocrx_word' id='word_1_665' title='bbox 3252 3933 3564 3990; x_wconf 87' lang='lat' dir='ltr'>districtum</span> 
     </span>
    </p>
   </div>
   <div class='ocr_carea' id='block_1_101' title="bbox 1968 4026 3456 4099">
    <p class='ocr_par' dir='ltr' id='par_1_101' title="bbox 1968 4026 3456 4099">
     <span class='ocr_line' id='line_1_101' title="bbox 1968 4026 3456 4099; baseline 0.001 -18"><span class='ocrx_word' id='word_1_666' title='bbox 1968 4027 2214 4099; x_wconf 89' lang='lat' dir='ltr'>judicem</span> <span class='ocrx_word' id='word_1_667' title='bbox 2244 4026 2468 4097; x_wconf 88' lang='lat' dir='ltr'>praemia</span> <span class='ocrx_word' id='word_1_668' title='bbox 2493 4035 2714 4082; x_wconf 66' lang='lat' dir='ltr'>aeternae</span> <span class='ocrx_word' id='word_1_669' title='bbox 2746 4027 2893 4097; x_wconf 89' lang='lat' dir='ltr'>pacis</span> <span class='ocrx_word' id='word_1_670' title='bbox 2920 4027 3218 4083; x_wconf 88' lang='lat' dir='ltr'>inveniant.</span> <span class='ocrx_word' id='word_1_671' title='bbox 3254 4030 3456 4084; x_wconf 81' lang='lat' dir='ltr'>Amen.</span> 
     </span>
    </p>
   </div>
   <div class='ocr_carea' id='block_1_102' title="bbox 2044 4115 3563 4192">
    <p class='ocr_par' dir='ltr' id='par_1_102' title="bbox 2044 4115 3563 4192">
     <span class='ocr_line' id='line_1_102' title="bbox 2044 4115 3563 4192; baseline 0.001 -18"><span class='ocrx_word' id='word_1_672' title='bbox 2044 4123 2250 4175; x_wconf 89' lang='lat' dir='ltr'>Datum</span> <span class='ocrx_word' id='word_1_673' title='bbox 2283 4115 2571 4175; x_wconf 73' lang='lat' dir='ltr'>Florentiae</span> <span class='ocrx_word' id='word_1_674' title='bbox 2598 4135 2662 4175; x_wconf 79' lang='grc' dir='ltr'>ιν</span> <span class='ocrx_word' id='word_1_675' title='bbox 2684 4119 3006 4191; x_wconf 85' lang='lat' dir='ltr'>ld.August.</span> <span class='ocrx_word' id='word_1_676' title='bbox 3040 4135 3139 4192; x_wconf 91' lang='lat' dir='ltr'>per</span> <span class='ocrx_word' id='word_1_677' title='bbox 3167 4137 3364 4176; x_wconf 92' lang='lat' dir='ltr'>manus</span> <span class='ocrx_word' id='word_1_678' title='bbox 3381 4123 3563 4177; x_wconf 90' lang='lat' dir='ltr'>Cono—</span> 
     </span>
    </p>
   </div>
   <div class='ocr_carea' id='block_1_103' title="bbox 1969 4206 3566 4283">
    <p class='ocr_par' dir='ltr' id='par_1_103' title="bbox 1969 4206 3566 4283">
     <span class='ocr_line' id='line_1_103' title="bbox 1969 4206 3566 4283; baseline 0.002 -16"><span class='ocrx_word' id='word_1_679' title='bbox 1969 4214 2058 4267; x_wconf 91' lang='lat' dir='ltr'>nis</span> <span class='ocrx_word' id='word_1_680' title='bbox 2101 4213 2394 4268; x_wconf 88' lang='lat' dir='ltr'>cardinalis</span> <span class='ocrx_word' id='word_1_681' title='bbox 2434 4212 2759 4283; x_wconf 89' lang='lat' dir='ltr'>presbyteri,</span> <span class='ocrx_word' id='word_1_682' title='bbox 2783 4206 2927 4269; x_wconf 81' lang='lat' dir='ltr'>anno</span> <span class='ocrx_word' id='word_1_683' title='bbox 2952 4213 3020 4268; x_wconf 90' lang='lat' dir='ltr'>ab</span> <span class='ocrx_word' id='word_1_684' title='bbox 3047 4214 3430 4270; x_wconf 89' lang='lat' dir='ltr'>Incarnatione</span> <span class='ocrx_word' id='word_1_685' title='bbox 3457 4217 3566 4270; x_wconf 85' lang='lat' dir='ltr'>Do-</span> 
     </span>
    </p>
   </div>
   <div class='ocr_carea' id='block_1_104' title="bbox 1967 4304 3562 4380">
    <p class='ocr_par' dir='ltr' id='par_1_104' title="bbox 1967 4304 3562 4380">
     <span class='ocr_line' id='line_1_104' title="bbox 1967 4304 3562 4380; baseline 0.002 -20"><span class='ocrx_word' id='word_1_686' title='bbox 1967 4306 2106 4360; x_wconf 90' lang='lat' dir='ltr'>mini</span> <span class='ocrx_word' id='word_1_687' title='bbox 2142 4312 2304 4373; x_wconf 86' lang='lat'>1077,</span> <span class='ocrx_word' id='word_1_688' title='bbox 2329 4304 2680 4375; x_wconf 84' lang='lat' dir='ltr'>pontiﬁcatus</span> <span class='ocrx_word' id='word_1_689' title='bbox 2711 4321 2838 4360; x_wconf 90' lang='lat' dir='ltr'>vero</span> <span class='ocrx_word' id='word_1_690' title='bbox 2868 4309 2941 4361; x_wconf 93' lang='lat' dir='ltr'>D.</span> <span class='ocrx_word' id='word_1_691' title='bbox 2965 4307 3135 4378; x_wconf 88' lang='lat' dir='ltr'>Greg.</span> <span class='ocrx_word' id='word_1_692' title='bbox 3165 4310 3266 4364; x_wconf 87' lang='lat' dir='ltr'><strong>VII</strong></span> <span class='ocrx_word' id='word_1_693' title='bbox 3287 4323 3445 4380; x_wconf 65' lang='lat' dir='ltr'>papae</span> <span class='ocrx_word' id='word_1_694' title='bbox 3474 4323 3562 4375; x_wconf 82' lang='lat' dir='ltr'>tv,</span> 
     </span>
    </p>
   </div>
   <div class='ocr_carea' id='block_1_105' title="bbox 1966 4398 2224 4454">
    <p class='ocr_par' dir='ltr' id='par_1_105' title="bbox 1966 4398 2224 4454">
     <span class='ocr_line' id='line_1_105' title="bbox 1966 4398 2224 4454; baseline 0.004 -1"><span class='ocrx_word' id='word_1_695' title='bbox 1966 4398 2087 4453; x_wconf 91' lang='lat' dir='ltr'>ind.</span> <span class='ocrx_word' id='word_1_696' title='bbox 2119 4415 2224 4454; x_wconf 81' lang='lat' dir='ltr'>xv.</span> 
     </span>
    </p>
   </div>
   <div class='ocr_carea' id='block_1_106' title="bbox 2648 4493 2917 4547">
    <p class='ocr_par' dir='ltr' id='par_1_106' title="bbox 2648 4493 2917 4547">
     <span class='ocr_line' id='line_1_106' title="bbox 2648 4493 2917 4547; baseline 0 -1"><span class='ocrx_word' id='word_1_697' title='bbox 2648 4493 2893 4547; x_wconf 80' lang='lat' dir='ltr'>XXXVI</span> <span class='ocrx_word' id='word_1_698' title='bbox 2904 4533 2917 4546; x_wconf 94' lang='lat'>.</span> 
     </span>
    </p>
   </div>
   <div class='ocr_carea' id='block_1_107' title="bbox 1971 4587 3558 4658">
    <p class='ocr_par' dir='ltr' id='par_1_107' title="bbox 1971 4587 3558 4658">
     <span class='ocr_line' id='line_1_107' title="bbox 1971 4587 3558 4658; baseline -0.002 -15"><span class='ocrx_word' id='word_1_699' title='bbox 1971 4589 2323 4655; x_wconf 75' lang='lat' dir='ltr'>Privilegium</span> <span class='ocrx_word' id='word_1_700' title='bbox 2347 4603 2452 4658; x_wconf 77' lang='lat' dir='ltr'>pro</span> <span class='ocrx_word' id='word_1_701' title='bbox 2477 4588 2793 4642; x_wconf 70' lang='lat' dir='ltr'>monasterio</span> <span class='ocrx_word' id='word_1_702' title='bbox 2814 4587 2870 4641; x_wconf 91' lang='lat' dir='ltr'>S.</span> <span class='ocrx_word' id='word_1_703' title='bbox 2900 4587 3194 4642; x_wconf 68' lang='lat' dir='ltr'>Salva-toris</span> <span class='ocrx_word' id='word_1_704' title='bbox 3220 4589 3558 4658; x_wconf 72' lang='lat' dir='ltr'>Septimium.</span> 
     </span>
    </p>
   </div>
   <div class='ocr_carea' id='block_1_108' title="bbox 2577 4683 2991 4744">
    <p class='ocr_par' dir='ltr' id='par_1_108' title="bbox 2577 4683 2991 4744">
     <span class='ocr_line' id='line_1_108' title="bbox 2577 4683 2991 4744; baseline 0.002 -12"><span class='ocrx_word' id='word_1_705' title='bbox 2577 4686 2762 4744; x_wconf 84' lang='lat' dir='ltr'>(Anno</span> <span class='ocrx_word' id='word_1_706' title='bbox 2814 4683 2991 4742; x_wconf 88' lang='lat' dir='ltr'>I078.)</span> 
     </span>
    </p>
   </div>
   <div class='ocr_carea' id='block_1_109' title="bbox 2247 4774 3260 4841">
    <p class='ocr_par' dir='ltr' id='par_1_109' title="bbox 2247 4774 3260 4841">
     <span class='ocr_line' id='line_1_109' title="bbox 2247 4774 3260 4841; baseline -0.002 -11"><span class='ocrx_word' id='word_1_707' title='bbox 2247 4776 2581 4840; x_wconf 68' lang='lat' dir='ltr'>manu“,</span> <span class='ocrx_word' id='word_1_708' title='bbox 2613 4774 2778 4827; x_wconf 82' lang='lat' dir='ltr'>Italia</span> <span class='ocrx_word' id='word_1_709' title='bbox 2805 4788 2981 4836; x_wconf 80' lang='lat' dir='ltr'>sacra,</span> <span class='ocrx_word' id='word_1_710' title='bbox 3014 4774 3117 4840; x_wconf 83' lang='lat' dir='ltr'>Ill,</span> <span class='ocrx_word' id='word_1_711' title='bbox 3145 4776 3260 4841; x_wconf 89' lang='lat'>83.]</span> 
     </span>
    </p>
   </div>
   <div class='ocr_carea' id='block_1_110' title="bbox 2034 4866 3561 4938">
    <p class='ocr_par' dir='ltr' id='par_1_110' title="bbox 2034 4866 3561 4938">
     <span class='ocr_line' id='line_1_110' title="bbox 2034 4866 3561 4938; baseline 0.001 -15"><span class='ocrx_word' id='word_1_712' title='bbox 2034 4868 2711 4938; x_wconf 77' lang='lat' dir='ltr'>Gnncoawsepiscopus,</span> <span class='ocrx_word' id='word_1_713' title='bbox 2725 4881 2910 4921; x_wconf 89' lang='lat' dir='ltr'>servus</span> <span class='ocrx_word' id='word_1_714' title='bbox 2921 4881 3212 4934; x_wconf 85' lang='lat' dir='ltr'>servorum</span> <span class='ocrx_word' id='word_1_715' title='bbox 3228 4867 3353 4934; x_wconf 90' lang='lat' dir='ltr'>Dei,</span> <span class='ocrx_word' id='word_1_716' title='bbox 3364 4866 3561 4926; x_wconf 87' lang='lat' dir='ltr'>dilecto</span> 
     </span>
    </p>
   </div>
   <div class='ocr_carea' id='block_1_111' title="bbox 1964 4957 3556 5028">
    <p class='ocr_par' dir='ltr' id='par_1_111' title="bbox 1964 4957 3556 5028">
     <span class='ocr_line' id='line_1_111' title="bbox 1964 4957 3556 5028; baseline 0 -12"><span class='ocrx_word' id='word_1_717' title='bbox 1964 4963 2021 5016; x_wconf 91' lang='lat' dir='ltr'>in</span> <span class='ocrx_word' id='word_1_718' title='bbox 2046 4961 2266 5017; x_wconf 91' lang='lat' dir='ltr'>Christo</span> <span class='ocrx_word' id='word_1_719' title='bbox 2293 4961 2402 5016; x_wconf 86' lang='lat' dir='ltr'>ﬁlio</span> <span class='ocrx_word' id='word_1_720' title='bbox 2418 4963 2638 5028; x_wconf 79' lang='lat' dir='ltr'>Azom,</span> <span class='ocrx_word' id='word_1_721' title='bbox 2656 4957 2838 5015; x_wconf 88' lang='lat' dir='ltr'>abbati</span> <span class='ocrx_word' id='word_1_722' title='bbox 2853 4959 2908 5015; x_wconf 93' lang='lat' dir='ltr'>S.</span> <span class='ocrx_word' id='word_1_723' title='bbox 2933 4959 3231 5015; x_wconf 84' lang='lat' dir='ltr'>Salvatoris</span> <span class='ocrx_word' id='word_1_724' title='bbox 3258 4962 3556 5018; x_wconf 87' lang='lat' dir='ltr'>constructi</span> 
     </span>
    </p>
   </div>
   <div class='ocr_carea' id='block_1_112' title="bbox 1965 5052 3558 5126">
    <p class='ocr_par' dir='ltr' id='par_1_112' title="bbox 1965 5052 3558 5126">
     <span class='ocr_line' id='line_1_112' title="bbox 1965 5052 3558 5126; baseline 0.001 -16"><span class='ocrx_word' id='word_1_725' title='bbox 1965 5055 2023 5110; x_wconf 92' lang='lat' dir='ltr'>in</span> <span class='ocrx_word' id='word_1_726' title='bbox 2056 5056 2174 5111; x_wconf 92' lang='lat' dir='ltr'>loco</span> <span class='ocrx_word' id='word_1_727' title='bbox 2223 5056 2319 5126; x_wconf 89' lang='lat' dir='ltr'>qui</span> <span class='ocrx_word' id='word_1_728' title='bbox 2348 5053 2552 5109; x_wconf 89' lang='lat' dir='ltr'>dicitur</span> <span class='ocrx_word' id='word_1_729' title='bbox 2595 5053 2867 5124; x_wconf 90' lang='lat' dir='ltr'>Septimo,</span> <span class='ocrx_word' id='word_1_730' title='bbox 2898 5052 3124 5126; x_wconf 88' lang='lat' dir='ltr'>suisque</span> <span class='ocrx_word' id='word_1_731' title='bbox 3150 5053 3558 5111; x_wconf 85' lang='lat' dir='ltr'>successoribus</span> 
     </span>
    </p>
   </div>
   <div class='ocr_carea' id='block_1_113' title="bbox 1964 5144 3272 5218">
    <p class='ocr_par' dir='ltr' id='par_1_113' title="bbox 1964 5144 3272 5218">
     <span class='ocr_line' id='line_1_113' title="bbox 1964 5144 3272 5218; baseline -0.002 -15"><span class='ocrx_word' id='word_1_732' title='bbox 1964 5149 2040 5204; x_wconf 87' lang='lat' dir='ltr'>ibi</span> <span class='ocrx_word' id='word_1_733' title='bbox 2060 5148 2382 5218; x_wconf 86' lang='lat' dir='ltr'>regulariter</span> <span class='ocrx_word' id='word_1_734' title='bbox 2412 5144 2800 5218; x_wconf 87' lang='lat' dir='ltr'>promovendis</span> <span class='ocrx_word' id='word_1_735' title='bbox 2826 5145 2884 5200; x_wconf 91' lang='lat' dir='ltr'>in</span> <span class='ocrx_word' id='word_1_736' title='bbox 2926 5153 3272 5217; x_wconf 89' lang='lat' dir='ltr'>perpetuum.</span> 
     </span>
    </p>
   </div>
   <div class='ocr_carea' id='block_1_114' title="bbox 2031 5237 3562 5312">
    <p class='ocr_par' dir='ltr' id='par_1_114' title="bbox 2031 5237 3562 5312">
     <span class='ocr_line' id='line_1_114' title="bbox 2031 5237 3562 5312; baseline -0.001 -15"><span class='ocrx_word' id='word_1_737' title='bbox 2031 5244 2306 5297; x_wconf 90' lang='lat' dir='ltr'>Memores</span> <span class='ocrx_word' id='word_1_738' title='bbox 2331 5239 2528 5296; x_wconf 63' lang='lat' dir='ltr'>divina</span> <span class='ocrx_word' id='word_1_739' title='bbox 2546 5239 2734 5312; x_wconf 66' lang='lat' dir='ltr'>gratia:</span> <span class='ocrx_word' id='word_1_740' title='bbox 2754 5239 2900 5295; x_wconf 91' lang='lat' dir='ltr'>circa</span> <span class='ocrx_word' id='word_1_741' title='bbox 2915 5254 3037 5305; x_wconf 87' lang='lat' dir='ltr'>nos,</span> <span class='ocrx_word' id='word_1_742' title='bbox 3061 5237 3354 5296; x_wconf 84' lang='lat' dir='ltr'>manifeste</span> <span class='ocrx_word' id='word_1_743' title='bbox 3368 5254 3562 5312; x_wconf 90' lang='lat' dir='ltr'>cogno-</span> 
     </span>
    </p>
   </div>
   <div class='ocr_carea' id='block_1_115' title="bbox 1966 5331 3561 5406">
    <p class='ocr_par' dir='ltr' id='par_1_115' title="bbox 1966 5331 3561 5406">
     <span class='ocr_line' id='line_1_115' title="bbox 1966 5331 3561 5406; baseline 0 -20"><span class='ocrx_word' id='word_1_744' title='bbox 1966 5335 2145 5390; x_wconf 90' lang='lat' dir='ltr'>vimus</span> <span class='ocrx_word' id='word_1_745' title='bbox 2184 5349 2352 5406; x_wconf 91' lang='lat' dir='ltr'>quam</span> <span class='ocrx_word' id='word_1_746' title='bbox 2399 5333 2658 5390; x_wconf 89' lang='lat' dir='ltr'>benevola</span> <span class='ocrx_word' id='word_1_747' title='bbox 2685 5331 3036 5389; x_wconf 90' lang='lat' dir='ltr'>concessione</span> <span class='ocrx_word' id='word_1_748' title='bbox 3084 5333 3246 5387; x_wconf 88' lang='lat' dir='ltr'>rectis</span> <span class='ocrx_word' id='word_1_749' title='bbox 3273 5331 3561 5388; x_wconf 88' lang='lat' dir='ltr'>desideriis</span> 
     </span>
    </p>
   </div>
   <div class='ocr_carea' id='block_1_116' title="bbox 1963 5424 3564 5499">
    <p class='ocr_par' dir='ltr' id='par_1_116' title="bbox 1963 5424 3564 5499">
     <span class='ocr_line' id='line_1_116' title="bbox 1963 5424 3564 5499; baseline -0.002 -15"><span class='ocrx_word' id='word_1_750' title='bbox 1963 5437 2014 5484; x_wconf 91' lang='lat' dir='ltr'>et</span> <span class='ocrx_word' id='word_1_751' title='bbox 2044 5429 2200 5499; x_wconf 84' lang='lat' dir='ltr'>iustis</span> <span class='ocrx_word' id='word_1_752' title='bbox 2229 5428 2581 5499; x_wconf 88' lang='lat' dir='ltr'>petitionibus</span> <span class='ocrx_word' id='word_1_753' title='bbox 2609 5424 3050 5482; x_wconf 90' lang='lat' dir='ltr'>condescendere</span> <span class='ocrx_word' id='word_1_754' title='bbox 3069 5425 3390 5491; x_wconf 86' lang='lat' dir='ltr'>debeamus,</span> <span class='ocrx_word' id='word_1_755' title='bbox 3414 5431 3469 5480; x_wconf 89' lang='lat' dir='ltr'>et</span> <span class='ocrx_word' id='word_1_756' title='bbox 3485 5427 3564 5480; x_wconf 88' lang='lat' dir='ltr'>ita</span> 
     </span>
    </p>
   </div>
   <div class='ocr_carea' id='block_1_117' title="bbox 1964 5517 3563 5590">
    <p class='ocr_par' dir='ltr' id='par_1_117' title="bbox 1964 5517 3563 5590">
     <span class='ocr_line' id='line_1_117' title="bbox 1964 5517 3563 5590; baseline -0.001 -14"><span class='ocrx_word' id='word_1_757' title='bbox 1964 5520 2492 5577; x_wconf 89' lang='lat' dir='ltr'>administrationem</span> <span class='ocrx_word' id='word_1_758' title='bbox 2534 5520 2696 5576; x_wconf 92' lang='lat' dir='ltr'>nobis</span> <span class='ocrx_word' id='word_1_759' title='bbox 2748 5518 2972 5576; x_wconf 65' lang='lat' dir='ltr'>creditae</span> <span class='ocrx_word' id='word_1_760' title='bbox 3023 5517 3451 5590; x_wconf 89' lang='lat' dir='ltr'>dispensationis</span> <span class='ocrx_word' id='word_1_761' title='bbox 3491 5517 3563 5574; x_wconf 91' lang='lat' dir='ltr'>ad</span> 
     </span>
    </p>
   </div>
   <div class='ocr_carea' id='block_1_118' title="bbox 1966 5611 3559 5681">
    <p class='ocr_par' dir='ltr' id='par_1_118' title="bbox 1966 5611 3559 5681">
     <span class='ocr_line' id='line_1_118' title="bbox 1966 5611 3559 5681; baseline -0.003 -11"><span class='ocrx_word' id='word_1_762' title='bbox 1966 5616 2267 5672; x_wconf 90' lang='lat' dir='ltr'>multorum</span> <span class='ocrx_word' id='word_1_763' title='bbox 2295 5614 2589 5670; x_wconf 87' lang='lat' dir='ltr'>utilitatem</span> <span class='ocrx_word' id='word_1_764' title='bbox 2608 5611 2919 5669; x_wconf 84' lang='lat' dir='ltr'>exhibendo</span> <span class='ocrx_word' id='word_1_765' title='bbox 2950 5611 3206 5681; x_wconf 88' lang='lat' dir='ltr'>dilatare,</span> <span class='ocrx_word' id='word_1_766' title='bbox 3233 5612 3376 5667; x_wconf 90' lang='lat' dir='ltr'>sicut</span> <span class='ocrx_word' id='word_1_767' title='bbox 3399 5611 3559 5668; x_wconf 88' lang='lat' dir='ltr'>desu—</span> 
     </span>
    </p>
   </div>
   <div class='ocr_carea' id='block_1_119' title="bbox 1966 5702 3559 5782">
    <p class='ocr_par' dir='ltr' id='par_1_119' title="bbox 1966 5702 3559 5782">
     <span class='ocr_line' id='line_1_119' title="bbox 1966 5702 3559 5782; baseline -0.005 -18"><span class='ocrx_word' id='word_1_768' title='bbox 1966 5725 2062 5782; x_wconf 91' lang='lat' dir='ltr'>per</span> <span class='ocrx_word' id='word_1_769' title='bbox 2085 5715 2306 5781; x_wconf 83' lang='lat' dir='ltr'>erogata</span> <span class='ocrx_word' id='word_1_770' title='bbox 2335 5709 2486 5764; x_wconf 91' lang='lat' dir='ltr'>lucro</span> <span class='ocrx_word' id='word_1_771' title='bbox 2515 5707 2584 5763; x_wconf 90' lang='lat' dir='ltr'>ab</span> <span class='ocrx_word' id='word_1_772' title='bbox 2613 5723 2678 5764; x_wconf 91' lang='lat' dir='ltr'>eo</span> <span class='ocrx_word' id='word_1_773' title='bbox 2711 5705 3021 5762; x_wconf 87' lang='lat' dir='ltr'>mercedem</span> <span class='ocrx_word' id='word_1_774' title='bbox 3042 5705 3288 5776; x_wconf 89' lang='lat' dir='ltr'>accipere</span> <span class='ocrx_word' id='word_1_775' title='bbox 3305 5702 3559 5774; x_wconf 90' lang='lat' dir='ltr'>cupimus</span> 
     </span>
    </p>
   </div>
   <div class='ocr_carea' id='block_1_120' title="bbox 1966 5793 3563 5876">
    <p class='ocr_par' dir='ltr' id='par_1_120' title="bbox 1966 5793 3563 5876">
     <span class='ocr_line' id='line_1_120' title="bbox 1966 5793 3563 5876; baseline -0.008 -16"><span class='ocrx_word' id='word_1_776' title='bbox 1966 5803 2124 5876; x_wconf 91' lang='lat' dir='ltr'>cujus</span> <span class='ocrx_word' id='word_1_777' title='bbox 2152 5803 2489 5859; x_wconf 81' lang='lat' dir='ltr'>talentorum</span> <span class='ocrx_word' id='word_1_778' title='bbox 2539 5801 2777 5873; x_wconf 88' lang='lat' dir='ltr'>gratuita</span> <span class='ocrx_word' id='word_1_779' title='bbox 2803 5799 3056 5855; x_wconf 87' lang='lat' dir='ltr'>bonitate</span> <span class='ocrx_word' id='word_1_780' title='bbox 3084 5813 3182 5855; x_wconf 91' lang='lat' dir='ltr'>sua</span> <span class='ocrx_word' id='word_1_781' title='bbox 3211 5795 3356 5853; x_wconf 86' lang='lat' dir='ltr'>dona</span> <span class='ocrx_word' id='word_1_782' title='bbox 3384 5793 3563 5851; x_wconf 85' lang='lat' dir='ltr'>susci-</span> 
     </span>
    </p>
   </div>
   <div class='ocr_carea' id='block_1_121' title="bbox 3136 5888 3207 5937">
    <p class='ocr_par' dir='ltr' id='par_1_121' title="bbox 3136 5888 3207 5937">
     <span class='ocr_line' id='line_1_121' title="bbox 3136 5888 3207 5937; baseline -0.014 0"><span class='ocrx_word' id='word_1_783' title='bbox 3136 5888 3207 5937; x_wconf 80' lang='lat'><strong>22</strong></span> 
     </span>
    </p>
   </div>
  </div>
