4044 6186
541 222 656 327 aii.
1501 265 1559 319 s.
1598 217 1916 318 caecos"
1953 262 2042 315 vn
2081 250 2278 315 mea:
2316 253 2591 313 orsum!
2626 255 2800 311 mas
2840 256 2903 308 ιι.
3739 263 3825 315 684

539 398 759 470 ιρίῐῃιιξξτ
787 356 1147 468 Ωλιᾏρνδβῐὸὶ,
1203 387 1564 446 dilectissime
1615 387 1712 457 ﬁli,
1761 388 1900 444 sicut
1963 395 2055 444 tua
2092 393 2148 442 et
2177 389 2230 452 Α
2258 385 2438 442 venire
2491 381 2800 448 tentaverit,
2858 375 3144 449 potestatis
3187 372 3523 454 honorisque
3557 383 3645 439 sui
3671 382 3828 456 digni-

535 456 1036 564 granum-tuorum
1061 485 1280 542 devotio
1307 482 1622 556 postulavit,
1650 482 2028 554 suscipientes,
2049 483 2152 537 sic-
2261 487 2372 536 tate
2414 487 2616 546 careat,
2649 491 2912 548 reumque
2937 490 2997 530 se
3033 474 3214 530 divino
3237 473 3444 547 judicio
3496 477 3730 561 existere
3773 479 3831 535 de

558 595 619 641 ut
651 594 704 640 et.
733 582 1160 655 praadecessores
1206 579 1402 647 nostri,
1433 577 1724 650 praefatum
1753 577 2152 633 monasterium
2201 563 2210 570 ’
2263 581 2565 646 perpetrata
2615 570 2897 643 iniquitate
2937 578 3254 642 cognoscat.
3301 571 3371 625 Et
3408 570 3509 626 nisi
3533 587 3593 626 ea
3633 557 3751 643 qua
3773 572 3830 628 ab

557 681 665 745 cui,
696 681 806 732 Deo
837 683 1082 742 auctore,
1115 689 1349 746 praesse
1364 672 1726 745 dignosceris,
1753 672 1815 726 in
1835 671 2069 727 tutelam
2099 677 2153 725 et
2261 668 2354 724 illo
2384 675 2514 724 sunt
2540 664 2683 722 male
2704 666 2881 721 ablata
2905 664 3226 732 restituerit,
3247 664 3330 718 vel
3355 665 3520 736 digna
3539 665 3832 736 pcenitentia

555 770 932 834 defensionem
964 777 1166 826 sanctae
1219 772 1493 824 Romanae
1541 766 1824 832 Ecclesiae,
1865 781 1960 837 per
1991 764 2154 836 hujus
2261 761 2448 817 illicite
2489 769 2610 816 acta
2640 756 2950 828 deﬂeverit,
3001 776 3028 813 a
3096 758 3469 813 sacratissimo
3523 774 3751 829 corpore
3782 774 3834 814 ac

555 865 731 922 nostri
755 863 958 922 decreti
988 863 1269 936 paginam,
1301 861 1369 917 ad
1399 859 1871 917 corroborandum
1910 862 2026 914 Deo
2056 874 2153 914 au-
2261 856 2528 928 sanguine
2571 853 2794 925 Domini
2848 852 3025 909 nostri
3040 880 3045 920 ς
3075 851 3460 922 Redemptoris
3495 853 3627 908 Jesu
3655 852 3836 908 Christi

557 967 709 1015 ctore
757 966 959 1014 statum
998 956 1137 1030 ejus,
1168 955 1481 1026 apostolicae
1510 953 1760 1010 tuitionis
1807 952 2153 1026 privilegium
2263 951 2470 1006 alienus
2506 948 2621 1016 iiat,
2646 956 2811 1019 atque
2842 947 2895 1003 in
2924 955 3130 1004 mterno
3185 947 3433 1002 examine
3480 944 3746 1001 districta:
3768 945 3837 999 ul-

558 1050 661 1109 tibi
690 1051 1065 1109 concedimus.
1091 1050 1496 1107 Conﬁrmamus
1519 1048 1704 1105 omnia
1727 1063 1849 1120 quae
1879 1047 2155 1103 eidemve-
2262 1043 2396 1099 tioni
2421 1042 2714 1114 subjaceat.
2744 1042 2967 1097 Cunctis
2991 1049 3173 1096 autem
3205 1039 3382 1096 eidem
3416 1039 3533 1094 loco
3558 1039 3709 1111 justa
3739 1055 3836 1095 ser-

559 1147 780 1204 nerabili
819 1147 937 1202 loco
975 1162 1005 1200 a
1061 1145 1396 1216 quibuslibet
1437 1143 1765 1200 hominibus
1823 1141 1889 1197 de
1933 1140 2154 1213 proprio
2263 1137 2520 1194 vantibus
2557 1137 2629 1190 sit
2657 1152 2756 1208 pax
2783 1135 3008 1191 Domini
3037 1134 3204 1190 nostri
3237 1134 3368 1189 Jesu
3410 1133 3635 1201 Christi,
3661 1142 3838 1205 quate-

557 1242 798 1314 jurejam
823 1240 1022 1297 donata
1046 1248 1195 1306 sunt,
1215 1238 1295 1294 vel
1314 1239 1373 1293 in
1399 1236 1667 1303 futurum,
1695 1240 1811 1292 Deo
1835 1236 2154 1304 miserante,
2261 1247 2366 1287 nus
2385 1240 2438 1286 et
2468 1230 2552 1286 hic
2569 1229 2813 1286 fructum
2836 1229 2994 1286 bona:
3015 1226 3244 1284 actionis
3281 1227 3606 1298 percipiant,
3637 1236 3695 1282 et
3715 1225 3841 1298 apud

563 1337 762 1392 collata
799 1333 1028 1402 fuerint,
1059 1333 1436 1406 cujuscunque
1473 1331 1627 1387 modi
1657 1330 2027 1402 possessiones
2059 1338 2156 1385 aut
2263 1324 2572 1381 districtum
2600 1324 2853 1380 Judicem
2882 1323 3105 1395 praemia
3131 1331 3351 1378 aeternae
3387 1321 3533 1393 pacis
3557 1320 3840 1376 inveniant.

562 1430 709 1486 bona
740 1436 886 1492 sunt,
921 1436 1032 1483 tam
1057 1428 1114 1481 in
1143 1427 1308 1482 rebus
1338 1425 1636 1481 mobilibus
1659 1439 1827 1496 quam
1853 1423 2154 1479 immobili-
2334 1423 2540 1475 Datum
2569 1419 2827 1475 Laterani
2857 1432 2919 1474 1v
2948 1417 3077 1473 ldus
3102 1416 3345 1472 Januarii
3371 1432 3466 1488 per
3494 1431 3694 1472 manus
3715 1414 3845 1472 Petri

562 1525 686 1590 bus,
717 1531 771 1578 et
821 1519 1098 1593 postremo
1142 1521 1400 1575 universa
1428 1535 1553 1592 quae
1606 1535 1749 1574 nunc
1788 1518 2031 1590 legaliter
2061 1533 2153 1574 ac-
2264 1523 2470 1572 sanctae
2507 1515 2777 1570 Romana:
2821 1512 3076 1569 Ecclesiae
3116 1509 3414 1584 presbyteri
3471 1509 3768 1566 cardinalis
3794 1525 3846 1564 ac

563 1616 758 1690 quisita
791 1614 1053 1686 possidet,
1079 1623 1134 1670 et
1164 1615 1219 1668 iu
1247 1623 1548 1685 posterum,
1584 1616 1701 1669 Deo
1727 1613 2053 1686 opitulante,
2077 1628 2156 1669 ac-
2263 1609 2690 1675 bibliothecarii,
2736 1623 2881 1663 anno
2910 1606 3100 1679 quinto
3131 1605 3477 1677 pontiﬁcatus
3502 1607 3577 1660 D.
3609 1603 3846 1676 Gregorii

565 1711 782 1784 quirere
811 1709 1073 1781 potuerit.
1092 1708 1333 1764 Proinde
1357 1708 1652 1780 apostolica
1679 1709 2005 1764 auctoritate
2031 1723 2157 1764 cen-
2264 1705 2481 1777 septimi
2520 1718 2694 1777 papaz,
2742 1703 2810 1759 ab
2854 1700 3225 1758 incarnatione
3266 1717 3394 1757 vero
3424 1699 3652 1756 Domini
3699 1705 3844 1763 1078,

561 1819 748 1861 scmus
770 1811 934 1874 atque
962 1802 1257 1858 statuimus
1286 1811 1350 1857 ut
1376 1802 1560 1858 nullus
1590 1817 1786 1874 regum
1813 1803 1892 1857 vel
1927 1802 2160 1874 impera-
2189 1796 2235 1858 B
2263 1798 2568 1856 indictione
2598 1798 2795 1869 prima.

561 1884 767 1965 torum,
807 1896 1035 1962 ducum,
1087 1895 1489 1965 marchionum,
1533 1895 1830 1964 comitum,
1862 1894 2154 1953 castaldio-
2933 1913 3240 1976 XXXV".

564 2007 727 2094 num}.
770 1990 954 2046 nullus
997 1989 1336 2094 anﬁsmum’
1386 1990 1468 2045 vel
1505 2001 1832 2062 quacunque
1891 1990 2154 2062 dignitate
2378 2041 2791 2094 (lrcaorii‘name
2813 2032 3271 2094 VII-nrivileaium
3302 2051 3397 2094 pro
3431 2037 3726 2089 inonasteni

772 2043 950 2046 Ww'“
1002 2043 1009 2044 7
1080 2043 1336 2094 TW—m’
1429 2043 1467 2045 ‘7
1516 2043 1829 2095 “FW—"ﬁ."
2378 2043 2791 2108 Gregoriipapw
2813 2043 3271 2107 VIlpriviIegium
3298 2051 3397 2105 pro
3431 2043 3753 2090 Monasterio

561 2084 844 2158 praeditus,
894 2092 991 2139 aut
1038 2085 1215 2156 aliqua
1266 2100 1494 2156 persona
1541 2085 1818 2141 εωουιοιοιε
1862 2086 1943 2140 vel
1974 2085 2152 2140 eccle-
2689 2113 2743 2166 δ,
2772 2111 2953 2165 Crucis
2981 2109 3465 2180 Κίηιρεπτεφτηδιλς,

559 2180 803 2247 siastica,
833 2195 1031 2250 magna
1070 2178 1150 2235 vel
1199 2195 1386 2250 parva,
1418 2178 1615 2235 audeat
1643 2177 1932 2251 praefatum
1967 2195 2153 2234 mona-
2858 2231 2873 2251 ,
2894 2229 2911 2251 Δ
2931 2242 3037 2251 MM
3087 2177 3182 2251 ξω,

559 2227 803 2287 ”““”ῖ“’“⁷
833 2227 1031 2284 ”’“⁰ῗ“
1083 2227 1150 2283 ’Ἴ
1183 2227 1289 2304 ,τῖ’
1313 2227 1615 2302 *“”,““.“““.”
1643 2227 1932 2302 τ“ξ”’ῗῖ“”’
1967 2227 2130 2300 ”“.’Ῐ“
2857 2229 3039 2292 (Anno
3086 2227 3265 2289 1078.)

559 2282 790 2331 sterium
820 2290 848 2328 a
893 2288 975 2329 sui
1019 2272 1226 2329 Ol'dlDlS
1250 2290 1313 2328 ac
1351 2273 1626 2329 ﬁrmitatis
1653 2273 1953 2328 stabilitate
1980 2272 2153 2329 divel-
2683 2346 2691 2351 _
2729 2346 2764 2351 η
3248 2350 3256 2351 7

561 2369 696 2438 lere,
717 2376 812 2424 aut
829 2368 969 2423 bona
986 2366 1088 2422 sibi
1119 2368 1472 2438 pertinentia,
1500 2384 1596 2439 pro
1624 2383 1720 2424 sua
1751 2368 2050 2440 rapacitate
2071 2367 2151 2424 vel
2333 2341 2529 2412 [(Ῡίεηίίι
2561 2344 2894 2411 ί-’Ῐινίείίαηαθ
2927 2351 3034 2399 νεῖ·
3081 2341 3215 2410 editi
3243 2350 3380 2397 tom'
3417 2343 3506 2408 Iv,
3553 2358 3608 2413 Ρ·
3642 2343 3790 2408 553-]

558 2462 812 2519 violentia
852 2468 949 2517 aut
977 2461 1180 2530 iniquae
1207 2460 1604 2517 dominationis
1649 2461 2026 2534 oppressione,
2070 2461 2153 2516 in-
2334 2461 3504 2532 Gneoomusepiscopus,servusservorum
3520 2457 3852 2525 Dei,dilecto

556 2556 774 2625 vadere,
806 2555 887 2611 vel
928 2555 1185 2627 diripere,
1218 2556 1301 2610 vel
1332 2555 1455 2611 inde
1477 2555 1712 2618 auferre,
1746 2557 1860 2611 sive
1896 2556 2010 2612 suis
2036 2555 2152 2611 usi-
2205 2595 2209 2597 -
2259 2555 2314 2610 in
2336 2556 2556 2611 Christo
2580 2555 2687 2612 ﬁlio
2705 2558 3077 2622 BBNEDIC’IO,
3098 2551 3619 2637 abbatimonasterii
3640 2551 3854 2606 Sancta

556 2650 662 2706 bus
686 2649 851 2721 impia
882 2650 1196 2705 temeritate
1224 2649 1564 2722 applicando,
1598 2651 1677 2705 vel
1712 2650 1831 2706 aliis
1858 2650 2012 2722 quasi
2056 2649 2156 2721 piis
2259 2650 2450 2706 Crucis
2481 2651 2535 2704 in
2555 2649 2834 2704 Britannia
2846 2647 2957 2714 siti,
2992 2648 3044 2702 in
3062 2647 3185 2702 villa
3212 2662 3336 2720 quae
3357 2646 3557 2703 dicitur
3584 2649 3852 2709 Avantot,

557 2745 625 2801 de
653 2745 832 2800 causis
856 2759 955 2815 pro
978 2759 1091 2800 suae
1119 2744 1362 2800 avaritiae
1382 2745 1738 2800 excusatione
1768 2743 2152 2800 concedendo:
2257 2744 2481 2814 suisque
2497 2742 2903 2799 successoribus
2933 2741 3138 2798 ibidem
3161 2741 3483 2814 regulariter
3510 2738 3847 2805 viventibus,

553 2837 650 2894 sed
674 2846 864 2893 cuncta
884 2853 1007 2909 quae
1037 2838 1113 2893 ibi.
1135 2838 1318 2893 oblata
1351 2845 1500 2901 sunt,
1523 2836 1810 2894 veloflerri
1831 2838 2147 2910 contigerit,
2258 2845 2312 2894 et
2333 2836 2617 2894 monachis
2637 2837 2692 2891 in
2723 2844 3074 2908 perpetuum.

552 2935 664 2988 tam
688 2941 788 2988 ate
813 2948 981 3004 quam
1011 2932 1079 2988 ab
1117 2932 1197 2988 eis
1226 2931 1320 3002 qui
1349 2931 1402 2986 in
1435 2940 1532 2987 tuo
1563 2930 1744 2987 ofﬁcio
1774 2931 2006 3004 locoque
2029 2948 2150 2988 suc-
2328 2932 2634 2999 Britannia,
2664 2930 2803 2987 sicut
2824 2929 3070 2986 nonnulli
3107 2929 3286 3001 gentis
3317 2937 3522 2986 nostra
3558 2936 3853 2991 testantur,

548 3027 830 3092 cesserint,
867 3025 1087 3098 perenni
1137 3035 1385 3096 tempore
1431 3025 1638 3081 illibata
1687 3042 1752 3081 ac
1778 3027 1895 3081 sine
1924 3026 2150 3082 infesta-
2263 3043 2379 3084 non
2406 3027 2589 3082 solum
2620 3026 2687 3081 ab
2713 3024 3160 3096 imperatoribus,
3193 3040 3386 3081 verum
3417 3023 3585 3080 etiam
3607 3022 3678 3078 ab
3729 3022 3856 3093 ipsis

551 3122 699 3177 tione
726 3119 904 3193 aliqua
935 3120 1189 3174 volumus
1244 3135 1306 3172 ac
1352 3117 1702 3174 decernimus
1735 3118 2019 3190 possideri,
2051 3135 2144 3175 eo-
2200 3191 2225 3193 _
2257 3119 2679 3188 habitatoribus,
2711 3121 2898 3176 tutela
2929 3127 2982 3175 et
3012 3117 3318 3176 defensioni
3354 3127 3559 3175 sanctae
3583 3119 3858 3174 Romana:

549 3231 676 3271 rum
701 3213 924 3286 quidem
938 3213 1148 3278 usibus,
1173 3228 1270 3284 pro
1283 3227 1522 3284 quorum
1537 3211 1932 3268 sustentatione
1951 3212 2148 3285 guber-
2181 3191 2229 3256 (δ
2259 3215 2508 3271 Ecclesiae
2537 3215 2832 3271 commissa
2894 3223 2994 3270 est.
3029 3217 3234 3269 Verum
3278 3222 3649 3269 antecessores
3681 3211 3854 3268 nostri

547 3311 879 3380 natioueque
893 3322 1151 3364 concessa
1171 3314 1324 3373 sunt,
1342 3305 1524 3362 modis
1543 3307 1804 3363 omnibus
1833 3305 2138 3378 profutura.
2253 3309 2305 3364 in
2333 3308 2437 3364 hac
2458 3325 2642 3375 causa,
2667 3308 2808 3364 sicut
2837 3307 2891 3362 in
2921 3307 3112 3363 multis
3149 3307 3291 3374 aliis,
3335 3305 3472 3362 adeo
3518 3306 3858 3379 negligentes

550 3405 685 3459 Item
715 3403 1110 3459 constituimus
1147 3410 1228 3469 ut,
1262 3401 1497 3457 obeunte
1522 3401 1743 3468 abbate,
1761 3417 1876 3457 non
1907 3401 2045 3458 alius
2071 3401 2143 3458 ibi
2253 3401 2507 3471 fuerunt,
2530 3411 2593 3458 ut
2619 3418 2798 3470 amor,
2828 3410 2884 3457 et
2901 3401 3194 3473 promissio
3215 3389 3781 3471 apostolicae-tutelae,
3807 3407 3857 3454 et

551 3513 881 3569 quacunque
902 3495 1247 3567 obreptionis
1292 3497 1490 3551 astutia
1513 3495 1805 3552 ordinetur
1829 3496 1934 3552 nisi
1978 3510 2142 3568 quem
2253 3488 2478 3567 pristina
2521 3495 2832 3552 devotionis
2877 3503 3083 3551 nostrae
3128 3494 3384 3560 intentio,
3423 3493 3477 3548 in
3509 3492 3779 3565 injuriam
3805 3499 3856 3548 et

551 3590 747 3644 fratres
796 3589 1044 3660 ejusdem
1097 3586 1335 3644 coenobii
1384 3588 1684 3644 secundum
1743 3589 1994 3645 timorem
2040 3589 2143 3645 Dei
2251 3585 3859 3660 penequasiin,ablutionem(sic)futrinquedevenerint.Nos

550 3681 836 3753 elegerint,
863 3683 1108 3736 maxime
1135 3681 1206 3736 de
1236 3680 1428 3736 eadem
1459 3683 1903 3754 congregatione,
1933 3683 1978 3738 si
2014 3682 2136 3739 ido-
2250 3680 2453 3752 itaque,
2477 3685 2591 3737 Deo
2618 3689 2860 3749 auctore,
2878 3680 2996 3736 haec
3014 3695 3138 3752 qum
3166 3679 3430 3735 hactenus
3452 3679 3704 3752 neglecta
3732 3686 3856 3735 sunt

549 3785 683 3830 neus
705 3774 960 3830 inventus
982 3772 1167 3829 fuerit.
1202 3773 1365 3844 Quod
1391 3773 1435 3828 si
1488 3775 1611 3835 talis
1639 3777 1733 3846 qui
1762 3775 1887 3832 huic
1919 3775 2144 3848 r‘egimi-
2249 3774 2318 3831 ad
2359 3775 2691 3830 memoriam
2723 3774 3021 3848 satagimus
3050 3774 3333 3842 reducere,
3373 3782 3430 3829 et
3459 3781 3618 3829 tanto
3645 3772 3856 3830 sollici-

550 3869 602 3923 ni
643 3875 906 3936 congruat
948 3868 1092 3923 inter
1139 3882 1235 3922 eos
1274 3867 1504 3922 inveniri
1554 3884 1667 3923 non
1697 3870 1888 3939 possit,
1921 3869 2144 3926 aliunde
2252 3868 2357 3923 tius
2381 3868 2521 3924 circa
2549 3869 2785 3926 salutem
2806 3878 2859 3926 et
2885 3870 3152 3926 honorem
3193 3869 3385 3940 patria:
3427 3875 3620 3924 vestra
3651 3883 3859 3940 procu-

549 3962 649 4017 sibi
692 3964 914 4016 Patrem
964 3969 1021 4016 et
1065 3961 1389 4032 magistrum
1432 3969 1732 4031 expetant;
1783 3963 1874 4033 qui
1930 3979 2043 4019 non
2074 3963 2142 4020 ab
2250 3979 2437 4020 ramus
2469 3965 2708 4021 studium
2752 3963 3069 4035 impendere
3101 3971 3330 4037 quanto,
3363 3961 3504 4018 sicut
3538 3963 3655 4033 jam
3697 3961 3854 4020 dixi-

546 4057 652 4112 alio
682 4054 788 4110 nisi
824 4070 854 4110 a
879 4057 1137 4111 Romano
1169 4053 1425 4126 pontiﬁce
1451 4055 1755 4111 secundum
1784 4057 2142 4114 consuetudi-
2250 4075 2399 4126 mus,
2423 4058 2567 4115 beati
2608 4059 2751 4114 Petri
2773 4059 3078 4131 patrocinio
3103 4066 3324 4130 gentem
3352 4065 3591 4113 vestram
3621 4071 3726 4127 pro
3759 4055 3860 4112 de-

547 4150 736 4207 dinem
760 4149 1009 4220 priorum
1033 4148 1297 4205 abbatum
1324 4159 1699 4218 consecretur,
1729 4165 1908 4224 neque
1921 4151 2143 4208 alterius
2251 4153 2472 4210 votione
2515 4154 2656 4211 colla
2697 4153 3014 4210 submisisse
3043 4152 3450 4225 cognoscimus,
3489 4159 3546 4207 et
3571 4150 3700 4205 licet
3731 4152 3866 4207 uni-

549 4244 652 4300 nisi
701 4241 950 4316 ejusdem
992 4243 1229 4300 Romani
1273 4243 1546 4316 pontiﬁcis
1589 4245 1859 4302 subdatur
1908 4246 2137 4318 judicio.
2251 4248 2536 4304 versallter
2562 4248 2707 4320 quod
2723 4265 2751 4303 a
2785 4248 2943 4303 nobis
2973 4247 3225 4319 requiris,
3247 4242 3574 4302 charissime
3605 4244 3710 4314 fili,
3733 4245 3859 4302 Bri-

542 4335 993 4395 Gonsecrationes
1031 4347 1215 4394 autem
1262 4338 1642 4407 ecclesiarum,
1685 4348 1740 4395 et
1764 4340 2137 4397 ordinationes
2251 4342 2450 4398 tannia:
2478 4342 2810 4405 debeamus,
2841 4341 3130 4411 specialius
3154 4350 3345 4397 tamen
3365 4339 3436 4395 ad
3457 4339 3860 4396 liberationem

545 4434 870 4490 clericorum
911 4431 1138 4504 prmfato
1167 4431 1421 4488 coenobio
1450 4433 1880 4504 pertinentium,
1919 4435 1989 4490 ab
2027 4436 2142 4506 epi-
2255 4444 2309 4490 et
2375 4436 2602 4490 tutelam
2654 4435 2973 4490 monasterii
3020 4435 3098 4489 tui
3142 4434 3428 4490 munimen
3471 4433 3862 4506 auxiliumque

547 4544 714 4600 scopo
749 4528 804 4583 in
846 4526 1002 4596 cuius
1038 4527 1260 4583 dimcesi
1309 4535 1392 4583 est
1429 4528 1712 4599 accipiant,
1741 4528 1843 4597 {ita
1866 4536 2052 4584 tamen
2095 4529 2140 4585 si
2169 4571 2220 4634 Β
2251 4527 2666 4601 praetendimus.
2700 4526 2882 4589 Unde,
2913 4526 3219 4583 secundum
3237 4535 3487 4583 tenorem
3518 4527 3863 4597 postulatio-

546 4622 662 4693 ipse
715 4623 1001 4694 episcopus
1039 4621 1296 4677 canonice
1340 4621 1647 4690 ordinatus,
1676 4629 1771 4677 aut
1798 4639 1828 4676 a
1883 4625 2136 4679 Romana
2169 4621 2216 4634 "
2247 4624 2336 4678 nis
2363 4631 2494 4690 tuae,
2541 4623 2936 4678 monasterium
2965 4623 3048 4678 cui
3079 4629 3161 4688 tu,
3193 4625 3312 4677 Deo
3334 4628 3578 4688 auctore,
3612 4636 3866 4693 praeesse

545 4714 783 4771 Ecclesia
830 4723 963 4771 tunc
991 4715 1499 4772 excommunicatus
1525 4730 1642 4772 non
1670 4714 1851 4782 fuerit,
1893 4725 1949 4773 et
1997 4717 2138 4774 ordi-
2247 4717 2602 4791 dignosceris,
2633 4718 2733 4774 sub
2761 4718 2930 4773 tutela
2977 4724 3031 4771 et
3053 4713 3370 4772 defensione
3409 4715 3738 4786 apostolicae
3771 4732 3866 4773 se-

542 4807 823 4865 nationem
852 4809 1016 4880 gratis
1057 4808 1266 4865 fecerit.
1301 4810 1398 4864 Sin
1430 4819 1617 4866 autem
1667 4810 1873 4881 aliquid
1929 4810 2130 4867 horum
2249 4811 2331 4868 dis
2366 4830 2490 4869 cum
2526 4821 2640 4868 tota
2698 4810 2880 4866 insula
2927 4825 3050 4882 quae
3086 4817 3310 4866 vocatur
3349 4807 3581 4880 Guedel,
3632 4810 3718 4865 vel
3751 4809 3866 4866 alio

542 4901 836 4968 obstiterit,
868 4901 1060 4968 abbas,
1093 4902 1164 4958 ad
1180 4903 1646 4974 qualemcumque
1672 4903 2003 4960 catholicum
2029 4905 2133 4977 epi-
2249 4907 2473 4962 nomine
2499 4892 2646 4961 Bella
2678 4904 2896 4971 Insula;
2929 4918 3074 4975 qum,
3103 4919 3229 4960 cum
3259 4902 3379 4958 aliis
3405 4903 3870 4974 possessionibus

539 5011 770 5068 scopum
802 4995 852 5051 ei
881 4995 1169 5067 placuerit,
1221 5011 1383 5051 causa
1427 4997 1858 5052 consecrationis
1898 5007 1950 5054 et
1981 4997 2130 5054 ordi-
2249 5017 2370 5073 quae
2401 5001 2549 5072 juste
2592 4999 2687 5055 sibi
2719 5000 2988 5069 pertinere
3026 4997 3291 5066 videntur,
3323 4996 3716 5069 suscipientes,
3750 4998 3869 5055 hu-

537 5091 780 5148 nationis
834 5097 949 5145 tam
1001 5089 1252 5144 locorum
1295 5087 1484 5160 quam:
1510 5103 1864 5159 personarum
1912 5092 2132 5148 licenter
2234 5093 2478 5166 jusmodi
2506 5093 2610 5149 sibi
2645 5092 2917 5164 privilegia
2953 5093 3210 5164 prensanti
3253 5091 3600 5148 auctoritatis
3640 5101 3871 5151 nostrae

537 5193 729 5258 pergat
759 5192 775 5239 ὲ
807 5183 1073 5255 liceatque
1101 5182 1356 5254 episcopo
1397 5183 1681 5251 canonice,
1711 5183 1862 5256 quod
1911 5195 2132 5258 rogatus
2241 5188 2459 5246 decreto
2488 5186 2851 5261 indulgemus,
2905 5186 3260 5244 concedimus
3318 5195 3482 5258 atque
3527 5184 3868 5256 ﬁrmamus,

536 5278 604 5336 ab
632 5294 698 5335 eo
726 5277 910 5347 fuerit,
942 5287 1220 5350 peragere.
1253 5279 1390 5333 Haec
1419 5277 1585 5350 igitur
1604 5278 1790 5333 omuia
1815 5294 1939 5352 qua:
1969 5280 2132 5352 hujus
2240 5292 2538 5341 statuentes
2561 5282 2776 5339 nullum
2800 5298 3018 5356 regum,
3055 5282 3480 5352 imperatorum,
3501 5281 3867 5347 antistitum,

537 5374 793 5446 pracepti
823 5373 1132 5444 decretique
1156 5371 1331 5428 nostri
1364 5371 1560 5443 pagina
1589 5373 1857 5443 continet,
1890 5383 2002 5430 tam
2029 5375 2128 5432 tibi
2237 5377 2450 5433 nullum
2493 5392 2816 5451 quacunque
2853 5376 3117 5449 dignitate
3143 5373 3459 5446 praeditum,
3513 5375 3594 5430 vel
3646 5392 3868 5447 quem.

532 5473 696 5541 quam
725 5467 937 5524 cunctis
960 5465 1050 5538 qui
1084 5467 1136 5520 in
1177 5483 1241 5522 eo
1267 5481 1377 5537 quo
1404 5481 1462 5522 es
1503 5465 1694 5523 ordine
1733 5467 1965 5542 locoque
2003 5486 2125 5526 suc-
2237 5488 2451 5544 cunque
2489 5472 2658 5528 alium
2697 5472 2898 5528 audere
2941 5470 3008 5527 de
3050 5470 3134 5527 his
3173 5485 3296 5541 quae
3323 5469 3502 5526 eidem
3536 5470 3870 5526 venerabili

533 5563 826 5630 cesserint,
877 5560 934 5617 in
983 5569 1304 5634 perpetuum
1355 5561 1618 5618 servanda
1662 5560 2030 5620 decernimus.
2071 5564 2127 5621 Si
2238 5566 2358 5622 loco
2387 5581 2417 5621 a
2466 5565 2803 5637 quibuslibet
2841 5563 3163 5620 hominibus
3220 5563 3287 5619 de
3314 5561 3534 5635 proprio
3558 5561 3695 5634 jure
3721 5563 3865 5634 jam

532 5657 657 5730 quis
685 5655 1472 5728 verOregum,imperatorum,
1507 5655 1855 5727 clericorum,
1873 5658 2122 5729 judicum
2235 5658 2435 5714 donata
2485 5665 2615 5716 sunt
2635 5658 2716 5715 vel
2746 5658 2800 5714 in
2836 5657 3110 5728 futurum,
3135 5661 3252 5713 Deo
3286 5658 3614 5720 miserante,
3633 5656 3872 5714 collata

531 5768 595 5807 ac
629 5751 976 5808 saecularium
1015 5759 1375 5823 personarum
1406 5750 1546 5807 hanc
1591 5751 2000 5808 constitutionis
2023 5769 2125 5810 no-
2232 5751 2466 5823 fuerint,
2513 5753 2616 5810 sub
2655 5751 2946 5824 cujuslibet
2986 5766 3169 5808 causa:
3235 5749 3602 5808 occasionisve
3650 5753 3873 5819 specie

529 5852 658 5901 suae
684 5847 937 5919 paginam
954 5861 1291 5918 cognoscens
1315 5851 1504 5902 contra
1535 5858 1657 5900 eam
1674 5845 1970 5901 temerario
1991 5857 2127 5902 ausu
2234 5847 2482 5903 minuere
2533 5846 2614 5902 vel
2654 5846 2890 5911 auferre,
2947 5851 3004 5902 et
3039 5845 3150 5902 suis
3179 5843 3372 5903 usibus
3414 5841 3724 5915 applicare,
3769 5847 3871 5902 vel
