4044 6186
194 356 297 408 ϋ85

1134 348 1477 405 EPISTOLJ-l
1519 350 1736 405 ΕΧἸῊΛ
1775 349 2152 407 REGISTRl'M
2190 350 2566 407 V’AGANTES.

3390 355 3493 408 686

192 478 314 532 aliis
350 476 506 547 quasi
538 475 639 546 piis
682 475 750 530 de
794 476 969 531 causis
1012 490 1109 546 pro
1142 490 1256 533 sua:
1296 474 1541 532 avaritiae
1571 490 1794 531 excusa-
1826 480 1877 544 Α
1903 474 2008 531 niri
2053 492 2167 533 non
2193 475 2385 549 possit,
2415 474 2639 535 aliunde
2676 473 2780 533 sibi
2807 477 3028 533 Patrem
3070 484 3128 531 et
3166 475 3496 549 magistrum

194 571 343 628 tione
395 567 733 636 concedere;
767 567 871 625 sed
915 576 1110 625 cuncta
1149 584 1271 641 quae
1310 569 1385 624 ibi
1414 568 1595 625 oblata
1636 576 1795 636 sunt,

192 665 273 720 vel
303 663 495 720 offerri
526 663 837 736 contigerit,
874 671 987 718 tam
1021 680 1052 719 a
1085 672 1138 718 te
1165 678 1336 735 quam
1379 662 1448 719 ab
1496 662 1575 718 eis
1604 662 1697 733 qui
1738 663 1795 719 in

193 767 287 814 tuo
316 757 507 815 oflicio
540 757 771 829 locoque
794 757 1176 824 successerint,
1210 757 1428 829 perenni
1452 765 1702 828 tempore
1732 756 1793 811 il-

194 852 363 908 libata
391 860 451 907 et
491 851 611 908 sine
645 848 1030 922 inquietudine
1054 851 1230 922 aliqua
1262 851 1521 907 volumus
1552 850 1796 921 posside-

195 949 260 1009 ri.
291 962 491 1003 eorum
521 944 744 1018 quidem
772 944 977 1010 usibus,
1010 960 1107 1016 pro
1138 960 1376 1017 quorum
1404 944 1799 1001 sustentatione

194 1040 700 1113 gubernationeque
719 1054 973 1095 concessa
998 1047 1150 1105 sunt,
1182 1036 1361 1094 modis
1381 1037 1647 1095 omnibus
1672 1055 1800 1111 pro-

197 1132 403 1189 futura.
445 1135 580 1189 Haec
622 1132 794 1205 igitur
821 1133 1009 1188 omnia
1037 1148 1162 1204 quae
1199 1132 1362 1203 hujus
1398 1133 1655 1204 praecepti
1700 1131 1801 1189 de-

202 1228 453 1300 cretique
484 1225 658 1282 nostri
690 1226 885 1298 pagina
910 1225 1175 1291 continet,
1203 1234 1315 1281 tam
1346 1225 1442 1281 tibi
1473 1241 1638 1296 quam
1669 1241 1803 1281 cun-

196 1321 300 1378 ctis
343 1322 439 1394 qui
482 1321 546 1376 in
584 1335 650 1376 eo
679 1336 788 1391 quo
818 1336 880 1376 es
916 1319 1108 1376 ordine
1149 1320 1377 1391 locoque
1412 1318 1800 1387 successerint,

198 1418 251 1472 in
283 1422 617 1489 perpetuum
641 1413 904 1471 servanda
924 1414 1297 1470 decernimus.
1319 1414 1373 1469 Si
1398 1412 1523 1484 quis
1546 1428 1673 1470 vero
1704 1413 1801 1469 im-

198 1519 540 1583 peratorum,
571 1524 789 1581 regum,
813 1507 1040 1575 ducum,
1070 1506 1477 1574 marchionum,
1509 1507 1802 1572 comitum,

198 1604 573 1672 sacerdotum,
632 1602 986 1669 clericorum,
1020 1601 1297 1673 judicum,
1346 1617 1410 1657 ac
1458 1602 1802 1658 saecularium

200 1714 564 1771 personarum
593 1696 736 1753 hanc
766 1695 1177 1753 constitutionis
1202 1703 1407 1751 nostra:
1432 1696 1685 1767 paginam
1711 1711 1802 1767 ag-

199 1808 460 1862 noscens,
505 1801 697 1849 contra
730 1807 850 1847 eam
898 1790 1190 1846 temerario
1234 1806 1368 1846 ausu
1399 1790 1582 1846 venire
1625 1799 1804 1846 tenta-

1904 578 2182 642 expetant,
2235 580 2292 626 et
2342 569 2675 643 Lingonensi
2750 570 3005 643 episcopo
3064 568 3496 629 consecrandum

1905 663 2378 736 ordinandumque
2396 664 2740 737 provideant,
2765 664 2817 721 si
2844 672 3032 722 tamen
3057 664 3172 737 ipse
3206 664 3500 738 episcopus

1905 757 2137 829 gratiam
2207 757 2517 829 apostolica:
2569 756 2715 815 sedis
2780 757 3058 828 habuerit,
3129 766 3183 816 et
3231 758 3500 816 canonice

1907 851 2085 923 ipsam
2113 851 2515 910 ordinationem
2542 852 2720 910 facere
2752 852 3005 910 voluerit.
3034 852 3197 926 Quod
3219 852 3267 909 si
3295 851 3501 925 aliquid

1911 946 2111 1002 horum
2148 946 2443 1016 obstiterit,
2482 946 2643 1004 liceat
2672 946 2841 1004 electo
2871 945 3119 1020 ejusdem
3155 945 3499 1014 monasterii,

1907 1049 2001 1096 aut
2027 1039 2097 1097 ad
2125 1040 2480 1113 apostolicam
2517 1039 2709 1097 sedem
2734 1056 3033 1104 recurrere,
3067 1048 3164 1096 aut
3190 1058 3223 1098 a
3251 1056 3499 1113 quomin-

1909 1150 2015 1206 que
2052 1133 2289 1190 voluerit
2331 1132 2590 1206 religioso
2626 1135 2883 1208 episcopo
2930 1133 3403 1192 consecrationem
3446 1142 3504 1191 et

1910 1227 2232 1285 clericorum
2267 1227 2642 1285 ordinationes
2691 1236 2857 1303 atque
2899 1237 3095 1287 caatera
3134 1244 3258 1301 qua:
3292 1228 3361 1286 ad
3389 1230 3500 1301 epi-

1911 1338 2139 1394 scopum
2169 1322 2444 1395 pertinent
2471 1322 2769 1395 suscipere.
2798 1321 3105 1379 Statuimus
3132 1321 3307 1378 etiam
3340 1338 3410 1377 ne
3436 1321 3504 1378 ab

1911 1416 2166 1489 episcopo
2204 1417 2286 1473 vel
2323 1415 2592 1473 ministris
2634 1415 3004 1489 Lingonensis
3038 1413 3293 1472 Ecclesiae
3328 1414 3506 1471 divina

1912 1519 2091 1567 vestro
2118 1510 2452 1568 monasterio
2481 1509 2877 1568 interdicentur
2904 1509 3108 1576 officia,
3129 1507 3225 1566 sed
3254 1507 3510 1566 continue

1912 1604 2278 1673 celebrentur,
2340 1604 2444 1661 nisi
2519 1605 2728 1663 eisdem
2791 1604 2972 1662 causis
3040 1604 3242 1660 fratres
3297 1617 3511 1659 cessare

1914 1708 2165 1771 oporteat
2205 1716 2327 1772 qum
2373 1699 2517 1757 sedis
2554 1698 2870 1773 apostolica:
2936 1698 3184 1771 praesulis
3219 1697 3509 1755 Benedicti

1910 1794 2371 1851 determinatione
2399 1793 2677 1852 distincta:
2700 1802 2849 1850 sunt.
2881 1793 3036 1849 Illam
3061 1808 3278 1866 quoque
3296 1793 3356 1848 in
3381 1806 3505 1848 mo-

204 1889 366 1958 verit,
410 1886 726 1943 admonitus
748 1886 918 1943 semel
950 1894 1005 1940 et
1034 1885 1254 1952 iterum,
1300 1899 1475 1957 usque
1514 1884 1675 1940 tertio
1713 1901 1806 1957 per
1836 1883 1883 1944 B
1916 1888 2107 1945 nachis
2134 1889 2246 1944 tuis
2272 1887 2516 1960 quietem
2544 1905 2606 1945 ac
2634 1889 2938 1945 libertatem
2957 1928 2974 1955 ,
3005 1901 3171 1959 quam
3201 1885 3347 1944 idem
3371 1898 3508 1959 praes

202 1981 600 2039 convenientes
628 1978 895 2049 inducias,
923 1980 969 2035 si
1000 1995 1112 2036 non
1147 1980 1437 2051 resipuerit
1464 1985 1806 2051 atqueprte—

202 2077 355 2134 dicto
382 2075 722 2132 monasterio
763 2090 878 2130 non
917 2072 1259 2139 satisfecerit,
1305 2072 1587 2146 potestatis
1631 2072 1806 2129 hono-

200 2172 393 2244 risque
418 2170 500 2227 sui
527 2169 799 2244 dignitate
830 2176 1035 2237 careat,
1059 2183 1332 2240 reumque
1360 2182 1419 2224 se
1442 2166 1636 2224 divino
1652 2166 1806 2238 judi-

202 2267 293 2324 cio
341 2266 575 2322 existere
611 2263 679 2321 de
709 2271 1013 2336 perpetrata
1058 2263 1348 2335 iniquitate
1389 2270 1719 2333 cognoscat;
1753 2270 1803 2317 et

205 2361 315 2417 nisi
347 2377 409 2417 ea
447 2374 569 2431 quae
597 2358 665 2414 ab
694 2358 793 2414 illo
826 2365 959 2413 sunt
988 2357 1132 2413 male
1171 2357 1352 2412 ablata
1380 2356 1699 2423 restituerit,
1725 2357 1806 2412 vel

206 2454 382 2527 digna
414 2451 742 2527 paenitentia
772 2451 960 2507 illicite
988 2458 1108 2507 acta
1138 2449 1446 2518 delleverit,
1476 2456 1525 2505 ’a
1556 2449 1805 2507 sacratis-

204 2549 356 2605 simo
387 2562 618 2619 corpore
646 2553 703 2602 et
728 2544 994 2617 sanguine
1025 2542 1255 2601 Domini
1288 2542 1460 2603 nostri
1487 2546 1619 2601 Jesu
1660 2542 1809 2600 Chri-

208 2643 281 2698 sti
307 2642 524 2699 alienus
557 2641 672 2706 fiat,
714 2648 878 2712 atque
918 2639 975 2694 in
1004 2647 1214 2695 aeterno
1244 2638 1495 2695 examine
1545 2638 1811 2695 districta:

209 2737 412 2792 ultioni
438 2735 733 2807 subjaceat.
768 2735 993 2789 Cunctis
1012 2742 1198 2789 autem
1219 2732 1400 2789 eidem
1428 2732 1548 2788 loco
1574 2749 1669 2788 sua
1688 2732 1811 2804 jura

210 2829 577 2896 servantibus,
600 2828 670 2885 sit
689 2844 793 2900 pax
815 2826 1040 2883 Domini
1069 2827 1245 2882 nostri
1269 2828 1299 2880 J
1306 2842 1401 2881 esu
1424 2826 1655 2894 Christi,
1685 2842 1814 2898 qua-

211 2933 378 2981 tenus
425 2932 483 2979 et
532 2922 621 2979 hic
667 2921 907 2979 fructum
934 2922 1093 2977 bona:
1137 2920 1371 2976 actionis
1409 2919 1730 2993 percipiant,
1763 2930 1817 2977 et

161 3046 165 3049 -
212 3018 365 3092 apud
391 3016 709 3074 districtum
746 3014 998 3072 Iudicem
1036 3014 1265 3087 praemia
1306 3022 1529 3071 aeterna:
1558 3015 1705 3087 pacis
1734 3015 1815 3070 in-

214 3114 460 3170 veniant.

287 3211 498 3264 Datum
524 3205 783 3262 Laterani
806 3219 925 3261 vm
950 3202 1078 3259 Kal.
1115 3201 1290 3275 April.
1324 3218 1420 3276 per
1443 3219 1643 3261 manus
1669 3203 1821 3261 Petri

216 3304 278 3358 S.
314 3304 587 3357 Romanis
620 3299 868 3356 Ecclesia:
896 3298 1197 3371 presbyteri
1220 3298 1521 3355 cardinalis
1544 3307 1598 3355 et
1626 3298 1818 3355 biblio-

216 3395 473 3462 thecarii,
507 3409 653 3450 anno
681 3408 721 3450 γ
752 3390 948 3465 pontii.
980 3390 1196 3448 domini
1229 3392 1481 3464 Gregorii
1511 3394 1612 3448 VII
1644 3408 1816 3465 papae,

218 3489 412 3547 indict.
447 3489 649 3561 prima.

863 3582 1192 3638 XXXVIII.

224 3699 469 3769 Gregorii
509 3713 668 3769 pupa:
718 3696 825 3751 I'II
879 3695 1227 3769 pririlegium
1306 3708 1409 3769 pro
1477 3695 1819 3747 monasterio

654 3769 710 3823 S.
731 3769 963 3835 Benigni
1007 3767 1363 3821 Divionensis.

823 3875 1007 3938 (Anno
1062 3874 1246 3936 1078.)

227 3974 524 4047 [Pinnem
546 3975 760 4034 Recucil
788 3976 853 4031 de
872 3977 1040 4045 pisces
1070 3990 1206 4045 pum‘
1234 3974 1408 4029 servir
1432 3976 1465 4029 ὰ
1485 3973 1739 4028 I'histoire
1759 3973 1826 4027 de

696 4052 1030 4117 Bourgoguc,
1062 4061 1182 4117 pag.
1213 4049 1362 4113 192.]

295 4156 659 4211 Gnscomus
690 4151 997 4224 episcopus,
1027 4161 1217 4205 servus
1260 4162 1545 4204 servorum
1574 4148 1687 4216 Dei,
1734 4163 1826 4204 ve-

232 4247 458 4305 nerabili
502 4245 616 4302 ﬁlio
654 4245 1034 4312 GEBEN‘I‘ONI,
1084 4242 1266 4299 abbati
1314 4241 1662 4298 Divionensis
1708 4258 1834 4299 mo-

233 4340 476 4413 nasterii,
517 4339 748 4413 ejusque
795 4337 1203 4395 successoribus
1245 4336 1570 4409 regulariter
1614 4351 1835 4407 promo-

234 4434 429 4492 vendis
464 4435 526 4489 in
567 4441 909 4505 perpetuum.

305 4530 574 4605 Supernae
598 4526 967 4583 miserationis
991 4532 1260 4597 respectu,
1293 4523 1362 4582 ad
1402 4524 1506 4581 hoc
1546 4524 1834 4581 venerabi-

1913 1984 1995 2039 sul
2026 1983 2246 2040 decreto
2278 1997 2379 2039 suo
2408 1982 2668 2051 ﬁrmavit,
2718 1998 2821 2038 nos
2862 1981 3010 2038 beati
3055 1981 3205 2039 Petri
3241 1989 3296 2037 et
3323 1988 3509 2038 nostra

1914 2078 2243 2133 auctoritate
2262 2077 2654 2134 intemeratum
2682 2084 2942 2149 perpetuo
2964 2089 3187 2132 manere
3211 2074 3509 2131 sancimus.

1915 2172 2240 2244 Quicunque
2288 2187 2418 2227 vero
2463 2170 2791 2227 clericorum
2842 2169 2928 2227 vel
2975 2169 3240 2225 laicorum
3291 2184 3409 2225 sese
3448 2167 3509 2223 in

1915 2265 2247 2322 monasterio
2272 2273 2452 2322 vestro
2469 2264 2742 2322 voluerint
2760 2262 3033 2332 conferre,
3054 2262 3209 2319 vobis
3229 2261 3393 2320 liceat
3418 2277 3513 2319 eos
3548 2314 3572 2336 ,

1914 2360 2034 2415 sine
2071 2360 2252 2431 aliqua
2289 2358 2719 2417 contradictione
2747 2358 3017 2430 recipere,
3047 2350 3357 2415 dummodo
3387 2371 3513 2428 pro-

1920 2454 2036 2524 prie
2079 2442 2538 2511 excommunicati
2568 2468 2687 2509 non
2714 2451 2919 2508 fuerint
2950 2451 3033 2508 vel
3060 2450 3397 2508 nominatim
3423 2449 3508 2506 in-

1917 2545 2159 2604 terdicti.

1990 2641 2397 2698 Conflrmamus
2423 2640 2591 2697 etiam
2618 2639 2776 2696 vobis
2804 2638 3062 2696 ecclesias
3088 2640 3330 2708 vestras,
3356 2654 3517 2711 quas-

1920 2750 2133 2807 cunque
2160 2750 2309 2791 nunc
2335 2734 2648 2807 possidetis,
2670 2749 2764 2789 seu
2795 2749 2950 2806 quas,
2978 2732 3238 2805 largiente
3274 2737 3428 2799 Deo,
3460 2734 3517 2788 in

1922 2838 2201 2900 posterum
2241 2828 2502 2885 canonice
2531 2826 2906 2899 possidebitis,
2944 2834 3247 2882 statuentes
3288 2835 3350 2881 ut
3391 2826 3519 2882 nul-

1922 2924 2010 2980 lus
2059 2923 2383 2979 clericorum
2420 2920 2540 2979 sine
2590 2935 2817 2977 assensu
2862 2928 3047 2976 vestro
3090 2919 3152 2973 in
3199 2919 3282 2974 eis
3322 2917 3520 2974 audeat

1926 3017 2265 3085 ministrare;
2298 3014 2397 3073 sed
2430 3001 2863 3088 quotiescunque
2892 3014 2948 3069 in
2980 3012 3161 3085 aliqua
3202 3027 3392 3069 earum
3420 3012 3522 3068 ini-

1926 3111 2105 3168 nister
2130 3110 2315 3167 fuerit
2335 3108 2746 3182 subrogandus,
2776 3124 2874 3164 vos
2910 3106 3172 3163 idoneum
3198 3104 3270 3161 ad
3293 3105 3400 3162 hoc
3427 3106 3522 3162 eli-

1852 3234 1897 3298 C
1930 3215 2139 3279 gentes,
2169 3206 2422 3278 episcopo
2469 3212 2765 3276 praesente,
2805 3202 2899 3274 qui
2928 3200 3216 3274 episcopus
3255 3216 3445 3256 curam
3474 3200 3522 3257 ei

1932 3299 2239 3355 animarum
2285 3298 2567 3370 injungat,
2594 3307 2649 3353 et
2692 3296 2768 3353 sic
2797 3295 2949 3352 vobis
2984 3294 3054 3352 de
3099 3294 3517 3366 temporalibus,

1927 3393 2183 3465 episcopo
2232 3407 2360 3449 vero
2397 3391 2468 3447 de
2503 3389 2874 3464 spiritualibus
2911 3388 3113 3445 debeat
3154 3386 3515 3460 respondere.

1929 3489 1984 3543 Si
2009 3486 2132 3559 quis
2158 3496 2342 3543 autem
2370 3494 2560 3541 contra
2588 3484 2729 3540 hanc
2754 3482 2998 3540 formam
3022 3483 3079 3538 in
3107 3481 3316 3540 eisdem
3346 3482 3525 3538 eccle-

1929 3582 2025 3639 siis
2055 3580 2359 3637 ministrare
2389 3578 2818 3650 praesumpserit,
2848 3592 2953 3632 nos
2988 3592 3117 3632 eum
3147 3575 3217 3632 ab
3252 3574 3417 3633 ofﬁcii
3441 3575 3525 3631 sui

1932 3675 2282 3732 exsecutione
2326 3670 2738 3744 suspendimus;
2778 3671 3017 3727 claustro
3067 3669 3268 3737 etiam,
3321 3666 3382 3723 in
3417 3683 3530 3741 quo

1933 3768 2335 3826 monasterium
2366 3774 2611 3823 vestrum
2640 3764 2807 3821 situm
2837 3773 2942 3829 est,
2975 3779 3095 3819 eam
3128 3762 3441 3819 libertatem
3474 3770 3529 3817 et

1934 3862 2339 3920 immunitatem
2369 3858 2727 3917 concedimus
2754 3874 2919 3931 quam
2943 3857 3166 3914 illustris
3190 3872 3289 3913 rex
3313 3854 3528 3913 Rober-

1932 3967 2021 4014 tus
2064 3956 2313 4013 noscitur
2358 3954 2677 4023 contulisse,
2729 3960 2793 4009 ut
2841 3953 2909 4008 ab
2959 3953 3107 4008 omni
3155 3950 3434 4008 invasione
3477 3958 3529 4006 et

1932 4050 2189 4108 violentia
2213 4049 2366 4109 ducis
2385 4057 2440 4105 et
2458 4048 2752 4105 hominum
2778 4062 3006 4103 suorum
3029 4046 3103 4103 sit
3118 4045 3172 4101 in
3200 4053 3527 4117 perpetuum

1935 4145 2171 4202 liberum
2199 4160 2263 4201 ac
2282 4158 2559 4211 securum,
2595 4141 2668 4197 ita
2696 4149 2758 4198 ut
2792 4140 2922 4196 nihil
2955 4154 3179 4212 prorsus
3207 4154 3237 4194 a
3259 4146 3529 4204 torrente,
3562 4138 3583 4151 ‘

1951 4240 2041 4310 qui
2087 4238 2248 4295 castri
2276 4238 2566 4310 sanctique
2605 4250 2829 4292 causam
2867 4232 3081 4301 dividit,
3112 4232 3301 4304 aliquis
3331 4233 3413 4288 vel
3443 4246 3537 4287 au-

1941 4331 2085 4389 ferre
2136 4340 2436 4405 praesumat
2494 4329 2573 4386 vel
2626 4329 2890 4401 accipere.
2954 4326 3253 4382 Ecclesiam
3310 4338 3534 4397 quoque

1942 4426 2096 4483 Beati
2134 4425 2397 4483 Germani
2436 4425 2500 4479 de
2540 4426 2694 4489 Lare,
2736 4420 2828 4477 ubi
2870 4418 3307 4476 sanctimoniales
3354 4418 3536 4473 consi-

1938 4529 2113 4585 stunt,
2144 4519 2299 4576 vobis
2330 4526 2588 4591 perpetuo
2614 4515 3008 4572 conﬁrmamus
3038 4509 3449 4585 possidendam,
3482 4519 3535 4565 et

238 4623 302 4680 lis
350 4604 617 4679 Ecclesiae
657 4636 844 4677 curam
896 4619 1240 4692 suscepimus
1284 4628 1335 4675 et
1387 4620 1671 4691 apostolici
1713 4635 1829 4674 mo-
1870 4651 1919 4713 Ι)
1947 4623 2009 4672 ut
2046 4615 2179 4687 ipsa:
2209 4608 2654 4669 sanctimoniales
2684 4622 2969 4681 nunquam
2997 4622 3029 4663 a
3053 4604 3393 4678 subjectione
3430 4607 3539 4661 Ec-

242 4715 543 4774 deraminis
576 4714 997 4772 sollicitudinem
1020 4715 1285 4787 gerimus,
1329 4722 1395 4769 ut
1417 4714 1583 4786 justis
1610 4729 1840 4785 precan-

243 4813 378 4868 tium
424 4810 568 4867 votis
614 4809 821 4865 intenta
868 4808 1200 4881 benignitate
1225 4807 1527 4864 faveamus.
1579 4805 1837 4873 Proinde,

246 4904 441 4963 dilecte
474 4905 533 4961 in
574 4904 819 4960 Domino
846 4901 940 4971 ﬁli,
968 4905 1213 4960 Gereuto
1262 4902 1449 4970 abbas,
1491 4900 1844 4972 petitionibus

247 4999 353 5055 tuis
381 5007 543 5073 grato
577 5006 931 5055 occurrentes
977 5013 1221 5065 assensu,
1270 4994 1517 5052 libertati
1560 5008 1623 5050 ac
1673 4992 1844 5064 quieti

251 5093 571 5152 monasterii
614 5091 802 5158 vestri,
852 5099 1073 5147 auctore
1114 5091 1390 5159 Domino,
1439 5089 1693 5146 duximus
1724 5102 1848 5158 pro-

253 5183 572 5246 videndum.
616 5186 672 5243 Si
714 5186 938 5257 quidem
989 5186 1168 5255 ipsum
1210 5184 1524 5240 coenobium
1566 5182 1670 5239 sub
1707 5180 1849 5239 sedis

256 5283 568 5352 apostolicae
605 5280 948 5354 protectione
993 5278 1352 5349 suscipimus,
1395 5285 1450 5333 et
1494 5277 1732 5333 obeunte
1773 5284 1846 5343 te,

262 5389 397 5432 nunc
425 5375 677 5449 ejusdem
710 5374 813 5430 loci
850 5373 1045 5429 abbate
1063 5415 1077 5439 ,
1102 5372 1187 5428 vel
1222 5379 1449 5428 tuorum
1474 5369 1851 5443 quorumlibet.

268 5481 638 5527 successorum
669 5466 855 5526 nullus
898 5467 967 5523 ibi
1006 5465 1252 5540 qualibet
1291 5465 1662 5543 subreptionis
1703 5470 1852 5519 astu-

268 5560 339 5618 tia
384 5580 480 5621 seu
536 5563 799 5620 violentia
852 5570 1228 5634 prmponatur,
1285 5559 1386 5615 nisi
1424 5561 1602 5629 'quem
1654 5556 1854 5613 fratres

273 5658 542 5715 communi
588 5672 881 5726 consensu,
912 5655 1210 5713 secundum
1242 5654 1501 5709 timorem
1547 5650 1648 5707 Dei
1678 5660 1734 5709 et
1771 5666 1854 5707 re-

272 5750 448 5820 gulam
489 5753 662 5809 sancti
692 5749 997 5819 Benedicti,
1044 5749 1339 5822 elegerint,
1368 5747 1604 5803 maxime
1650 5744 1716 5801 de
1764 5761 1854 5801 ea-

274 5839 397 5900 dem
423 5845 863 5919 congregatione,
887 5844 930 5901 si
951 5843 1177 5901 idoneus
1198 5844 1453 5899 inventus
1484 5840 1665 5898 fuerit.
1696 5840 1858 5913 Quod

278 5934 320 5990 si
350 5940 495 6009 talis,
534 5939 626 6013 qui
660 5938 789 5997 huic
816 5936 1072 6012 regimini
1100 5945 1390 6009 congruat,
1423 5935 1564 5992 inter
1592 5951 1687 5993 eos
1716 5936 1862 5991 inve-

400 6096 419 6121 θ

1949 4709 2123 4765 clesiae
2154 4706 2503 4765 Divionensis
2547 4721 2606 4761 se
2651 4711 2989 4769 removeant,
3039 4700 3143 4757 sub
3191 4699 3539 4755 anathemate

1949 4802 2326 4874 prohibemus,
2356 4801 2452 4856 sed
2497 4814 2713 4870 semper
2740 4812 2838 4870 per
2865 4803 3103 4853 vestram
3142 4792 3539 4866 providentiam

1950 4892 2723 4970 gubernentur.Decernimus
2738 4892 2921 4962 itaque
2950 4898 3013 4945 ut
3039 4888 3178 4945 nulli
3195 4887 3423 4944 omnino
3447 4887 3545 4944 ho-

1952 4991 2170 5047 minum
2198 4988 2353 5044 liceat
2379 4987 2525 5044 idem
2554 4985 2948 5042 monasterium
2976 4992 3180 5038 temere
3201 4984 3543 5054 perturbare,

1955 5094 2048 5142 aut
2087 5084 2205 5158 ejus
2245 5082 2618 5157 possessiones
2677 5078 2909 5143 auferre,
2966 5085 3022 5132 et
3064 5075 3243 5132 ablata
3286 5076 3544 5144 retinere,

1956 5180 2232 5246 minuere,
2263 5178 2344 5233 vel
2392 5173 2700 5232 temerariis
2729 5171 3106 5229 vexationibus
3142 5168 3402 5242 fatigare,
3448 5166 3548 5225 sed

1956 5273 2186 5331 omnino
2227 5271 2437 5344 integra
2482 5275 2893 5333 conserventur,
2946 5280 3141 5321 eorum
3178 5279 3280 5335 pro
3309 5278 3546 5334 quonun

1958 5365 2361 5425 sustentatione
2382 5380 2445 5419 ac
2468 5361 2868 5436 gubernatione
2893 5374 3155 5417 concessa
3185 5365 3333 5426 sunt,
3362 5356 3554 5414 usibus

1961 5461 2222 5517 omnibus
2265 5457 2571 5532 profutura.
2602 5456 2657 5513 Si
2688 5471 2797 5528 qua
2840 5462 3027 5510 autem
3059 5451 3556 5534 ecclesiastica/sre-

1961 5555 2221 5612 cularisve
2262 5567 2512 5625 persona,
2554 5550 2693 5605 hanc
2726 5557 2931 5607 nostra:
2960 5547 3370 5604 constitutionis
3408 5545 3559 5618 pagi-

1964 5665 2095 5709 nam
2127 5662 2447 5721 agnoscens,
2478 5653 2668 5701 contra
2702 5660 2830 5701 eam
2863 5652 3075 5700 temere
3101 5642 3287 5699 venire
3313 5647 3560 5696 tentave-

1966 5743 2061 5811 rit,
2098 5748 2151 5797 et
2201 5740 2478 5797 admonita
2528 5738 2694 5795 semel
2742 5746 2796 5794 et
2834 5736 3108 5802 secundo,
3162 5747 3276 5792 non
3315 5743 3560 5802 congrua

1968 5834 2340 5893 satisfactione
2411 5831 2811 5900 emendaverit,
2883 5827 3169 5903 potestatis
3226 5823 3562 5895 honorisque

1969 5932 2053 5988 sui
2085 5931 2349 6004 dignitate
2374 5934 2576 5995 careat,
2606 5926 2866 5993 namque
2893 5938 2952 5977 se
2978 5919 3170 5976 divino
3196 5915 3405 5988 judicio
3444 5916 3561 5972 exi.
