4044 6186
543 327 648 383 687

1487 317 1540 372 S.
1583 313 1904 370 GREGORH
1942 313 2030 368 VII
2072 308 2266 367 ΡΑΡᾸΞ
2305 312 2574 368 OPERUM
2613 311 2786 367 PARS
2827 313 2888 366 ll.

3734 316 3837 368 688

543 461 686 506 stere
709 450 776 506 de
801 453 1107 521 perpetrata
1136 442 1420 514 iniquitate
1451 447 1768 511 cognoscat,
1805 447 1860 494 et
1887 455 1915 494 a
1945 453 2131 493 sacra-
2161 443 2214 506 Α
2243 437 2449 509 gratias
2475 436 2779 492 immensas
2813 433 3118 502 referimus,
3149 435 3265 506 qui,
3309 450 3410 491 nos
3438 434 3703 492 infractos
3731 436 3840 492 huc

543 544 756 600 tissimo
785 554 1013 611 corpore
1051 544 1105 592 et
1131 535 1392 606 sanguine
1416 532 1519 588 Dei
1549 541 1602 588 et
1631 531 1858 587 Domini
1885 529 2132 586 Redem-

543 636 716 708 ptoris
742 633 913 689 nostri
950 635 1083 686 Jesu
1125 628 1330 684 Christi
1357 627 1531 683 aliena
1581 627 1698 692 fiat,
1749 634 1912 696 atque
1949 625 2003 679 in
2049 640 2136 679 ex-

541 738 722 784 tremo
752 723 1003 780 examine
1033 722 1295 779 districta
1334 719 1527 776 ultioni
1563 719 1864 790 subjaceat.
1907 718 2136 774 Cunctis

541 828 725 876 autem
755 819 935 874 eidem
967 818 1088 872 loco
1109 816 1253 887 justa
1282 813 1650 879 servantibus,
1685 813 1758 868 sit
1781 828 1880 884 pax
1909 811 2134 867 Domini

541 914 717 970 nostri
753 915 884 968 Jesu
913 911 1144 976 Christi,
1177 918 1452 980 quatenus
1490 915 1547 962 et
1584 907 1675 961 hic
1701 905 1942 962 fructum
1972 905 2134 960 bona

541 1007 774 1064 actionis
823 1005 1146 1077 percipiant,
1193 1011 1248 1057 et
1294 1001 1438 1072 apud
1492 1000 1809 1056 districtum
1856 998 2133 1070 judicem,

541 1101 768 1173 pramia
796 1108 1015 1155 aterna
1043 1097 1189 1168 pacis
1214 1096 1510 1150 inveniant.
1538 1100 1738 1150 Amen.

614 1197 728 1266 Ego
773 1191 1077 1263 Gregorius
1129 1198 1330 1245 sancta
1379 1187 1669 1243 catholica
1720 1186 1980 1242 Ecclesia
2029 1185 2138 1257 epi-

543 1303 762 1361 scopus.

621 1385 760 1436 Data
805 1378 1079 1443 Laterani,
1115 1392 1210 1449 per
1238 1391 1462 1432 manum
1502 1375 1728 1430 Joannis
1769 1376 1838 1429 R.
1883 1373 2138 1429 Ecclesia

550 1474 765 1532 diaconi
808 1471 1114 1536 cardinalis,
1153 1486 1270 1526 xm
1312 1471 1436 1523 Kal.
1484 1468 1635 1532 Julii,
1667 1483 1812 1523 anno
1843 1467 1912 1522 ab
1943 1470 2127 1522 lucar-

551 1569 771 1625 natione
809 1566 1032 1621 Domini
1074 1568 1230 1630 1078,
1259 1562 1561 1618 indictione
1586 1577 1634 1625 1,
1662 1560 2013 1633 pontiﬁcatus
2038 1574 2132 1614 au-

541 1671 650 1718 tem
671 1659 860 1717 domni
889 1657 1139 1730 Gregorii
1179 1659 1280 1711 PP.
1310 1658 1436 1721 VII,
1476 1671 1563 1710 v1.

1196 1769 1478 1823 XXXIX.

540 1876 785 1947 Gregorii
822 1875 924 1929 VII
960 1888 1020 1943 cp

606 1939 868 2016 sgnodum
907 1939 1008 2014 pro
1035 1944 1325 1998 discordiis
1369 1945 1512 2016 inter
1555 1957 1779 2009 regnum
1823 1946 1873 1994 et
1898 1939 2137 1994 sacerdo-

609 2015 743 2073 tium
777 2016 1145 2086 componendis
1179 2015 1498 2068 habendam.

1135 2111 1320 2173 (Anno
1359 2113 1538 2171 l078.)

744 2215 984 2280 [MARS],
1027 2211 1220 2267 Concil.
1268 2217 1404 2264 tom.
1449 2211 1582 2274 XX,
1613 2206 1720 2264 col.
1757 2209 1908 2274 381.]

602 2321 967 2381 Gsscosms,
1003 2329 1190 2370 servus
1217 2327 1500 2368 servorum
1527 2310 1648 2378 Dei,
1684 2308 2128 2381 archiepiscopis,

528 2412 822 2486 episcOpis,
863 2408 1150 2465 abbatibus
1203 2407 1256 2462 in
1297 2405 1474 2462 Gallia
1530 2403 1870 2470 constitutis,
1923 2403 2018 2474 qui
2074 2403 2128 2457 in

527 2507 739 2579 gremio
767 2512 970 2560 sancta
998 2505 1265 2557 Romana
1292 2498 1549 2554 Ecclesia
1587 2512 1899 2570 permanere
1941 2495 2127 2551 viden-

529 2609 640 2664 tur,
669 2599 900 2655 salutem
935 2604 991 2650 et
1014 2594 1377 2667 apostolicam
1410 2591 1869 2647 benedictionem.

600 2694 847 2764 Quantas
884 2688 1306 2746 tribulationum
1353 2685 1633 2757 angustias
1684 2692 1740 2739 et
1787 2681 2121 2755 persecutio-

524 2802 659 2842 num
709 2784 967 2856 procellas
1012 2799 1076 2837 ac
1113 2779 1349 2853 pondera
1393 2779 1761 2849 periculorum
1804 2775 2121 2830 universalis

526 2887 706 2934 mater
735 2885 919 2932 sancta
951 2879 1204 2931 Romana
1235 2871 1476 2928 Ecclesia
1509 2885 1761 2942 perpessa
1795 2870 1869 2923 sit
1905 2876 2123 2937 tempo-

524 2973 672 3028 ribus
714 2971 864 3034 istis,
909 2969 1056 3040 quod
1085 2966 1232 3023 credi
1273 2966 1356 3020 vix
1397 2972 1596 3035 potest,
1642 2979 1708 3018 cx
1748 2961 1944 3033 majori
1973 2968 2123 3031 parte

521 3065 658 3122 latet
688 3063 974 3120 scientiam
1014 3068 1269 3115 vestram.
1299 3057 1387 3113 Ad
1419 3057 1538 3112 hac
1567 3070 1785 3127 quoque
1813 3054 1945 3125 quid
1981 3068 2122 3108 con-

521 3159 654 3227 silii,
675 3157 874 3230 quidve
892 3153 1135 3226 suffragii
1156 3169 1251 3224 per
1275 3168 1388 3214 vos,
1413 3150 1551 3205 ﬁlios
1578 3164 1727 3216 suos,
1750 3147 1956 3203 debita
1975 3161 2122 3202 com-

2242 546 2412 603 usque
2445 532 2503 586 in
2534 544 2803 602 pressura
2825 537 3149 600 tempestate
3173 544 3521 595 conservans,
3553 530 3622 585 ad
3649 546 3840 602 quam-

2241 623 2370 680 dam
2426 639 2582 696 Spem
2636 622 3048 695 tranquillitatis
3103 621 3245 678 sicut
3300 623 3490 678 liberis
3537 622 3838 680 incessibus

2244 709 2430 785 duxit;
2475 725 2536 770 ut
2565 733 2679 772 non
2721 732 2827 772 nos
2863 725 3054 772 contra
3097 715 3455 788 principalem
3489 716 3723 788 justitia
3756 718 3839 772 in-

2244 811 2545 866 tentionem
2591 810 2780 881 egisse,
2813 818 2906 866 aut
2953 810 3170 882 prepria
3213 809 3543 864 conscientia
3571 820 3667 866 aut
3702 812 3835 866 reli-

2243 901 2546 976 giosorum,
2595 904 2684 975 qui
2731 912 3020 969 noverunt,
3069 903 3405 958 examinatio
3449 903 3840 974 reprehendat.

2247 1002 2330 1054 De
2353 1007 2574 1064 catero,
2606 998 2827 1066 fratres,
2853 1005 2915 1050 ut
2943 1012 3102 1053 causa
3126 997 3441 1068 jurgiorum
3480 1005 3534 1052 et
3562 996 3838 1054 discordia

2243 1107 2368 1164 qua
2399 1092 2542 1147 inter
2567 1106 2793 1162 regnum
2819 1098 2876 1145 et
2895 1090 3252 1161 apostolicam
3275 1089 3465 1146 sedem
3489 1089 3605 1161 jam
3625 1090 3842 1148 dudum

2246 1185 2503 1256 agitatur,
2527 1190 2804 1239 annuente
2832 1183 3068 1239 Domino
3086 1224 3100 1250 ,
3125 1198 3433 1254 congruum
3459 1184 3637 1240 valeat
3665 1184 3842 1240 ﬁnem

2245 1278 2450 1346 sortiri,
2478 1294 2575 1334 vos
2615 1277 2685 1333 ad
2715 1277 2989 1349 synodum
3021 1292 3189 1348 quam
3230 1276 3287 1331 in
3316 1276 3495 1333 medio
3528 1279 3841 1335 Novembri

2245 1372 2520 1429 celebrare
2558 1372 2927 1443 disponimus,
2958 1370 3310 1442 prasentium
3341 1371 3644 1427 litterarum
3676 1389 3841 1429 voca-

2246 1467 2415 1533 tione,
2463 1481 2526 1521 ex
2568 1473 2722 1536 parte
2763 1464 2906 1520 beati
2954 1465 3100 1520 Petri
3149 1464 3528 1536 apostolorum
3568 1467 3845 1538 principis

2247 1559 2615 1631 pracipicntes
2657 1559 2970 1613 invitamus.
3017 1561 3138 1613 lIoc
3204 1557 3369 1614 etiam
3433 1556 3840 1616 fraternitatem

2245 1663 2477 1709 vestram
2523 1653 2660 1708 scire
2691 1653 2943 1707 volumus
2983 1652 3144 1724 quia,
3185 1661 3247 1707 ut
3283 1668 3471 1708 secure
3514 1653 3581 1708 ad
3619 1669 3723 1710 nos
3750 1671 3846 1709 ve-

2242 1747 2358 1803 nire
2387 1757 2441 1802 et
2465 1747 2517 1802 in
2548 1755 2784 1802 vestram
2809 1747 3062 1817 patriam,
3097 1748 3216 1801 Deo
3252 1755 3588 1818 protegente,
3612 1747 3841 1818 possitis

1023 1873 1178 1926 isto,“
1229 1872 1301 1923 ad
1346 1871 1544 1926 Gallos.
1578 1900 1643 1909 _
1697 1871 1859 1924 Vocat
1907 1869 2025 1923 mos
2061 1867 2133 1920 ad
2166 1835 2212 1895 Β
2241 1841 2434 1906 redire,
2473 1841 2654 1897 ﬁdeles
2685 1840 2856 1898 nostri
2893 1857 2924 1895 a
2955 1839 3278 1911 majoribus,
3323 1840 3416 1912 qui
3445 1849 3574 1896 sunt
3605 1841 3655 1895 in
3682 1843 3840 1898 curia

2243 1935 2467 1990 chrici
2500 1933 2627 1990 dicti
2662 1934 2840 2006 regis,
2863 1933 3182 2006 juramento
3223 1933 3574 1989 securitatem
3613 1950 3839 2006 recepe-

2241 2038 2385 2084 runt.
2417 2027 2802 2084 Desideramus
2831 2028 2994 2100 igitur
3017 2041 3128 2082 una
3155 2027 3440 2082 vobiscum
3466 2035 3718 2094 tractare,
3742 2027 3842 2084 di-

2243 2123 2367 2177 vino
2407 2121 2527 2178 fulti
2556 2121 2777 2188 auxilio,
2817 2121 3049 2191 qualiter
3093 2121 3372 2190 possimus
3415 2137 3601 2193 pacem
3629 2121 3840 2177 conﬁr-

2241 2231 2414 2283 mare,
2450 2222 2614 2287 atque
2657 2214 2727 2271 ad
2764 2215 3038 2287 gremium
3089 2215 3280 2270 matris
3327 2215 3582 2272 Ecclesia
3624 2224 3841 2271 sancta

2239 2309 2630 2375 schismaticos,
2663 2310 2775 2364 Deo
2809 2308 3127 2375 auxiliante,
3161 2323 3436 2364 revocare.

2966 2413 3088 2466 XL.

2239 2518 2489 2583 Gregorii
2570 2518 2675 2572 VII
2745 2531 2906 2586 papa:
2974 2515 3321 2586 privilegium
3375 2531 3477 2585 pro
3544 2518 3839 2573 Casinensi

2494 2619 2496 2622 -
2900 2587 3151 2642 cauobio.

2826 2681 3007 2757 (Anno
3049 2683 3232 2745 1078.)

2555 2775 2896 2844 [GATTULA,
2935 2776 3084 2830 Hist.
3137 2776 3312 2830 Casin.
3356 2777 3505 2843 254.]

2300 2874 2652 2931 GBEGOBIUS
2679 2875 2985 2946 episcopus,
3020 2890 3209 2929 servus
3250 2890 3536 2930 servorum
3565 2873 3702 2940 Dei,
3731 2871 3833 2929 di-

2231 2968 2370 3023 lecto
2395 2968 2447 3022 in
2469 2968 2686 3024 Christo
2708 2966 2862 3022 fratri
2886 2971 3252 3035 Dssrnsnro,
3269 2967 3450 3024 abbati
3476 2967 3680 3023 Montis
3701 2967 3840 3022 Cas-

2229 3060 2352 3125 sini,
2381 3061 2603 3133 suisque
2623 3060 3046 3116 successoribus.

2302 3157 2375 3208 Ea
2397 3170 2520 3226 qua
2546 3163 2677 3210 ante
2710 3169 2815 3210 nos
2841 3171 3036 3210 eorum
3067 3153 3404 3211 deﬁnitionis
3428 3153 3595 3209 ﬁnem
3638 3155 3838 3225 perci-

522 3250 789 3323 passionis
828 3248 1146 3320 perceperit,
1179 3261 1272 3300 vos
1315 3245 1416 3316 ipsi
1446 3242 1756 3315 agnoscitis.
1803 3239 1969 3314 Quod
2014 3240 2112 3294 ita-

2231 3247 2398 3320 piunt,
2437 3247 2804 3303 necessarium
2844 3256 2900 3303 ct
2927 3247 3066 3303 utile
3118 3247 3336 3303 videtur
3385 3255 3445 3302 ut
3491 3247 3560 3303 ad
3601 3263 3830 3303 memo-

522 3361 628 3418 que
659 3345 776 3400 sine
806 3343 994 3400 dolore
1024 3341 1109 3395 vix
1136 3354 1428 3410 possumus
1457 3338 1536 3392 vel
1565 3335 1860 3402 reminisci,
1902 3335 1973 3390 ita
1999 3333 2116 3388 cha-

526 3440 659 3495 ritas
696 3439 998 3494 multorum
1029 3436 1173 3490 circa
1215 3450 1336 3489 eam
1368 3430 1700 3502 refrigescit,
1731 3439 1794 3484 ut
1840 3428 1960 3484 hac
2001 3427 2115 3498 ipsa

523 3547 620 3602 per
657 3531 1009 3602 Evangelium
1042 3529 1366 3599 prasignata
1411 3523 1826 3596 quodammodo
1864 3521 2114 3594 speciali-

525 3635 608 3679 ter
634 3623 942 3689 vidcantur,
972 3630 1034 3675 ut
1058 3621 1257 3676 dicitur
1285 3637 1297 3674 :
1328 3642 1351 3666 α
1387 3617 1618 3686 Quando
1637 3615 1996 3672 abundaverit
2016 3613 2114 3668 ini-

523 3717 726 3786 quitas,
764 3713 1081 3786 refrigescet
1117 3729 1212 3767 cor
1251 3711 1553 3766 multorum
1595 3712 1811 3775 (Matth.
1852 3706 2050 3777 χχιι.)
2089 3729 2113 3753 ιι

523 3807 689 3866 Unde
736 3807 863 3880 quid
921 3806 1065 3862 aliud
1107 3806 1362 3871 dixerim,
1412 3803 1510 3857 nisi
1562 3802 1710 3873 quod
1748 3817 1862 3868 vos,
1895 3801 1988 3872 qui
2025 3808 2119 3854 aut

525 3902 765 3974 segniter
811 3895 1454 3972 neglexistisacfpavide
1493 3893 1767 3966 refugistis
1819 3895 1983 3950 matri
2030 3911 2119 3951 ve-

521 4005 651 4052 stra
697 3996 764 4051 in
803 4001 960 4048 tanta
1004 4007 1254 4062 pressura
1292 3988 1561 4054 solatiari,
1601 3987 1832 4042 nomine
1873 3986 2118 4044 ﬁliorum

524 4090 776 4161 indignos
817 4095 872 4142 et
910 4083 1192 4141 charitatis
1233 4082 1531 4138 visceribus
1557 4081 1767 4137 alienos
1809 4095 1902 4136 vos
1932 4091 2118 4138 osten—
2154 4116 2157 4119 -

519 4184 683 4240 ditis?
711 4185 888 4251 Quem
915 4195 1045 4236 vero
1074 4177 1366 4250 pudorem,
1390 4176 1472 4232 vel
1508 4175 1686 4248 potius
1714 4184 1979 4247 quantum
2010 4175 2112 4232 do-

521 4277 714 4343 lorem,
748 4273 992 4346 quisquis
1028 4280 1110 4329 est
1148 4285 1298 4327 sana
1328 4270 1529 4326 mentis
1575 4285 1685 4325 non
1733 4269 1950 4337 sentiat,
1985 4287 2113 4326 cum

520 4369 827 4426 consideret
859 4374 1236 4438 persecutores
1281 4363 1601 4420 Christiana
1645 4363 1924 4435 religionis
1961 4372 2110 4418 tanta

520 4463 772 4520 factionis
814 4460 1241 4532 conspiratione,
1283 4459 1428 4514 sicut
1463 4456 1805 4512 omnimodis
1834 4457 2114 4513 adnisibus

519 4573 628 4612 non
657 4557 837 4613 solum
868 4571 954 4610 res
996 4568 1123 4610 suas
1160 4549 1542 4624 profundendo
1581 4548 1675 4606 sed
1714 4552 1880 4606 etiam
1937 4566 1994 4605 se
2034 4551 2111 4622 ip-

521 4665 612 4706 sos
642 4649 806 4704 morti
839 4648 1128 4716 tradendo,
1168 4645 1238 4702 ad
1277 4643 1596 4717 explendam
1639 4643 1808 4699 animi
1856 4645 2112 4700 atrocita-

519 4751 638 4800 tem
676 4743 783 4798 huc
811 4759 983 4814 usque
1011 4741 1338 4807 desudasse;
1383 4741 1660 4796 neminem
1697 4749 1882 4796 autem
1915 4741 1992 4794 vel
2024 4739 2110 4794 vix

519 4837 898 4908 paucissimos,
938 4835 1169 4907 justitia
1210 4833 1470 4897 fautores,
1501 4841 1594 4888 aut
1629 4849 1929 4905 corporum
1957 4833 2111 4888 labo-

520 4947 637 4986 rem
672 4930 876 4995 subire,
907 4936 1002 4984 aut
1029 4943 1213 4984 rerum
1241 4926 1523 4998 dispendia
1557 4928 1698 4997 pati,
1727 4926 1908 4981 autde
1947 4925 2110 4981 bonis

519 5026 634 5080 suis
664 5039 827 5094 opem
858 5022 1018 5077 matri
1053 5037 1168 5078 sua
1198 5021 1457 5077 Ecclesia
1486 5018 1628 5075 ferre
1673 5020 1965 5074 curavisse.
1997 5020 2108 5072 Vc-

515 5135 664 5185 rum,
694 5125 970 5187 utcunque
1008 5115 1324 5172 fraternitas
1355 5121 1526 5169 vestra
1557 5128 1675 5167 sese
1716 5111 1984 5176 habuerit,
2015 5111 2108 5166 be-

515 5213 762 5269 nedictus
784 5213 934 5266 Deus
956 5218 1011 5264 et
1046 5209 1274 5265 Domini
1311 5207 1481 5263 nostri
1511 5210 1640 5261 Jesu
1674 5204 1874 5260 Christi
1922 5207 2104 5273 Pater,

515 5305 629 5378 qui,
681 5319 785 5360 nos
821 5304 888 5359 ab
927 5302 1364 5360 adversariorum
1412 5299 1670 5354 manibus
1706 5306 1760 5354 et
1796 5307 2105 5369 persecuto-

513 5415 637 5455 rum
684 5397 934 5454 violentia
972 5405 1282 5468 protegens,
1323 5393 1586 5448 hactenus
1616 5393 1668 5446 in
1709 5407 1874 5446 manu
1917 5401 2104 5448 nostra

503 5490 778 5562 justitiam
825 5487 1125 5545 secundum
1175 5485 1549 5541 testimonium
1597 5485 1944 5542 conscientia
2004 5503 2106 5542 no-

510 5593 640 5641 stra
667 5581 942 5648 defendit;
975 5589 1162 5651 atque,
1194 5577 1453 5650 potentia
1489 5593 1602 5633 sua
1629 5577 1812 5650 vigore
1844 5577 2101 5636 humana

509 5676 836 5733 inﬁrmitatis
864 5671 1297 5728 imbecillitatem
1327 5679 1574 5726 nostram
1605 5673 1988 5741 corroborans,
2028 5672 2101 5728 ad

505 5769 850 5838 iniquitatem
882 5766 1122 5822 converti
1150 5765 1314 5821 nullis
1339 5781 1440 5822 nos
1471 5766 1895 5837 promissionum
1943 5767 2099 5824 blan-

507 5860 682 5926 ditiis,
721 5860 890 5916 nullis
927 5859 1239 5915 vexantium
1282 5860 1580 5919 terroribus
1628 5862 1774 5919 sinit.
1824 5863 1929 5935 lpsi
1967 5878 2097 5935 ergo

2223 3341 2363 3396 riam
2396 3340 2708 3397 futurorum
2736 3357 2849 3397 non
2877 3343 3058 3398 solum
3100 3342 3294 3397 litteris
3323 3341 3600 3408 intimare,
3625 3357 3832 3398 verum

2224 3434 2387 3489 etiam
2431 3435 2763 3490 auctoritate
2804 3434 2955 3490 sedis
2999 3435 3314 3506 apostolica
3362 3435 3581 3489 munire
3630 3433 3832 3490 debea-

2224 3543 2370 3583 mus.
2404 3529 2542 3584 Cum
2571 3528 2721 3582 enim
2755 3530 2955 3599 Capua
3005 3543 3272 3595 essemus,
3301 3527 3484 3583 clerici
3516 3526 3660 3582 illius
3691 3527 3833 3582 civi-

2224 3621 2350 3675 tatis
2409 3621 2692 3693 conquesti
2746 3629 2905 3686 sunt,
2977 3621 3224 3676 dicentes
3285 3620 3572 3676 ecclesiam
3632 3621 3829 3676 Sancti

2227 3715 2443 3783 Angeli,
2474 3729 2596 3785 qua
2625 3715 2757 3770 olim
2787 3713 2964 3770 fuerat
2997 3714 3129 3784 juris
3171 3716 3438 3784 Capuana
3467 3714 3740 3780 ecclesia,
3776 3716 3830 3768 in

2191 3835 2200 3840 -
2219 3806 2310 3879 jus
2350 3808 2664 3862 monasterii
2722 3808 2901 3864 Sancti
2932 3807 3211 3864 Benedicti
3261 3806 3461 3879 injusto
3501 3808 3833 3863 concambio

2225 3900 2502 3956 transisse.
2531 3903 2712 3970 Quam
2732 3902 2995 3958 nimirum
3021 3901 3422 3973 querimoniam
3450 3899 3828 3956 indiscussam

2228 4009 2338 4050 non
2365 3996 2770 4066 permittentes,
2813 4012 2910 4068 per
2947 3995 3217 4051 discretos
3245 4003 3302 4050 et
3325 4009 3542 4050 veraces
3571 3994 3718 4050 viros
3748 3994 3834 4051 di-

2227 4087 2459 4159 ligenter
2484 4088 2864 4161 inquisivimus
2900 4097 3088 4144 utrum
3113 4087 3496 4145 concambium
3533 4085 3682 4157 quod
3714 4104 3832 4158 pro

2227 4182 2421 4238 eadem
2440 4184 2676 4239 Ecclesia
2698 4183 2886 4240 datum
2912 4182 3106 4251 fuerat,
3125 4182 3379 4239 sufﬁcere
3394 4180 3688 4239 videretur.
3708 4183 3832 4252 Qui

2225 4275 2470 4333 videlicet
2518 4277 2615 4332 viri
2658 4277 2788 4333 illud
2841 4275 2992 4349 quod
3041 4277 3118 4332 eis
3187 4275 3524 4348 injunximus
3574 4273 3832 4332 studiose

2224 4370 2622 4442 perquirentes,
2679 4371 3081 4442 probaverunt,
3129 4368 3279 4442 quod
3329 4385 3428 4441 pro
3488 4369 3830 4425 concambio

2223 4463 2494 4518 donatum
2524 4462 2724 4530 fuerat,
2756 4463 3007 4519 videlicet
3045 4463 3334 4519 ecclesiam
3371 4461 3557 4518 Sancti
3584 4462 3832 4518 Joannis

2227 4556 2363 4611 infra
2399 4559 2715 4627 Capuanam
2755 4557 3031 4612 civitatem
3061 4556 3252 4623 sitam,
3291 4555 3413 4627 plus
3449 4555 3834 4626 possessionis

2224 4659 2279 4706 et
2303 4650 2612 4706 ornamenti
2643 4649 2920 4706 habuisse.
2953 4650 3074 4706 Hoc
3111 4648 3276 4705 etiam
3303 4647 3511 4704 Erbeus
3549 4655 3684 4704 tunc
3739 4665 3835 4705 ar-

2219 4743 2595 4816 chiepiscopus
2622 4743 2866 4817 ejusdem
2897 4743 3132 4798 civitatis
3159 4757 3280 4799 rem
3308 4739 3690 4798 indubitanter
3738 4757 3836 4798 co-

2218 4837 2468 4908 gnovisse
2507 4845 2736 4894 testatus
2780 4844 2883 4893 est.
2930 4835 3096 4892 Unde
3119 4835 3437 4892 testimonio
3467 4837 3836 4904 competenti

2218 4940 2495 5002 promoto,
2518 4931 2632 4987 litis
2651 4930 2802 4986 omni
2819 4929 3096 4986 dubietate
3111 4928 3348 4996 sublata,
3365 4927 3679 4984 censuimus
3697 4936 3836 4985 tam

2218 5025 2690 5097 archiepiscopum
2719 5039 2886 5096 quam
2929 5025 3217 5095 Capuanos
3248 5021 3472 5078 clericos
3521 5021 3576 5075 in
3614 5036 3834 5094 perpe-

2217 5125 2372 5174 tuum
2410 5118 2480 5174 ab
2516 5118 2616 5173 hac
2650 5118 2950 5189 quastione
2982 5116 3285 5189 quiescere,
3326 5123 3379 5170 et
3405 5113 3474 5170 de
3499 5113 3612 5185 jam
3661 5113 3839 5172 dicto

2216 5211 2535 5268 concambio
2556 5211 2761 5266 nullam
2790 5210 3046 5282 deinceps
3070 5210 3216 5266 litem
3242 5222 3589 5280 promovere.
3621 5209 3834 5277 Unde,

2209 5305 2365 5377 juxta
2391 5304 2747 5360 fraternitatis
2781 5313 2890 5360 tua
2921 5302 3367 5377 postulationem,
3408 5301 3674 5373 prasenti
3717 5303 3841 5374 prio

2214 5399 2404 5470 vilegio
2451 5397 2677 5452 firmum
2728 5397 2836 5453 hoc
2883 5405 2938 5452 et
2982 5397 3036 5453 in
3087 5403 3407 5468 perpetuum
3450 5393 3642 5451 stabile
3661 5394 3836 5466 judi-

2212 5500 2422 5556 cantes,
2459 5491 2803 5548 decernimus
2831 5499 2891 5547 ut
2931 5491 2986 5546 in
3017 5489 3283 5564 pradicto
3309 5489 3429 5544 loco
3459 5487 3645 5544 Sancti
3709 5492 3837 5545 An-

2209 5585 2310 5658 geli
2383 5584 2576 5656 religio
2629 5585 3026 5642 monachorum
3087 5582 3192 5639 sub
3241 5598 3371 5638 cura
3438 5590 3492 5636 et
3542 5579 3836 5653 regimine

2208 5677 2420 5734 abbatis
2458 5679 2662 5734 Montis
2701 5678 2911 5734 Cassini
2943 5676 3307 5748 omnipotenti
3351 5678 3470 5731 Deo
3509 5672 3830 5731 deserviat.

2208 5773 2306 5828 Cui
2347 5773 2617 5828 nimirum
2647 5772 2893 5828 ecclesia
2944 5769 3106 5843 hujus
3151 5767 3301 5824 modi
3333 5766 3680 5839 privilegium
3734 5769 3832 5824 in-

2206 5865 2513 5940 dulgemus,
2553 5865 2904 5922 concedimus
2951 5871 3114 5934 atque
3157 5861 3463 5927 firmamus,
3495 5867 3839 5920 statuentes
