4044 6186
282 295 390 348 689

277 523 434 583 tum,
482 513 695 571 nullum
742 530 1069 588 quacunque
1103 517 1367 591 dignitate
1416 519 1736 590 przeditum,
1789 522 1870 577 vel

276 624 620 680 quemquam
640 608 806 664 alium
840 608 1042 666 audere
1070 610 1139 667 de
1159 610 1246 666 his
1275 628 1397 683 quae
1429 614 1607 670 eidem
1641 631 1867 670 venera-

275 700 372 757 bili
402 703 520 758 loco
567 718 596 757 a
643 703 977 774 quibuslibet
1024 704 1341 761 hominibus
1386 706 1453 762 de
1498 708 1720 779 proprio
1747 710 1872 779 jure

266 794 393 866 jam
437 795 637 851 donata
676 805 823 865 sunt,
863 797 946 853 vel
978 798 1035 853 in
1078 797 1345 866 futurum,
1388 803 1505 856 Deo
1560 804 1869 860 miserante.

276 888 475 944 collata
549 887 785 954 fuerint,
862 890 966 947 sub
1026 893 1319 964 cujuslibet
1388 911 1567 950 causa:
1628 897 1871 951 occasio-

276 983 432 1037 nisve
461 983 642 1053 specie
686 984 956 1051 minuere,
1003 987 1085 1041 vel
1116 985 1351 1054 auferre,
1400 988 1514 1043 sive
1544 990 1657 1045 suis
1686 990 1876 1045 usibus

276 1076 574 1145 applicare,
622 1077 701 1131 vel
753 1077 893 1145 aliis,
943 1079 1095 1150 quasi
1140 1080 1238 1150 piis
1279 1080 1348 1137 de
1378 1082 1573 1147 causis,
1617 1099 1713 1152 pro
1762 1098 1875 1139 sua:

274 1170 520 1224 avaritiae
562 1172 917 1228 excusatione
955 1172 1251 1229 concedere
1284 1194 1297 1229 :
1333 1174 1432 1230 sed
1481 1185 1701 1241 cuncta,
1752 1192 1875 1248 qum

276 1262 357 1318 ibi
398 1262 578 1318 oblata
619 1272 763 1331 sunt,
796 1266 877 1320 vel
928 1266 1115 1322 offerri
1162 1268 1463 1340 contigerit
1500 1285 1530 1322 a
1576 1285 1873 1340 quoquam,

272 1357 345 1412 ab
392 1358 473 1411 eis
518 1360 611 1429 qui
649 1358 705 1413 in
751 1367 844 1414 tuo
875 1359 1060 1416 ofﬁcio
1091 1363 1318 1433 locoque
1369 1362 1748 1429 successerint,
1782 1379 1871 1429 pe-

274 1453 437 1506 renni
484 1461 729 1523 tempore
769 1452 972 1509 illibata
1019 1464 1072 1509 et
1121 1456 1240 1511 sine
1271 1455 1654 1528 inquietudine
1700 1456 1874 1527 aliqua

275 1544 534 1600 volumus
592 1545 893 1616 possideri,
951 1564 1146 1603 eorum
1196 1550 1418 1615 usibus,
1484 1565 1582 1620 pro
1636 1566 1873 1621 quorum

272 1639 673 1695 sustentatione
698 1641 1205 1713 gubernationeque
1231 1659 1487 1698 concessa
1514 1652 1663 1710 sunt,
1696 1642 1872 1699 modis

273 1732 536 1788 omnibus
584 1732 886 1804 profutura.
936 1738 1070 1790 Haec
1125 1736 1292 1807 igitur
1320 1738 1502 1791 omnia
1549 1753 1673 1808 qua
1717 1736 1879 1807 hujus

273 1828 533 1899 praecepti
578 1826 891 1900 decretique
933 1829 1109 1884 nostri
1142 1830 1336 1901 pagina
1369 1831 1613 1885 continet
1652 1830 1702 1884 in
1753 1846 1875 1899 per-
1911 1809 1956 1870 Β

274 1930 504 1992 petuum
530 1923 861 1978 reservanda
900 1922 1267 1979 decernimus.
1297 1924 1352 1978 Si
1383 1924 1505 1996 quis
1542 1940 1670 1979 vero
1706 1924 1876 1995 impe-

273 2022 563 2080 ratorum,
628 2031 849 2087 regum,
912 2016 1251 2087 principum,
1302 2016 1673 2083 sacerdotum,
1723 2016 1878 2072 cleri-

272 2124 490 2176 corum,
537 2108 785 2177 judicum
834 2125 897 2163 ac
937 2110 1283 2165 saecularium
1332 2127 1689 2182 personarum
1736 2110 1875 2166 hanc

269 2202 685 2256 constitutionis
706 2212 909 2258 nostrae
930 2204 1183 2275 paginam
1203 2220 1526 2275 agnoscens,
1542 2213 1730 2259 contra
1752 2220 1874 2260 eam

268 2297 573 2350 temerario
602 2310 737 2351 ausu
774 2298 965 2352 venire
1008 2298 1326 2362 tentaverit,
1365 2299 1677 2354 admonitus
1706 2298 1873 2353 semel

274 2400 326 2446 et
366 2391 568 2447 iterum
616 2408 789 2463 usque
838 2394 1001 2448 tertio
1053 2409 1149 2464 per
1189 2395 1575 2450 convenientes
1605 2395 1873 2460 inducias,

274 2485 316 2538 si
364 2500 480 2539 non
530 2486 851 2555 resipuerit,
904 2495 1069 2557 atque
1127 2487 1399 2557 przedictzc
1446 2488 1705 2542 Ecclesia:
1761 2503 1875 2541 non

273 2577 621 2644 satisfecerit,
664 2580 942 2650 potestatis
978 2579 1313 2652 honorisque
1352 2582 1431 2636 sui
1478 2581 1740 2651 dignitate
1783 2596 1874 2635 ca-

274 2680 412 2740 reat,
446 2688 707 2743 reumque
734 2688 792 2728 se
827 2672 1016 2729 divino
1057 2672 1263 2743 judicio
1311 2674 1540 2729 existere
1568 2672 1639 2729 de
1682 2689 1877 2744 perpe-

276 2774 417 2821 trata
456 2765 743 2836 iniquitate
773 2775 1104 2837 cognoscat;
1149 2775 1205 2822 et
1245 2767 1347 2822 nisi
1393 2782 1453 2821 ea
1496 2782 1621 2838 quae
1674 2766 1741 2820 ab
1786 2766 1877 2819 illo

274 2867 404 2914 sunt
447 2859 594 2913 male
639 2860 816 2914 ablata
846 2858 1168 2928 restituerit,
1211 2859 1294 2914 vel
1336 2859 1502 2930 digna
1551 2858 1873 2928 paenitentia

275 2953 457 3007 illicite
504 2960 619 3008 acta
665 2951 979 3019 deﬂeverit,
1025 2970 1053 3006 a
1109 2952 1485 3007 sacratissimo
1534 2967 1765 3023 corpore
1825 2960 1881 3007 et

274 3046 543 3118 sanguine
581 3047 807 3102 Domini
854 3047 1219 3119 redemptoris
1276 3048 1449 3103 nostri
1497 3050 1629 3102 Jesu
1676 3047 1878 3104 Christi

1217 297 1559 353 EPISTOL.‘E
1598 301 1817 356 EXTBA
1856 301 2234 359 REGISTRUM
2271 303 2645 359 VAGANTES.

279 421 500 476 nullum
539 422 964 492 imperatorum,
1016 438 1233 495 regum,
1278 426 1615 497 principum,
1663 428 1879 482 autisti-
1907 431 1963 492 Α

3480 303 3581 356 690

2690 429 2869 484 XLII.

2235 539 2484 605 Gregorii
2533 539 2637 592 VII
2663 536 2886 606 epistola
2913 536 2986 589 ad
3022 536 3327 590 Germaiws.

2586 632 2767 694 (Anno
2801 628 2983 695 1079.)

2372 726 2618 791 [MANSI,
2649 723 2843 778 Concil.
2872 722 3019 788 XX,
3048 724 3193 787 383.]

2058 816 2448 879 Gnsnonws,
2469 832 2654 871 servus
2678 831 2962 870 servorum
2988 816 3112 875 Dei,
3134 813 3396 869 omnibus
3425 812 3577 868 ιιι-(οὴί

1984 910 2255 980 episcopis
2314 909 2367 962 in
2419 909 2725 964 Teutonico
2778 917 2941 978 atque
2990 909 3043 961 in
3094 907 3361 963 Saxonico
3410 922 3580 975 regno

1981 1000 2480 1067 commanentibus,
2524 1002 2889 1073 omnibusque
2930 1001 3283 1072 principibus,
3339 1000 3579 1055 cunctis-

1981 1112 2087 1167 que
2116 1095 2420 1167 majoribus
2450 1103 2503 1150 et
2549 1095 2856 1150 minoribus
2876 1137 2889 1160 ,
2923 1094 3013 1164 qui
3046 1110 3157 1149 non
3202 1103 3328 1149 sunt
3357 1110 3576 1149 excom-

1984 1188 2245 1244 municati
2270 1198 2325 1243 et
2345 1189 2567 1245 obedire
2583 1189 2874 1253 voluerint,
2894 1187 3127 1241 salutem
3151 1195 3204 1242 et
3216 1188 3574 1259 apostolicam

1984 1282 2450 1338 benedictionem.

2055 1373 2347 1441 Quomodo
2382 1389 2447 1428 ex
2482 1374 2570 1428 lite
2606 1381 2658 1428 et
2689 1373 3031 1428 dissensione
3061 1380 3235 1427 vestra
3275 1370 3577 1425 maximum

1984 1466 2042 1520 in
2072 1474 2257 1521 sancta
2282 1466 2526 1521 Ecclesia
2558 1466 2860 1537 periculum
2887 1466 3001 1521 ﬁeri
3026 1464 3273 1537 quotidie
3298 1464 3587 1535 cognosci—

1985 1574 2128 1624 mus,
2154 1558 2331 1613 visum
2357 1567 2441 1613 est
2468 1560 2648 1625 nobis,
2678 1558 2853 1614 visum
2890 1567 2971 1613 est
3003 1568 3058 1614 et
3096 1558 3358 1613 fratribus
3383 1556 3587 1611 nostris

1981 1652 2033 1706 in
2082 1652 2311 1707 concilio
2359 1652 2722 1723 congregatis,
2773 1667 2990 1707 summa
3039 1668 3141 1721 ope
3168 1651 3449 1706 elaborare
3489 1664 3587 1720 pro

1989 1744 2214 1811 viribus,
2245 1754 2516 1815 quatenus
2556 1745 2737 1801 idonei
2764 1746 2944 1800 nuntii
2982 1754 3095 1800 tam
3123 1745 3380 1814 religione
3419 1759 3587 1814 quam

1992 1838 2216 1892 scientia
2247 1838 2511 1909 pollentes
2532 1846 2587 1893 et
2611 1839 2778 1894 latere
2802 1838 3117 1907 apostolica:
3143 1838 3288 1893 sedis
3307 1836 3376 1892 ad
3407 1843 3589 1908 partes

1989 1939 2197 1986 vestras
2237 1931 2604 1996 mitterentur,
2646 1932 2736 2002 qui
2768 1931 3055 2003 religiosos
3085 1930 3388 2001 episcopos,
3422 1929 3591 1984 laicos

1987 2024 2150 2078 etiam
2185 2024 2331 2094 pacis
2360 2032 2412 2079 et
2440 2024 2671 2095 justitiee
2701 2033 2999 2090 amatores,
3032 2024 3086 2078 in
3121 2023 3371 2095 partibus
3401 2022 3590 2077 vestris

1985 2126 2422 2183 commorantes,
2476 2116 2541 2171 ad
2584 2117 2689 2171 hoc
2722 2133 2861 2188 opus
2892 2117 3117 2172 idoneos
3165 2123 3586 2186 congregarent,

1986 2211 2098 2281 qui,
2116 2210 2338 2265 Domini
2357 2210 2523 2281 gratia
2537 2219 2834 2280 praeeunte,
2851 2210 2938 2266 die
2949 2218 3002 2265 et
3016 2211 3137 2265 loco
3154 2209 3342 2263 abillis
3358 2216 3588 2273 statuto,

1985 2312 2095 2358 tam
2126 2304 2225 2374 ipsi
2251 2320 2416 2374 quam
2445 2320 2584 2375 quos
2610 2303 2742 2374 ipsis
2771 2303 3067 2374 adjungere
3085 2302 3270 2357 adhuc
3297 2301 3584 2366 debemus,

1984 2406 2079 2452 aut
2094 2413 2283 2467 pacem
2295 2406 2649 2467 componant,
2671 2405 2783 2462 aut,
2807 2398 3037 2452 veritate
3055 2396 3407 2467 praecognita,
3427 2410 3591 2465 super

1985 2490 2108 2544 illos
2138 2491 2229 2561 qui
2251 2499 2387 2546 sunt
2415 2492 2553 2545 tanti
2585 2490 2799 2547 dissidii
2832 2506 3015 2555 causa,
3044 2489 3369 2544 canonicam
3393 2504 3594 2545 censu-

1986 2599 2106 2637 ram
2137 2591 2450 2639 exerceant.
2489 2587 2694 2639 Verum
2737 2582 3018 2654 quomodo
3058 2583 3353 2638 nonnullos
3394 2581 3589 2637 diabo-

1987 2674 2091 2731 lico
2119 2675 2378 2730 instinctu
2412 2676 2717 2741 confectos,
2751 2676 3055 2746 iniquitatis
3071 2692 3189 2732 sua:
3217 2675 3427 2731 facibus
3452 2674 3591 2745 igni-

1990 2777 2093 2832 tos,
2144 2768 2448 2839 cupiditate
2493 2768 2765 2835 inductos,
2813 2767 3149 2823 discordiam
3202 2769 3381 2839 potius
3424 2782 3593 2837 quam

1988 2877 2175 2930 pacem
2213 2862 2326 2916 lieri
2360 2870 2413 2917 et
2455 2862 2639 2917 videre
2669 2861 3041 2916 desiderantes
3070 2860 3191 2916 fore
3222 2878 3329 2916 non
3374 2856 3593 2932 ignora-

1988 2970 2131 3020 mus,
2157 2955 2450 3010 statuimus
2476 2955 2533 3009 iu
2556 2954 2661 3010 hac
2684 2954 2919 3026 synodo,
2951 2954 3096 3009 sicut
3120 2962 3175 3009 et
3203 2954 3255 3008 in
3288 2954 3583 3024 prieterita,

1988 3056 2048 3103 ut
2089 3048 2233 3102 nulla
2283 3063 2519 3119 persona
2569 3047 2799 3118 alicujus
2852 3046 3111 3117 potentiae
3150 3048 3231 3101 vel
3278 3045 3591 3116 dignitatis,

272 3140 483 3195 alienus
512 3140 603 3207 sit,
650 3149 816 3212 atque
862 3141 918 3195 in
960 3149 1213 3197 extremo
1261 3140 1515 3196 examine
1558 3139 1875 3196 districtiori
1910 3180 1955 3240 Ο
1987 3140 2099 3197 sive
2130 3157 2314 3213 parva,
2364 3141 2475 3197 sive
2508 3156 2727 3212 magna,
2781 3141 2895 3196 sive
2940 3140 3207 3211 princeps,
3256 3140 3371 3195 sive
3406 3139 3589 3209 subje-

266 3234 471 3288 nltioni
493 3233 783 3305 subjaceat.
818 3235 1042 3290 Cunctis
1066 3243 1258 3289 autem
1289 3235 1343 3289 in
1370 3234 1549 3289 eidem
1583 3233 1706 3290 loco
1732 3236 1881 3306 juste

271 3327 716 3392 observantibus,
759 3328 831 3383 sit
860 3344 962 3399 pax
994 3328 1219 3383 Domini
1261 3329 1437 3384 nostri
1476 3331 1605 3384 Jesu
1651 3327 1877 3398 Christi,

274 3428 552 3492 quatenus
598 3429 652 3475 et
689 3420 775 3474 hic
804 3419 1042 3475 fructum
1076 3421 1237 3477 bona:
1281 3421 1515 3476 actionis
1558 3422 1875 3493 percipiant,

274 3522 331 3567 et
374 3511 519 3583 apud
569 3511 881 3568 districtum
922 3514 1164 3585 judicem
1208 3515 1433 3585 praemia
1475 3521 1693 3569 zeternae
1732 3513 1881 3583 pacis

274 3606 578 3661 inveniant.
631 3609 996 3673 Miseraﬂiones
1046 3614 1170 3674 tuw,
1215 3610 1465 3669 Domine,
1518 3623 1675 3675 super
1703 3609 1879 3660 omnia

276 3717 442 3770 Opera
467 3707 563 3755 tua
594 3702 755 3765 (Psal.
786 3706 1012 3763 cxuv).

352 3798 556 3848 Datum
584 3796 780 3849 Romae
800 3793 1036 3862 septimo
1068 3793 1193 3847 ldus
1212 3793 1531 3848 Decembris
1558 3808 1653 3863 per
1680 3806 1880 3847 manus

280 3888 453 3951 Petri,
468 3890 679 3943 Sanctae
692 3890 960 3942 Romanae
976 3886 1232 3941 Ecclesia;
1248 3886 1576 3958 presbyteri,
1590 3884 1880 3941 cardinalis

276 3989 336 4035 et
366 3980 791 4047 bibliothecarii;
821 3996 966 4035 anno
998 3995 1127 4035 vero
1163 3995 1229 4034 γι
1279 3978 1627 4050 pontiﬁcatus
1656 3979 1875 4033 Domini

275 4075 536 4146 Gregorii
571 4073 783 4145 septimi
814 4090 990 4146 papae,
1020 4072 1314 4129 indictione
1347 4087 1417 4126 ιι.

1004 4194 1157 4247 XLI.

278 4313 499 4365 Litterce
524 4310 969 4363 commendatitiw
992 4310 1243 4376 Gregorii
1273 4310 1380 4362 VII
1396 4308 1541 4361 datm
1561 4308 1881 4377 Berengario

686 4386 807 4449 post
838 4382 1115 4435 consilium
1150 4384 1467 4436 Romanum.

870 4496 1048 4564 (Anno
1111 4501 1293 4559 1079.)

678 4610 927 4684 [MANSI,
956 4612 1148 4667 Concil.
1182 4611 1315 4676 XX,
1355 4610 1502 4682 62L]

348 4730 728 4790 Gnnoonws.
754 4741 943 4782 servus
970 4741 1254 4781 servorum
1282 4725 1383 4781 Dei
1401 4766 1413 4789 ,
1431 4725 1687 4780 omnibus
1717 4726 1878 4780 beato

277 4825 443 4879 Petro
491 4820 744 4877 ﬁdelibus
792 4821 1025 4875 salutem
1056 4828 1112 4876 et
1150 4819 1511 4890 apostolicam
1548 4817 1883 4875 benedictio-

276 4932 431 4973 nenn.

351 5012 565 5067 Notum
605 5009 758 5064 vobis
802 5008 1063 5063 omnibus
1100 5006 1332 5063 facimus
1360 5021 1461 5061 nos
1490 5005 1781 5061 anathema
1815 5004 1887 5060 fe-

277 5105 416 5161 cisse
454 5119 522 5159 ex
556 5102 877 5158 auctoritate
892 5103 996 5158 Dei
1023 5100 1422 5171 omnipotentis
1450 5099 1646 5164 Patris,
1675 5106 1729 5153 et
1748 5099 1885 5166 Filii,

277 5208 332 5254 et
360 5198 605 5270 Spiritus
640 5196 833 5260 sancti,
862 5203 915 5251 et
940 5195 1226 5250 beatorum
1256 5194 1640 5265 apostolorum
1664 5192 1812 5249 Petri
1834 5201 1889 5247 et

278 5292 431 5349 Pauli
480 5290 743 5347 omnibus
787 5290 881 5361 qui
933 5288 1192 5361 injuriam
1243 5288 1483 5358 aliquam
1526 5285 1705 5342 facere
1758 5303 1891 5357 prae-

278 5385 623 5457 sumpserint
640 5383 987 5454 Berengario,
1010 5384 1278 5438 Romana:
1296 5381 1550 5437 Ecclesiae
1572 5380 1707 5447 ﬁlio,
1728 5380 1807 5434 vel
1833 5380 1890 5434 in

281 5495 546 5551 persona,
576 5477 656 5533 vel
686 5479 745 5532 in
787 5478 943 5532 omni
976 5476 1318 5546 possessione
1345 5491 1465 5541 sua,
1493 5474 1573 5530 vel
1621 5474 1717 5547 qui
1762 5489 1889 5528 eum

285 5574 501 5629 vocarit
555 5570 897 5627 haereticum.
944 5571 1126 5639 Quem
1175 5578 1297 5640 post
1337 5568 1541 5623 multas
1578 5583 1713 5639 quas
1745 5566 1889 5638 apud

287 5683 410 5732 nos,
446 5674 685 5739 quantas
720 5665 1013 5731 voluimus,
1051 5663 1183 5718 fecit
1225 5677 1435 5727 moras,
1469 5660 1699 5715 domum
1736 5675 1890 5713 suam

290 5761 653 5827 remittimus,
684 5768 738 5815 et
764 5774 893 5815 cum
920 5772 985 5813 eo
1024 5756 1242 5813 ﬁdelem
1277 5763 1557 5818 nostrum,
1591 5753 1891 5810 Fulconem

291 5854 541 5909 nomine.

1915 4590 1966 4652 D

1991 3245 2133 3303 ctus,
2167 3236 2345 3307 aliqua
2368 3235 2799 3307 praesumptione
2826 3234 3024 3291 audeat
3052 3234 3247 3305 legatis
3276 3233 3479 3289 nostris
3500 3234 3593 3289 ob-

1990 3331 2179 3385 sistere
2205 3338 2279 3395 et,
2320 3345 2447 3385 cum
2487 3328 2557 3383 ad
2582 3343 2676 3384 vos
2707 3328 3068 3399 pervenerint,
3099 3326 3167 3381 de
3196 3326 3587 3397 componenda

1992 3438 2131 3493 pace
2149 3422 2442 3490 contraire,
2460 3438 2559 3478 nec
2578 3430 2764 3493 postea
2779 3429 2970 3476 contra
2987 3420 3335 3477 interdictum
3348 3420 3591 3486 illorum,

1988 3516 2128 3571 alter
2171 3516 2225 3570 in
2274 3513 2509 3571 alterum
2548 3514 2747 3571 audeat
2788 3515 3102 3585 insurgere,
3153 3514 3251 3569 sed
3302 3529 3475 3586 usque
3524 3514 3595 3570 ad

1989 3608 2137 3663 diem
2180 3611 2246 3664 ab
2297 3609 2403 3664 illis
2446 3616 2720 3664 statutum
2752 3609 2968 3661 ﬁrmam
3012 3622 3200 3676 pacem
3246 3622 3441 3662 omnes
3476 3607 3593 3662 sine

1989 3701 2095 3757 ulla
2134 3702 2419 3758 occasione
2453 3710 2509 3757 et
2550 3701 2738 3757 fraude
2772 3700 3091 3756 observent.
3142 3700 3466 3771 Quicunque
3492 3717 3590 3754 au-

1984 3803 2103 3851 tem
2146 3796 2263 3851 haec
2301 3805 2475 3851 vestra
2507 3804 2711 3851 statuta
2762 3795 2870 3850 ulla
2916 3795 3344 3866 praesumptione
3390 3795 3592 3850 violare

1985 3890 2295 3955 tentaverit,
2325 3889 2692 3945 auathematis
2715 3889 2928 3944 vinculo
2956 3905 3083 3944 eum
3112 3889 3367 3959 Iigamus,
3400 3896 3454 3944 et
3477 3904 3591 3944 non

1989 3984 2169 4037 solum
2216 3984 2271 4038 in
2317 3983 2542 4053 spiritu,
2587 3998 2779 4038 verum
2825 3982 2991 4037 etiam
3039 3984 3097 4036 in
3140 3997 3374 4053 corpore
3425 3991 3481 4037 et
3532 3982 3588 4035 in

1989 4076 2139 4131 omni
2171 4076 2527 4148 prOSperitate
2570 4075 2734 4146 hujus
2763 4076 2889 4131 vitae
2927 4075 3223 4147 apostolica
3260 4075 3589 4131 auctoritate

1987 4170 2318 4226 innodamus
2350 4179 2403 4226 et
2439 4172 2729 4227 victoriam
2760 4170 2816 4224 in
2851 4170 3021 4225 armis
3059 4168 3383 4237 auferimus,
3423 4178 3482 4223 ut
3512 4170 3589 4225 sic

1990 4266 2183 4320 saltem
2228 4248 2637 4319 confundantur
2704 4272 2759 4319 et
2794 4263 2995 4335 duplici
3036 4261 3363 4318 contritione
3405 4272 3587 4319 conte-
3640 4334 3643 4337 γ

1990 4366 2212 4412 rantur.

2687 4452 2893 4505 XLIII.

2164 4557 2411 4622 Gregorii
2446 4557 2548 4610 ΠΙ
2569 4556 2793 4623 epistola
2812 4554 2885 4605 ad
2908 4553 3201 4617 Itodulf‘um
3222 4565 3419 4617 regem.

2599 4652 2781 4711 (Anno
2804 4651 2985 4710 1079.)

1987 4747 2223 4812 [Bruno,
2280 4746 2351 4812 l_)e
2405 4742 2534 4795 bello
2586 4741 2879 4812 Saxonico,
2928 4754 3015 4809 ap.
3069 4740 3291 4812 Psnrz,
3349 4740 3587 4794 Monum.

2288 4804 2304 4817 '
2348 4817 2524 4869 Germ.
2568 4813 2720 4877 hist,
2751 4804 3050 4881 Script.'v,
3083 4808 3231 4882 37s.]

2064 4917 2414 4970 GBEGOBlUS
2443 4912 2749 4983 episcopus,
2777 4926 2964 4967 servus
3001 4924 3283 4965 servorum
3320 4908 3438 4975 Dei,
3470 4912 3589 4965 R0-

1995 5022 2195 5064 DULFO
2211 5007 2317 5075 regi
2338 5015 2392 5060 et
2407 5005 2661 5060 omnibus
2674 5019 2864 5060 secum
2881 5003 3253 5059 Christianam
3269 5001 3589 5076 religionem

1994 5100 2412 5158 defendentibus
2460 5098 2693 5154 salutem
2741 5106 2795 5154 et
2839 5097 3197 5168 apostolicam
3253 5095 3590 5154 benedictio-

1996 5212 2143 5252 nenL

2068 5288 2228 5358 Quod
2259 5303 2486 5357 regnum
2516 5287 2967 5352 Teutonicorum,
3001 5284 3266 5339 hactenus
3296 5282 3434 5335 inter
3462 5295 3590 5334 om-

1997 5383 2088 5436 nia
2118 5380 2308 5437 mundi
2344 5396 2507 5452 regna
2534 5379 2961 5445 nobilissimum,
2982 5377 3098 5449 jam
3125 5375 3278 5430 video
3304 5373 3590 5439 incendiis,

2000 5474 2237 5531 caedibus
2274 5481 2328 5529 et
2360 5474 2561 5545 rapinis
2588 5471 2879 5539 devastati,
2911 5468 3173 5526 confundi
3218 5475 3273 5523 et
3300 5467 3588 5531 annullari,

1998 5584 2162 5639 quam
2212 5583 2445 5639 magnus
2494 5565 2688 5622 exinde
2733 5564 2887 5621 cordi
2944 5579 3070 5619 meo
3127 5562 3283 5618 dolor
3330 5560 3589 5624 insideat,

1998 5676 2164 5731 quam
2222 5660 2513 5715 continuus
2566 5660 2621 5714 in
2667 5659 2968 5715 visceribus
3026 5656 3161 5710 meis
3212 5670 3301 5709 me
3357 5653 3590 5725 gemitus

1997 5753 2221 5819 afﬁciat,
2258 5755 2410 5808 testis
2447 5761 2528 5809 est
2558 5752 2646 5808 ille
2684 5752 2854 5817 solus,
2886 5750 2976 5819 qui
3015 5749 3262 5803 omnium
3304 5744 3589 5799 hominum

1999 5844 2163 5902 corda
2205 5853 2476 5901 scrutatur
2512 5852 2566 5899 et
2614 5842 2825 5913 probat.
2876 5839 3207 5895 Deferuntur
3252 5835 3396 5893 enim
3456 5832 3589 5889 mihi
