4044 6186
487 257 581 311 691

1435 252 1491 305 S.
1530 250 1846 306 GREGORII
1882 250 1968 304 Vll
2011 248 2204 304 ΡᾹΡΑΞ
2243 246 2515 299 OPERUM
2555 244 2723 299 PARS
2763 245 2826 298 ll.

3673 245 3788 296 692

487 382 602 454 jam
634 381 831 452 saepius
886 381 1177 451 legationes
1231 376 1474 441 Henrici,
1519 391 1650 431 cum
1697 391 1792 447 per
1830 375 2080 446 proprios
2115 378 2165 440 Α
2196 387 2324 428 cum
2372 379 2562 426 nostra
2611 370 2914 437 voluntate,
2962 378 3015 425 et
3060 368 3359 443 apostolica
3411 365 3791 424 benedictione

489 475 736 543 nuntios,
763 485 880 530 tum
906 489 1003 543 per
1028 480 1288 542 cognatos
1306 478 1360 526 et
1379 469 1603 525 aliarum
1633 479 1905 526 terrarum
1935 469 2076 541 prin-

486 570 636 640 cipes
688 565 992 636 etafﬁnes,
1042 564 1208 620 modo
1260 580 1482 620 omnem
1531 564 1896 620 obedientiam
1955 579 2077 635 pro-

487 662 780 725 mittendo,
807 659 974 715 modo
1002 675 1098 730 per
1137 659 1279 713 varia
1318 659 1530 730 ingenia
1563 658 1926 721 sollicitando,
1961 657 2018 712 id
2047 674 2077 712 a

487 770 576 809 me
610 769 828 810 summo
858 755 1151 809 conamine
1189 754 1470 826 cupientes
1503 752 1717 809 efﬁcere
1753 768 1864 825 quo
1893 767 1984 807 me
2011 751 2079 808 ad

486 855 671 904 votum
704 863 866 902 suum
893 848 1008 903 suis
1033 847 1278 918 partibus
1316 848 1529 902 valeant
1557 847 1838 902 inclinare.
1871 849 2078 901 Verum

486 943 610 1014 quia
655 941 780 996 hinc
832 941 955 997 inde
1004 951 1059 996 et
1089 945 1340 996 Romana
1393 941 1632 1011 gravitas
1678 949 1732 996 et
1780 940 2078 1012 apostolica

485 1035 848 1092 mansuetudo
885 1052 974 1090 me
1001 1051 1096 1106 per
1131 1033 1368 1090 mediam
1391 1035 1621 1106 justitiaa
1658 1035 1800 1090 viam
1831 1034 2080 1090 incedere

484 1139 707 1200 cogunt,
743 1129 997 1185 omnibus
1025 1127 1223 1200 quibus
1258 1145 1481 1199 possum
1523 1128 1701 1185 modis
1732 1129 1836 1184 hoc
1865 1137 2080 1201 oportet

487 1222 769 1278 intendere
809 1222 1088 1293 quomodo
1132 1237 1315 1277 veram
1342 1239 1371 1278 a
1412 1223 1542 1277 falsa
1574 1223 1866 1293 justitiam,
1897 1222 2079 1294 perle-

487 1323 630 1372 ctam
689 1335 716 1369 a
764 1317 894 1371 ﬁcta
947 1315 1316 1371 obedientiam
1363 1315 1570 1387 judicio
1626 1317 1798 1372 sancti
1847 1317 2080 1388 Spiritus

488 1410 698 1465 valeam
743 1410 1070 1476 discernere,
1102 1417 1157 1465 et
1207 1418 1326 1465 rato
1377 1408 1567 1465 ordine
1594 1408 1663 1464 ad
1713 1410 1875 1465 ﬁnem
1907 1427 2079 1483 usque

488 1503 804 1574 perducere.
846 1506 979 1559 Haec
1008 1518 1134 1558 vero
1175 1512 1228 1558 et
1266 1504 1386 1569 alia,
1429 1504 1494 1569 si,
1543 1503 1774 1574 propitio
1821 1508 1958 1571 Deo,
2010 1505 2079 1561 ad

487 1610 583 1651 vos
656 1596 771 1651 sani
847 1597 1164 1664 perveniunt
1225 1598 1380 1667 legati
1455 1598 1593 1661 mei,
1664 1599 1857 1654 melius
1915 1615 2078 1670 quam

488 1689 574 1745 hae
603 1688 792 1744 littera:
815 1688 929 1745 viva
953 1705 1080 1745 voce
1107 1690 1546 1745 testilicabuntur
1569 1700 1622 1746 et
1642 1689 1934 1748 docebunt.

489 1880 734 1944 Gregorii
771 1880 865 1932 VII
889 1879 1113 1946 eju'stolu.
1140 1881 1213 1932 ull
1243 1880 1583 1948 Itudulphum
1614 1899 1792 1948 regem
1828 1887 1877 1936 et
1903 1888 2085 1939 Sauro-

560 1966 666 2022 nes.
701 1979 772 1989 —
800 1953 1036 2022 Nuntiat
1066 1965 1119 2003 se
1153 1968 1366 2004 curasse
1411 1957 1470 2005 ut
1495 1971 1595 2021 per
1627 1953 1826 2022 legatos
1863 1972 1983 2009 suos
2021 1957 2088 2010 de

557 2021 712 2074 rebus
743 2038 776 2074 (ι
805 2038 857 2074 se
896 2021 1118 2074 decretis
1159 2025 1210 2074 ia
1243 2024 1453 2075 dualms
1497 2024 1716 2091 sel/mdis
1746 2028 2084 2091 duci-rma”;

558 2098 669 2143 tum
708 2093 782 2144 (ul
819 2095 1133 2159 [ultimi/.101:
1165 2095 1408 2147 hortatur
1438 2099 1487 2147 et
1529 2101 1585 2148 ut
1615 2098 2088 2164 Magitelluri/nmis

553 2164 1038 2233 arcltz'qnscopa(us
1055 2168 1250 2233 optma
1266 2164 1634 2233 ιηόυίίιιιίιῶιν.

1097 2259 1278 2326 (Anno
1318 2262 1494 2322 1079.)

555 2350 910 2404 Gnsoonws
953 2350 1258 2420 episcopus,
1304 2366 1491 2406 servus
1521 2367 1804 2407 servorum
1847 2353 1969 2419 Dei,
2012 2356 2080 2408 It.

486 2443 595 2513 regi
640 2443 1006 2514 omnibusque
1032 2458 1218 2499 secum
1267 2445 1321 2498 in
1367 2461 1536 2515 regno
1591 2448 1869 2502 Saxonum
1925 2464 2083 2503 com-

485 2537 860 2604 manentibus,
910 2546 1023 2592 tam
1055 2538 1321 2610 episcopis
1351 2555 1520 2610 quam
1569 2538 1835 2607 ducibus,
1869 2541 2082 2597 comiti-

488 2630 610 2698 bus,
632 2645 737 2686 nec
785 2646 899 2686 non
945 2631 1242 2702 majoribus
1289 2639 1344 2688 et
1388 2633 1699 2690 minoribus
1736 2643 2083 2705 peccatorum

486 2723 888 2805 absolutionem
931 2732 984 2779 et
1013 2723 1373 2795 apostolicam
1405 2726 1864 2783 benedictionem.

559 2819 696 2873 Cum
728 2819 943 2874 Veritas
974 2819 1089 2890 ipsa
1137 2819 1285 2875 dicat
1317 2819 1567 2875 omnium
1598 2822 1692 2892 qui
1726 2832 1945 2894 propter
1986 2823 2077 2894 ju-

485 2911 691 2966 stitiam
738 2913 1172 2984 persecutionem
1221 2915 1505 2984 patiuntur
1551 2931 1779 2986 regnum
1824 2933 1939 2972 esse
1969 2913 2079 2972 ea»

481 3007 664 3062 lorum
721 3008 937 3075 (Matth.
989 3012 1063 3072 v),
1109 3015 1164 3062 et
1207 3009 1505 3078 Apostolus
1537 3009 1740 3064 clamet
1781 3012 2079 3078 neminem,

2186 475 2241 521 et
2291 466 2574 522 communi
2639 463 2890 519 omnium
2954 463 3224 519 bonorum
3288 473 3400 518 tam
3459 462 3788 518 clericorum

2187 576 2352 633 quam
2376 559 2647 615 laicorum
2687 557 2952 614 electione
2987 557 3282 628 diSpouite.
3327 560 3438 613 Vos
3470 565 3650 612 tamen
3679 556 3788 627 ipsi

2189 654 2359 710 nostis
2411 652 2588 724 quod,
2641 653 2696 707 in
2740 651 3140 708 constituendis
3189 650 3493 723 episcopis,
3537 645 3789 722 neglecta

2187 756 2504 805 sanctorum
2534 749 2760 802 Patrum
2799 746 3045 802 instituta
3087 745 3235 801 hunc
3277 745 3368 817 qui
3399 744 3561 800 modo
3593 743 3791 800 fundi-

2190 852 2276 899 tur
2328 841 2646 912 sanguinem
2693 849 3030 912 genuerunt,
3087 848 3144 896 et
3193 838 3401 907 adhuc,
3448 836 3550 893 nisi
3596 838 3795 910 provi-

2186 938 2448 1006 deantur,
2497 935 2708 1008 pejores
2755 935 3027 1008 prioribus
3070 950 3280 992 errores
3322 933 3552 992 fovendo
3600 941 3797 1004 partu-

2189 1037 2354 1092 riunt.

2898 1126 3069 1180 XLV.

2240 1238 2484 1308 Gregorii
2505 1236 2728 1304 ιῬίειοίιι
2756 1235 2828 1287 ad
2862 1249 3035 1308 omnes
3060 1234 3238 1301 [Meles
3275 1245 3372 1300 per
3401 1232 3744 1284 Teutonicum

2680 1311 2728 1362 et
2768 1307 3016 1364 Italicum
3050 1320 3293 1372 regnum.

2786 1401 2970 1472 (Anno
3004 1404 3097 1453 107
3109 1399 3185 1468 9.)

2192 1501 2439 1566 [Mariani
2495 1498 2666 1555 Scotti
2723 1496 3048 1566 Chronicou,
3105 1508 3216 1566 apt
3259 1493 3488 1566 Pen'rz,
3547 1490 3794 1542 Monum.

2545 1573 2723 1628 Germ.
2754 1569 2906 1628 hist”
2939 1565 3138 1636 Script.
3174 1564 3239 1630 V,
3281 1565 3428 1628 561.]

2261 1679 2606 1733 GBEGOltlUS
2635 1690 2755 1745 apa,
2788 1687 2977 1728 servus
3000 1683 3286 1724 servorum
3321 1666 3444 1733 Dei,
3479 1679 3570 1736 per
3599 1673 3794 1719 totum

2111 1777 2158 1837 Β
2190 1772 2441 1828 Italicum
2472 1784 2700 1841 regnum
2739 1775 2790 1822 et
2837 1763 3284 1829 Teutonicorum,
3331 1758 3573 1816 debitam
3600 1765 3800 1814 sancto

2197 1870 2357 1922 Petro
2401 1862 2776 1920 obedientiam
2815 1856 3195 1916 exhibentibns
3236 1853 3587 1926 apostolicam
3627 1851 3800 1907 bene-

2191 1959 2506 2016 dictionem.

2265 2053 2320 2109 Si
2345 2051 2436 2123 qui
2453 2060 2584 2106 sunt
2621 2047 2936 2121 presbyteri,
2967 2046 3047 2102 vel
3071 2043 3310 2110 diaconi,
3341 2043 3422 2098 vel
3448 2039 3796 2106 subdiaconi,

2193 2149 2286 2218 qui
2321 2147 2541 2218 jaceant
2588 2145 2644 2198 in
2685 2143 2918 2197 crimine
2967 2137 3371 2202 fornicationis,
3416 2133 3801 2190 interdicimus

2194 2242 2294 2307 eis,
2339 2256 2402 2294 ex
2436 2246 2589 2309 parte
2635 2234 3028 2306 omnipotentis
3053 2232 3152 2287 Dei
3183 2240 3238 2286 et
3266 2229 3591 2286 auctoritate
3620 2229 3798 2282 sancti

2193 2333 2360 2399 Petri,
2409 2331 2694 2388 introitum
2740 2328 2981 2385 ecclesia}
3011 2342 3179 2398 usque
3227 2324 3360 2380 dum
3400 2322 3693 2395 pceniteant
3735 2331 3798 2377 et

2194 2427 2504 2484 emendent.
2555 2425 2609 2480 Si
2639 2423 2730 2496 qui
2767 2438 2893 2478 vero
2944 2422 2996 2476 in
3037 2427 3256 2492 peccato
3296 2434 3398 2473 suo
3445 2432 3797 2488 perseverare

2192 2520 2504 2586 maluerint,
2526 2519 2706 2574 nullus
2734 2525 2975 2572 vestrum
2998 2513 3243 2570 ofﬁcium
3273 2527 3464 2568 eorum
3488 2509 3796 2566 auscultare

2191 2622 2528 2686 praesumat;
2561 2611 2685 2683 quia
2715 2609 3026 2668 benedictio
3056 2608 3198 2664 illius
3226 2606 3456 2662 vertitur
3479 2605 3530 2658 in
3554 2602 3794 2657 maledi-

2190 2711 2431 2766 ctionem
2454 2749 2467 2776 ,
2491 2715 2544 2762 et
2569 2707 2744 2762 oratio
2765 2705 2819 2759 in
2847 2711 3129 2775 peccatum
3147 2740 3161 2767 ,
3185 2707 3413 2756 testante
3434 2698 3659 2753 Domino
3686 2710 3794 2765 per

2194 2807 2513 2879 prophetam
2583 2823 2596 2860 :
2657 2803 3008 2869 Maledicum,
3067 2799 3281 2870 inquit,
3342 2795 3795 2851 benedictionibus

2191 2903 2408 2955 avstris.

2887 2991 3090 3044 XLVI.

483 3099 584 3155 nisi
635 3100 723 3171 qui
762 3100 1000 3171 legitime
1029 3101 1330 3166 certaverit,
1359 3118 1515 3172 posse
1540 3104 1788 3157 coronari
1840 3107 1915 3169 (Π
1948 3108 2078 3158 Tim.
2193 3103 2436 3170 Gregorii?
2473 3102 2577 3154 ΠΙ
2601 3114 2760 3167 pina}:
2789 3095 3015 3166 epistola
3044 3095 3117 3148 ad
3148 3093 3424 3147 monachos
3457 3092 3794 3146 Cusiuenses.

485 3198 582 3260 II),
611 3194 804 3262 nolite,
832 3194 925 3248 lilii
960 3195 1088 3262 mei,
1124 3195 1176 3248 in
1210 3194 1331 3262 hoc,
1364 3196 1456 3266 qui
1479 3211 1570 3251 vos
1599 3197 1717 3267 jam
1746 3197 1922 3252 multo
1949 3207 2088 3253 tem-
2122 3190 2166 3249 (ὲ

492 3303 624 3360 pore
652 3289 908 3358 exagitat,
940 3287 1134 3343 bellico
1170 3287 1354 3344 lurore
1380 3288 1612 3346 deﬁcere
1638 3313 1650 3354 ;
1683 3292 1854 3346 nolite
1879 3307 1974 3362 per
2004 3292 2087 3347 ul-

483 3379 592 3437 lius
635 3379 868 3436 fallentis
899 3396 1149 3452 personw
1192 3382 1474 3438 mendacia
1506 3383 1572 3439 de
1601 3393 1788 3440 nostro
1816 3384 1956 3440 ﬁdeli
1996 3386 2088 3442 ad-

477 3475 686 3547 jutorio
727 3475 1010 3543 dubitare;
1052 3476 1146 3532 sed
1201 3478 1372 3548 magis
1413 3479 1696 3550 magisque
1746 3496 1841 3550 pro
1887 3481 2085 3536 tuenda

487 3569 709 3624 veritate
737 3570 1122 3636 ecclesiastica,
1155 3587 1250 3639 pro
1277 3569 1614 3627 defendenda
1658 3582 1850 3628 vestrm
1893 3574 2086 3629 nobili-

486 3664 614 3717 tatis
643 3661 891 3716 libertate
915 3702 929 3728 ,
957 3663 1126 3718 labori
1152 3663 1267 3732 jam
1299 3664 1458 3719 citius
1491 3665 1733 3722 ﬁniendo
1761 3667 2085 3735 incumbite;

485 3762 539 3809 et
591 3770 656 3807 ex
703 3753 930 3809 adverso
988 3756 1330 3810 ascendendo
1390 3772 1484 3811 vos
1536 3767 1588 3812 et
1634 3776 1858 3829 corpora
1908 3769 2089 3817 vestra

486 3847 641 3919 quasi
700 3861 920 3902 murum
978 3864 1074 3918 pro
1138 3847 1305 3903 domo
1359 3849 1455 3903 Dei
1509 3867 1784 3922 opponere
1836 3857 2085 3924 satagite.

487 3938 766 4010 Quidquid
807 3940 919 4010 jam
968 3940 1021 3993 in
1054 3939 1270 3996 duobus
1307 3942 1498 4012 synodi
1546 3951 1748 3999 nostrae
1775 3947 2087 4002 conventio-

491 4032 658 4088 nibus
685 4031 750 4087 de
770 4047 897 4104 rege
927 4035 998 4086 Β.
1030 4041 1085 4087 et
1112 4032 1182 4088 de
1210 4037 1281 4088 Η.
1314 4042 1579 4089 statutum
1611 4037 1699 4106 sit,
1729 4037 1992 4109 quidquid
2017 4041 2088 4096 ibi

489 4126 556 4182 de
612 4142 744 4198 pace
786 4135 842 4182 et
870 4126 1158 4182 concordia
1198 4127 1346 4199 regni
1385 4135 1594 4184 etcum
1638 4129 1965 4201 juramentis
2018 4136 2089 4190 sit

487 4220 802 4289 dilﬁnitum,
845 4236 941 4291 per
970 4227 1184 4277 nostras
1212 4222 1418 4277 litteras
1453 4230 1508 4278 et
1555 4239 1650 4294 per
1684 4233 1902 4282 nostros
1941 4228 2089 4301 lega-

490 4323 597 4381 tos,
646 4314 750 4370 nisi
795 4324 941 4370 sorte
985 4317 1126 4386 capti
1175 4315 1304 4383 sint,
1336 4318 1673 4388 apertissime
1714 4323 1938 4392 potestis
1987 4340 2084 4380 co-

489 4423 783 4480 gnoscere;
811 4417 884 4474 et,
911 4409 954 4464 si
981 4407 1110 4480 quid
1131 4407 1310 4466 adhuc
1327 4413 1668 4480 remanserit,
1687 4430 1780 4484 per
1801 4417 2085 4489 episcopos

490 4505 795 4559 Metensem
839 4511 892 4559 et
931 4504 1251 4574 Papiensem
1281 4513 1334 4559 et
1379 4503 1628 4561 abbatem
1663 4514 2080 4579 Augustensem,

487 4597 579 4669 qui
603 4597 889 4652 nobiscum
915 4597 1084 4652 linem
1118 4598 1191 4653 rei
1227 4598 1589 4669 prastolando
1617 4611 1922 4669 morantur,
1955 4621 2082 4660 cum

491 4688 561 4743 ad
599 4703 696 4745 vos
732 4690 828 4760 ipsi
864 4691 1128 4757 venerint,
1157 4691 1310 4763 quasi
1356 4692 1411 4746 in
1455 4703 1707 4765 promptu
1753 4685 1960 4752 habetis
1986 4714 2081 4754 au-

493 4781 630 4838 dire.
661 4784 946 4838 Postremo
974 4782 1077 4840 hoc
1114 4800 1209 4842 vos
1239 4785 1481 4858 ignorare
1512 4788 1774 4844 nolumus
1801 4791 1946 4862 quod
1977 4809 2081 4864 qua

494 4875 649 4929 omni
676 4883 896 4946 oportet
931 4877 1214 4945 instantia,
1259 4895 1384 4934 cum
1415 4881 1678 4938 orationis
1710 4892 1913 4940 nostra:
1944 4888 2082 4942 assi-

493 4967 728 5038 duitate,
759 4977 872 5024 tum
908 4969 1070 5026 ofﬁcii
1099 4972 1268 5027 nostri
1307 4975 1591 5044 gravitate,
1623 4984 1675 5030 et
1705 4978 2083 5046 prospiciendo

491 5063 800 5128 consulere,
840 5069 893 5118 et
936 5064 1266 5120 consulenda
1317 5067 1621 5137 prospicere
1658 5085 1796 5124 verm
1848 5073 2082 5127 necessi-

491 5157 589 5210 tati
634 5171 746 5212 non
773 5155 1112 5212 dubitamus.
1146 5157 1470 5214 Audivimus
1496 5159 1563 5215 de
1595 5169 1774 5216 vestro
1816 5164 2082 5237 archiepi-

492 5259 715 5320 scopatu
761 5249 1229 5322 Magdeburgensi,
1265 5253 1318 5305 in
1343 5251 1685 5325 disciplinam
1715 5258 2082 5326 quorumdam

492 5339 736 5413 ejusdem
792 5343 1048 5399 Ecclesia:
1084 5343 1340 5413 ﬁliorum,
1374 5362 1472 5416 pro
1523 5348 1853 5418 acquirendo
1903 5367 2080 5408 saecu-

491 5435 588 5491 lari
614 5435 802 5492 habitu
833 5445 886 5493 et
913 5437 1139 5506 honore,
1168 5438 1421 5495 obortam
1450 5438 1617 5497 fuisse
1645 5444 2077 5516 contentionem,

491 5544 629 5602 quos
659 5530 834 5586 modis
873 5531 1127 5588 omnibus
1152 5548 1213 5587 ex
1251 5543 1520 5605 praecepto
1553 5536 1653 5591 Dei
1689 5538 2078 5611 omnipotentis

489 5632 544 5679 et
571 5625 743 5680 sancti
774 5625 938 5693 Petri,
972 5634 1025 5681 et
1052 5634 1262 5693 nostro,
1294 5644 1360 5683 ne
1397 5628 1500 5684 sibi
1540 5629 1595 5684 in
1625 5631 1809 5688 locum
1848 5633 2075 5689 damna-

488 5718 651 5773 tionis
676 5719 895 5774 culmen
928 5721 1188 5789 arripiant
1221 5722 1500 5793 regiminis
1543 5723 1842 5795 prohibete,
1876 5735 1929 5782 et
1957 5731 2074 5784 Deo

484 5811 708 5880 dignum
741 5811 1190 5887 dispensatorem,
1229 5825 1389 5888 prout
1429 5817 1522 5889 jus
1568 5819 1808 5891 postulat
1837 5829 1890 5876 et
1919 5821 2072 5890 ordo,

2803 3190 2986 3254 (Anno
3011 3189 3183 3256 1079.)

2358 3289 2692 3356 [GATTULM
2721 3287 2863 3340 Hist.
2899 3283 3135 3337 illibatae
3164 3283 3369 3347 Cusiu.,
3405 3280 3455 3334 ll
3487 3278 3633 3346 149.}

2268 3394 2623 3447 GBEGOBIUS
2652 3389 2956 3458 episcopus,
2979 3402 3165 3442 servus
3194 3399 3474 3440 servorum
3507 3381 3628 3447 Dei,
3660 3381 3799 3437 dile-

2197 3487 2298 3542 ctis
2333 3487 2385 3541 in
2419 3485 2630 3541 Christo
2661 3483 2788 3538 ﬁliis
2831 3481 3017 3537 Sancti
3069 3478 3347 3535 Benedicti
3393 3476 3677 3533 monachis
3707 3491 3795 3531 sa-

2197 3583 2366 3636 lutem
2397 3588 2453 3634 et
2481 3578 2837 3650 apostolicam
2869 3574 3322 3630 benedictionem.

2270 3673 2632 3738 Audivimus,
2676 3669 2822 3742 quod
2869 3669 2984 3724 sine
3021 3668 3342 3740 gravissimo
3371 3665 3560 3723 dolore
3610 3665 3794 3721 dicere

2200 3783 2308 3823 non
2334 3780 2648 3838 possumus,
2665 3761 2933 3835 quosdam
2951 3761 3204 3816 homines
3223 3778 3252 3816 a
3283 3759 3524 3816 Jordano
3548 3759 3796 3830 principe

2197 3859 2545 3932 suggestione
2601 3857 2798 3913 diaboli
2854 3857 3080 3923 missos,
3135 3854 3492 3910 secretarium
3547 3862 3792 3909 vestrum

2197 3955 2446 4019 intrasse,
2475 3961 2526 4008 et
2553 3951 2810 4024 qumdam
2839 3951 3129 4005 commissa
3167 3949 3318 4004 vobis
3348 3947 3591 4004 inaudita
3620 3956 3795 4002 teme-

2199 4049 2358 4104 ritate
2386 4046 2666 4106 detulisse.
2705 4047 2767 4100 ln
2803 4061 2910 4116 quo
2945 4042 3093 4099 facto
3129 4045 3316 4099 nimia:
3343 4043 3700 4115 negligentiae,
3734 4051 3792 4096 et

2197 4143 2396 4198 acriter
2442 4140 2765 4196 ulciscendae
2815 4138 3119 4194 timiditatis
3167 4154 3261 4193 vos
3299 4146 3354 4194 et
3396 4137 3647 4193 abbatem
3697 4151 3790 4190 ve-

2195 4246 2374 4293 strum
2405 4251 2631 4307 arguere
2660 4248 2978 4305 possumus,
3011 4241 3064 4287 et
3105 4233 3321 4305 gravius
3371 4230 3658 4287 adversum
3697 4245 3796 4286 vos

2195 4328 2529 4386 commoveri
2591 4327 2954 4392 deberemus,
3010 4326 3117 4383 nisi
3174 4343 3237 4381 ea
3283 4343 3387 4398 qua
3440 4341 3532 4380 vos
3576 4339 3796 4397 semper

2193 4423 2457 4478 charitate
2491 4419 2803 4486 dileximus,
2840 4420 3239 4487 detineremur;
3271 4421 3313 4474 si
3343 4417 3569 4491 quidem
3598 4419 3799 4474 tolera-

2192 4517 2352 4572 bilius
2396 4514 2552 4570 nobis
2595 4513 2869 4569 videretur
2918 4514 3068 4570 villas
3093 4523 3147 4570 et
3190 4513 3406 4569 castella
3452 4513 3636 4568 Sancti
3688 4515 3798 4568 Be-

2191 4609 2391 4666 nedicti
2440 4609 2497 4662 in
2541 4605 2782 4679 praedam
2831 4616 2886 4664 et
2930 4607 3300 4679 direptionem
3333 4607 3472 4674 dari,
3513 4622 3690 4678 quam
3738 4616 3797 4662 ut

2193 4713 2409 4761 sanctus
2438 4702 2611 4770 locus,
2639 4711 2693 4757 et
2719 4719 2817 4774 per
2849 4710 3040 4767 totam,
3069 4711 3127 4757 ut
3152 4701 3444 4767 credimus,
3477 4699 3798 4756 Christiani-

2196 4806 2360 4853 tatem
2434 4795 2674 4853 fanwsus
2733 4805 2784 4850 et
2829 4794 3186 4863 venerabilis,
3257 4802 3422 4851 tanta:
3473 4793 3796 4866 ignominia:

2197 4891 2432 4963 periculo
2479 4891 2802 4961 subjaceret.
2863 4893 3206 4962 Quapropter
3248 4888 3414 4960 hujus
3464 4887 3796 4943 temeritatis

2193 5001 2396 5040 noxam
2425 4983 2659 5039 inultam
2699 4997 2815 5037 esse
2853 4999 2962 5037 non
3001 4981 3270 5050 ferentes,
3316 4983 3620 5054 praesertim
3667 4998 3792 5038 eum

2195 5077 2377 5134 locum
2407 5085 2645 5132 vestrum
2678 5075 2937 5131 violatum
2969 5092 3107 5145 esse,
3140 5085 3194 5131 et
3223 5077 3470 5147 exemplo
3520 5075 3688 5146 hujus
3714 5075 3791 5130 fa-

2192 5172 2399 5227 cinoris
2447 5169 2721 5225 deteriora
2768 5186 2930 5240 posse
2980 5171 3134 5225 vobis
3183 5170 3508 5242 contingere
3544 5184 3792 5240 perpen-

2190 5265 2410 5330 dentes,
2443 5263 2807 5318 admonemus
2834 5272 2893 5319 ut
2919 5263 3180 5319 divinum
3213 5263 3456 5319 ofﬁcium
3482 5263 3538 5319 in
3564 5264 3789 5320 ecclesia

2191 5358 2344 5414 Beati
2381 5357 2661 5413 Benedicti
2696 5373 2807 5413 non
2845 5357 3076 5422 faciatis,
3109 5357 3203 5414 sed
3231 5358 3417 5413 altaria
3448 5359 3638 5414 omnia
3666 5374 3789 5429 qua-

2193 5451 2336 5506 intus
2363 5459 2492 5506 sunt
2519 5449 2853 5523 detegentes,
2877 5461 3148 5523 quantum
3174 5451 3244 5506 sit
3270 5450 3593 5523 liujusmodi
3622 5451 3789 5506 viola-

2188 5544 2356 5600 tionis
2402 5543 2706 5615 periculum
2761 5561 3003 5616 quosque
3053 5560 3380 5616 cognoscere
3435 5544 3672 5601 faciatis.
3731 5543 3790 5600 Si

2187 5637 2339 5692 enim
2399 5638 2455 5692 in
2507 5639 2728 5694 ecclesia
2785 5639 2965 5694 Sancti
3033 5641 3176 5695 Petri
3232 5640 3471 5697 humano
3519 5641 3785 5712 sanguine

2184 5746 2430 5802 respersa
2453 5731 2699 5788 divinum
2723 5732 2963 5788 ofﬁcium
2990 5750 3100 5789 non
3129 5735 3246 5789 sine
3271 5733 3513 5807 diligenti
3538 5734 3782 5789 reconci-

2184 5824 2406 5881 liatione
2434 5825 2756 5894 celebratur,
2789 5827 2962 5883 multo
2986 5827 3162 5898 magis
3187 5827 3333 5886 istud
3353 5828 3501 5902 quod
3527 5827 3582 5883 in
3613 5828 3780 5885 eccle-
