4044 6186
311 320 417 371 Ῐῖ93

1251 324 1591 380 EPISTOLzE
1632 328 1851 386 EXTRA
1892 331 2270 390 REGISTHUM
2311 335 2687 390 VAGANTES.

3510 339 3612 404 694

312 443 391 498 sia
413 443 566 498 Beati
585 443 869 500 Benedicti
891 447 1136 515 pernicio
1153 452 1266 521 (sic)
1281 451 1394 506 suis
1413 452 1780 510 commissum
1801 464 1906 524 est,
1933 461 1988 524 Α
2022 457 2250 515 banensi
2274 469 2327 515 et
2353 462 2670 518 ODELBICO
2701 463 3033 531 Pataviensi,
3063 464 3295 521 salutem
3325 472 3379 520 et
3399 473 3614 538 aposto-

312 538 656 608 competenti
680 537 893 611 indiget
918 541 1244 610 expiatione.
1283 547 1392 600 Vos
1432 545 1617 619 itaque
1647 550 1907 621 omnipo-

301 639 518 687 tentem
546 632 856 688 Domimun
879 634 1154 692 instanter
1181 635 1545 709 deprecetniui
1578 649 1639 700 ut
1671 642 1908 702 tristitia“:

305 726 518 780 mentis
546 736 752 784 nostrae
776 727 1034 799 dignetur
1061 746 1225 802 super
1256 729 1359 791 hac
1382 749 1438 788 re
1465 735 1625 793 nobis
1658 737 1906 794 consola-

306 819 522 875 tionem
566 820 910 891 impendere,
955 831 1010 879 et
1055 824 1126 885 ad
1155 828 1518 898 reparandum
1549 829 1601 889 in
1653 831 1908 890 omnibus

307 921 553 968 vestram
624 914 970 987 dignitatem,
1043 919 1219 983 modis
1287 922 1484 994 quibus
1548 922 1735 990 decet,
1807 942 1908 981 nos

304 1005 604 1071 instruere,

992 1127 1139 1183 XLV
1147 1128 1218 1182 II.

407 1249 655 1320 Gregorii
719 1255 824 1311 VII
870 1269 1028 1380 page
1062 1255 1319 1338 .epistola
1383 1255 1457 1308 tul
1525 1257 1800 1312 monachus

983 1341 1277 1380 ttsuzenses.

983 1341 1041 1378 (ιε
1049 1342 1256 1380 ιηθηδεε
1265 1369 1277 1381 .

902 1445 1084 1508 (Auno
1138 1447 1320 1508 1079.)

439 1555 775 1622 [GA‘I‘TULA,
823 1559 1221 1615 Histabbutitc
1253 1561 1451 1622 Cusin.,
1502 1563 1568 1626 II,
1627 1567 1768 1630 149.]

378 1670 423 1726 G
435 1686 742 1729 amamus
753 1674 1058 1746 episcopus,
1083 1692 1272 1732 servus
1284 1692 1572 1735 servorum
1593 1679 1719 1745 Dei,
1738 1695 1898 1734 vene.-

2015 553 2180 610 Iicam
2212 554 2666 612 benedictionem.

2090 650 2231 702 Sunt
2259 649 2440 716 multi,
2473 649 2674 736 quibus
2701 658 2892 707 tamen
2922 668 3035 708 non
3072 653 3369 723 credimus,
3405 656 3502 729 qui
3543 657 3611 714 de

2016 739 2287 812 legatione
2322 752 2502 798 vestra
2546 739 2892 800 murmurare
2935 747 3224 817 incipiunt,
3270 749 3612 823 suspicantes

2018 849 2113 888 vos
2148 834 2304 890 aliter
2336 836 2466 891 velle
2498 837 2749 893 incedere
2788 855 2955 910 quam
3006 859 3038 895 a
3069 841 3229 897 nobis
3269 846 3607 914 praeceptum

2017 936 2128 993 est;
2171 936 2227 982 et
2251 928 2483 985 alterum
2519 939 2760 986 vestrum
2786 933 2951 989 nimis
2982 933 3329 1005 simpliciter,
3372 937 3605 994 alterum

2019 1036 2145 1076 vero
2173 1037 2287 1077 non
2329 1023 2465 1078 adeo
2507 1023 2831 1101 simpliciter
2855 1035 3104 1082 acturum
3131 1044 3249 1084 esse
3291 1041 3601 1089 causentur.

2017 1115 2362 1187 Quapropter
2408 1117 2832 1189 diligentissima
2879 1119 3367 1192 circumspectione
3415 1140 3607 1181 caven-

2015 1208 2148 1270 dum
2194 1221 2276 1266 est
2324 1210 2496 1280 vobis,
2531 1220 2591 1269 ut
2633 1221 2927 1284 utramque
2970 1216 3340 1285 suspicionem
3383 1221 3604 1290 possitis

2015 1305 2382 1375 exstinguere.
2408 1305 2569 1374 Quod
2598 1307 2669 1361 ita
2697 1306 2854 1362 facile
2883 1324 3010 1366 cum
3043 1310 3142 1364 Dei
3172 1309 3444 1382 adjutorio
3473 1329 3604 1382 pro-

2019 1398 2212 1465 veniet,
2248 1399 2291 1451 si
2322 1408 2591 1470 praecepta
2619 1411 2806 1457 nostra
2846 1411 2975 1457 ante
3004 1403 3206 1458 mentis
3232 1405 3419 1459 oculos
3455 1421 3600 1461 sem-

2016 1507 2110 1568 per
2140 1492 2384 1558 teneatis,
2415 1502 2468 1548 et
2498 1494 2628 1550 nihil
2669 1495 2814 1553 aliud
2848 1498 3196 1566 praesumatis
3225 1496 3462 1565 efﬁcere,
3494 1498 3602 1553 nisi

2013 1585 2162 1656 quod
2193 1603 2294 1642 nos
2323 1586 2474 1642 vobis
2515 1588 2819 1655 noscimur,
2855 1605 2963 1644 non
3002 1589 3170 1646 modo
3203 1590 3367 1646 nudis
3407 1591 3601 1660 verbis,

2007 1693 2198 1735 verum
2245 1680 2410 1737 etiam
2456 1681 2652 1737 litteris
2698 1682 3022 1738 inculcando
3074 1683 3384 1740 mandasse.
3433 1685 3602 1738 Volu-

299 1763 459 1821 rabili
513 1769 922 1840 congregationi
988 1771 1300 1827 Casiuensis
1359 1771 1596 1832 etenobii
1662 1773 1894 1830 salutem
1933 1774 1975 1842 Β
2012 1788 2134 1826 mus
2159 1783 2343 1829 autem
2376 1784 2437 1829 ut
2471 1775 2538 1830 de
2567 1791 2729 1832 causa
2775 1791 2966 1847 regum
2995 1777 3075 1831 vel
3116 1779 3270 1850 regni
3300 1776 3409 1833 sive
3436 1778 3600 1832 etiam

304 1867 362 1912 et
386 1861 733 1929 apostolicam
758 1862 1221 1923 benedictionem.

379 1955 587 2024 Nuper,
616 1955 955 2014 dilectissimi
979 1956 1197 2027 fratres,
1230 1976 1330 2014 nos
1355 1960 1613 2016 violentia
1637 1963 1897 2034 sacrilegii

297 2043 433 2101 huic
479 2050 920 2108 reverentissimo
973 2053 1093 2108 loco
1145 2053 1292 2109 illata
1343 2055 1643 2125 compulsi,
1707 2065 1898 2113 vestrae

297 2141 549 2198 ecclesize
590 2143 838 2202 ofﬁcium
879 2146 950 2202 ob
982 2155 1195 2203 tantum
1239 2148 1453 2202 facinus
1482 2148 1783 2219 irrogatum
1810 2151 1895 2206 in-

299 2233 646 2295 terdiximus.
681 2242 883 2299 Verum
916 2241 1041 2313 quia
1075 2243 1416 2298 ascensionis
1451 2244 1674 2302 Domini
1703 2244 1899 2301 solent—

297 2329 449 2384 nitas
475 2339 592 2386 toto
620 2335 947 2389 venerabilis
991 2336 1110 2390 orbi
1143 2353 1293 2391 nunc
1330 2336 1616 2404 imminet,
1649 2340 1895 2397 nolentes

291 2424 416 2496 jam
450 2435 673 2496 pmpter
703 2428 940 2499 alicujus
976 2430 1154 2485 scelus
1185 2431 1238 2485 in
1273 2440 1428 2486 tanto
1461 2429 1600 2487 festo
1631 2441 1744 2488 tam
1775 2434 1898 2489 reli-

298 2518 520 2589 giosum
551 2520 731 2576 locum
759 2521 942 2578 ofﬁcio
967 2525 1197 2594 pietatis
1236 2541 1443 2592 carere,
1473 2525 1814 2583 decrevimus
1842 2537 1895 2585 et

298 2628 396 2667 vos
420 2622 476 2668 et
506 2615 765 2672 eumdem
794 2617 972 2673 locum
1004 2618 1072 2673 ab
1104 2619 1398 2674 interdicto
1430 2620 1725 2677 absolvere.
1752 2624 1896 2690 Qua-

299 2716 550 2777 propter,
581 2712 873 2780 apostolica
899 2713 1324 2768 mansuetudine
1343 2713 1512 2780 ducti,
1537 2713 1814 2771 reddimus
1843 2723 1895 2770 et

299 2801 545 2857 ecclesias
603 2805 975 2860 ministerium
1022 2815 1075 2861 et
1127 2807 1338 2863 cultum
1392 2806 1666 2879 religionis
1725 2807 1892 2864 devov

302 2895 442 2950 tioni
469 2905 664 2953 vestra:
695 2898 973 2954 licentiam
1005 2899 1333 2955 celebrandi.

371 2991 643 3046 Volumus
690 2992 856 3046 etiam
903 3002 1068 3064 atque
1121 3009 1380 3065 rogamus
1425 2995 1757 3051 charitatem
1807 3012 1893 3051 ve-

294 3091 470 3138 stram
501 3093 578 3150 ut,
609 3085 782 3140 nostri
808 3101 1103 3153 memores,
1135 3103 1231 3158 pro
1260 3088 1419 3143 nobis
1446 3105 1631 3160 preces
1655 3089 1894 3144 fundatis

297 3176 368 3232 ad
421 3178 745 3245 Dominum,
795 3196 889 3250 pro
932 3188 1078 3239 statu
1120 3198 1340 3254 quoque
1369 3192 1573 3240 sanctae
1627 3187 1893 3240 Romanae

300 3272 552 3326 Ecclesiae
575 3274 800 3329 Rectori
821 3291 1005 3329 rerum
1029 3276 1274 3346 quotidie
1297 3277 1636 3347 supplicetis,
1661 3294 1760 3332 nec
1780 3294 1891 3332 non

297 3372 411 3420 tam
447 3382 546 3435 pro
571 3366 806 3422 inimicis
834 3383 997 3438 quam
1026 3370 1190 3424 etiam
1221 3387 1318 3440 pro
1344 3371 1559 3438 amicis,
1585 3371 1893 3427 dilectionis

291 3457 519 3525 affectu,
561 3460 993 3532 omnipotentem
1031 3464 1334 3522 Dominum
1378 3463 1660 3534 deprecari
1703 3465 1892 3520 sedulo

293 3554 664 3609 memineritis
685 3563 734 3610 et
762 3554 1057 3621 studeatis;
1087 3573 1189 3612 nec
1218 3574 1326 3614 non
1349 3567 1403 3613 et
1428 3574 1526 3628 pro
1547 3559 1636 3612 illo
1665 3560 1758 3630 qui
1780 3567 1891 3614 tam

291 3647 705 3704 sanctissimum
729 3650 934 3718 locum,
959 3659 1077 3705 toto
1110 3651 1318 3706 mundo
1340 3650 1644 3718 famosum,
1668 3652 1892 3707 violavit

295 3757 487 3812 preces
519 3740 800 3810 effundite,
846 3752 901 3797 ut
947 3747 1096 3798 Deus
1124 3744 1214 3800 det
1245 3744 1317 3799 illi
1363 3761 1457 3800 cor
1498 3746 1798 3816 painitens,
1837 3755 1891 3801 et

292 3837 376 3887 sic
404 3851 528 3889 eum
562 3835 631 3891 ad
662 3854 719 3892 se
751 3847 1058 3905 convertat,
1102 3848 1172 3892 .ut
1219 3840 1271 3892 in
1327 3839 1428 3894 bac
1461 3841 1567 3894 vita
1603 3849 1658 3894 et.
1706 3841 1888 3895 futura

297 3938 576 3984 mereatur
617 3931 852 4002 gratiam
894 3932 995 3987 Dei
1037 3932 1303 3988 obtinere.
1356 3938 1426 3989 Et
1470 3935 1779 3988 immediate
1806 3949 1887 3988 se-

288 4030 544 4092 quuntur
564 4024 680 4078 lure
700 4027 811 4079 alia
837 4027 997 4080 verba.
1025 4029 1080 4080 in
1099 4027 1276 4080 codice
1301 4046 1316 4080 :
1344 4029 1463 4081 Iloc
1489 4033 1669 4082 autem
1691 4027 1890 4083 accidit

291 4133 406 4189 per.
422 4160 434 4171 .
531 4119 828 4174 Rosellano
845 4121 1104 4190 episcopo
1122 4139 1136 4183 ς
1155 4136 1284 4174 nam
1302 4119 1446 4176 idem
1471 4120 1756 4192 episcopus
1779 4137 1890 4176 non

289 4228 517 4282 parvam
555 4214 840 4281 pecuniam
869 4212 994 4269 huic
1017 4213 1506 4269 commendaverat
1529 4214 1668 4269 loco.
1699 4216 1889 4270 Jorda-

289 4324 396 4360 nus
453 4316 640 4361 autem
685 4308 938 4378 princeps
982 4309 1168 4363 missis
1209 4306 1480 4362 militibus
1529 4309 1790 4378 praecepit
1829 4319 1886 4364 ut

283 4399 552 4455 eamdem
585 4399 684 4454 sibi
705 4399 979 4456 deferrent
1007 4401 1311 4471 pecuniam.
1343 4403 1564 4457 Fratres
1592 4411 1778 4457 autem
1816 4403 1884 4458 ad

2012 1865 2078 1920 de
2124 1868 2426 1929 'lfrevirensi
2477 1869 2558 1927 vel
2596 1869 2905 1926 Coloniensi
2947 1878 3001 1925 et
3032 1871 3360 1941 Augustensi
3392 1872 3596 1939 electis,

2012 1960 2093 2014 vel
2141 1961 2209 2016 de
2237 1961 2497 2022 omnibus
2526 1963 2643 2018 istis
2690 1963 2782 2034 qui
2826 1963 3207 2023 investituram
3238 1981 3332 2036 per
3372 1981 3598 2023 manqu

2009 2053 2204 2110 laicatn
2262 2066 2618 2126 acceperunt,
2682 2057 2891 2112 nullum
2944 2058 3288 2128 praesumatis
3347 2074 3599 2114 exercere

2006 2147 2292 2219 judicium,
2345 2165 2738 2222 summumque
2770 2150 2922 2206 vobis
2965 2151 3215 2206 studium
3257 2153 3359 2218 sit,
3411 2151 3455 2206 si
3505 2167 3598 2207 rex

2007 2243 2341 2313 acquieverit.
2395 2245 2549 2299 vobis
2596 2244 2664 2300 de
2705 2243 2999 2300 statuendo
3047 2245 3318 2316 colloquio
3369 2253 3422 2300 et
3466 2261 3599 2316 pace

2006 2337 2272 2393 firmanda
2299 2339 2375 2392 'in
2414 2341 2612 2410 regno,
2657 2347 2710 2392 et
2753 2339 2818 2393 de
2863 2338 3218 2396 restituendis
3247 2338 3517 2410 episcopis
3546 2337 3599 2395 in

2007 2431 2222 2487 sedibus
2261 2432 2392 2500 suis,
2425 2441 2478 2488 et
2504 2431 2620 2488 haec
2647 2431 2838 2488 eadem
2875 2432 2987 2487 cito
3017 2432 3083 2487 ad
3113 2448 3215 2487 nos
3244 2440 3338 2486 aut
3369 2448 3468 2500 per
3499 2448 3596 2488 vos

2004 2524 2151 2596 ipsos
2170 2534 2260 2580 aut
2293 2543 2386 2595 per
2414 2535 2594 2581 certos
2617 2527 2820 2597 legatos
2845 2526 3200 2593 annuntiare,
3231 2534 3291 2580 ut
3321 2534 3403 2580 tot
3431 2535 3485 2581 et.
3509 2536 3595 2581 ta:-

2007 2619 2081 2672 les
2111 2635 2370 2689 personas
2401 2620 2675 2688 possimus
2710 2620 2836 2674 illuc
2863 2619 2937 2674 ad
2975 2619 3339 2675 constitutum
3371 2629 3588 2691 tempus

2004 2711 2258 2785 dirigere,
2291 2713 2382 2784 qui
2415 2711 2482 2769 ad
2516 2723 2732 2769 tantum
2779 2715 3058 2781 negotium
3108 2714 3590 2770 determinandum

2007 2808 2216 2862 valeant.
2265 2825 2370 2862 uua
2428 2806 2744 2874 vobiscum,
2790 2811 2905 2862 Deo
2954 2807 3275 2874 auxiliante,
3322 2807 3592 2864 sufﬁcere.

2006 2901 2230 2955 Interim
2261 2916 2388 2955 vero
2418 2900 2494 2955 sic
2525 2916 2620 2955 vos
2643 2901 2860 2971 utrique
2897 2902 3035 2971 parti
3067 2916 3413 2967 communes,
3444 2911 3500 2955 et
3528 2903 3595 2956 ab

2004 2995 2154 3049 omni
2185 2994 2516 3064 suspicionis
2555 3009 2730 3056 naevo,
2766 3001 3034 3064 quantum
3064 2994 3117 3048 in
3156 2993 3312 3048 vobis
3337 3002 3438 3060 est,
3467 3010 3590 3049 cum

2004 3087 2200 3143 divinae
2230 3088 2416 3164 gratias
2458 3088 2732 3160 adjutorio
2774 3086 3022 3142 exhibete
3071 3086 3370 3153 immunes,
3420 3095 3480 3142 ut
3500 3087 3597 3158 ju-

2002 3182 2169 3237 stitia:
2195 3197 2411 3252 semper
2436 3191 2491 3237 et
2521 3182 2672 3238 nullo
2707 3181 2876 3237 modo
2904 3179 3146 3253 partibus
3175 3180 3424 3248 faveatls,
3456 3181 3592 3235 sicut

2003 3275 2211 3331 habetis
2251 3275 2492 3332 formam
2522 3283 2822 3341 nostram;-
2853 3276 2949 3346 qui
2996 3273 3269 3340 videlicet,
3304 3282 3590 3346 postquam

1995 3369 2265 3440 judicium
2317 3370 2456 3424 tanti
2502 3369 2666 3441 hujus
2709 3367 2913 3439 negotii
2944 3367 2997 3422 in
3041 3383 3209 3423 manu
3253 3367 3397 3422 beati
3450 3369 3593 3423 Petri

2001 3464 2362 3518 commissum
2389 3471 2494 3530 est,
2536 3463 2671 3516 nihil
2713 3462 2859 3517 aliud
2906 3461 3063 3517 vobis
3096 3462 3331 3517 testibus
3360 3461 3595 3516 intendi-

2004 3573 2148 3623 mus,
2180 3557 2280 3611 uisi
2335 3565 2394 3611 ut
2436 3571 2537 3627 per
2570 3555 2798 3626 justitia:
2845 3556 3102 3610 semitam
3133 3555 3472 3611 incedamus.
3507 3556 3589 3610 Ad

2000 3651 2205 3705 nullam
2232 3658 2443 3720 partem
2473 3649 2851 3705 sinceritatem
2889 3647 3592 3718 apostolicaijﬁdiscretionis

2004 3745 2336 3812 infleximus,
2362 3743 2522 3799 nullis
2547 3742 3001 3815 promissionihus
3028 3751 3126 3797 aut
3155 3742 3453 3797 terroribus
3475 3758 3587 3798 ces-

2001 3839 2192 3904 simus,
2221 3853 2325 3892 nec
2352 3837 2500 3892 aliud
2525 3851 2804 3909 unquam,
2834 3824 2950 3891 Deo
2991 3844 3334 3907 protegente,
3372 3844 3594 3891 acturos

1998 3948 2098 3989 nos
2127 3947 2243 3988 esse
2284 3931 2632 3988 conﬁdimus.
2678 3933 2951 3986 Praeterea
2987 3930 3292 4002 specialiter
3335 3930 3488 3999 vobis
3525 3928 3592 3984 de

1999 4027 2194 4082 abbate
2232 4027 2507 4099 Augiense
2549 4025 2906 4096 injungimus,
2949 4023 3039 4095 qui
3069 4039 3248 4095 nuper
3277 4023 3347 4079 ad
3376 4031 3592 4094 aposto-

2001 4122 2181 4176 lorum
2223 4121 2411 4175 limina
2453 4120 2699 4187 veniens,
2746 4135 2856 4174 non
2901 4118 3080 4173 solum
3121 4126 3313 4188 captus
3352 4126 3464 4184 est,
3497 4117 3589 4172 sed

2000 4215 2167 4272 etiam
2196 4215 2393 4271 inloco
2412 4213 2529 4285 ejus
2553 4211 2778 4284 quidam
2810 4221 2893 4268 est
2916 4212 3205 4284 tyrannice
3230 4210 3559 4283 subrogatus
3577 4251 3591 4277 ,

1999 4317 2059 4364 ut
2082 4325 2142 4364 ea
2172 4309 2316 4364 bona
2354 4323 2472 4372 sua,
2516 4305 2716 4377 quibus
2751 4305 3084 4377 exspoliatus
3113 4313 3218 4371 est,
3257 4304 3480 4375 expulso
3508 4305 3589 4366 in-

1999 4418 2188 4458 vasore
2212 4403 2323 4468 illo,
2361 4401 2571 4457 restitui
2597 4399 2830 4455 faciatis.
2862 4398 2970 4467 Qui
2995 4407 3178 4453 tamen
3203 4406 3495 4469 postquam
3521 4397 3591 4455 de

283 4494 405 4550 haec
466 4495 787 4563 Pecuniam,
822 4512 944 4568 qua:
975 4498 1027 4550 S.
1060 4496 1357 4550 Benedicto
1393 4495 1598 4551 credita
1631 4504 1744 4562 est,
1788 4512 1889 4552 nos
1919 4508 1967 4570 ι)
1999 4497 2078 4552 his
2106 4512 2226 4567 quae
2271 4494 2522 4566 perdidit,
2560 4492 2727 4548 fuerit
2755 4492 2992 4562 pleniter
3039 4491 3344 4556 investitus,
3391 4492 3436 4545 si
3463 4491 3589 4560 quid

284 4589 457 4643 alicui
501 4588 795 4643 viventium
843 4589 1073 4643 minime
1126 4589 1355 4656 damus,
1406 4589 1499 4645 sed
1555 4606 1676 4645 eam
1725 4605 1886 4660 super

281 4699 491 4752 corpus
522 4681 641 4752 ejus
671 4685 950 4752 ponimus;
987 4683 1112 4738 inde
1151 4685 1242 4755 qui
1275 4686 1694 4754 praesumpserit
1734 4684 1886 4740 anfe-

283 4787 386 4831 rat.
424 4776 622 4831 Milites
642 4787 827 4831 autem
852 4776 1108 4831 tollentes
1137 4776 1456 4833 thesaurum
1485 4777 1552 4834 de
1590 4779 1782 4834 altario
1818 4778 1889 4835 ad

285 4871 598 4941 principem
628 4869 901 4927 deferunt.
936 4872 1058 4940 Quo
1091 4881 1315 4942 accepto
1339 4871 1521 4926 statim
1561 4871 1700 4926 idem
1735 4873 1888 4943 prin-

285 4981 436 5036 ceps,
474 4963 613 5019 tanti
654 4974 844 5020 auctor
885 4966 1127 5028 sceleris,
1168 4967 1351 5020 lumen
1383 4961 1598 5031 amisit,
1628 4974 1681 5019 et
1713 4981 1886 5038 usque

289 5060 354 5116 ad
399 5065 644 5114 mortem
675 5057 746 5113 ita
781 5060 1103 5130 permansit.

966 5196 1215 5250 XLVIII.

365 5323 618 5389 Gregorii
703 5323 804 5376 VH
845 5320 1071 5388 epistola
1127 5319 1200 5372 ad
1263 5321 1479 5374 Petrum
1537 5321 1888 5376 Albanensr-m

688 5396 738 5446 et
777 5392 1074 5447 Odelricum
1116 5389 1459 5445 Patauinum.

880 5512 1067 5573 (Anno
1108 5511 1287 5573 l079.)

303 5625 574 5695 [Erigonis
608 5623 898 5678 Flaviniac.
935 5624 1243 5695 Chrom’con,
1272 5639 1360 5694 ap.
1395 5626 1610 5689 Psn'rz,
1649 5628 1883 5678 Momcm.

623 5698 797 5751 Germ.
831 5699 976 5751 Hist.
1012 5694 1212 5765 Script.
1247 5697 1392 5763 VIII,
1423 5700 1570 5762 450.]

376 5812 718 5868 Gnaeomus
745 5813 1054 5882 episcopus,
1088 5824 1278 5866 servus
1299 5823 1586 5865 servorum
1619 5811 1743 5879 Dei,
1763 5810 1890 5865 dile-

297 5903 408 5960 ctis
430 5905 483 5961 in
518 5905 746 5963 Christo‘
775 5904 1040 5962 fratribus
1066 5913 1121 5961 et
1148 5897 1518 5979 coepiscopis,
1549 5894 1745 5958 Pareo
1787 5901 1888 5958 Al-

1995 4599 2184 4646 contra
2227 4589 2380 4646 illum
2429 4587 2592 4643 habet
2633 4586 2860 4658 aliquis,
2911 4592 3133 4655 paratus
3179 4585 3282 4640 erit
3313 4583 3368 4638 in
3396 4593 3588 4639 nostro

1991 4683 2194 4756 judicio
2237 4681 2591 4754 respondere.
2630 4684 2751 4738 Non
2783 4677 2928 4734 enim
2973 4677 3134 4733 debet
3173 4676 3242 4732 ab
3271 4676 3379 4734 alio
3407 4677 3589 4749 aliquo

1992 4777 2247 4848 judicari,
2277 4777 2368 4846 qui
2403 4775 2459 4829 in
2489 4775 2783 4845 apostolica
2810 4772 2936 4829 sede
2965 4771 3136 4826 scitur
3165 4788 3192 4826 a
3226 4780 3436 4828 memet
3453 4787 3589 4827 con-

1997 4878 2254 4925 secratus.
2287 4873 2356 4924 Et
2398 4877 2544 4923 certe
2585 4867 2763 4938 gravis
2794 4866 2898 4923 fuit
2929 4865 3310 4938 praesumptio,
3363 4881 3585 4922 manum

1997 4965 2048 5018 in
2080 4979 2206 5018 eum
2241 4978 2464 5034 ponere,
2497 4962 2591 5033 qui
2625 4970 2778 5017 tanto
2821 4969 2942 5017 erat
2988 4959 3272 5032 privilegio
3325 4959 3585 5015 munitus.

1997 5057 2154 5127 Quod
2202 5057 2246 5113 si
2294 5058 2511 5111 invasor
2557 5055 2646 5112 ille
2688 5063 2878 5110 contra
2930 5053 3289 5110 interdictum
3329 5063 3586 5108 nostrum

1998 5151 2257 5221 praedicto
2308 5150 2462 5206 fratri
2495 5166 2589 5206 sua
2632 5149 2912 5205 restituere
2953 5149 3371 5219 contempserit,
3402 5146 3589 5202 confe-

1999 5246 2122 5301 stim
2147 5247 2201 5300 in
2225 5262 2348 5301 eum
2375 5245 2521 5300 velut
2547 5245 2598 5298 in
2619 5242 2884 5300 rebellem
2911 5251 2968 5298 et
2989 5243 3297 5298 invasorem
3319 5257 3384 5296 ex
3403 5249 3590 5296 aucto-

1998 5341 2155 5394 ritate
2184 5339 2476 5410 apostolica
2520 5337 2851 5392 sententiam
2881 5334 3465 5392 excommunicationis
3502 5334 3590 5389 in-

1996 5433 2224 5489 tendite.
2267 5431 2548 5503 Quidquid
2587 5440 2772 5486 autem
2811 5429 2987 5503 agitis,
3020 5429 3101 5483 vel
3148 5427 3408 5500 quidquid
3437 5427 3590 5483 vobis

1998 5526 2306 5598 contigerit,
2331 5526 2527 5582 litteris
2559 5541 2781 5595 semper
2807 5523 3068 5580 insudare
3103 5529 3160 5579 et
3182 5521 3502 5594 frequenter
3520 5521 3590 5576 ad

1997 5638 2096 5677 nos
2143 5621 2355 5676 u'iittere
2404 5627 2712 5690 procurate.
2761 5617 3128 5689 Omnipotens
3165 5624 3220 5670 et
3275 5616 3590 5670 misericors

2003 5721 2170 5781 Deus,
2207 5732 2237 5770 a
2268 5729 2376 5785 quo
2421 5715 2558 5769 bona
2591 5722 2790 5769 cuncta
2822 5709 3148 5782 procedunt,
3177 5708 3386 5762 meritis
3416 5707 3590 5761 beata:

1999 5810 2098 5863 Dei
2130 5808 2413 5879 genitricis
2443 5809 2664 5871 Mariae,
2687 5805 2928 5861 dominae
2961 5809 3272 5868 nostram-et
3301 5799 3588 5854 beatorum

1999 5901 2381 5976 apostolorum
2410 5913 2637 5959 suorum
2667 5896 2815 5957 Petri
2859 5905 2916 5952 et
2945 5891 3136 5957 Pauli-,-
3168 5892 3235 5945 ab
3259 5891 3588 5947 omni'malb
