4044 6186
509 320 611 373 695

1455 313 1510 366 S.
1553 305 1875 364 GREGORII
1911 305 1999 360 V11
2041 303 2236 360 PAP/E
2275 303 2555 358 OPERUM
2594 304 2765 358 PARS
2805 305 2886 390 IL-

3695 304 3790 355 696

510 458 607 499 vos
643 442 954 507 defendere,
986 449 1039 496 et
1068 441 1124 494 in
1156 451 1384 492 omnem
1416 434 1709 489 veritatem
1739 432 1997 488 inducere
2026 429 2107 485 dio
2136 434 2191 495 Α
2220 429 2540 486 auctoritate
2569 427 2936 484 decernimus.
2977 426 3142 498 Quod
3175 428 3222 482 si
3261 435 3386 499 post
3421 425 3582 496 hujus
3607 434 3797 482 nostra

512 545 726 610 gnetur,
754 544 1019 606 quatenus
1045 528 1316 602 quidquid
1339 527 1499 599 agitis
1519 525 1826 582 secundum
1852 525 2107 580 timorem

510 631 610 686 Dei
640 638 694 683 et
720 627 1017 683 utilitatem
1039 631 1246 678 sancta
1269 621 1527 676 Ecclesia
1549 619 1785 676 feliciter
1812 617 2103 690 peragatis.

515 726 667 777 Inter
712 719 898 775 omnia
940 715 1343 772 studiosissime
1383 713 1817 769 Wormatiensis
1867 711 2107 782 episcopi

515 820 870 879 mementote,
903 811 994 882 qui
1041 825 1170 866 cum
1201 816 1344 863 esset
1371 807 1465 862 diu
1507 808 1576 862 ab
1607 806 1850 861 Ecclesia
1882 821 1978 860 sua
2018 819 2110 860 ex-

514 908 718 976 pulsus,
744 914 796 961 et
820 905 890 961 ob
921 904 974 960 id
1003 906 1241 958 Romam
1263 901 1495 965 veniret,
1523 909 1583 955 ut
1605 900 1871 955 auxilium
1898 907 2110 968 aposto-

513 1001 632 1057 lica
657 999 802 1056 sedis
840 998 1162 1070 acquireret,
1193 1011 1307 1051 non
1349 995 1528 1050 solum
1573 993 1703 1048 nihil
1733 992 1835 1047 sibi
1866 991 2106 1064 profuit,

514 1093 610 1150 sed
637 1093 804 1148 modo
836 1091 1004 1147 etiam
1036 1089 1189 1160 pejus
1231 1086 1483 1142 incurrit.
1513 1087 1744 1141 Interim
1778 1101 1873 1140 vos
1907 1085 2107 1140 saluta-

515 1203 662 1253 mus,
688 1195 741 1241 et
769 1199 1030 1256 rogamus
1067 1191 1128 1238 ut
1154 1182 1275 1237 sitis
1306 1195 1584 1238 memores
1612 1179 1811 1247 nostri,
1845 1178 2109 1233 memoris

518 1280 701 1350 vestri,
745 1277 892 1350 apud
924 1281 1124 1333 Deum.

1206 1389 1417 1444 XLIX.

523 1495 768 1562 Gregm‘i-t'
801 1495 904 1546 V1!
932 1493 1160 1561 epistola
1199 1492 1272 1544 ad
1313 1493 1584 1558 Hugonem.
1616 1491 1915 1562 episcopum
1947 1490 2112 1542 Dien-

554 1560 758 1618 sein.—-
786 1560 1110 1619 Gratulatur
1134 1564 1199 1617 de
1220 1579 1352 1633 pace
1377 1562 1620 1616 Ecclesia:
1651 1560 1763 1629 ejus
1792 1561 2072 1615 restituta.

1037 1703 1066 1719 ι,
1107 1660 1291 1725 (Anno
1333 1661 1488 1710 1079.
1497 1661 1515 1723 )

2218 524 2606 580 interdictionis
2649 523 2975 578 sententiam
3018 521 3084 577 ad
3114 522 3278 593 hujus
3307 519 3587 591 regiminis
3625 519 3794 591 digni-

2217 626 2391 674 tatem
2439 616 2776 687 aspiraverit,
2824 616 2956 687 quid
3003 615 3145 670 beati
3188 614 3333 669 Petri
3379 611 3587 684 gladius
3632 613 3798 667 valeat

2218 714 2340 767 sine
2392 711 2558 767 dubio
2587 710 2912 780 experietur,
2962 717 3019 763 et
3048 709 3101 762 in
3153 715 3476 779 perpetuum
3521 705 3666 761 nulla
3703 706 3798 761 sibi

2220 804 2562 861 ecclesiastici
2591 802 2869 876 regiminis
2897 801 3094 857 ﬁducia
3125 803 3476 872 relinquetur.
3525 799 3612 855 Ad
3661 815 3800 855 com-

2223 897 2570 970 primendum
2606 897 2772 952 etiam
2814 897 3120 951 multorum
3165 903 3398 950 conatus
3441 893 3674 959 illicitos,
3717 893 3799 964 qui

2220 992 2510 1048 obstinatis
2531 991 2730 1046 animis
2751 1006 2859 1045 non
2879 991 3078 1045 timent
3098 993 3278 1044 Deum
3303 996 3626 1059 postponere
3647 995 3703 1042 et
3723 1002 3803 1041 su-

2223 1085 2466 1156 perbiam
2490 1101 2646 1139 suam
2686 1085 2998 1155 propalare,
3045 1082 3324 1138 diabolum
3373 1081 3672 1146 imitantes,
3717 1080 3803 1151 qui

2220 1194 2333 1234 non
2359 1187 2647 1234 contentus
2681 1177 2787 1232 sibi
2815 1177 3108 1242 concessis,
3140 1175 3271 1232 dum
3304 1174 3488 1230 illicite
3516 1173 3714 1230 nititur
3743 1172 3804 1228 ad

2222 1272 2436 1337 altiora,
2488 1281 2544 1326 et
2581 1270 2729 1343 quod
2761 1270 3160 1341 habebatjuste
3185 1268 3398 1333 amisit,
3431 1267 3685 1323 volumus
3717 1281 3806 1321 vos

2223 1365 2555 1422 inomnihus
2582 1364 2823 1420 conciliis
2837 1364 3049 1431 vestris,
3079 1364 3192 1418 vice
3223 1373 3434 1429 nostra,
3467 1376 3662 1416 omnes
3689 1360 3807 1416 illos

2223 1459 2698 1515 excommunicare
2730 1458 3040 1528 quicunque
3071 1455 3388 1526 apostolica
3416 1453 3560 1509 sedis
3589 1453 3808 1508 decreto

2221 1569 2384 1624 super
2434 1551 2536 1607 hac
2588 1569 2648 1607 re
2699 1551 3033 1623 synodaliter
3060 1550 3361 1605 constituto
3410 1548 3626 1603 obviare
3674 1563 3807 1618 pra-

2221 1647 2585 1719 sumpserint,
2614 1654 2667 1701 et
2695 1645 2760 1701 de
2810 1660 2974 1700 manu
3003 1643 3232 1714 alicujus
3272 1642 3392 1698 laici
3427 1641 3806 1696 investituram

523 1759 794 1829 [Hugonis
822 1758 1108 1813 Flaviniac.
1153 1759 1466 1819 Chronicon,
1497 1773 1585 1826 ap.
1624 1759 1841 1822 Psn'rz,
1873 1759 2110 1812 Monum.
2139 1759 2188 1821 B
2227 1741 2594 1797 ECCIeSiamm
2636 1738 2998 1810 susceperint,
3043 1746 3106 1792 υῖ
3149 1736 3233 1792 his
3272 1733 3809 1829 εδιῖθω-ῖθποιξίδυε

845 1832 1026 1884 Germ.
1060 1831 1209 1894 hist,
1244 1829 1416 1900 Scrip.
1455 1829 1606 1894 VIII,
1646 1832 1794 1895 42L]

595 1934 950 1988 Gascontus
979 1932 1288 2002 episcopus,
1327 1947 1519 1987 servus
1551 1946 1836 1986 servorum
1869 1931 1991 1999 Dei,
2026 1923 2115 1984 di-

521 2028 660 2081 lecto
681 2026 736 2080 in
753 2025 970 2081 Christo
988 2023 1140 2080 fratri
1163 2027 1435 2093 HUGOM,
1458 2024 1648 2080 Diensi
1673 2024 1947 2096 episcopo,
1975 2025 2116 2079 salu-

521 2129 636 2174 tem
666 2127 722 2174 et
749 2119 1104 2190 apostolicam
1141 2119 1610 2174 benedictionem.

595 2212 753 2282 Quod
779 2212 964 2268 divina
1000 2212 1289 2267 clementia
1323 2227 1510 2284 pacem
1540 2211 1794 2267 Ecclesia
1815 2219 1922 2266 tua
1955 2212 2115 2266 resti-

526 2306 660 2373 tuit,
690 2306 826 2360 sciat
869 2305 1180 2361 fraternitas
1209 2314 1304 2360 tua
1344 2321 1443 2360 nos
1471 2305 1617 2360 haud
1650 2305 1810 2360 aliter
1851 2320 2019 2376 quam
2049 2303 2119 2360 de

523 2408 731 2464 nostra,
763 2408 857 2453 aut
885 2407 1087 2453 sancta
1129 2401 1400 2453 Romana
1440 2398 1696 2454 Ecclesia
1726 2397 2119 2468 tranquillitate

527 2501 581 2548 et
625 2491 872 2562 profectu
915 2492 1174 2563 gaudere.
1207 2494 1278 2546 Et
1320 2491 1425 2546 hoc
1465 2492 1519 2547 in
1548 2500 1732 2547 mente
1761 2500 1853 2546 tua
1901 2507 2120 2560 semper

531 2594 751 2642 maneat
779 2585 950 2640 fixum
969 2626 983 2651 ,
1015 2583 1160 2656 quod
1191 2585 1538 2657 omnipotens
1565 2588 1738 2652 Deus,
1771 2585 1854 2640 cui
1888 2583 2120 2639 fideliter

528 2679 781 2734 famulari
821 2687 937 2735 toto
964 2679 1144 2734 cordis
1173 2677 1375 2734 affectu
1409 2679 1697 2745 adniteris,
1744 2688 1801 2733 et
1839 2686 2117 2749 tempora-

527 2772 638 2828 lem
667 2771 765 2826 tibi
816 2787 1005 2843 pacem
1033 2780 1408 2844 competenter
1457 2772 1788 2837 conciliabit,
1819 2780 1876 2826 et
1922 2771 2119 2842 sempi-

525 2874 741 2920 ternam
792 2866 1003 2919 meritis
1059 2866 1164 2920 tuis
1192 2865 1371 2920 bonus
1422 2874 1804 2920 remunerator
1835 2865 2113 2920 retribuet.

527 2961 610 3013 De
659 2957 928 3013 discordia
979 2974 1103 3013 vero
1152 2974 1319 3028 quam
1363 2958 1504 3013 inter
1559 2958 1977 3028 Lugdunensem
2027 2973 2122 3012 ar—

527 3051 934 3122 chiepiscopum
961 3059 1015 3105 et
1040 3051 1297 3106 abbatem
1321 3051 1735 3106 Cluniacensem
1781 3049 2118 3119 signiﬁcasti,

2225 1851 2254 1890 a
2285 1850 2378 1906 spe
2409 1833 2724 1888 ambitionis
2755 1848 2869 1887 sua
2896 1830 3122 1894 reducti,
3163 1846 3275 1884 non
3307 1827 3529 1884 aliunde
3558 1837 3618 1883 ut
3661 1827 3809 1884 fures

2223 1943 2278 1984 et
2318 1929 2559 1983 latrones
2605 1925 2671 1980 ad
2703 1925 2841 1980 ovile
2870 1924 3227 1980 Dominicum
3257 1921 3570 1990 ascendant,
3600 1921 3691 1976 sed
3744 1937 3806 1975 ex

2225 2021 2562 2077 habitatione
2607 2020 2992 2089 religiosorum
3026 2017 3270 2073 virorum
3303 2016 3532 2081 invitati,
3580 2023 3641 2070 ut
3678 2015 3806 2070 boni

2225 2125 2278 2170 et
2308 2114 2483 2170 idonei
2517 2123 2764 2185 pastores
2810 2128 2905 2184 per
2933 2113 3137 2166 ostium
3179 2109 3570 2182 ingrediantur.
3607 2107 3810 2164 Admo-

2224 2224 2419 2265 nemus
2453 2209 2619 2262 etiam
2647 2215 2708 2260 ut
2744 2207 2946 2260 viscera
2989 2204 3205 2276 pietatis
3244 2211 3353 2260 tua
3392 2203 3550 2258 dolor
3593 2210 3650 2256 et
3675 2201 3810 2256 cala-

2225 2303 2387 2358 mitas
2439 2300 2802 2372 Lingonensis
2832 2298 3089 2353 Ecclesia
3134 2305 3398 2368 penetret,
3430 2305 3487 2350 et
3528 2312 3636 2351 una
3685 2310 3811 2350 cum

2227 2396 2394 2452 fratre
2450 2403 2643 2449 nostro
2705 2391 3062 2464 Lugdunensi
3116 2390 3560 2461 archiepiscopo,
3628 2387 3811 2442 modis

2226 2489 2424 2561 quibus
2453 2487 2660 2553 valetis,
2693 2487 2858 2541 tantis
2897 2486 3013 2555 ejus
3041 2485 3296 2556 periculis
3336 2481 3648 2546 consulatis,
3682 2481 3810 2536 illud

2228 2582 2593 2655 principaliter
2643 2579 2976 2651 perficientes
3021 2587 3081 2633 ut
3123 2579 3176 2632 in
3220 2577 3513 2643 decanum,
3560 2575 3649 2646 qui
3704 2574 3814 2628 fere

2225 2677 2415 2733 omnia
2447 2675 2594 2731 illius
2621 2674 2874 2730 Ecclesia
2902 2670 3100 2741 officia
3149 2671 3398 2741 pessimis
3429 2668 3618 2724 studiis
3666 2668 3808 2722 arri—

2228 2771 2365 2842 puit,
2414 2771 2623 2840 justam
2651 2766 2980 2823 sententiam
3023 2765 3188 2830 detis,
3252 2773 3310 2820 et
3351 2762 3528 2818 ofﬁcia
3571 2761 3663 2816 illa
3710 2777 3811 2832 per

2229 2863 2512 2934 religiosos
2549 2872 2603 2916 et
2651 2866 3022 2931 competentes
3068 2859 3213 2914 viros
3257 2872 3390 2928 pure
3427 2855 3680 2927 deinceps
3725 2852 3816 2908 ad-

2231 2956 2639 3010 ministrentur.

2989 3049 3056 3102 L.

528 3144 742 3199 noverit
786 3143 1004 3200 dilectio
1043 3153 1138 3199 tua
1176 3159 1277 3198 nos
1317 3158 1428 3197 non
1483 3159 1674 3213 parum
1716 3144 1955 3213 gravari,
2001 3141 2117 3207 sed,
2153 3157 2197 3218 ί]
2232 3166 2481 3233 Gregorii
2524 3165 2624 3217 νη
2669 3177 2828 3231 papa,
2873 3162 3097 3230 epistola
3134 3159 3213 3214 ad
3251 3160 3592 3233 ᾼτιβειηιηηι,
3633 3173 3820 3233 maga-

527 3237 785 3307 quoniam
824 3236 966 3292 inter
1005 3236 1289 3308 religiosos
1311 3236 1490 3307 jurgia
1521 3244 1671 3302 sunt,
1716 3235 1952 3290 multum
1986 3251 2117 3307 pro-

531 3328 672 3384 fecto
701 3329 904 3385 dolere.
939 3331 1153 3402 Quippe
1176 3345 1414 3400 quorum
1438 3329 1728 3386 concordia
1759 3328 1947 3384 multis
1987 3345 2117 3400 pro-

527 3422 684 3478 desse
716 3432 928 3494 poterat
965 3432 1018 3478 et
1047 3422 1331 3491 debuerat,
1358 3439 1470 3479 non
1507 3422 1742 3480 dubium
1776 3431 1862 3478 est
1885 3423 2020 3494 quin
2049 3422 2118 3478 de

528 3531 720 3572 eorum
773 3516 1116 3572 dissensione
1171 3517 1423 3588 plurimis
1465 3518 1676 3574 oriatur
1724 3525 1778 3572 et
1824 3515 2006 3572 futura
2051 3517 2121 3571 sit

527 3609 702 3681 gravis
731 3609 1012 3674 pernicies.
1055 3607 1220 3664 Unde
1264 3607 1664 3665 fraternitatem
1697 3619 1849 3664 tuam
1899 3610 2121 3680 vigilare

528 3707 746 3770 oportet
793 3705 849 3754 et
894 3716 1090 3755 curare
1133 3715 1361 3755 necesse
1406 3709 1488 3756 est
1531 3701 1815 3772 religiosos
1842 3702 1942 3757 tibi
1974 3700 2120 3756 viros

527 3791 806 3858 adhibere,
837 3800 888 3846 et
920 3793 990 3846 ita
1015 3791 1269 3863 prafatos
1299 3809 1362 3848 ex
1396 3802 1550 3864 parte
1580 3802 1766 3848 nostra
1795 3810 1962 3865 super
1990 3810 2120 3848 con-

529 3882 718 3939 cordia
760 3885 1074 3940 convenire.
1116 3885 1364 3955 Denique
1404 3885 1720 3957 quicunque
1753 3887 1972 3940 illorum
1995 3885 2119 3954 jus-

501 3977 686 4048 titia,
736 3977 1036 4032 secundum
1082 3978 1306 4032 consilia
1362 3987 1562 4044 vestra,
1606 3995 1720 4034 non
1773 3980 2120 4050 acquieverit,

527 4071 662 4126 nulli
695 4071 768 4124 sit
798 4070 1124 4142 ambiguum
1153 4072 1299 4140 quod
1332 4085 1434 4126 nos
1481 4071 1537 4125 in
1565 4087 1692 4127 eum
1717 4072 1973 4142 graviter,
2006 4089 2123 4128 om-

527 4165 610 4218 nis
641 4178 890 4234 persona
924 4163 1238 4233 acceptione
1266 4164 1588 4236 postposita,
1623 4165 2120 4222 commovebimur.

529 4257 668 4334 Quia
712 4272 839 4312 vero
869 4257 920 4311 in
952 4256 1194 4328 partibus
1231 4258 1608 4329 praordinatis
1637 4259 1927 4315 concilium
1973 4261 2123 4315 cele-

527 4349 686 4406 brare
715 4365 829 4405 non
870 4350 1127 4422 potuistis
1167 4351 1401 4420 utiliter,
1439 4362 1755 4424 competens
1791 4354 2125 4410 arbitramur

528 4452 590 4499 ut
616 4453 809 4515 aptum
837 4444 1019 4501 locum
1066 4445 1343 4516 diligentia
1373 4455 1548 4501 vestra
1574 4445 1882 4512 inveniatis,
1913 4447 2005 4502 ubi
2030 4463 2124 4519 sy-

2294 3229 2450 3376 }ten't'
2463 3229 3102 3288 Dacceitsis'abbatem.—
3119 3235 3196 3285 De
3221 3230 3566 3286 celeberrima
3581 3229 3820 3285 Anselmt

2325 3322 2467 3360 ama.

2325 3322 2448 3360 ama
2456 3346 2467 3358 .

2823 3401 3003 3465 (Anno
3048 3396 3225 3464 1079.)

2617 3503 2865 3568 [MANSI,
2897 3499 3091 3555 Concil.
3121 3498 3252 3564 XX,
3277 3499 3427 3563 619.]

2299 3613 2649 3666 GBEGOBIUS
2677 3611 2988 3682 episcopus,
3023 3624 3211 3664 servus
3233 3623 3517 3664 servorum
3551 3609 3680 3673 Dei,
3714 3612 3822 3662 AN-

2229 3720 2451 3772 ssLuo,
2475 3703 2763 3759 venerabili
2780 3703 2963 3758 abbati
2985 3702 3264 3769 Beccensi,
3287 3701 3523 3757 salutem
3539 3709 3594 3754 et
3614 3709 3824 3772 aposto-

2229 3798 2480 3852 stolicam
2521 3795 2992 3852 benedictionem.

2301 3890 2574 3958 Quoniam
2599 3889 2887 3946 fructuum
2931 3899 3153 3945 tuorum
3209 3889 3387 3945 bonus
3437 3889 3574 3945 odor
3623 3889 3694 3943 ad
3727 3903 3824 3941 nos

2231 4000 2401 4055 usque
2436 3983 2693 4050 redoluit,
2731 3999 2899 4056 quam
2928 3983 3117 4056 dignas
3149 3991 3329 4055 grates
3356 3986 3474 4039 Deo
3511 3981 3819 4044 referimus,

2227 4087 2282 4133 et
2332 4084 2384 4132 te
2415 4077 2469 4132 in
2515 4077 2716 4134 Christi
2767 4077 3059 4133 dilectione
3103 4092 3170 4132 ex
3197 4076 3361 4132 corde
3407 4074 3822 4147 amplectimur;

2227 4172 2514 4227 credentes
2561 4187 2659 4241 pro
2707 4180 2858 4227 certo
2919 4180 3141 4226 tuorum
3192 4169 3501 4226 studiorum
3550 4168 3826 4240 exemplis

2230 4260 2528 4315 Ecclesiam
2558 4261 2658 4315 Dei
2681 4261 2737 4314 in
2767 4259 2958 4315 melius
2977 4259 3303 4330 promoveri,
3329 4266 3383 4312 et
3406 4259 3516 4312 tuis
3542 4256 3829 4312 similium-

2232 4370 2338 4425 que
2387 4356 2465 4409 tui
2519 4354 2770 4424 precibus
2817 4355 2986 4410 etiam
3041 4355 3109 4409 ab
3162 4352 3493 4408 instantibus
3545 4352 3825 4422 periculis,

2233 4447 2435 4503 Christi
2465 4447 2828 4503 subveniente
2852 4445 3257 4514 misericordia,
3284 4461 3442 4517 posse
3473 4446 3632 4516 eripi.
3665 4446 3826 4501 Nosti

529 4537 676 4593 nodo
743 4546 1068 4610 congregata
1137 4539 1432 4594 Remensis
1493 4539 1885 4610 archiepiscopi
1959 4557 2119 4595 causa
2151 4519 2202 4580 Ῐ)
2233 4539 2398 4597 frater
2429 4561 2442 4596 :
2473 4540 2515 4595 si
2531 4541 2668 4612 justi
2695 4541 2842 4612 apud
2867 4543 3043 4596 Deum
3076 4539 3360 4610 pravaluit
3379 4539 3555 4594 oratio
3583 4541 3720 4602 (Jac.
3753 4545 3824 4603 v),

529 4629 810 4702 diligenter
861 4632 1228 4687 examinetur.
1267 4633 1337 4687 Et
1366 4631 1620 4703 quidem,
1651 4633 1694 4688 si
1725 4631 1904 4688 idonei
1952 4649 2120 4688 accu-

527 4730 755 4776 satores.
782 4730 837 4777 et
863 4731 1033 4779 testes
1063 4726 1272 4780 inventi
1313 4724 1549 4792 fuerint,
1599 4725 1745 4796 quod
1783 4726 2039 4797 olijicitur
2067 4728 2115 4780 ei

526 4815 791 4870 canonice
839 4817 1294 4886 comprobantes,
1357 4835 1523 4889 quam
1575 4819 1780 4890 justitia
1834 4819 2117 4876 dictaverit

526 4907 858 4962 sententiam
886 4908 1018 4963 dare
1065 4908 1270 4980 absque
1325 4909 1668 4967 haesitatione
1698 4928 1794 4967 vos
1841 4913 2112 4969 volumus.

530 4999 793 5071 Alioquin
817 4999 861 5054 si
890 5000 1026 5056 tales
1064 5017 1311 5084 persona
1340 5002 1544 5059 fuerint
1581 5019 1704 5074 qua
1734 5005 1896 5074 recipi
1943 5006 2116 5061 ratio-

527 5092 779 5148 nabiliter
804 5101 1101 5164 nequeant,
1140 5096 1404 5165 quoniam
1434 5098 1608 5168 turpis
1632 5097 1701 5153 de
1737 5113 1803 5152 eo
1836 5096 1976 5153 fama
2005 5115 2117 5154 non

527 5186 708 5243 solum
735 5185 992 5252 Galliam,
1017 5203 1209 5243 verum
1231 5189 1400 5244 etiam
1428 5188 1542 5246 fere
1561 5197 1739 5247 totam
1761 5191 1984 5261 replevit
2005 5195 2114 5247 Ita-

521 5279 687 5345 liam,
719 5295 814 5335 sex
859 5280 1162 5350 episcopis,
1208 5297 1448 5352 quorum
1479 5282 1588 5338 vita
1627 5299 1741 5338 non
1782 5291 2003 5339 notetur
2032 5285 2113 5340 in-

520 5370 710 5438 famia,
765 5373 1061 5444 assumptis
1090 5373 1212 5441 sibi,
1244 5375 1291 5430 si
1342 5384 1544 5446 potest,
1587 5385 1809 5432 excuset
1832 5392 1912 5440 se,
1955 5387 2010 5434 et
2037 5379 2115 5434 sic

520 5474 782 5537 purgatus
814 5482 944 5521 cum
971 5482 1101 5538 pace
1123 5467 1178 5524 in
1207 5469 1450 5524 Ecclesia
1474 5485 1574 5524 sua
1597 5478 1650 5524 et
1681 5471 1901 5542 propria
1930 5471 2115 5544 digni-

519 5565 633 5616 tate
663 5568 971 5616 remaneat.
1001 5562 1273 5617 Praterea
1303 5577 1430 5618 eum
1461 5577 1625 5633 quem
1665 5579 1762 5634 per
1797 5566 2112 5620 sacularem

524 5659 886 5722 potestatem,
916 5654 967 5710 id
1013 5662 1097 5710 est
1120 5654 1326 5728 regiam
1355 5655 1766 5722 investituram,
1792 5659 2110 5715 Cabilonen-

517 5759 633 5802 sem
662 5745 955 5802 Ecclesiam
986 5746 1218 5806 intrasse
1258 5748 1623 5822 significastis,
1655 5749 1726 5806 ab
1767 5753 1919 5808 omni
1970 5753 2108 5825 regi-

2229 4633 2364 4705 quid
2381 4634 2700 4706 justorum?
2726 4635 3010 4706 pravaluit
3031 4633 3310 4703 equidem,
3332 4634 3446 4687 imo
3469 4630 3827 4702 impetrabit,

2229 4727 2544 4795 sinedubio,
2567 4728 2716 4799 quod
2740 4728 2955 4798 petierit
2974 4731 3018 4792 (Ι
3033 4730 3082 4781 Π
3095 4730 3225 4794 Reg.
3253 4729 3432 4793 xvn).
3454 4726 3632 4796 Ipsius
3654 4726 3827 4782 etiam

2230 4821 2490 4878 Veritatis
2513 4822 2842 4877 auctoritate
2859 4820 3109 4892 cogimur
3135 4820 3241 4876 hoc
3261 4819 3512 4875 conﬁteri
3539 4840 3551 4874 :
3577 4820 3830 4878 Pulsate.

2226 4915 2422 4985 inquit,
2450 4919 2504 4969 et
2529 4919 2805 4984 aperietur
2831 4915 2995 4976 vobis,
3023 4917 3190 4983 pet-ite
3219 4920 3268 4968 et
3296 4915 3568 4983 accipietis
3596 4913 3822 4976 (Matth.

2227 5024 2332 5077 vn,
2365 5011 2440 5076 7).
2489 5008 2707 5063 Pulsate
2735 5008 3077 5078 simpliciter,
3122 5006 3288 5078 petite
3325 5005 3651 5076 simpliciter
3705 5005 3832 5061 hac

2225 5101 2387 5156 etiam
2426 5117 2548 5173 qua
2576 5101 2679 5156 sibi
2709 5102 2976 5172 placeant.
3021 5101 3265 5170 Simplex
3301 5108 3383 5154 est
3412 5099 3639 5164 ostium,
3688 5099 3830 5153 sim-

2226 5195 2348 5264 plex
2368 5194 2525 5250 dator
2548 5196 2660 5250 vult
2680 5195 2789 5265 peti
2808 5193 3096 5264 simplicia,
3117 5202 3170 5250 et
3185 5209 3307 5264 qua
3327 5193 3429 5248 sibi
3447 5191 3786 5248 conveniant
3810 5212 3826 5246 :

2225 5287 2329 5342 hoc
2353 5286 2520 5343 modo
2545 5289 2839 5357 aperietur,
2869 5287 2974 5341 hoc
2997 5287 3160 5342 modo
3179 5285 3478 5358 accipietis,
3510 5285 3618 5341 hoc
3649 5285 3828 5340 modo

2217 5381 2491 5452 justorum
2513 5379 2829 5434 exaudietur
2848 5381 3044 5435 oratio.
3071 5379 3234 5436 Unde
3255 5381 3508 5435 volumus
3531 5387 3680 5433 tuam
3703 5387 3826 5433 tuo-

2224 5489 2454 5544 rumque
2495 5472 2892 5528 fraternitatem
2933 5472 3150 5530 assidue
3188 5475 3366 5528 Deum
3412 5487 3593 5538 orare,
3627 5478 3684 5526 ut
3721 5473 3830 5526 Ec-

2220 5567 2442 5622 clesiam
2459 5581 2642 5633 suam,
2659 5575 2714 5621 et
2733 5582 2834 5623 nos
2859 5568 2975 5638 (qui
2990 5566 3035 5622 ei
3061 5567 3188 5622 licet
3206 5566 3408 5638 indigni
3441 5564 3824 5638 prasidemus)

2218 5659 2288 5714 ab
2321 5658 2651 5716 instantibus
2693 5659 3076 5716 hareticorum
3106 5659 3550 5732 oppressionibus
3590 5657 3820 5728 eripiat,

2218 5761 2274 5809 et
2313 5752 2456 5822 illos,
2487 5769 2677 5809 errore
2721 5753 2970 5820 dimisso,
3001 5753 3068 5809 ad
3100 5753 3241 5809 viam
3274 5753 3516 5809 veritatis
3559 5752 3820 5808 reducat.

518 5838 667 5894 mine
696 5847 752 5896 et
783 5854 878 5912 spe
903 5839 1074 5912 ipsius
1101 5841 1357 5901 Ecclesia
1384 5843 1623 5901 alienum
1657 5859 1774 5900 esse
1799 5845 2100 5916 apostolica
2212 5845 2626 5916 Querimoniam
2658 5845 2805 5918 apud
2846 5862 2948 5903 nos
2989 5846 3120 5904 fecit
3143 5847 3369 5920 quidem
3397 5845 3719 5920 peregrinus
3746 5843 3825 5900 de
