4044 6186
2010 156 2030 193 Ι

278 342 389 396 697
1220 338 1563 395 EPISTOLAB
1602 339 1821 397 EXTRA
1864 338 2248 399 REGISTRUM
2283 344 2661 401 VAGANTES.
3490 348 3597 403 698

274 463 524 537 quodam
573 477 841 518 converso
885 470 982 518 tuo
1028 482 1040 518 :
1079 465 1265 519 Justus
1307 467 1565 520 Dominus
1604 465 1883 535 justitiam
1911 470 1965 533 Α
1994 481 2089 540 per
2130 468 2410 526 Christum
2453 470 2756 527 intrantem
2783 475 2954 533 {Joan.
2985 485 3051 539 x,
3079 476 3151 536 2).
3182 470 3293 542 Qui
3320 471 3470 527 enim
3495 470 3598 527 ali-

275 559 497 619 ditezrit,
556 559 810 627 aequitate
864 557 1003 611 vidit
1041 557 1224 611 vultus
1275 557 1388 626 ejus
1446 559 1608 624 (Psal.
1677 575 1740 626 χ,
1800 564 1876 627 8).
1990 569 2095 630 ter,
2126 562 2180 618 id
2209 570 2293 620 est
2333 564 2453 620 sine
2489 564 2725 633 Christo,
2754 564 3167 637 ingrediuntur,
3215 565 3362 621 fures
3391 573 3519 621 sunt
3545 570 3602 621 et

274 651 502 707 Imitare
528 649 841 706 Dominum
868 657 1053 717 tuum,
1082 650 1299 707 imitare
1328 652 1671 724 magistrum,
1702 668 1733 708 a
1767 668 1879 725 quo
1990 656 2250 724 latrones,
2301 656 2371 713 ad
2411 657 2517 713 hoc
2564 658 2846 715 constituti
2878 666 2940 715 ut
2975 674 3197 732 gregem
3241 658 3601 715 Dominicum

272 745 448 800 habes
474 742 783 800 doctrinam
822 742 965 799 vitae.
1014 744 1366 815 Praecipimus
1393 744 1559 800 etiam
1590 753 1646 802 et
1685 761 1791 802 nos
1819 753 1881 802 ut
1988 759 2235 807 mactant
2276 760 2333 808 et
2370 752 2599 824 perdant
2624 756 2812 820 (Ibid.,
2860 760 2969 819 10).
3020 755 3129 811 Hic
3170 753 3354 826 itaque
3382 762 3600 824 aposto-

272 837 330 895 ei
340 837 615 910 justitiam
633 835 805 893 facias
815 851 1004 892 coram
1024 837 1274 893 Huberto
1300 837 1501 894 dilecto
1524 838 1635 894 ﬁlio
1665 848 1879 907 nostro,

273 941 336 987 et
362 937 443 997 (ut
469 931 856 999 intelleximus)
881 931 1063 987 amico
1084 941 1201 988 tuo.

1031 1043 1126 1097 LI.

270 1148 431 1217 (415)
473 1146 721 1215 Gregorii
763 1147 872 1202 VII
902 1148 1125 1216 epistola
1153 1148 1226 1201 ad
1252 1151 1541 1203 Henricum
1582 1152 1881 1219 episcopum

892 1219 1273 1274 Leodicensem.

874 1315 1062 1377 (Anno
1097 1314 1278 1382 1080.)

652 1416 906 1482 [MANSI,
950 1413 1146 1470 Concil.
1186 1415 1325 1481 XX,
1364 1417 1516 1482 625.]

344 1526 602 1583 Pervenit
642 1524 713 1580 ad
740 1540 842 1580 nos
886 1533 963 1592 te,
1006 1522 1234 1581 fratrem
1279 1535 1334 1581 et
1364 1527 1751 1599 coepiscOpum
1782 1542 1881 1581 no-

264 1630 454 1678 strum
484 1618 807 1685 Henricum,
834 1617 1233 1674 Leodicensem
1260 1619 1579 1691 episcopum
1596 1662 1612 1688 ,
1640 1620 1709 1676 ad
1752 1637 1884 1692 apo-

264 1716 549 1772 stolorum
579 1713 769 1769 limina
799 1711 1128 1780 venientem,
1151 1711 1218 1767 ab
1247 1712 1531 1783 Arnulpho
1560 1712 1763 1769 comite
1785 1729 1876 1768 re-

262 1809 378 1865 bus
429 1809 537 1863 tuis
586 1805 980 1879 exspoliatum,
1051 1814 1105 1860 et
1154 1804 1225 1861 ad
1287 1806 1550 1878 nequitia;
1604 1823 1870 1879 augmen-

1992 844 2111 900 licae
2155 844 2299 901 sedis
2342 845 2727 903 benedictione
2781 855 2837 903 et
2873 847 3204 904 auctoritate
3231 846 3599 903 conﬁrmatus

1994 952 2089 1008 per
2112 939 2427 1009 exemplum
2456 938 2739 996 laudanda:
2782 940 3222 996 conversationis
3254 954 3375 996 sua
3417 948 3475 996 et
3501 938 3598 995 do-

1992 1041 2319 1087 cumentum
2350 1031 2770 1103 praedicationis,
2800 1032 3072 1104 quidquid
3103 1034 3262 1106 culpa
3303 1042 3358 1090 et
3388 1034 3595 1109 injuria

1990 1126 2267 1182 malorum
2298 1125 2621 1196 pontiﬁcum
2650 1125 2794 1181 inter
2822 1141 2919 1181 vos
2942 1128 3302 1183 commissum
3349 1136 3451 1195 est,
3480 1132 3592 1184 Do-

1994 1219 2148 1276 mino
2169 1219 2480 1289 auxiliante,
2512 1220 2719 1292 poterit
2743 1220 3038 1291 corrigere,
3072 1234 3276 1291 vosque
3303 1220 3482 1277 bonus
3510 1237 3599 1293 pa-

1991 1321 2108 1368 stor
2153 1328 2374 1369 summo
2402 1314 2623 1370 Pastori
2671 1313 3019 1370 devotissime
3046 1313 3457 1371 commendare.
3486 1314 3598 1371 Ad-

1994 1422 2285 1463 monemus
2313 1408 2495 1478 itaque
2519 1407 2869 1480 prudentiam
2905 1416 3161 1473 vestram,
3195 1416 3256 1463 ut
3279 1422 3408 1485 eum
3433 1422 3600 1479 quem
3646 1476 3659 1479 _

1994 1504 2255 1557 Romana
2285 1501 2528 1558 Ecclesia
2555 1503 2710 1558 vobis
2737 1503 2981 1576 legaliter
3022 1501 3335 1570 constituit,
3371 1500 3602 1557 honeste

1992 1604 2048 1651 et
2071 1611 2201 1651 cum
2248 1595 2622 1651 benevolentia
2670 1596 2962 1668 recipiatis,
3003 1605 3059 1652 et
3085 1597 3132 1652 ei
3174 1596 3316 1651 sicut
3335 1593 3600 1665 spirituali

1989 1690 2136 1745 Patri
2179 1698 2233 1744 et
2278 1689 2684 1760 archiepiscopo
2728 1689 3100 1745 obedientiam
3151 1698 3205 1744 et
3241 1688 3602 1744 reverentiam

1989 1782 2346 1856 impendatis,
2422 1797 2701 1837 memores
2770 1782 2995 1838 Domini
3060 1782 3339 1838 sermonis
3405 1780 3601 1837 ﬁdeles

268 1855 377 1865 ¹“’“”“’
433 1855 536 1863 “““’”
589 1855 980 1879 *·--ι’⁷·”“”··“τ
1056 1855 1101 1860 ’⁷
1156 1855 1225 1861 “““
1289 1855 1549 1878 ··ν“ι“”·-·’-
1605 1855 1840 1879 ’”“⁴”Ο“’”⁷““

268 1912 395 1957 tum
442 1900 632 1973 gladiis
670 1899 856 1972 jurare
902 1898 1249 1970 compulsum
1301 1899 1447 1971 quod
1496 1901 1680 1956 ablata
1728 1916 1869 1955 nun-

2003 1855 2115 1933 iuos
2139 1874 2587 1932 commendantis
2618 1895 2631 1927 :
2666 1878 2773 1943 Qui
2796 1890 2885 1931 vos
2910 1876 3087 1942 audit,
3116 1891 3199 1929 me
3218 1875 3396 1941 audit;
3421 1879 3477 1929 et
3500 1876 3604 1944 qui

272 2010 450 2066 quam
492 2002 789 2065 repeteres,
819 2000 874 2047 et
914 1992 1080 2063 hujus
1108 1994 1248 2047 tanti
1284 1994 1502 2049 sceleris
1530 2009 1557 2048 a
1590 1992 1750 2049 nobis
1789 1992 1893 2048 sibi

261 2088 496 2144 veniam
539 2088 885 2160 impetrares.
922 2086 1157 2158 Cognita
1192 2087 1373 2157 itaque
1406 2087 1736 2143 contumelia
1767 2086 1891 2155 tibi,

2002 1987 2092 2026 vos
2113 1973 2337 2041 spernit,
2358 1985 2441 2024 me
2463 1972 2676 2039 spernit
2715 1972 2863 2034 (Luc.
2897 1985 2960 2035 x,
2986 1974 3092 2034 16).
3116 1971 3307 2040 Neque
3334 1968 3481 2023 enim
3500 1983 3600 2024 vos

2001 2065 2258 2137 ignorare
2287 2063 2539 2119 volumus
2566 2062 2717 2135 quod
2761 2062 2807 2118 si
2847 2062 2968 2134 quis
3008 2070 3276 2129 vestrum,
3307 2060 3457 2133 quod
3486 2076 3598 2117 non

270 2184 393 2239 imo
436 2182 601 2238 beato
622 2154 818 2248 Petro,
845 2154 1030 2244 illata;
1047 2178 1205 2235 valde
1249 2154 1552 2249 doluimus,
1583 2154 1893 2237 asserentes
1999 2173 2303 2229 speramusv
2334 2156 2703 2213 Obediemiam
2732 2156 2832 2211 Sibi
2882 2155 3287 2223 θοηῖτθάίκθτίῖν
3335 2154 3470 2242 iram.
3498 2154 3613 2209 De}

265 2274 672 2331 fraternitatem
715 2283 870 2329 tuam
912 2273 1079 2329 nullis
1102 2273 1411 2346 juramenti
1453 2274 1686 2329 vinculis
1730 2290 1890 2346 posse

262 2370 472 2435 teneri,
510 2385 637 2440 quae
661 2377 773 2424 tam
804 2366 1193 2425 nefandissime
1221 2377 1409 2423 coacta
1447 2368 1732 2438 juraverit.
1766 2368 1907 2423 Un-.

264 2462 334 2518 de
366 2471 425 2518 et
476 2463 776 2533 apostolica
817 2472 870 2519 te
910 2458 1235 2517 auctoritate
1282 2461 1638 2529 absolvimus,
1677 2470 1737 2516 ut
1775 2477 1887 2517 non

262 2564 382 2611 tuae
423 2554 511 2610 vel
554 2555 778 2626 alicujus
820 2555 1176 2611 conscientiae
1220 2554 1287 2609 ab
1327 2553 1464 2621 [ob]
1502 2553 1607 2609 hoc
1652 2553 1886 2610 videaris

274 2648 538 2704 innexus.
595 2653 829 2721 Insuper
872 2650 1038 2704 etiam
1090 2647 1282 2703 eadem
1325 2645 1450 2702 freti
1497 2656 1785 2719 potestate,
1815 2664 1885 2703 ne

263 2741 377 2797 hoc
418 2743 475 2797 in
502 2744 812 2813 exemplum
842 2741 1057 2797 caeteris
1105 2741 1371 2812 improbis
1418 2739 1651 2797 audendi
1700 2741 1883 2813 pejora

267 2834 625 2899 sitfuturum,
647 2833 803 2890 fratri
832 2844 1023 2891 nostro
1049 2832 1379 2904 Virdupensi
1405 2833 1660 2904 episcopo
1683 2841 1739 2889 et
1762 2834 1883 2890 aliis

268 2928 414 2983 illius
461 2896 865 3000 patri-[partis]
893 2928 1039 2983 beati
1065 2896 1491 2983 Petri'ﬁdelibus
1529 2896 1881 2998 summopere

269 3023 619 3093 praecipimus
650 3030 709 3077 ut
731 3037 856 3078 eum
884 3030 946 3076 ut
982 3030 1284 3094 tyrannum
1314 3028 1370 3075 et
1395 3018 1721 3075 Christiana:
1762 3020 1882 3075 reli-

266 3116 450 3187 gionis
475 3115 915 3171 conculcatorem
946 3116 1289 3187 impuguent,
1334 3122 1389 3170 et
1416 3114 1586 3170 armis
1624 3122 1741 3170 tam
1762 3129 1879 3169 car-

1999 2260 2054 2308 et
2080 2250 2374 2308 viudictam
2403 2253 2467 2305 B.
2512 2250 2660 2305 Petri
2696 2249 2765 2305 ad
2790 2250 3093 2320 periculum
3119 2263 3285 2303 suum
3328 2234 3600 2319 provoca—

1996 2345 2079 2401 bit
2097 2354 2154 2402 et
2178 2344 2506 2401 sententiam
2532 2342 3115 2399 excommunicationis
3141 2342 3201 2397 in
3228 2340 3494 2397 Tolosana
3514 2355 3602 2413 sy-

1956 2476 1971 2481 -
1995 2438 2143 2494 nodo
2171 2455 2201 2493 a
2220 2438 2413 2511 legatis
2437 2437 2639 2493 nostris
2664 2437 3068 2509 promulgatam
3086 2434 3382 2506 apostolica
3406 2443 3599 2490 aucto-

1914 2556 1920 2561 ο
1994 2534 2159 2588 ritate
2178 2530 2646 2587 conﬁrmabimus.
2671 2530 2778 2599 Qui
2800 2545 2930 2586 vero
2950 2528 3213 2585 obediens
3228 2526 3408 2594 fuerit,
3424 2527 3597 2600 gratia

1994 2634 2050 2681 et
2083 2623 2460 2681 benedictione
2510 2623 2759 2696 ejusdem
2797 2622 3114 2695 apostolica:
3141 2622 3292 2678 sedis
3321 2620 3595 2694 gaudebit.

2702 2717 2849 2773 LIII.

1993 2813 2245 2879 Gregorii
2290 2812 2400 2866 VII
2423 2811 2651 2880 epistola
2686 2810 2761 2863 ad
2806 2808 3110 2874 Rodulfum
3141 2807 3599 2880 archiepiscopum

2069 2887 2431 2938 Turonensem
2447 2878 2501 2935 et
2513 2880 2802 2936 Eusebium
2815 2880 3117 2947 episcOpum
3131 2878 3593 2946 Andegavensem.

2063 2983 2131 2993 —
2180 2954 2408 3009 Mandat
2431 2957 2492 3005 ut
2517 2951 2894 3019 Berengarium
2928 2949 3257 3003 sacerdotem
3281 2964 3315 3000 a
3354 2948 3595 3019 Fulcom's

2060 3026 2264 3079 comitis
2274 3018 3030 3092 Andcgavensisaliorumque
3050 3019 3266 3089 injuriis
3277 3018 3596 3086 defendant.

2607 3112 2792 3174 (Anno
2818 3111 2999 3174 1080.)

269 3208 489 3264 nalibus
547 3224 712 3281 quam
770 3208 1145 3281 spiritualibus
1220 3207 1462 3280 undique
1532 3215 1586 3263 et
1654 3208 1877 3280 ubique,
1914 3238 1960 3301 Ο
1989 3205 2330 3275 [Franciscus
2365 3203 2433 3260 de
2472 3204 2878 3301 Rogﬁmﬁtaé
2908 3203 3140 3301 {lg-esis
3186 3204 3238 3255 et
3280 3202 3597 3256 Pcenitentia

269 3313 545 3375 quantum
590 3312 842 3374 possunt,
870 3304 977 3359 nisi
1018 3302 1176 3376 digne
1205 3301 1555 3370 satisfecerit,
1585 3304 1877 3374 insequan-

268 3406 380 3453 tur.
426 3399 698 3454 Volumus
744 3397 931 3469 itaque
986 3405 1045 3453 ut
1096 3397 1355 3469 praelatus
1397 3397 1685 3468 episcopus
1732 3396 1881 3468 prius

268 3506 629 3564 quoscunque
674 3500 854 3563 potest
883 3492 1170 3563 episcopos
1207 3502 1264 3548 et
1303 3491 1547 3561 reliquos
1572 3489 1883 3545 sacerdotes

266 3585 375 3642 sibi
405 3586 689 3658 adjungat,
717 3593 772 3641 et
802 3586 956 3640 illum
985 3586 1084 3641 Dei
1125 3584 1409 3640 inimicum
1437 3583 1507 3639 ad
1538 3582 1762 3655 dignam
1791 3598 1881 3639 sa-

266 3679 639 3736 tisfactionem
683 3686 973 3736 convocet.
1020 3678 1183 3749 Quod
1213 3678 1258 3735 si
1307 3677 1475 3750 digne
1517 3677 1781 3748 poenitere
1828 3685 1884 3732 et

268 3773 449 3829 ablata
481 3774 770 3829 restituere
813 3772 1073 3839 noluerit,
1101 3771 1252 3828 datis
1293 3772 1394 3827 sibi
1431 3777 1493 3826 15
1522 3770 1742 3827 dierum
1787 3769 1877 3824 in-

270 3867 465 3935 duciis,
503 3867 735 3924 introitu
764 3868 1009 3924 ecclesia:
1052 3866 1315 3938 privetur,
1364 3876 1419 3922 et
1465 3864 1690 3937 praefato
1716 3862 1885 3920 modo

266 3962 328 4034 nj
340 3962 455 4017 uria
478 3952 621 4018 beati
644 3962 789 4019 Petri
807 3961 1109 4018 vindicetur
1141 3960 1317 4033 usque
1336 3959 1406 4017 ad
1424 3958 1882 4015 satisfactionem.

1024 4073 1151 4127 LII.

268 4180 521 4248 Gregorii
587 4181 693 4235 VII
760 4179 987 4249 epistola
1030 4177 1103 4231 ad
1130 4178 1477 4246 Aymericum
1529 4176 1882 4231 eicecomitem

846 4255 899 4305 et
926 4250 1317 4307 Narbonenses.

897 4345 1078 4409 (Anno
1105 4344 1286 4407 1080.)

671 4445 910 4513 Lahmr,
934 4444 1128 4501 Concil.
1161 4443 1302 4512 XX,
1340 4444 1491 4509 621.]

337 4557 700 4613 GBEGOBIUS
719 4556 1030 4628 episcopus,
1047 4569 1237 4612 servus
1257 4568 1540 4611 servorum
1559 4553 1682 4620 Dei,
1713 4551 1878 4618 clero,

2555 3276 2896 3343 Berengarii,
2914 3271 3028 3344 75.]

2058 3370 2407 3427 Gnsoomus
2435 3367 2742 3439 episcopus,
2771 3382 2962 3422 servus
2987 3381 3275 3422 servorum
3302 3366 3429 3432 Dei,
3458 3367 3584 3422 Ro-

1989 3477 2237 3519 nuwno
2255 3465 2607 3518 Turonorum
2628 3459 3036 3531 archiepiscopo
3057 3467 3113 3516 et
3127 3463 3385 3516 EUSBBIO
3400 3458 3595 3516 Ande-

1989 3571 2251 3629 gavorum
2291 3555 2561 3628 pontiﬁci,
2613 3555 2848 3611 salutem
2885 3562 2943 3609 et
2982 3553 3335 3626 apostolicam
3373 3550 3595 3609 benedi-

1989 3651 2250 3705 ctionem.

2064 3740 2406 3811 Audivimus,
2428 3742 2646 3810 fratres,
2666 3742 2936 3799 comitem
2961 3740 3433 3813 Andegavensem,
3462 3753 3597 3812 quo-

1985 3835 2245 3892 rumdam
2276 3836 2561 3902 instinctu,
2592 3836 2689 3908 qui
2731 3834 2845 3891 ﬁlio
2888 3841 3080 3891 nostro
3134 3832 3458 3889 charissimo
3487 3834 3594 3889 Be-

1989 3930 2239 4002 rengario
2281 3928 2654 3997 inimicantur,
2685 3930 2740 3983 in
2769 3928 2889 4000 ejus
2916 3927 3105 3984 odium
3128 3926 3410 3983 exarsisse.
3461 3926 3601 3996 Qua-

1993 4031 2218 4094 propter
2242 4020 2570 4078 fraternitati
2612 4030 2807 4078 vestrse
2832 4020 3161 4077 mandamus
3185 4028 3461 4092 quatenus
3495 4018 3603 4091 ipsi

1993 4115 2203 4184 comiti,
2248 4122 2432 4171 nostra
2483 4115 2620 4182 vice,
2653 4113 2978 4186 praecipiatis
3003 4124 3070 4171 ut
3092 4129 3208 4171 non
3233 4112 3466 4170 ulterius
3500 4127 3601 4171 80-,

1994 4208 2315 4279 praedictum
2344 4208 2523 4263 virum
2548 4208 2852 4280 inquietare
2878 4215 3191 4280 praesumat.
3228 4208 3343 4262 Nec
3380 4206 3595 4272 solum,

1995 4302 2091 4357 sed
2107 4309 2164 4357 et
2179 4308 2373 4356 contra
2402 4315 2596 4356 omnes
2624 4300 2872 4357 inimicos
2892 4309 2949 4357 et
2974 4301 3383 4372 perturbatores
3409 4313 3596 4356 rerum

1996 4395 2190 4465 ipsius,
2222 4394 2395 4450 vicem
2422 4402 2671 4450 nostram
2715 4393 2783 4449 ad
2812 4391 3036 4449 ferenda
3065 4393 3141 4449 illi
3182 4392 3379 4449 auxilia
3415 4391 3597 4449 susci-

1992 4488 2173 4560 piatis,
2194 4486 2563 4559 praacipiendo
2592 4486 2937 4558 praecipimus
2960 4500 3023 4541 ex
3054 4484 3378 4542 auctoritate
3398 4484 3597 4545 beato-

1991 4597 2117 4638 rum
2162 4579 2539 4653 apostolorum
2589 4580 2734 4636 Petri
2772 4588 2829 4636 et
2874 4577 3051 4634 Pauli.
3084 4576 3292 4645 Valete,
3344 4585 3402 4632 et
3443 4576 3593 4633 nulla

264 4649 577 4708 vicecomiti
616 4652 944 4706 Autumo
969 4665 1071 4706 nec
1091 4663 1207 4705 non
1231 4648 1487 4704 universo
1520 4645 1721 4718 populo
1745 4648 1883 4702 Nar.
1910 4635 1962 4697 D
1991 4635 2221 4731 ἐξιέὼέ
2233 4688 2357 4747 φη
2389 4672 2645 4746 praecipio
2674 4635 3022 4728 communita

260 4744 501 4802 bonensi
553 4743 910 4816 apostolicam
952 4740 1394 4799 benedictionem
1447 4738 1676 4795 libenter
1727 4739 1885 4795 vobis

259 4837 685 4903 manderemus,
715 4836 759 4893 si
789 4835 843 4891 in
889 4835 1205 4907 apostolicae
1244 4831 1385 4890 sedis
1442 4841 1665 4889 reatum
1705 4833 1888 4888 incur-

260 4932 397 4988 risse
449 4946 553 4987 vos
580 4945 693 4986 non
718 4944 1194 5002 cognosceremus.
1226 4929 1436 4983 Verum
1465 4926 1557 4982 ubi
1594 4925 1662 4981 ab
1690 4923 1879 4981 eadem

257 5041 360 5082 vos
390 5024 688 5095 resipuisse
737 5019 1297 5079 excommunicatione
1338 5019 1787 5097 cognoverimus,
1827 5026 1881 5075 et

255 5115 786 5189 archiepiscopalem
816 5116 958 5187 patri
989 5123 1166 5171 vestro
1192 5113 1470 5170 Dalmatio
1504 5111 1877 5171 obedientiam

254 5211 546 5278 exhibere,
577 5209 1017 5267 benedictionem
1049 5208 1190 5265 beati
1222 5207 1369 5263 Petri
1402 5206 1801 5263 mandabimus.

323 5304 493 5363 Sicut
538 5303 696 5358 novit
742 5301 1030 5374 prudentia
1086 5309 1288 5368 vestra,
1338 5299 1593 5357 inimicus
1647 5299 1872 5355 humani

251 5397 488 5471 generis
514 5394 819 5452 Ecclesiam
863 5403 1101 5451 vestram
1133 5393 1294 5449 malis
1336 5402 1391 5449 et
1416 5391 1740 5449 Simoniacis
1784 5409 1875 5464 pa-

254 5490 509 5549 storibus
535 5489 784 5545 invasam
811 5488 968 5561 quasi
1001 5487 1092 5559 jus
1113 5486 1394 5559 pr0prium
1423 5485 1589 5558 longo
1623 5493 1870 5557 tempore

254 5583 528 5656 possedit.
584 5581 690 5639 Sed
743 5580 1094 5638 condolentes
1149 5578 1459 5636 necessitati
1519 5587 1576 5636 et
1629 5578 1868 5651 peﬁculo

255 5687 467 5746 vestro,
496 5676 709 5733 bonum
733 5683 791 5731 et
817 5675 1048 5749 legalem
1076 5682 1350 5747 pastorem
1377 5672 1531 5730 vobis
1557 5672 1861 5746 prazﬁcien-

257 5770 398 5828 dum
424 5769 741 5827 censuimus
776 5784 892 5825 non
917 5766 1160 5832 aliunde,
1186 5766 1281 5823 sed
1308 5782 1404 5839 per
1438 5767 1662 5833 ostium,
1695 5763 1747 5820 id
1784 5774 1866 5822 est

336 5895 491 5961 (415)
517 5891 657 5950 Vide
689 5893 786 5949 lib.
825 5905 947 5962 v11,
988 5891 1129 5964 epist
1158 5898 1247 5961 13,
1291 5898 1374 5962 14,
1402 5889 1660 5964 Registri.

2716 4767 2862 4822 LIV.

1991 4858 2235 4925 Gregorii
2271 4858 2375 4913 VII
2395 4856 2753 4984 privilegia?
2778 4871 2882 4926 pro
2911 4857 3244 4915 monasterio
3285 4856 3342 4919 S.
3376 4858 3598 4912 Zenonis

2733 4943 2898 4984 isano.

2733 4943 2898 4984 ιεαηο.

2576 5010 2758 5087 (Anno
2812 5020 2996 5085 1080.)

2280 5111 2599 5182 [UGHELLI,
2628 5112 2791 5168 Italia
2811 5126 2985 5175 sacra,
3016 5111 3119 5179 III,
3153 5115 3302 5181 364.]

2058 5206 2401 5277 Gnsoonms
2434 5205 2746 5277 episcopus,
2773 5220 2963 5261 servus
2999 5219 3287 5261 servorum
3336 5202 3458 5272 Dei,
3509 5200 3597 5258 di-

1984 5298 2123 5355 lecto
2150 5299 2207 5354 in
2224 5299 2441 5356 Christo
2470 5298 2581 5363 lilio
2606 5299 2799 5356 Lsom
2836 5298 3016 5355 abbati
3044 5297 3365 5355 monasterii
3395 5297 3452 5352 S.
3489 5297 3595 5352 Ze-

1983 5391 2145 5447 nonis
2169 5392 2224 5446 in
2254 5392 2443 5449 Pisana
2489 5391 2644 5460 urbe,
2678 5400 2736 5448 et
2776 5392 2897 5463 ejus
2925 5389 3346 5448 successoribus.

2051 5486 2313 5557 Supernae
2338 5485 2709 5541 miserationis
2739 5491 3016 5556 respectu,
3048 5483 3116 5540 ad
3144 5483 3253 5540 hoc
3279 5481 3597 5539 universalis

1980 5576 2243 5633 Ecclesia;
2290 5593 2478 5634 curam
2521 5578 2864 5651 suscepimus
2913 5584 2970 5632 et
3015 5576 3299 5648 apostolici
3343 5573 3595 5631 modera-

1984 5669 2152 5725 minis
2183 5670 2611 5728 sollicitudinem
2639 5673 2899 5744 gerimus,
2926 5678 2988 5726 ut
3008 5670 3176 5743 justis
3204 5665 3593 5741 postulantium

1979 5765 2123 5821 votis
2162 5772 2373 5823 attenta
2417 5764 2751 5839 benignitate
2781 5764 3083 5832 faveamus,
3122 5760 3495 5835 praecipueque
3524 5759 3595 5817 ad
3672 5808 3677 5811 .
