4044 6186
472 291 584 341 699

1431 280 1486 334 s.
1531 262 1977 334 onscouu'vu
2019 279 2212 335 rara:
2252 279 2524 334 ornum:
2567 277 2735 334 rans
2775 279 2834 333 ιι.

3674 281 3782 332 ’700

473 414 835 470 venerabilem
865 409 1114 465 locorum
1144 405 1386 478 quietem
1421 403 1829 474 stabiliendam,
1877 413 2081 462 nostra:
2107 409 2159 472 Α
2190 405 2435 462 matioue
2459 403 2868 477 privilegiorum
2903 402 3213 460 Cluniensis
3242 403 3505 472 ecclesiae,
3532 405 3787 477 episcopo

470 497 806 565 auctoritatis
844 502 1125 559 munimen
1177 497 1424 556 conferre
1478 499 1799 555 debeamus.
1838 498 2074 556 Proinde

471 602 819 675 praelibatum
861 594 1254 651 monasterium
1295 593 1378 650 cui
1422 602 1484 650 tu
1526 609 1757 664 praeesse
1797 592 2076 664 dignosce-

473 697 565 760 ris,
590 696 752 766 juxta
781 689 1105 763 petitionem
1133 698 1310 755 tuam,
1340 687 1442 743 sub
1467 688 1777 759 apostolica:
1808 687 1949 744 sedis
1984 687 2076 742 de-

468 787 714 844 fensione
757 784 1064 855 recipimus,
1109 791 1166 838 et
1209 783 1495 854 praesentis
1544 781 1803 853 privilegii
1853 780 2073 836 decreto

468 889 663 938 cuncta
689 894 814 950 qua:
861 878 1121 933 hactenus
1143 877 1270 948 jure
1311 874 1586 947 possidere
1632 875 1810 930 visum
1857 883 1960 942 est,
1995 875 2074 930 vel

469 975 722 1044 deinceps
771 971 1010 1028 Domino
1049 970 1306 1042 largiente
1339 970 1490 1041 juste
1531 969 1789 1040 acquiret,
1821 969 2074 1025 concedi-

472 1083 596 1124 mus
627 1075 789 1138 atque
835 1066 1145 1130 ﬁrmamus;
1199 1064 1420 1134 insuper
1471 1062 1654 1129 etiam,
1705 1061 2075 1117 consentiente

473 1163 672 1220 Pisano
735 1161 1010 1231 episcopo,
1060 1141 1444 1214 decimationes
1504 1156 1753 1210 omnium
1806 1164 2075 1211 terrarum

472 1270 610 1326 quas
639 1254 709 1310 ad
743 1252 1140 1309 dominicatum
1173 1260 1413 1306 vestrum
1444 1249 1690 1304 laborare
1722 1249 1959 1305 feceritis
1981 1268 2073 1306 au-

469 1349 694 1404 nuimus
722 1368 735 1404 :
765 1347 1084 1420 adjicientes
1121 1354 1183 1399 ut
1210 1344 1456 1401 ﬁdelium
1484 1343 1787 1399 oblationes
1813 1344 2075 1416 accipere,

474 1452 529 1500 et
556 1458 651 1498 eos
688 1441 780 1514 qui
809 1456 866 1497 se
915 1439 1233 1497 devoverint
1261 1439 1316 1493 in
1345 1437 1667 1494 coemeterio
1712 1447 1891 1494 vestro
1933 1453 2081 1510 sepe.

472 1539 577 1605 liri,
619 1553 719 1594 nec
769 1553 879 1592 non
922 1537 1088 1591 etiam
1119 1535 1428 1606 quicunque
1469 1532 1670 1588 sazculo
1710 1533 2079 1589 renuntiantes

473 1634 539 1688 ad
571 1640 805 1688 vestram
832 1629 1307 1685 conversationem
1336 1628 1513 1683 venire
1545 1627 1838 1695 voluerint,
1872 1627 2079 1684 licitum

475 1726 544 1780 sit
569 1725 724 1779 vobis
750 1725 868 1779 sine
901 1723 1130 1794 alicujus
1154 1721 1584 1777 contradictione
1613 1719 1923 1776 admittere.
1947 1723 2084 1792 Quae

2185 500 2486 557 Albanensi
2535 498 2867 572 legationem
2919 506 3165 554 nostram
3217 497 3410 554 ferenti
3467 497 3788 554 inobediens

2186 595 2472 661 exstiterit,
2502 593 2806 666 praesertim
2829 609 2977 661 cum,
3000 592 3218 648 etiamsi
3243 591 3472 664 aliquid,
3501 592 3650 664 quod
3674 608 3790 648 non

2186 689 2480 758 credimus,
2521 688 2879 744 inconsultius
2908 688 3002 743 tibi
3035 687 3271 759 irrogare
3307 687 3583 754 voluisset,
3615 687 3789 757 quid-

2188 783 2321 855 quid
2359 792 2521 850 esset,
2570 799 2667 854 pro
2698 782 2997 838 reverentia
3020 781 3334 852 apostolicae
3359 780 3502 837 sedis
3535 780 3676 836 ferre
3701 781 3791 836 de-

2188 879 2402 933 cuisset.
2437 881 2646 949 Itaque,
2686 884 2905 949 propter
2935 877 3136 932 bonam
3163 876 3329 933 vitam
3370 884 3425 931 et
3460 875 3794 948 pastoralem

2187 971 2524 1043 vigilantiam
2573 987 2678 1043 qua
2736 971 2875 1026 circa
2935 970 3230 1026 Ecclesiam
3284 969 3384 1025 tibi
3430 969 3794 1026 commissam

2193 1065 2451 1131 desudas,
2482 1065 2621 1120 hanc
2644 1065 3290 1137 culpamgsupportantes,
3314 1063 3660 1134 pratcipimus
3686 1062 3793 1118 tibi

2187 1168 2451 1233 quatenus
2474 1160 2672 1215 vocatis
2703 1159 2771 1214 de
2797 1159 3115 1214 melioribus
3159 1157 3449 1213 monachis
3475 1157 3796 1212 Cluniensis

2189 1255 2453 1323 ecclesiae,
2486 1253 2559 1310 ad
2617 1269 2974 1310 communem
3011 1253 3192 1308 locum
3242 1252 3381 1308 inter
3429 1252 3794 1309 Matiscouem

2190 1358 2245 1404 et
2277 1349 2595 1404 Cluniacum
2634 1349 2838 1415 venias,
2871 1347 3015 1402 utin
3055 1347 3338 1418 praesentia
3386 1347 3610 1402 illorum
3653 1361 3797 1417 pree-

2189 1442 2401 1498 dictum
2444 1441 2784 1514 privilegium
2831 1439 3143 1507 conﬁrmes,
3192 1447 3246 1495 et
3293 1439 3452 1496 sicin
3495 1440 3797 1512 episcopali

2191 1536 2374 1592 ofﬁcio
2405 1536 2706 1603 restitutus,
2734 1535 3025 1606 adjuvaute
3051 1534 3314 1602 Domino,
3343 1533 3602 1606 populum
3631 1543 3799 1590 tuum

2195 1631 2369 1686 valeas
2401 1631 2692 1686 consolari.
2737 1634 2820 1686 De
2846 1639 3043 1685 caetero
3079 1628 3482 1684 fraternitatem
3513 1638 3659 1683 tuam
3690 1645 3802 1700 pa-

2195 1734 2347 1780 terno
2377 1724 2599 1792 affectu,
2629 1741 2739 1796 quo
2760 1740 2881 1779 eam
2907 1723 3311 1795 amplectimur,
3342 1722 3703 1779 admonemus
3729 1739 3802 1778 ne

474 1819 678 1885 omnia,
707 1817 850 1873 sicut
875 1816 1076 1886 scripta
1104 1825 1253 1881 sunt,
1286 1823 1347 1872 ut
1370 1823 1741 1872 memoratum
1762 1815 2078 1872 coenobium
2119 1801 2164 1864 Β
2195 1819 2532 1890 improbitati
2581 1819 2657 1874 vel
2703 1818 2906 1873 levitati
2948 1818 3272 1872 clericorum
3319 1825 3539 1872 tuorum
3571 1816 3803 1873 ulterius

473 1921 628 1967 tuum
671 1927 766 1982 per
795 1909 1211 1966 succedentium
1242 1918 1562 1980 temporum
1595 1909 1860 1964 curricula
1891 1925 2080 1965 secure

473 2021 536 2061 ac
579 2007 694 2061 sine
726 2003 1098 2076 inquietudine
1133 2003 1364 2058 ﬁrmiter
1391 2012 1447 2058 et
1475 2003 1787 2059 inconvulse
1817 2003 2078 2070 obtineat,

478 2100 775 2172 apostolica
807 2099 1128 2154 auctoritate
1157 2097 1577 2153 corroborantes
1629 2097 1916 2152 statuimus
1961 2098 2083 2152 nul-

475 2194 588 2250 lum
644 2209 856 2265 regum,
906 2192 985 2247 vel
1034 2193 1453 2262 imperatorum,
1514 2190 1818 2245 antistitum
1864 2191 2077 2245 nullum

474 2303 796 2361 quacunque
861 2285 1184 2342 auctoritate
1247 2285 1558 2357 praeditum,
1626 2283 1706 2339 vel
1767 2284 2081 2355 quempiam

478 2382 642 2438 alium
690 2380 890 2436 audere
929 2381 996 2436 de
1036 2380 1119 2436 his
1159 2395 1282 2452 quae
1330 2379 1505 2434 eidem
1552 2377 1838 2434 venerabili
1889 2378 2009 2433 loco
2051 2395 2082 2434 a

477 2476 808 2548 quibuslibet
847 2474 1164 2531 hominibus
1191 2473 1259 2530 de
1305 2474 1529 2545 proprio
1561 2473 1687 2544 jure
1717 2472 1830 2543 jam
1880 2471 2081 2528 donata

477 2579 622 2638 sunt,
669 2570 749 2626 vel
791 2571 845 2624 in
876 2569 1145 2636 futurum,
1200 2571 1320 2625 Deo
1361 2567 1675 2635 miserante,
1706 2566 2080 2636 conferentur,

474 2666 576 2719 sub
617 2664 903 2735 cujuslibet
949 2679 1083 2720 ausu
1114 2662 1479 2719 occasionisve
1512 2662 1686 2732 specie
1726 2661 1969 2718 minuere
2001 2663 2083 2716 vel

477 2757 708 2825 auferre,
759 2757 870 2813 sive
895 2757 1010 2813 suis
1037 2758 1226 2812 usibus
1250 2757 1541 2827 applicare,
1571 2756 1650 2810 vel
1681 2755 1802 2812 aliis
1830 2755 2080 2827 quamvis

479 2853 582 2924 piis
607 2851 673 2907 de
709 2852 886 2908 causis
916 2867 1014 2924 pro
1059 2867 1171 2906 suae
1217 2851 1462 2905 avaritia:
1511 2849 1858 2905 excusatione
1885 2865 2081 2904 conce-

475 2946 628 3002 dere.
658 2946 711 3002 Si
741 2944 860 3018 quis
909 2961 1034 3001 vero
1085 2960 1296 3017 regum,
1331 2943 1701 3009 sacerdotum,
1733 2943 2078 3007 clericorum,

471 3040 720 3112 judicum
765 3026 1204 3116 ac'saacularium
1237 3053 1595 3108 personarum
1642 3036 1782 3091 hanc
1811 3037 2078 3092 constitu-

477 3135 650 3190 tionis
681 3141 881 3190 nostrm
911 3133 1167 3205 paginam
1196 3146 1520 3203 agnoscens,
1548 3139 1736 3186 contra
1761 3146 1882 3185 eam
1907 3139 2080 3184 teme-

2191 1912 2446 1969 credulus
2482 1914 2702 1979 cxistas,
2733 1911 2830 1967 sed
2863 1911 3020 1978 meis,
3053 1911 3147 1983 qui
3181 1919 3251 1977 te,
3298 1927 3406 1966 non
3439 1920 3552 1979 tua,
3598 1911 3796 1984 diligo,

2191 2007 2370 2078 potius
2399 2023 2566 2078 quam
2609 2007 2828 2062 illorum
2884 2004 3123 2061 consiliis
3162 2004 3488 2076 acquiescas.
3541 2005 3697 2074 Quod
3745 2008 3799 2060 si

2194 2101 2408 2168 feceris,
2439 2102 2578 2156 scias
2607 2101 2849 2172 profecto
2882 2099 3026 2172 quod
3058 2115 3160 2154 nos
3187 2099 3487 2154 Ecclesiam
3521 2099 3613 2154 tibi
3641 2116 3802 2156 com-

2192 2196 2412 2251 missam
2448 2194 2825 2267 przcjudicium
2857 2195 3128 2262 sustinere
3153 2193 3468 2249 nullatenus
3496 2195 3796 2265 patiemur.

2193 2289 2417 2344 Interim
2456 2297 2637 2343 autem
2679 2289 2794 2343 sine
2824 2289 2978 2343 omni
3008 2286 3386 2359 inquietudine
3426 2295 3481 2342 et
3523 2287 3803 2344 discordia

2194 2399 2290 2439 vos
2317 2391 2370 2438 et
2397 2382 2565 2437 abbas
2593 2381 2897 2437 Cluuieusis
2925 2382 3144 2454 paciﬁce
3176 2382 3462 2448 maneatis,
3496 2381 3671 2438 donec
3694 2399 3802 2439 co-

2193 2495 2313 2534 ram
2344 2476 2542 2532 vicario
2573 2476 2763 2532 Diensi
2793 2477 3047 2548 episcopo
3084 2473 3399 2547 hujusmodi
3429 2475 3496 2531 lis
3517 2477 3803 2548 religiosa-

2195 2588 2318 2627 rum
2357 2587 2713 2642 personarum
2755 2571 2986 2626 consilio
3027 2569 3370 2637 teruiinetur;
3402 2579 3510 2637 aut,
3563 2571 3607 2626 si
3654 2571 3804 2629 illud

2193 2682 2302 2720 non
2327 2665 2567 2738 potuerit
2594 2665 2725 2730 ﬁeri,
2748 2680 2870 2729 nos,
2902 2674 3138 2736 utraque
3161 2673 3314 2734 parte
3341 2672 3520 2719 vocata
3545 2672 3597 2718 et
3624 2679 3800 2721 causa

2193 2759 2480 2831 diligenter
2509 2758 2778 2827 discussa,
2809 2759 3106 2813 auxiliante
3139 2758 3310 2830 gratia
3334 2759 3457 2828 Dei,
3479 2758 3643 2814 ﬁnem
3661 2773 3807 2816 cou-

2191 2869 2394 2925 gruum
2423 2854 2706 2924 imponere
2749 2848 3043 2907 szeat'nus.
3087 2852 3279 2908 Clerici
3309 2861 3498 2908 autem
3521 2852 3636 2924 qui,
3675 2854 3803 2924 spi~

2191 2947 2300 3001 ritu
2345 2947 2614 3018 superbiae
2646 2946 2817 3013 ducti,
2849 2956 3042 3001 contra
3074 2947 3312 3018 legatum
3342 2956 3590 3003 nostrum
3622 2946 3802 3002 Alba-

2189 3056 2416 3096 uensem
2454 3041 2770 3111 episcopum
2811 3040 3030 3096 turbam
3062 3039 3322 3107 fecerunt,
3355 3050 3408 3096 et
3431 3041 3802 3113 archiepisco-

2189 3152 2322 3206 pum
2347 3134 2716 3190 Viennensem
2741 3135 3000 3190 Cluniaco
3024 3144 3385 3192 revertentem
3404 3135 3602 3192 ablatis
3626 3137 3799 3191 rebus

482 3229 624 3284 rario
667 3243 802 3282 ausu
836 3227 1018 3281 venire
1062 3225 1374 3291 tentaverit,
1417 3224 1732 3280 admonitus
1781 3223 1969 3290 semel,
2027 3232 2083 3278 et
2113 3219 2156 3279 Ο
2187 3229 2300 3283 suis
2329 3228 2724 3284 contumeliose
2755 3229 3090 3295 invaserunt,
3119 3229 3260 3300 apud
3281 3230 3604 3284 Cluniacum
3631 3230 3802 3286 nudis

477 3323 677 3378 iterum
707 3337 878 3392 usque
917 3321 1075 3376 tertio
1105 3335 1203 3392 per
1235 3319 1621 3374 convenientes
1667 3326 1850 3384 testes,
1891 3319 1937 3373 si
1967 3333 2078 3373 nou

479 3417 792 3488 resipuerit,
823 3424 987 3486 atque
1008 3413 1286 3486 praedictae
1316 3414 1571 3470 Ecclesia:
1594 3429 1704 3468 non
1734 3412 2077 3478 satisfecerit,

481 3511 767 3582 potestatis
795 3509 1131 3580 honorisque
1162 3509 1250 3564 sui
1277 3509 1541 3580 dignitate
1569 3517 1770 3573 careat,
1808 3523 2078 3578 reumque

479 3621 535 3660 se
581 3604 761 3660 divino
819 3604 1020 3673 judicio
1071 3603 1300 3658 existere
1341 3602 1407 3657 de
1457 3610 1756 3673 perpetrata
1787 3602 2080 3674 iniquitate

478 3704 791 3766 cognoscat.
820 3701 892 3749 At
920 3696 1024 3750 nisi
1055 3711 1120 3751 ea
1147 3709 1271 3766 quae
1310 3695 1379 3748 ab
1420 3694 1512 3748 illo
1541 3703 1676 3749 sunt
1718 3695 1861 3750 male
1902 3695 2080 3750 ablata

479 3787 798 3854 restituerit,
826 3787 908 3842 vel
935 3787 1098 3859 digna
1123 3786 1451 3859 poenitentia
1481 3786 1669 3842 illicita
1697 3796 1819 3842 acta
1843 3787 2078 3843 defleve-

481 3881 572 3946 rit,
606 3897 636 3936 a
661 3880 1034 3936 sacratissimo
1063 3895 1292 3952 corpore
1339 3888 1395 3935 et
1423 3881 1687 3950 sanguine
1713 3880 1936 3935 Domini
1969 3883 2078 3935 Re-

477 3973 777 4045 demptoris
806 3973 976 4030 nostri
1006 3976 1140 4029 Jesu
1171 3972 1372 4028 Christi
1428 3972 1633 4027 alienus
1683 3972 1796 4038 ﬁat,
1831 3982 1994 4042 atque
2024 3976 2080 4028 iu

480 4076 727 4125 extremo
751 4067 1005 4124 examine
1024 4066 1292 4122 districta
1308 4065 1504 4121 ultioni
1535 4066 1831 4136 subjaceat.
1857 4067 2080 4122 Cunctis

479 4169 665 4218 autem
713 4159 891 4217 eidem
917 4161 1037 4216 loco
1063 4160 1210 4232 justa
1239 4159 1583 4215 servantibus
1623 4159 1697 4215 sit
1722 4175 1826 4230 pax
1858 4161 2078 4216 Domini

482 4257 655 4311 nostri
688 4257 816 4312 Jesu
858 4253 1076 4324 Christi,
1122 4263 1386 4326 quatenus
1435 4259 1490 4309 et
1531 4253 1620 4309 hic
1650 4253 1888 4310 fructum
1921 4255 2078 4310 bonae

481 4351 715 4406 actionis
773 4349 1100 4422 percipiant,
1157 4359 1210 4404 et
1266 4348 1410 4420 apud
1466 4347 1773 4406 districtum
1831 4349 2075 4420 judicent

483 4446 711 4517 prmmia
742 4453 965 4502 asternae
991 4444 1142 4516 pacis
1165 4443 1471 4499 inveniant.

557 4543 764 4595 Datum
801 4539 1054 4595 Laterani
1086 4554 1149 4594 ιν
1169 4541 1311 4593 Non.
1346 4537 1530 4592 Martii
1562 4553 1654 4608 per
1703 4553 1900 4594 manus
1931 4539 2076 4594 Petri

2190 3320 2429 3393 pedibus
2480 3330 2604 3378 ante
2636 3323 2805 3378 altare
2840 3324 3015 3378 sancti
3055 3322 3200 3380 Petri
3231 3322 3586 3390 satisfaciant,
3616 3332 3670 3379 et
3715 3326 3801 3381 sic

2190 3409 2492 3472 emendatis
2519 3416 2767 3472 moribus
2810 3416 3174 3473 absolvantur.
3206 3417 3424 3490 Absque
3454 3417 3606 3474 data.

2917 3529 3009 3582 LV
3021 3530 3062 3582 l.

2191 3623 2444 3688 Gregorii
2478 3623 2576 3680 VH
2597 3623 2820 3693 epistula
2849 3623 2920 3676 ad
2963 3623 3239 3704 canonicos
3267 3625 3320 3678 S.
3367 3624 3604 3679 Martini
3633 3626 3802 3678 Turo-

2888 3710 3088 3748 ηεηδιδ.

2791 3792 2975 3854 (Anno
3036 3789 3218 3858 1081.)

2421 3882 2709 3948 [ΜΑΒιιι.
2743 3881 2958 3938 Annal.
2988 3884 3045 3938 S.
3075 3883 3267 3938 Bened.
3299 3883 3368 3950 V,
3417 3883 3562 3948 176.]

2263 3985 2624 4040 GREGOBIUS
2640 3984 2950 4056 episcopus,
2971 4000 3162 4041 servus
3182 3999 3462 4040 servorum
3491 3983 3606 4050 Dei,
3630 3999 3798 4040 cano.

2187 4077 2322 4133 uicis
2344 4079 2526 4134 Sancti
2549 4079 2768 4134 Martini
2792 4079 3146 4135 Turonensis.

2259 4172 2395 4242 Quia
2424 4173 2612 4244 legatis
2658 4174 2860 4228 nostris
2899 4182 2950 4228 et
2989 4173 3406 4245 archiepiscOpo
3454 4179 3632 4228 vestro
3677 4187 3798 4229 non

2187 4265 2432 4333 obedire,
2481 4267 2574 4322 sed
2616 4267 2838 4340 insuper
2893 4283 3019 4322 eum
3058 4267 3323 4342 expulisse
3354 4266 3690 4332 audivimus,
3741 4277 3800 4324 et

2188 4359 2254 4415 ab
2279 4361 2358 4415 eis
2385 4376 2480 4416 vos
2512 4376 2627 4416 esse
2657 4362 3164 4417 excommunicatos
3195 4362 3264 4416 ob
3295 4362 3512 4433 culpam
3542 4370 3793 4417 vestram

2193 4452 2504 4518 didicimus,
2548 4453 2752 4509 idcirco
2796 4455 3024 4509 salutem
3077 4464 3130 4510 et
3173 4455 3531 4526 apostolicam
3565 4454 3797 4511 benedi-

2189 4547 2427 4602 ctionem
2456 4545 2670 4602 mittere
2709 4549 2827 4603 ausi
2861 4563 2971 4604 non
3001 4548 3222 4615 fuimus,
3255 4548 3409 4619 cujus
3434 4547 3510 4603 rei
3538 4547 3803 4620 indignos

481 4635 534 4688 5-
559 4636 828 4689 Βοωὶωω
858 4632 1111 4688 Εοειθδίω
1140 4631 1465 4704 presbyteri.
1495 4631 1780 4687 οδτάίιιδιὶε
1803 4647 1866 4688 ac
1885 4631 2075 4688 biblio-
2114 4620 2160 4680 ί)
2189 4657 2285 4696 vos
2314 4642 2542 4696 existere
2587 4640 2831 4713 profecto
2861 4643 2982 4714 plus
3025 4642 3180 4698 vobis
3208 4642 3304 4714 ipsi
3343 4641 3614 4697 dolemus.
3647 4644 3798 4700 Nam

480 4726 727 4796 thecarii,
759 4738 905 4782 anno
935 4741 994 4783 1x
1022 4725 1370 4799 pontiﬁcatus
1416 4729 1487 4782 D.
1539 4727 1704 4798 Greg.
1755 4727 1853 4782 VII
1901 4742 2076 4798 papas,

484 4819 667 4877 indict.
697 4835 783 4890 IV,
817 4826 918 4876 108
935 4827 949 4874 l
964 4863 977 4877 .

1213 4917 1330 4970 LV.

481 5029 725 5096 Epistola
756 5029 1009 5098 Gregorii
1042 5029 1142 5082 VII
1159 5027 1232 5080 ad
1252 5029 1602 5088 Landrc'cum,
1635 5031 2073 5084 Matisconensem

555 5102 877 5168 episcopum,
891 5116 992 5166 pro
1010 5100 1504 5168 con/irmamlisPcr
1516 5117 1629 5154 cum
1638 5101 1944 5168 privilegiis
1955 5103 2078 5157 Clu-

563 5172 822 5224 m'at'cusis
850 5171 1097 5224 ecclesiw.

1065 5266 1246 5327 (Anno
1302 5269 1477 5328 1081).

851 5368 1170 5435 [Baliarium
1205 5365 1565 5429 Cluniacense,
1594 5371 1705 5436 21.]

553 5479 910 5535 GBEGOBIUS
940 5479 1250 5552 episcopus,
1280 5494 1467 5535 servus
1504 5496 1789 5536 servorum
1835 5482 1956 5552 Dei,
1987 5482 2076 5539 di-

482 5574 621 5629 lecto
652 5574 711 5629 in
735 5573 953 5631 Christo
979 5573 1140 5630 fratri
1171 5576 1512 5642 LANDBICO,
1545 5576 1928 5633 Matisconeusi
1958 5578 2073 5650 epi-

479 5685 670 5740 scopo,
701 5669 933 5725 salutem
961 5675 1016 5725 et
1041 5668 1398 5741 apostolicam
1431 5668 1892 5728 benedictionem.

553 5761 739 5818 Mirari
752 5761 903 5819 valde
927 5763 1312 5836 compellimur
1339 5763 1618 5836 quomodo
1650 5764 1961 5821 fraternitas
1983 5775 2073 5822 tua

485 5857 830 5924 persuasione
853 5858 1202 5928 clericorum,
1246 5858 1388 5916 sicut
1417 5859 1743 5928 audivimus,
1776 5860 1832 5914 in
1873 5859 2071 5914 conﬁr-

2188 4733 2231 4790 si
2281 4735 2586 4791 animarum
2640 4745 2939 4791 vestrarum
2987 4752 3178 4791 curam
3227 4735 3502 4808 gereretis,
3557 4737 3800 4794 omnino

2186 4845 2285 4884 nec
2332 4829 2462 4885 illud
2509 4845 3006 4902 prazsumere,'nec
3047 4838 3171 4902 post
3199 4830 3466 4901 ﬂagitium
3504 4830 3707 4886 tandiu
3743 4833 3801 4887 in

2185 4920 2596 4995 impaenitudiue
2648 4940 2866 4980 manere
2938 4925 3229 4980 consilium
3283 4923 3579 4979 haberetis.
3645 4926 3802 4994 Qua-

2183 5025 2403 5088 propter
2445 5027 2666 5090 paterua
2698 5033 2791 5073 vos
2819 5017 3142 5074 allocutione
3188 5027 3475 5074 monentes
3522 5033 3586 5072 ex
3633 5028 3801 5089 parte

2180 5113 2240 5165 B.
2279 5111 2424 5167 Petri
2460 5113 2808 5184 praecipimus
2838 5120 2896 5167 ut
2936 5111 3003 5168 de
3033 5120 3186 5169 tanto
3212 5112 3457 5167 facinore
3495 5109 3664 5183 digne
3701 5128 3797 5170 sa-

2181 5203 2530 5273 tisfacientes,
2573 5205 2899 5277 praedictum
2950 5204 3178 5262 fratrem
3226 5214 3478 5262 nostrum
3511 5205 3797 5278 archiepi-

2182 5314 2407 5371 5c0pum
2456 5301 2523 5354 ad
2568 5299 2869 5355 Ecclesiam
2913 5315 3070 5356 suam
3111 5318 3239 5357 cum
3271 5300 3480 5356 honore
3527 5299 3795 5357 reducere

2183 5393 2506 5465 procuratis;
2548 5409 2610 5449 ac
2653 5392 2903 5465 deinceps
2931 5394 2980 5449 ei
3029 5394 3390 5464 paternalem,
3431 5395 3572 5449 sicut
3610 5395 3791 5460 decet,

2183 5486 2548 5543 obedientiam
2571 5495 2625 5541 et
2664 5489 3019 5543 reverentiam
3047 5489 3381 5556 exhibentes,
3413 5487 3638 5544 obedire
3660 5491 3788 5543 nul-

2183 5581 2391 5635 latenus
2436 5580 2765 5636 detrectetis.
2797 5582 3149 5654 Praecipiiuus
3189 5582 3352 5638 etiam
3400 5581 3551 5660 vobis
3591 5589 3653 5637 ut
3701 5597 3789 5638 res

2185 5681 2292 5728 tam
2326 5673 2493 5744 ipsius
2523 5673 2934 5748 archiepiscopi,
2963 5691 3126 5746 quam
3171 5677 3561 5731 canonicorum
3601 5677 3787 5731 Sancti

2185 5767 2430 5823 Mauricii
2474 5767 2528 5823 in
2562 5769 2830 5842 integrum
2879 5769 3194 5836 restituatis;
3240 5780 3401 5841 atque
3451 5771 3642 5841 legatis
3689 5786 3786 5826 no-

2186 5862 2312 5918 stris
2341 5861 2407 5919 de
2449 5871 2646 5921 caetero
2692 5862 2930 5921 debitam
2954 5863 3331 5922 obedientiam
3361 5863 3697 5930 exhibentes,
3734 5872 3788 5918 et
