4044 6186
268 271 362 322 701

1202 259 1548 330 EPIS'J‘OLE
1583 276 1802 333 exraa
1843 277 2226 338 ltEGlSTRUM
2264 285 2638 346 VAGANTES.
2673 281 2676 283 ‘

3457 275 3566 359 .702

263 393 338 448 ab
371 393 703 465 ipsocomite
733 397 1204 454 excommunicato
1226 399 1469 456 Fulcone
1508 408 1560 456 et
1585 401 1653 457 ab
1683 405 1856 460 omni—
1891 409 1942 472 Α
1975 408 2279 467 vicecomiti
2300 417 2635 489 Avnenrco,
2669 435 2887 479 necnon
2917 426 3175 484 universo
3198 429 3399 503 populo
3425 432 3564 491 Nar-

264 487 367 542 bus
419 489 904 545 excommunicatis
955 507 1048 547 vos
1094 493 1372 550 custodire
1418 494 1703 566 vigilanter
1740 506 1863 553 stu-

259 580 458 637 deatis.
483 583 645 656 Quod
662 584 706 638 si
735 600 833 639 nec
853 585 942 640 his
962 587 1126 643 etiam
1140 586 1418 644 mandatis
1431 588 1724 646 salubriter
1741 591 1863 647 obe-

259 675 376 731 dire
401 677 695 745 volueritis,
721 680 1043 736 sententiam
1074 681 1436 738 anathematis
1467 682 1518 737 in
1551 700 1648 741 vos
1673 685 1865 741 conﬁr-

259 779 498 840 mantes,
527 772 846 843 apostolicae
862 775 1053 831 ultioni
1073 792 1165 832 vos
1187 775 1466 848 subjacere
1483 777 1856 835 decernimus.

985 880 1157 935 LVII.

261 974 407 1035 (416)
451 971 701 1038 Gregorii
725 973 830 1026 VII
867 975 1094 1042 epistola
1123 975 1196 1027 ad
1230 976 1572 1037 Richardum,
1614 978 1861 1031 Emlesiw

329 1045 586 1097 Romam:
633 1043 964 1098 cardt‘milem
993 1051 1043 1098 et
1066 1044 1309 1099 abbatem
1332 1049 1747 1116 pllzzssiliensem.
1791 1078 1862 1086 —

330 1115 583 1182 Prtecipz't
625 1120 685 1168 ut
741 1119 1218 1172 ercemnmnicutos
1334 1115 1640 1174 Saturnini
1670 1136 1861 1175 Monu-

333 1184 458 1240 rhus
489 1185 752 1240 absolvat.

866 1285 1045 1347 (Anno
1081 1285 1262 1348 1082.)

649 1376 894 1443 (Mum,
922 1377 1117 1432 ϐοηθεῖ.
1147 1379 1284 1445 ΧΧ,
1316 1377 1463 1450 656.]

327 1471 496 1524 Gneo
507 1484 685 1524 omns
699 1469 981 1541 episcopus
996 1512 1010 1538 ,
1042 1486 1229 1526 servus
1248 1487 1534 1528 servorum
1548 1475 1666 1542 Dei,
1684 1477 1752 1530 R.
1770 1489 1859 1531 ve-

253 1549 491 1617 nerabili
510 1572 710 1618 sancta:
733 1565 1006 1620 Romanae
1028 1565 1276 1622 Ecclesiae
1297 1565 1565 1622 cardinali
1591 1577 1643 1623 et
1666 1568 1851 1625 abbati

251 1657 582 1713 Massiliensi
604 1657 834 1714 salutem
858 1667 911 1713 et
927 1659 1284 1730 apostolicam
1318 1660 1777 1718 benedictionem.

1972 501 2222 561 bonensi.

2042 601 2422 668 Apostolicam
2453 605 2895 668 benedictionem
2921 613 3152 672 libenter
3179 620 3568 678 mandaremus

1971 691 2015 744 si
2060 691 2112 745 in
2157 697 2465 764 apostolica:
2521 701 2664 758 sedis
2707 715 2923 762 reatum
2973 707 3265 767 incurrisse
3317 728 3413 769 vos
3454 731 3566 772 non

1972 799 2458 857 cognosceremus;
2495 809 2678 852 verum
2719 797 2808 854 ubi
2838 801 2904 854 ab
2933 801 3126 858 eadem
3154 821 3248 862 vos
3277 808 3566 878 resipuisse

1975 883 2545 943 excommunicatione
2579 893 2996 961 cognoverimus
3033 905 3088 951 et
3121 900 3563 973 archiepiscopa-

1969 971 2078 1030 lem
2110 976 2287 1040 [Patri
2333 989 2511 1060 vestro
2565 983 2835 1042 Dalmatia
2869 988 3236 1048 obedientiam
3285 971 3561 1064 exhibere,

1970 1065 2410 1127 benedictionem
2441 1075 2581 1130 beati
2611 1078 2760 1132 Petri
2795 1081 3202 1141 mandabimus.
3233 1088 3385 1144 Sicut
3412 1090 3563 1145 novit

1972 1162 2258 1233 prudentia
2303 1176 2502 1236 vestra,
2547 1170 2803 1228 inimicus
2838 1174 3059 1232 humani
3103 1179 3326 1249 generis
3376 1184 3562 1240 Eccle-

1971 1257 2114 1313 siam
2151 1268 2383 1317 vestram
2418 1263 2577 1320 malis
2615 1274 2670 1322 et
2713 1266 3042 1325 Simoniacis
3068 1273 3383 1342 pastoribus
3417 1277 3563 1332 inva-

1969 1367 2112 1420 sam,
2159 1354 2314 1426 quasi
2335 1356 2428 1426 jus
2476 1360 2758 1430 proprium
2812 1363 2981 1434 longo
3006 1373 3258 1436 tempore
3289 1371 3561 1438 possedit;

1968 1447 2063 1503 sed
2092 1448 2440 1507 condolentes
2481 1455 2827 1512 neccessitati
2854 1473 2918 1512 ac
2955 1458 3194 1528 periculo
3231 1471 3436 1532 vestro,
3466 1462 3572 1518 bo-A

1965 1558 2098 1598 num
2130 1551 2184 1598 et
2221 1544 2449 1615 legalem
2488 1555 2764 1618 pastorem
2800 1551 2953 1607 vobis
2996 1553 3408 1624 prazﬁciendum
3441 1572 3565 1612 cen-

1961 1636 2196 1705 suimus,
2242 1654 2353 1695 non
2400 1640 2617 1696 aliunde
2673 1643 2768 1698 sed
2817 1661 2913 1713 per
2961 1646 3186 1715 ostium,
3237 1647 3294 1703 id
3341 1658 3423 1704 est
3467 1665 3563 1721 per

327 1751 579 1806 Pervenit
606 1751 671 1808 ad
702 1767 803 1806 nos
851 1729 1344 1824 quod-monachos
1388 1755 1508 1810 illos
1537 1756 1628 1827 qui
1677 1756 1850 1813 eccle-
1889 1780 1935 1842 Β
1964 1729 2261 1842 ΕξπξδξΨλ
2306 1732 2628 1842 ί¹¹ίξ⁵ξ¹¹¹ίξθ¹¹ῖὲ
2662 1737 2757 1842 Emi
2797 1738 2941 1793 enim
2982 1739 3157 1842 aut?“
3204 1740 3262 1796 id
3304 1751 3420 1842 θεῖ’-
3447 1744 3562 1842 gn"

251 1845 394 1899 siam
423 1844 606 1900 Sancti
647 1845 927 1901 Saturnini
957 1862 1067 1901 non
1119 1849 1236 1903 sine
1281 1847 1496 1904 licentia
1526 1849 1852 1921 propriiﬁab-

249 1938 402 1994 batis
439 1949 782 2010 acceperant,
813 1956 876 1995 ac
917 1940 1133 2009 deinde,
1167 1942 1524 2014 compellente
1569 1960 1662 2000 eos
1704 1944 1854 2016 jussu

248 2033 480 2105 majoris
508 2033 719 2089 abbatis
761 2034 1154 2103 Cluniacensis,
1211 2036 1459 2092 eamdem
1509 2037 1849 2110 dimiserant,

247 2136 343 2181 tua
386 2127 697 2182 fraternitas
740 2127 878 2194 illos,
912 2139 1099 2200 postea
1135 2146 1246 2202 quo
1278 2131 1667 2188 satisfacientes
1711 2134 1855 2188 exie-

247 2222 380 2288 rint,
404 2222 932 2277 excommunicavit.
966 2224 1132 2294 Quod
1155 2226 1196 2278 si
1220 2225 1292 2279 ita
1314 2233 1417 2292 est,
1441 2243 1547 2281 non
1567 2243 1758 2298 parum
1785 2227 1851 2283 de

245 2314 536 2387 prudentia
571 2324 658 2371 tua
678 2316 964 2372 miramur.
991 2317 1158 2374 Unde
1190 2319 1443 2375 volumus
1471 2330 1634 2392 atque
1665 2323 1852 2392 praeci-

241 2410 433 2480 pimus
482 2419 538 2464 ut
573 2418 686 2465 tam
732 2409 849 2466 illos
889 2412 956 2466 ab
1005 2414 1600 2469 excommunicationis
1639 2415 1850 2471 vinculo

241 2503 428 2558 solvas
457 2519 622 2574 quam
655 2514 710 2559 et
729 2503 796 2560 de
827 2516 1058 2572 czetero;
1101 2523 1170 2561 ne
1195 2515 1308 2562 tam
1335 2507 1523 2563 leviter
1553 2509 1607 2562 in
1636 2510 1849 2581 religio-

237 2614 337 2653 sos
370 2596 517 2652 viros
569 2597 886 2667 huiusmodi
925 2601 1253 2655 sententiam
1296 2600 1460 2668 feras,
1495 2619 1848 2675 summopere.

237 2708 441 2747 cavere
485 2707 762 2763 procures.
797 2693 942 2761 Quid
985 2703 1064 2749 est
1107 2694 1255 2749 enim
1293 2695 1435 2750 aliud
1466 2712 1630 2766 quam
1661 2707 1846 2752 aucto-

238 2785 394 2841 ritati
417 2784 684 2858 derogare
715 2786 999 2843 indiscrete
1041 2789 1119 2843 vel
1155 2799 1353 2843 temere
1387 2789 1440 2843 in
1469 2806 1712 2862 quasque
1742 2789 1847 2846 ho—

238 2888 433 2935 nestas
467 2895 728 2951 personas
755 2881 1088 2936 auctoritatis
1114 2882 1329 2937 licentia
1359 2882 1437 2938 uti
1457 2886 1478 2937 ?
1500 2883 1660 2954 Quod
1687 2893 1748 2939 ut
1777 2885 1844 2940 de

238 2973 437 3029 futuro
470 2965 754 3045 vigilanter
777 2975 1026 3030 attendas
1048 2976 1391 3048 solliciteque
1412 2977 1713 3048 provideas,
1741 2979 1843 3035 ite-

233 3084 370 3122 rum
401 3068 708 3140 iterumque
733 3085 1040 3126 monemus.

945 3166 1147 3219 LVIII.

247 3261 505 3327 Gregorii
543 3261 637 3313 VII
676 3260 907 3332 epistola
945 3261 1116 3326 Γυυηὶ
1149 3261 1355 3313 Diensis
1409 3262 1660 3315 Ecclesia;
1707 3267 1848 3332 epis-

394 3346 570 3398 SCOPO,
593 3335 641 3383 et
670 3331 938 3384 Richurdo
968 3333 1312 3400 Massc'lt'ensi',
1346 3331 1736 3389 eardz'nulibus.

844 3429 1023 3487 (Anno
1067 3430 1204 3479 1082
1218 3428 1259 3489 Ρ)

352 3518 448 3589 [1).
479 3520 794 3585 BOUQUET,
826 3520 1057 3581 Itecuec‘l,
1091 3525 1226 3573 tom.
1259 3520 1408 3588 XIV,
1439 3537 1560 3592 pag.
1595 3523 1734 3591 186.!

311 3613 682 3667 GBEGOBIUS
726 3612 1029 3683 episcopus,
1075 3628 1263 3666 servus
1291 3628 1578 3669 servorum
1607 3616 1733 3683 Dei,
1769 3619 1842 3672 U.

233 3705 434 3760 Diensi
465 3705 740 3777 episcopo,
768 3714 820 3761 et
850 3707 919 3760 Β.
953 3704 1212 3762 cardinali
1232 3714 1286 3762 et
1311 3706 1514 3776 abbati,
1540 3709 1770 3765 salutem
1792 3720 1846 3767 et

235 3799 607 3870 apostolicam
635 3799 1096 3856 benedictionem.

319 3894 598 3963 Aquensis
655 3892 1070 3950 archidiaconus
1121 3898 1185 3950 Α,
1234 3895 1550 3966 (Arnaldus)
1597 3902 1846 3969 queritur

234 3985 392 4060 quod
423 3985 866 4058 archiepiscopus
898 3991 992 4045 W.
1023 3987 1372 4061 (Willelmus)
1397 3999 1448 4045 et
1478 3995 1547 4046 Α.
1579 3993 1843 4063 (Amatus)

234 4083 455 4154 legatus
487 4090 689 4146 noster,
719 4096 816 4136 nec
845 4097 960 4136 non
992 4082 1274 4154 episcopus
1308 4084 1640 4150 Vasatensis,
1673 4085 1846 4141 insur-

231 4185 374 4248 gunt
404 4175 662 4230 adversus
693 4175 979 4231 ecclesiam
1011 4191 1186 4244 suam,
1211 4185 1264 4231 et
1291 4177 1544 4232 ecclesias
1574 4179 1841 4248 quasdam

229 4268 489 4342 ejusdem
521 4269 859 4340 episcopatus
904 4270 986 4324 sui
1028 4267 1289 4325 auferunt.
1317 4279 1372 4325 et
1396 4271 1660 4327 violenter
1689 4272 1836 4330 inva~

234 4364 404 4418 dunt.
457 4362 770 4418 Ausciensis
801 4379 1017 4435 quoque
1048 4362 1492 4437 archiepiscopus
1515 4375 1567 4420 et
1602 4369 1839 4423 Amatus

233 4458 529 4528 episcopus
561 4455 751 4511 litteris
787 4456 904 4512 suis
938 4457 1096 4512 nobis
1121 4456 1488 4528 signiﬁcavere
1520 4460 1588 4515 ab
1615 4463 1836 4533 Aquon-

231 4551 393 4606 sibus
429 4549 653 4606 easdem
702 4550 956 4605 ecclesias
998 4551 1316 4621 proprietati
1360 4553 1642 4610 Oloreusis
1680 4555 1841 4610 eccle-

234 4645 332 4699 sise
371 4644 441 4698 ab
472 4643 698 4714 antiquo
728 4650 976 4714 tempore
1006 4644 1349 4714 pertinuisse.
1394 4647 1557 4703 Unde
1588 4647 1841 4704 fraterni-

232 4739 331 4795 tati
387 4745 586 4793 vestrw
631 4736 963 4809 injungimus
1011 4747 1094 4804 ut,
1138 4738 1183 4793 si
1244 4741 1489 4808 potestis,
1539 4742 1726 4810 ambo,
1763 4744 1844 4799 sin

233 4840 424 4887 autem
482 4846 625 4886 unus
669 4831 725 4885 in
767 4831 1094 4901 competenti
1141 4831 1261 4887 loco
1307 4849 1501 4889 eorum
1552 4838 1832 4907 negotium

234 4924 451 4992 audiat,
515 4933 698 4996 atque,
729 4924 1004 4980 canonicis
1035 4924 1334 4981 rationibus
1359 4926 1640 4999 diligenter
1662 4931 1835 4987 utrin-

234 5037 341 5092 que
401 5018 774 5088 perscrutatis,
824 5021 940 5074 Deo
989 5019 1293 5090 placentem
1335 5029 1389 5076 et
1427 5021 1656 5092 justitiae
1698 5040 1836 5080 con—

237 5127 438 5184 gruum
472 5111 637 5167 linem
667 5110 937 5184 imponat.

966 5207 1118 5264 LIX.

239 5303 494 5368 Gregorii
548 5302 648 5356 VII
686 5303 914 5370 ejnfstola
956 5301 1028 5354 ad
1075 5300 1290 5366 clerum,
1320 5305 1659 5370 Aymere’eum
1701 5309 1833 5360 rice-

347 5375 591 5426 comitcm
623 5376 672 5426 et
703 5374 1009 5426 universum
1033 5375 1289 5441 populum
1321 5376 1722 5432 Narbonensem.

834 5470 1024 5533 (Anno
1067 5472 1250 5534 1082.)

235 5559 490 5627 (Cant,
518 5563 788 5616 Memoires
808 5562 872 5614 de
893 5562 1071 5615 l’IIist.
1091 5561 1166 5614 du
1187 5564 1517 5630 Langucdoe,
1537 5579 1661 5635 pag.
1686 5571 1714 5619 7
1721 5567 1834 5636 82.]

318 5654 662 5711 GBEGOBIUS
683 5654 988 5726 episcopus,
1003 5671 1190 5711 servus
1211 5671 1494 5713 servorum
1516 5660 1642 5728 Dei,
1666 5659 1832 5728 clero,

1965 1823 2182 1880 Christo
2213 1826 2616 1898 ingrediuntur,
2659 1830 2806 1886 fures
2838 1842 2966 1886 sunt
2999 1843 3055 1888 et
3083 1835 3326 1892 latrones
3357 1836 3424 1892 ad
3455 1837 3559 1893 hoc

1965 1919 2246 1976 constituti
2285 1931 2346 1976 ut
2383 1938 2607 1994 gregem
2639 1925 2997 1982 Dominicum
3057 1938 3297 1985 mactent
3339 1939 3390 1986 et
3435 1948 3557 2002 per-

1963 2013 2115 2069 dant.
2173 2015 2277 2069 Hic
2323 2016 2506 2087 itaque
2549 2019 2861 2089 apostolicae
2904 2020 3044 2076 sedis
3085 2022 3468 2080 benedictione
3504 2035 3558 2080 et

1963 2107 2285 2164 auctoritate
2337 2109 2714 2179 conﬁrmatus,
2766 2129 2858 2182 per
2916 2115 3224 2185 exemplum
3275 2117 3592 2174 laudandae.

1961 2202 2384 2258 conversationis
2430 2220 2543 2260 suae
2582 2214 2638 2260 et
2687 2205 3083 2262 documentum
3135 2210 3553 2278 praedicationis,

1960 2295 2221 2368 quidquid
2251 2297 2407 2368 culpa
2439 2306 2494 2353 et
2518 2298 2718 2370 injuria
2760 2301 3033 2357 malorum
3064 2303 3382 2371 pontiﬁcum
3415 2306 3558 2361 inter

1960 2405 2053 2445 vos
2067 2391 2426 2448 commissum
2448 2400 2548 2459 est,
2568 2396 2686 2448 Deo
2703 2394 3018 2463 auxiliante,
3043 2396 3243 2466 poterit
3259 2399 3556 2470 corrigere,

1959 2501 2166 2556 vosque
2200 2487 2382 2542 bonus
2441 2497 2629 2558 pastor
2673 2504 2894 2544 summo
2946 2491 3159 2546 Pastori
3203 2490 3558 2549 devotissime

1957 2580 2363 2635 commendare.
2413 2581 2797 2638 Admonemus
2837 2584 3022 2655 itaque
3063 2584 3412 2655 prudentiam
3455 2604 3553 2642 ve-

1955 2681 2125 2730 stram
2154 2684 2216 2730 ut
2243 2691 2368 2730 eum
2390 2691 2555 2746 quem
2585 2676 2827 2748 legaliter
2857 2679 3100 2734 Ecclesia
3121 2683 3373 2737 Romana
3401 2682 3552 2738 vobis

1955 2768 2245 2824 constituit
2280 2768 2509 2824 honesta
2551 2772 2714 2825 etiam
2745 2772 3116 2828 benevolentia
3148 2776 3441 2845 recipiatis,
3490 2785 3552 2831 ut

1955 2861 1999 2916 ei
2055 2861 2195 2915 sicut
2234 2861 2499 2933 spirituali
2549 2864 2694 2918 Patri
2743 2874 2798 2919 et
2836 2865 3247 2939 archiepiscopo
3291 2867 3551 2923 obedien-

1955 2955 2088 3010 tiam
2121 2962 2175 3009 et
2201 2956 2557 3011 reverentiam
2588 2957 2939 3028 impendatis,
2974 2975 3245 3015 memores
3275 2961 3551 3016 Dominici

1954 3051 2224 3106 sermonis
2246 3049 2430 3106 ﬁdeles
2458 3067 2589 3107 suos
2616 3053 3057 3110 commendantis
3091 3073 3102 3107 :
3129 3057 3233 3122 Qui
3250 3071 3337 3110 res
3364 3057 3544 3123 audit,

1881 3133 1926 3196 C
1959 3161 2038 3198 me
2064 3146 2220 3199 audit
2233 3165 2249 3215 ς
2279 3151 2328 3200 et
2358 3148 2454 3215 qui
2474 3162 2561 3201 vos
2584 3151 2808 3216 spernit,
2830 3165 2910 3202 me
2937 3150 3164 3218 spernit.
3187 3152 3377 3219 Neque
3397 3148 3545 3204 enim

1957 3253 2052 3293 vos
2069 3238 2317 3311 ignorare
2334 3241 2612 3296 voluimus
2633 3241 2779 3312 quod
2798 3243 2844 3296 si
2859 3241 2982 3314 quis
2996 3250 3233 3298 vestrum
3256 3243 3418 3313 (quod
3437 3257 3548 3298 non

1954 3339 2256 3403 speramus)
2286 3333 2653 3390 obedientiam
2694 3334 2796 3390 sibi
2835 3335 3242 3403 contradixerit,
3288 3335 3426 3391 iram
3452 3336 3549 3392 Dei

1956 3435 2010 3481 et
2039 3426 2339 3482 vindictam
2351 3429 2494 3484 beati
2518 3430 2665 3484 Petri
2679 3429 2745 3485 ad
2769 3429 3068 3500 periculum
3089 3445 3249 3486 suum
3272 3445 3546 3501 provoca-

1954 3514 2058 3582 bit,
2082 3524 2134 3570 et
2151 3517 2487 3572 sententiam
2506 3518 3090 3573 excommunicationis
3105 3520 3160 3572 in
3179 3520 3444 3574 Tolosana
3460 3533 3551 3590 sy-

1951 3605 2100 3660 nodo
2117 3622 2146 3660 a
2168 3606 2353 3677 legatis
2367 3607 2572 3661 nostris
2586 3607 3008 3678 promulgatam,
3035 3608 3334 3678 apostolica
3359 3617 3541 3666 aucto~

1953 3695 2112 3750 ritate
2133 3696 2621 3763 conﬁrmabimus;
2637 3697 2726 3768 qui
2742 3712 2870 3751 vero
2885 3695 3146 3753 obediens
3167 3697 3357 3764 fuerit,
3373 3698 3545 3769 gratia

1954 3793 2008 3840 et
2034 3784 2414 3841 benedictione
2453 3784 2704 3858 ejusdem
2730 3785 3047 3857 apostolica:
3075 3786 3220 3843 sedis
3261 3786 3545 3859 gaubedit.

2683 3884 2808 3937 LX.

1951 3981 2240 4046 Gregorius
2272 3980 2376 4033 VII
2403 3980 2682 4047 conﬁrmat
2713 3981 2897 4030 omnia
2930 3980 3225 4048 privilegia
3257 3982 3544 4034 Panorm-

2523 4055 2665 4103 tame
2701 4051 2964 4106 Ecclesne.

2524 4144 2705 4212 (Anno
2749 4149 2927 4207 1083.)

1955 4237 2360 4307 [Cocoue1.1sss,
2376 4238 2532 4312 Bulla
2541 4254 2586 4312 ις.
2601 4241 2750 4312 Rom.
2763 4242 2912 4312 pont.
2933 4239 3164 4301 ϐοηθοίη
3180 4247 3315 4294 tom.
3332 4243 3404 4306 ll,
3419 4256 3540 4312 pag.

2019 4312 2386 4371 58,exRocco
2410 4307 2641 4380 Pyrrho,
2665 4310 2852 4364 Sicilia
2872 4325 3043 4377 sacra,
3063 4318 3200 4365 tom.
3223 4313 3266 4378 Ι,
3301 4314 3404 4366 col.
3420 4307 3546 4380 '70:]

2021 4403 2382 4460 Gnsoonws
2414 4403 2719 4473 episcopus,
2757 4418 2941 4458 servus
2979 4419 3270 4459 servorum
3305 4406 3428 4470 Dei,
3457 4405 3538 4460 di-

1950 4493 2088 4549 lecto
2115 4492 2170 4548 in
2185 4491 2402 4549 Christo
2422 4491 2572 4547 fratri
2597 4494 2934 4558 ALcuento,
2962 4493 3348 4547 Panormitano
3373 4493 3544 4548 archi-

1950 4581 2227 4654 episcopo,
2244 4582 2498 4637 salutem.

2025 4673 2269 4728 Summae
2300 4672 2444 4728 sedis
2473 4672 2802 4742 apostolicw,
2834 4671 3012 4742 cujus,
3045 4671 3170 4726 licet
3199 4671 3425 4744 indigni,
3456 4688 3544 4728 cu-

1954 4777 2074 4816 ram
2097 4761 2356 4832 gerimus,
2389 4760 2850 4832 contemplatione
2875 4775 3168 4817 monemur
3198 4770 3254 4814 ut
3285 4761 3543 4818 omnibus

1947 4851 2118 4906 sacris
2173 4851 2450 4916 Ecclesiis,
2505 4866 2628 4922 qua:
2675 4849 2890 4906 defendi
2935 4864 3032 4906 seu
3062 4849 3308 4907 roborari
3338 4862 3542 4909 nostrae

1949 4938 2289 4994 auctoritatis
2325 4937 2616 5009 privilegiis
2664 4946 2946 5008 expetunt,
2993 4953 3116 5005 nos,
3175 4939 3227 4992 in
3274 4947 3542 5010 quantum

1949 5028 2089 5084 favet
2105 5027 2338 5101 justitia,
2387 5027 2624 5083 libenter
2651 5043 2990 5095 auuuatnus;
3036 5034 3088 5082 et
3127 5043 3317 5082 earum
3363 5037 3545 5084 recto-

1949 5119 2104 5174 ribus
2151 5118 2422 5172 honorum
2478 5130 2705 5171 suorum
2756 5114 3003 5186 insignia,
3070 5131 3192 5188 qua:
3239 5116 3543 5188 antiquitus

1949 5210 2243 5266 obtinuisse
2288 5215 2612 5272 noscuntur,
2662 5207 3083 5279 requirentibus,
3133 5223 3226 5279 per
3264 5223 3388 5273 nos,
3441 5208 3546 5263 lar-

1947 5302 2128 5373 giente
2154 5299 2414 5365 Domino,
2451 5297 2658 5352 facilius
2696 5298 3010 5368 praebeatur
3033 5313 3306 5353 assensus.
3346 5298 3543 5354 Praeci-

1949 5406 2057 5461 pue
2096 5398 2280 5443 tamen
2331 5395 2580 5458 oportere
2617 5385 2950 5440 arbitramur
2993 5393 3055 5440 ut
3093 5385 3322 5442 rudibus
3361 5388 3545 5443 Eccle-

1949 5480 2070 5539 siis,
2117 5477 2325 5531 scilicet.
2367 5476 2580 5531 noviter
2625 5473 2695 5529 ad
2737 5473 2898 5528 ﬁdem
2951 5473 3028 5528 vel
3078 5474 3420 5530 venientibus
3457 5477 3539 5532 vel

1948 5567 2320 5637 redeuntibus,
2359 5567 2532 5622 nostri
2576 5565 2772 5621 favoris
2821 5564 3097 5631 ﬁduciam,
3149 5574 3202 5621 et
3259 5565 3541 5637 apostolici

1949 5657 2290 5726 munimiuis,
2333 5658 2627 5713 miserante
2676 5658 2949 5723 Domino,
2991 5653 3230 5726 perﬁdiae
3284 5654 3536 5708 tenebras

319 5784 464 5852 («116)
495 5780 631 5834 Vide
659 5781 840 5852 Greg.
867 5782 988 5846 Vll,
1039 5781 1132 5847 lib,
1167 5797 1249 5846 ιχ,
1284 5799 1403 5852 cap.
1456 5789 1543 5838 29.
1588 5785 1722 5841 Vide
1752 5785 1915 5842 etiam
1943 5784 2232 5841 Castellum
2267 5784 2322 5839 in
2353 5782 2637 5839 Memoriis
2682 5779 2818 5835 Hist.
2860 5779 3040 5833 Occis.
3076 5795 3198 5848 pag.
3243 5783 3370 5840 871,
3407 5782 3535 5841 874,
3561 5776 3578 5789 ‘

236 5859 302 5906 et
331 5851 384 5906 in
424 5851 680 5908 Historiae
705 5851 970 5908 comitum
999 5851 1497 5924 Tolosanor.,’pag.
1535 5863 1652 5911 126.
