4044 6186
519 280 624 334 703

1462 269 1517 324 S.
1560 266 1880 323 GREGORI]
1920 263 2006 318 VII
2046 262 2240 317 PAP/E
2276 260 2551 316 OPERUM
2590 259 2760 314 PARS
2799 252 2863 312 ll.

3702 252 3805 307 704

520 420 583 459 ac
637 403 837 460 erroris
892 402 1113 471 laqueos
1175 402 1480 463 evaserunt,
1530 391 1724 449 eodem
1775 392 1996 463 juvante
2052 389 2111 443 in
2139 391 2191 453 Α
2222 385 2327 442 tuis
2361 386 2476 442 sint
2504 384 2681 440 forma
2732 391 2785 437 et
2805 381 3010 452 regula,
3054 389 3116 434 ut
3145 380 3190 435 si
3238 378 3369 451 quid
3393 379 3449 433 in
3487 378 3567 433 eis
3595 392 3660 431 ex
3703 376 3809 431 hu-

518 497 836 554 Christiana
865 493 986 549 fidei
1012 492 1195 563 vigore
1222 504 1286 543 ac
1312 487 1595 558 religionis
1625 483 1983 556 amplitudine
2013 498 2111 555 per

519 600 719 647 nostra
743 585 1086 658 benignitatis
1114 581 1380 646 studium,
1418 596 1481 636 ac
1503 578 1755 635 tuitionis
1779 576 2111 649 adiutorium

520 682 696 752 magis
746 696 811 735 ac
857 677 1031 749 magis
1092 690 1406 731 excrescere
1444 674 1657 729 valeant
1701 672 1866 742 (417).
1906 672 2109 740 Quam-

519 774 733 837 obrem,
781 771 1095 827 charissime
1147 769 1318 825 frater
1364 766 1603 833 Alcheri,
1664 766 2111 821 Panormitanam

518 866 818 923 Ecclesiam
856 865 942 921 cui
974 874 1055 931 tu,
1096 864 1341 919 Domino
1378 870 1619 929 auctore,
1663 873 1896 929 praesse
1922 857 2112 929 digno-

516 960 705 1027 sceris,
734 974 857 1031 qua
881 958 1165 1030 quondam
1194 956 1391 1012 nobilis
1418 963 1474 1010 et
1497 954 1730 1019 famosa,
1755 951 2111 1023 postmodum

518 1053 754 1126 peccatis
806 1050 1146 1125 exigentibus
1198 1050 1252 1104 in
1305 1051 1734 1105 Sarracenorum
1788 1052 2111 1116 potestatem

516 1146 907 1218 perﬁdiamque
944 1144 1183 1211 redacta,
1224 1158 1368 1198 nunc
1411 1157 1599 1197 revera
1640 1142 1707 1196 ad
1751 1139 2110 1195 Christianam

517 1240 685 1296 ﬁdem
714 1240 896 1294 labore
934 1239 1015 1293 vel
1046 1237 1303 1293 instantia
1346 1235 1435 1290 ﬁlii
1468 1234 1639 1290 nostri
1687 1233 1908 1305 gloriosi
1955 1231 2112 1288 ducis

517 1334 769 1399 Roberti,
804 1332 1048 1387 Domino
1078 1332 1353 1395 innuente,
1402 1343 1658 1384 conversa
1695 1336 1797 1394 est,
1836 1334 1890 1382 te
1919 1334 2108 1396 postu-

520 1428 666 1495 lante
702 1426 977 1497 privilegio
1016 1423 1331 1495 apostolica
1371 1422 1712 1477 liberalitatis
1765 1418 1957 1485 fulciri,
2009 1434 2111 1474 nos

517 1530 630 1576 tam
680 1520 838 1590 iusta
884 1518 1165 1588 petitionis
1211 1517 1410 1571 intuitu
1455 1530 1621 1586 quam
1685 1514 1849 1569 etiam
1898 1511 2109 1584 prafati

519 1612 669 1668 ducis
703 1627 913 1678 amore,
950 1626 1113 1681 quem
1158 1609 1211 1664 id
1250 1610 1452 1664 scimus
1481 1617 1691 1679 optare,
1735 1622 1954 1678 cupere,
1986 1622 2109 1678 gra-

519 1714 701 1760 tanter
730 1703 1104 1771 concedimus,
1126 1703 1418 1758 tribuimus
1448 1711 1608 1772 atque
1644 1701 1924 1772 largimur.
1957 1704 2106 1770 Apo-
2142 1734 2191 1796 Β

516 1798 706 1853 stolica
732 1797 893 1869 igitur
930 1796 1261 1853 auctoritate
1288 1795 1680 1851 conﬁrmamus
1708 1793 1892 1849 eidem
1922 1793 2110 1849 Eccle-

520 1891 615 1947 sia
643 1899 698 1945 et
726 1906 821 1960 per
866 1906 989 1945 eam
1033 1890 1154 1955 tibi,
1202 1884 1470 1960 quidquid
1507 1888 1783 1960 dignitatis
1810 1888 2113 1958 antiquitus

520 1985 755 2040 tenuisse
802 1984 1083 2054 probatur,
1124 1982 1179 2039 id
1232 1992 1317 2039 est
1344 1998 1539 2038 omnes
1587 1983 1704 2054 ejus
1734 1980 2113 2053 suffraganeos

518 2078 882 2148 episcopatus,
907 2078 989 2132 vel
1018 2078 1065 2132 si
1094 2078 1206 2147 qui,
1236 2076 1532 2133 destructis
1552 2076 1680 2143 illis,
1703 2076 1756 2130 in
1775 2091 1966 2130 eorum
1994 2075 2112 2130 loco

518 2173 700 2228 statuti
737 2182 885 2241 sunt,
920 2173 1020 2239 vel,
1052 2173 1359 2243 opitulante
1394 2172 1655 2237 Domino,
1692 2179 2017 2236 statuentur,
2053 2178 2115 2224 ut

516 2267 570 2322 in
603 2266 841 2337 prafata
869 2274 981 2321 tua
1005 2266 1245 2321 ecclesia
1288 2265 1586 2336 pristinam
1616 2262 1844 2319 redeant
1880 2271 2115 2333 potesta—

518 2368 669 2428 tem;
698 2360 919 2430 insuper
953 2358 1218 2429 quidquid
1241 2358 1599 2429 possessionis
1623 2374 1717 2428 per
1741 2356 1977 2428 regalem
2012 2356 2115 2411 lar-

522 2454 792 2524 gitionem
846 2461 901 2508 et
927 2452 1129 2522 justam
1206 2452 1616 2507 concessionem
1665 2449 1963 2521 antiquitus
2015 2450 2111 2504 ha-

523 2547 725 2610 buisse,
763 2561 826 2600 ac
853 2545 1120 2617 quidquid
1166 2545 1334 2616 (quod
1354 2544 1583 2617 justitia
1620 2560 1735 2599 non
1772 2542 2111 2609 contradicit)

522 2639 759 2710 antiquis
787 2638 1239 2710 superaddidisse'
1256 2638 1611 2710 dignoscitur.

596 2732 828 2789 Proinde
847 2735 1131 2803 praesentis
1151 2732 1496 2787 auctoritatis
1514 2741 1718 2788 nostra
1734 2731 1978 2796 decreto,
2001 2740 2115 2786 tam

522 2826 871 2897 prasentium
899 2841 1065 2897 quam
1092 2833 1147 2880 et
1191 2824 1502 2881 futurorum
1545 2826 1797 2881 omnium
1827 2824 2115 2880 hominum

521 2919 889 2975 temeritatem
962 2927 1314 2985 coercentes,
1387 2917 1757 2973 interdicendo
1828 2919 2119 2973 statuimus

519 3013 734 3068 nullum
759 3028 975 3083 regum,
1001 3011 1080 3066 vel
1107 3012 1531 3083 imperatorum,
1551 3011 1886 3067 anstistitum
1907 3011 2117 3066 nullum

2221 494 2382 535 mana
2428 476 2721 547 fragilitate
2762 473 3191 546 reprehensibile
3229 469 3676 544 deprehenditur,
3733 470 3810 524 in-

2220 574 2366 627 tuitu
2419 580 2623 628 sancta
2660 568 3096 625 conversationis
3141 576 3251 622 tua
3305 565 3374 621 ad
3418 563 3809 620 rectitudinem

2220 666 2548 723 sinceritatis
2588 664 2922 733 corrigatur;
2967 661 3166 733 quibus
3195 661 3274 715 sic
3318 657 3538 714 studeas
3584 656 3809 728 dispen-

2221 760 2445 816 sationis
2469 759 2591 830 jura
2625 755 2898 811 moderari
2942 754 2997 809 in
3025 751 3360 824 corrigendis
3388 752 3553 818 vitiis,
3593 758 3656 805 ut
3695 750 3809 805 zelo

2220 852 2565 909 rectitudinis
2606 850 2835 916 ferveas,
2892 857 2946 903 et
2989 846 3223 903 modum
3265 844 3650 916 temperantia
3702 858 3810 897 non

2220 946 2479 1013 excedas;
2510 954 2583 1011 et,
2610 953 2670 1000 ut
2704 944 2892 1015 paucis
2936 941 3111 996 multa
3137 940 3490 1012 explicemus,
3541 935 3811 1008 quidquid

2220 1043 2275 1096 in
2322 1048 2632 1095 sanctorum
2678 1041 2901 1092 Patrum
2942 1035 3103 1090 dictis
3148 1033 3374 1104 reperis,
3427 1030 3497 1087 ad
3542 1039 3722 1095 tuam,
3762 1037 3814 1084 et

2219 1150 2431 1201 eorum,
2465 1132 2558 1203 qui
2588 1131 2687 1186 tibi
2728 1129 3057 1195 subduntur,
3088 1125 3357 1182 utendum
3390 1140 3609 1180 censeas
3638 1122 3813 1179 adiﬁ-

2219 1228 2519 1290 cationem;
2542 1234 2825 1297 quatenus,
2845 1221 3187 1279 documentis
3202 1220 3314 1274 tuis
3335 1219 3605 1282 instructi,
3622 1217 3814 1272 sedem

2220 1322 2351 1377 boni
2383 1318 2622 1375 Pastoris
2642 1327 2824 1373 tecum
2856 1317 3064 1371 valeant
3091 1313 3420 1386 pertingere,
3452 1320 3505 1367 et
3527 1320 3813 1383 perpetua

2222 1416 2350 1471 vita
2376 1413 2691 1470 felicitatem
2715 1411 3009 1482 percipere.

2289 1513 2492 1564 Datum
2524 1510 2742 1572 Roma,
2766 1519 2875 1560 xvr
2897 1503 3020 1558 Kal.
3052 1502 3210 1565 Maii,
3236 1517 3332 1571 per
3359 1516 3589 1555 manum
3620 1498 3817 1570 Benja-

2220 1604 2361 1667 min,
2377 1601 2654 1673 fungentis
2669 1599 2838 1655 vicem
2860 1598 3000 1653 Petri
3027 1604 3229 1651 sancta
3261 1597 3528 1649 Romana
3558 1593 3815 1648 Ecclesia

2220 1697 2457 1769 presbyt.
2496 1693 2762 1750 cardinal.
2793 1701 2849 1748 et
2880 1688 3301 1755 bibliothecarii,
3333 1704 3476 1743 anno
3508 1687 3816 1742 Dominica

2220 1788 2619 1845 Incarnationis
2656 1793 2812 1852 1083,
2849 1795 2996 1857 pont.
3032 1799 3160 1839 vero
3186 1780 3393 1838 domini
3425 1781 3680 1853 Gregorii
3719 1782 3814 1835 VII

2219 1899 2369 1956 papa
2398 1898 2543 1938 anno
2572 1883 2651 1948 X,
2682 1880 2874 1936 indict.
2904 1881 2971 1934 V.

2930 1974 3081 2028 LXI.

2220 2072 2468 2139 Gregorii
2516 2071 2621 2124 VII
2640 2070 2990 2139 privilegium
3032 2082 3138 2136 pro
3180 2066 3392 2119 ecclesia
3435 2066 3491 2119 S.
3543 2065 3811 2131 Quintilii.

2811 2164 2994 2227 (Anno
3044 2160 3221 2229 [083.)

2397 2256 2668 2322 [Guiberti
2692 2256 2890 2326 Opera,
2917 2254 2999 2309 ed.
3023 2253 3343 2317 D’Acuauv,
3387 2268 3435 2321 p.
3474 2253 3629 2317 600.]

2290 2351 2457 2407 Gnsc
2469 2348 2929 2407 onwsdilectoin
2941 2347 3158 2403 Christo
3176 2346 3284 2401 ﬁlio
3303 2349 3447 2401 lvoa
3462 2362 3501 2409 ι,
3519 2343 3820 2415 praeposito

2219 2444 2463 2500 ecclesia
2489 2446 2540 2500 S.
2574 2442 2850 2515 Quintini,
2879 2442 3000 2497 sita
3026 2442 3083 2494 in
3120 2442 3435 2511 episcopatu
3476 2437 3818 2503 Belvacensi,

2218 2538 2442 2609 suisque
2467 2535 2879 2592 successoribus
2911 2535 3232 2606 regulariter
3260 2530 3661 2604 prommvendis.

2289 2633 2545 2703 Superna
2578 2629 2942 2686 miserationis
2974 2635 3243 2699 respectu,
3268 2627 3337 2682 ad
3364 2627 3465 2683 hoc
3491 2624 3821 2680 universalis

2220 2726 2476 2782 Ecclesia
2512 2741 2700 2779 curam
2746 2723 3088 2791 suscepimus
3123 2730 3177 2776 et
3227 2719 3505 2792 apostolici
3551 2716 3817 2773 modera-

2222 2820 2381 2875 minis
2414 2817 2841 2873 sollicitudinem
2870 2816 3129 2888 gerimus,
3157 2824 3219 2869 ut
3263 2814 3425 2886 justis
3474 2812 3822 2885 precantium

2220 2914 2362 2968 votis
2413 2921 2619 2967 attenta
2675 2910 3001 2982 benignitate
3054 2907 3352 2973 faveamus,
3422 2915 3475 2962 et
3532 2905 3824 2960 libramine

2224 3006 2493 3077 aquitatis
2522 3004 2779 3060 omnibus
2832 3004 2881 3058 in
2926 3003 3245 3057 necessitate
3275 3001 3487 3071 positis,
3525 3007 3823 3071 quantum,

522 3120 847 3178 quacunque
905 3104 1169 3177 dignitate
1235 3104 1552 3175 praeditum,
1609 3105 1689 3159 vel
1733 3118 2113 3175 quemcunque
2142 3103 2186 3165 C
2224 3100 2464 3155 Domino
2499 3099 2758 3162 donante,
2800 3112 3110 3168 possumus,
3160 3094 3446 3151 subvenire
3497 3092 3822 3149 debeamus.

520 3198 715 3267 alium,
744 3198 945 3255 audere
970 3197 1039 3255 de
1069 3198 1135 3255 iis
1171 3214 1295 3269 qua
1320 3197 1497 3253 eidem
1546 3197 1799 3252 Ecclesia
1827 3213 1856 3250 a
1886 3196 2119 3268 quibus—

523 3286 655 3348 libet
683 3292 994 3349 hominibus
1012 3290 1080 3346 de
1110 3292 1330 3363 proprio
1347 3291 1471 3363 jure
1493 3291 1613 3362 jam
1636 3290 1840 3347 donata
1861 3298 2007 3356 sunt,
2040 3290 2119 3344 vel

524 3386 581 3440 in
648 3385 897 3442 futurum
947 3382 1314 3451 conferentur,
1371 3382 1601 3453 auferre,
1659 3384 1740 3439 vel
1791 3384 2115 3439 diminuere.

525 3480 793 3535 Praterea
820 3479 1147 3534 fraternitati
1187 3486 1298 3534 tua
1327 3479 1471 3549 pallii
1502 3494 1664 3534 usum
1692 3477 1997 3534 secundum
2027 3492 2121 3531 an-

532 3573 751 3643 tiquum
798 3572 1060 3627 Ecclesia
1112 3582 1222 3627 tua
1253 3587 1463 3626 morem
1516 3571 1895 3639 concedimus,
1946 3580 2009 3625 ut
2057 3584 2122 3624 eo

524 3664 667 3719 inter
690 3665 986 3719 missarum
1023 3664 1291 3719 solemnia
1322 3663 1406 3719 his
1434 3662 1699 3719 duntaxat
1741 3662 2120 3720 festivitatibus

526 3756 715 3821 utaris,
739 3756 1005 3823 videlicet,
1028 3757 1325 3811 Nativitate
1349 3756 1596 3822 Domini,
1614 3756 1903 3811 festivitate
1917 3757 1972 3810 S.
2003 3759 2121 3811 Ste-

528 3847 713 3918 phani,
762 3848 1089 3919 Epiphania,
1133 3863 1291 3903 cana
1337 3849 1566 3902 Domini
1620 3848 1694 3917 (in
1722 3849 1809 3904 die
1852 3848 2116 3918 Pascha),

528 3940 890 4009 Ascensione,
936 3944 1289 4005 Pentecoste,
1343 3948 1398 3994 et
1450 3949 1689 4011 quatuor
1736 3939 2121 3996 festivitatibus

532 4037 585 4088 S.
614 4033 825 4103 Maria,
856 4034 1144 4089 nativitate
1173 4035 1226 4088 S.
1270 4034 1502 4088 Joannis
1546 4035 1830 4105 Baptista,
1859 4036 2119 4092 natalitiis

531 4128 931 4199 apostolorum,
984 4127 1039 4182 S.
1070 4126 1380 4194 Laurentii;
1442 4128 1497 4181 in
1532 4125 1825 4183 festivitate
1855 4129 2120 4184 Omnium

526 4223 871 4287 Sanctorum,
898 4236 1023 4293 qua
1056 4219 1362 4276 celebratur
1390 4222 1518 4275 Kal.
1559 4221 1918 4289 Novembris;
1948 4230 2003 4277 et
2031 4222 2119 4279 die

530 4323 640 4370 tua
680 4313 1064 4382 ordinationis,
1096 4322 1150 4369 et
1196 4315 1252 4369 in
1305 4312 1691 4370 festivitatibus
1746 4317 1840 4371 SS.
1886 4331 2119 4386 quorum

528 4408 775 4479 reliquiis
812 4417 905 4464 tua
947 4406 1237 4463 decoratur
1277 4409 1541 4477 Ecclesia,
1592 4416 1757 4480 atque
1799 4410 1857 4464 in
1903 4410 2127 4467 ordina-

528 4503 681 4558 tione
708 4502 1109 4574 episcoporum,
1133 4516 1229 4557 seu
1257 4511 1582 4557 caterorum
1612 4502 1959 4565 clericorum,
1990 4513 2043 4559 et
2073 4505 2127 4583 in

528 4597 939 4652 consecratione
999 4596 1259 4652 ecclesia.
1316 4594 1623 4651 Hortamur
1666 4597 1845 4666 itaque
1877 4595 2126 4653 fraterni-

531 4695 699 4742 tatem
737 4697 888 4743 tuam
922 4697 983 4743 ut
1012 4688 1187 4744 honor
1216 4697 1390 4745 tanta
1421 4688 1730 4759 dignitatis,
1767 4690 2123 4761 supplemen-

532 4787 653 4835 tum
691 4781 881 4851 utique
908 4783 1079 4837 totius
1106 4781 1455 4838 sacerdotalis
1484 4783 1716 4851 ordinis,
1746 4784 1992 4839 moribus
2019 4785 2126 4839 tuis

531 4874 847 4939 conveniat;
906 4882 962 4928 et
1020 4890 1138 4928 non
1182 4875 1363 4930 solum
1412 4877 1689 4943 exteriori,
1738 4876 1832 4933 sed
1882 4877 2123 4933 interiori

532 4965 745 5021 homini
772 4974 868 5021 tuo
898 4965 1154 5022 decorem
1195 4976 1435 5038 prastet,
1467 4977 1522 5023 et
1547 4970 1781 5039 gratiam
1800 5012 1816 5036 ,
1857 4970 2125 5041 siquidem

532 5059 634 5114 ista
659 5068 785 5115 sunt
806 5060 973 5130 pallii,
993 5060 1091 5114 ista
1116 5069 1243 5115 sunt
1274 5059 1591 5131 hujusmodi
1622 5061 1928 5117 indumenti
1948 5064 2125 5133 signa,

534 5156 597 5203 ut
640 5148 950 5205 Dominum
978 5165 1042 5204 ex
1074 5157 1189 5205 toto
1220 5150 1408 5215 corde,
1439 5157 1495 5205 et
1519 5158 1630 5205 tota
1661 5151 1864 5214 anima,
1894 5159 1948 5206 et
1978 5153 2125 5207 omni

532 5236 734 5291 virtute
776 5235 987 5308 diligas,
1025 5244 1079 5291 et
1129 5235 1442 5306 proximum
1479 5244 1637 5291 tuum
1674 5237 1816 5291 sicut
1864 5238 2122 5308 teipsum.

534 5326 676 5381 Nam
721 5324 847 5380 licet
885 5324 955 5380 ad
988 5340 1150 5379 usum
1202 5324 1349 5395 pallii
1374 5324 1624 5379 omnium
1668 5326 1930 5381 virtutum
1962 5343 2125 5383 orna—

532 5423 718 5471 menta
753 5416 861 5470 sint
898 5414 1221 5481 necessaria,
1255 5414 1693 5485 inseparabiliter
1728 5421 1917 5471 tamen
1943 5415 2123 5472 chari-

534 5514 651 5571 tas,
691 5519 814 5575 qua
845 5518 1038 5558 omnes
1074 5503 1469 5574 superexccdit,
1520 5519 1584 5560 ac
1614 5504 1904 5575 pollentem
1944 5506 2121 5577 digni-

533 5598 645 5647 tate
667 5591 923 5646 comitari
962 5592 1238 5647 convenit.
1275 5592 1353 5647 Ad
1384 5592 1645 5649 imitanda
1678 5593 1845 5665 igitur
1874 5596 2125 5649 omnium

533 5682 807 5739 bonorum
855 5681 1243 5748 instrumenta,
1276 5683 1384 5737 vita
1413 5692 1467 5738 et
1507 5683 1734 5740 scientia
1768 5692 1861 5740 tua
1891 5684 2127 5740 subditis

610 5810 755 5877 (417)
783 5806 1015 5865 Videtur
1040 5805 1245 5889 aliquid
1274 5806 1483 5865 deesse.

2228 3194 2482 3257 Proinde,
2512 3192 2819 3246 interventu
2848 3199 2903 3245 et
2931 3198 3123 3262 rogatu
3155 3187 3446 3244 confratris
3486 3186 3659 3242 nostri
3686 3186 3825 3243 Gui-

2225 3287 2381 3342 donis
2430 3285 2773 3340 Belvacensis
2807 3284 3063 3355 episcopi,
3114 3282 3356 3355 prafata
3406 3280 3654 3336 ecclesia
3694 3296 3829 3335 con-

2227 3380 2536 3445 structoris,
2580 3378 2932 3450 postulationi
2974 3386 3083 3432 tua
3137 3384 3459 3441 annuentes,
3505 3373 3611 3429 sub
3648 3373 3825 3429 tutela

2228 3484 2284 3530 et
2320 3474 2634 3530 defensione
2674 3481 2880 3529 sancta
2926 3470 3068 3526 sedis
3113 3468 3447 3540 apostolica,
3488 3468 3673 3522 locum
3736 3467 3827 3521 cui

2228 3580 2462 3639 praesse
2494 3565 2851 3638 dignosceris,
2881 3564 3161 3620 ecclesiam
3200 3563 3450 3618 videlicet
3487 3562 3542 3616 S.
3580 3561 3829 3630 Quintini

2227 3660 2481 3732 martyris
2531 3659 2879 3729 suscipimus.
2913 3657 3011 3712 Cui
3052 3656 3322 3728 privilegia
3374 3654 3646 3726 ejusmodi
3682 3669 3827 3726 pra-

2226 3754 2362 3809 senti
2392 3753 2731 3807 auctoritatis
2762 3760 2971 3807 nostra
3012 3750 3229 3806 decreto
3275 3749 3641 3821 indulgemus,
3692 3765 3824 3805 con-

2228 3845 2477 3901 cedimus
2505 3854 2669 3917 atque
2705 3845 2994 3899 ﬁrmamus
3030 3850 3367 3899 :statuentes
3384 3841 3605 3899 nullum
3628 3859 3829 3915 regum

2228 3941 2308 3995 vel
2352 3940 2763 4012 imperatorum,
2835 3939 3167 4005 antistitum,
3229 3937 3441 3992 nullum
3498 3951 3829 4009 quacunque

2229 4033 2490 4106 dignitate
2522 4033 2834 4105 praditum,
2860 4034 2939 4089 vel
2971 4048 3304 4104 quemquam
3333 4033 3502 4087 alium
3530 4030 3725 4086 audere
3755 4032 3829 4086 de

2228 4129 2310 4184 his
2347 4116 2493 4200 qua,
2517 4128 2696 4183 eidem
2743 4127 3042 4183 venerabili
3090 4127 3210 4182 loco
3239 4144 3268 4182 a
3299 4127 3531 4198 prafato
3567 4125 3829 4197 episcopo

2228 4222 2308 4277 vel
2339 4239 2369 4277 a
2399 4222 2732 4295 quibuslibet
2760 4221 3075 4276 hominibus
3100 4222 3167 4277 de
3208 4222 3430 4292 proprio
3452 4221 3568 4291 iure
3586 4220 3707 4290 jam
3728 4219 3831 4274 do-

2228 4325 2354 4371 nata
2407 4325 2555 4383 sunt,
2614 4317 2691 4371 vel
2742 4316 2794 4370 in
2835 4315 3079 4370 futurum
3132 4318 3248 4370 Deo
3298 4316 3589 4369 miserante
3631 4312 3833 4368 collata

2237 4409 2461 4475 fuerint,
2515 4408 2617 4463 sub
2669 4407 2953 4477 cujuslibet
2997 4424 3176 4464 causa
3217 4407 3587 4463 occasionisve
3624 4405 3834 4477 specie,

2239 4503 2483 4557 minuere
2516 4502 2595 4556 vel
2636 4500 2873 4567 auferre,
2918 4502 3029 4557 sive
3054 4501 3167 4557 suis
3196 4500 3383 4556 usibus
3418 4500 3713 4572 applicare,
3747 4499 3835 4554 vel

2233 4595 2351 4650 aliis
2375 4595 2525 4664 quasi
2573 4594 2677 4666 piis
2706 4594 2772 4648 de
2811 4595 2992 4650 causis
3036 4611 3133 4666 pro
3163 4609 3278 4649 sua
3309 4591 3553 4648 avaritia
3592 4608 3830 4647 excusa-

2234 4690 2384 4744 tione
2429 4688 2745 4745 concedere.
2799 4688 2905 4744 Sed
2950 4696 3148 4743 cuncta
3186 4702 3308 4758 qua
3337 4687 3410 4741 ibi
3457 4686 3639 4741 oblata
3674 4694 3837 4754 sunt,

2235 4782 2315 4838 vel
2345 4781 2531 4838 offerri
2587 4781 2878 4853 contigerit
2917 4790 3030 4835 tam
3056 4796 3086 4835 a
3116 4790 3169 4836 te
3204 4796 3375 4853 quam
3416 4779 3484 4835 ab
3530 4780 3611 4834 eis
3647 4778 3740 4850 qui
3772 4779 3841 4834 in

2233 4886 2329 4933 tuo
2369 4878 2550 4933 ofﬁcio
2607 4879 2831 4949 locoque
2876 4877 3257 4941 successerint,
3302 4874 3531 4946 perenni
3582 4882 3841 4945 tempore

2235 4973 2462 5041 illibata,
2505 4980 2559 5026 et
2598 4972 2715 5027 sine
2765 4970 3147 5042 inquietudine
3190 4969 3445 5025 volumus
3494 4966 3759 5040 possideri
3823 4987 3836 5022 :

2234 5078 2426 5117 eorum
2469 5061 2697 5131 quidem
2748 5061 2955 5125 usibus,
3008 5077 3103 5131 pro
3157 5075 3392 5131 quorum
3433 5058 3842 5113 sustentatione

2233 5150 2732 5223 gubernationeque
2798 5166 3056 5205 concessa
3123 5158 3271 5214 sunt,
3335 5148 3514 5203 modis
3576 5147 3842 5204 omnibus

2235 5238 2542 5310 profutura.
2578 5239 2938 5305 Nominatim,
2985 5248 3119 5304 etc.,
3150 5236 3353 5294 deinde
3380 5236 3593 5292 cunctis
3614 5250 3839 5307 posses-

2235 5327 2483 5383 sionibus
2510 5328 2863 5382 enumeratis.

2310 5420 2508 5471 Datum
2534 5417 2790 5471 Laterani
2825 5433 2937 5473 vm
2982 5415 3255 5472 Kalendas
3283 5414 3552 5471 Decemb.
3581 5430 3679 5486 per
3717 5431 3841 5469 ma-

2235 5520 2338 5559 nus
2384 5504 2527 5560 Petri
2586 5507 2643 5560 S.
2700 5507 2761 5561 Β.
2821 5509 2881 5560 Ε.
2924 5505 3243 5578 presbyteri,
3291 5503 3581 5560 cardinalis
3634 5519 3701 5558 ac
3749 5504 3844 5559 bi-

2236 5594 2449 5661 bliotb.,
2479 5610 2623 5650 anno
2648 5610 2714 5650 χι
2743 5604 2891 5667 pont.
2916 5595 3065 5651 dom.
3087 5598 3319 5665 Gregor.
3352 5597 3451 5650 VlI
3480 5609 3659 5667 papa,
3690 5610 3844 5649 anno

2238 5681 2489 5738 videlicet
2514 5684 2679 5739 Dom.
2712 5686 2982 5739 [ncarnat.
3024 5690 3182 5748 1083,
3210 5684 3393 5739 indict.
3424 5699 3485 5740 vr
