4044 6164
247 209 361 262 705

962 333 1141 388 LXII.

326 443 494 499 Bullae
532 443 778 512 Gregorii
831 446 927 499 VII
966 460 1063 514 pro
1119 448 1443 501 monasterio
1475 448 1535 502 S.
1587 449 1782 502 Maria

854 518 1223 571 Pinerolensis.

858 609 1041 678 (Anno
1062 611 1245 680 1083.)

239 710 674 782 [GUICHBNON,
708 713 948 767 Histoire
974 714 1350 784 généalogique
1373 714 1441 768 de
1468 713 1521 768 la
1545 717 1747 768 maison
1785 715 1852 768 de

498 785 701 845 Sa-voz'e,
745 785 1156 849 Preuves,tom.
1192 785 1294 852 Ill,
1323 800 1445 856 pag.
1493 784 1599 856 16.]

311 893 680 949 Gneoonws
701 891 1016 964 episcopus,
1047 908 1234 950 servus
1257 909 1547 950 servorum
1579 897 1699 961 Dei,
1723 895 1851 952 dile-

226 990 329 1038 cto
360 983 476 1037 ﬁlio
493 985 833 1038 AnNULPno
855 983 1144 1039 venerabili
1167 984 1350 1040 abbati
1379 987 1691 1042 monasterii
1718 989 1851 1041 San-

227 1085 342 1132 cta
375 1076 568 1130 Mariae
608 1076 662 1130 in
712 1075 961 1131 Pinarolo
1008 1077 1317 1144 constituti,
1371 1077 1591 1150 suisque
1637 1095 1851 1135 succes-

224 1169 464 1225 soribus
508 1169 831 1242 regulariter
861 1169 1195 1225 intrantibus
1221 1173 1274 1224 in
1323 1181 1670 1242 perpetuum.

300 1261 602 1334 Religiosis
629 1262 913 1318 desideriis
942 1271 996 1318 et
1025 1263 1370 1335 petitionibus
1415 1264 1578 1336 justis
1612 1266 1850 1338 benigni-

221 1355 357 1410 tatis
415 1356 598 1412 studio
641 1372 703 1410 ac
757 1357 1149 1412 benevolentiae
1201 1373 1430 1413 munere
1478 1357 1703 1414 effectus
1747 1359 1842 1414 tri-

234 1447 506 1504 buendus
535 1457 636 1516 est,
674 1457 734 1504 ut
761 1448 892 1504 dum
919 1449 1188 1521 spirituali
1217 1451 1548 1506 auctoritate
1581 1461 1847 1523 suscepta:

218 1541 660 1611 dispensationis
697 1541 956 1598 effectum
997 1543 1240 1614 peragit,
1269 1543 1403 1599 dum
1445 1545 1846 1602 venerabilibus

217 1637 366 1692 locis
404 1636 722 1708 praesidium
753 1636 1090 1692 defensionis
1118 1637 1388 1708 impendit
1417 1637 1673 1706 affectus,
1721 1640 1847 1695 inde

1186 207 1533 265 EPISTOLE
1572 209 1791 266 EXTRA
1830 211 2210 268 REGISTRUM
2250 214 2621 300 VAGANTE‘S.

3449 227 3552 278 796

1871 342 1924 404 Α
1953 337 2138 406 abbas,
2194 346 2582 410 susceptaque,
2631 338 2939 404 secundum
2991 355 3226 409 morem,
3271 344 3455 416 regula
3499 355 3553 400 et

1960 448 2090 487 cura
2117 431 2418 503 regiminis,
2444 447 2472 486 a
2495 432 2740 487 saeculari
2767 441 3054 503 potestate,
3108 451 3233 507 quae
3269 452 3368 508 pro
3406 445 3554 493 tem-

1959 541 2089 596 pore
2117 525 2191 579 ibi
2234 523 2416 592 fuerit,
2461 525 2578 580 sine
2603 526 2752 581 omni
2797 526 3235 608 contradictione
3278 529 3550 597 laudetur,

1960 634 2060 673 nec
2089 617 2248 673 aliter
2285 618 2700 674 contradicendi
2735 619 2947 676 licentia
2990 637 3085 693 per
3128 623 3426 694 potentiam
3456 625 3553 680 ali-
3640 665 3647 675 .

1959 710 2114 782 cujus
2145 711 2355 766 domini
2380 721 2712 783 protegetur,
2741 715 2846 769 nisi
2880 714 3022 770 forte
3057 732 3086 770 a
3115 716 3359 787 pluribus
3386 724 3443 772 et
3472 733 3554 773 re-

1959 804 2161 875 ligiosis
2203 805 2326 860 viris
2352 805 2576 878 alicujus
2606 807 2795 862 electio
2827 808 3184 880 improbetur.
3232 813 3316 866 De
3353 825 3550 866 conse-

1960 898 2208 953 cratione
2237 915 2363 954 vero
2422 898 2634 954 abbatis
2668 908 2722 954 et
2774 900 3181 957 cohabitatione
3216 901 3441 958 fratrum
3476 904 3591 988 ita!

1959 991 2304 1047 decernimus
2333 1001 2415 1060 ut,
2463 993 2509 1046 si
2552 994 2868 1066 episcopus,
2912 993 2964 1049 in
3002 995 3157 1066 cujus
3197 995 3410 1053 dioecesi
3445 1005 3549 1064 est,

1959 1085 2303 1141 ordinatione
2350 1093 2404 1140 et
2433 1085 2538 1140 vita
2585 1087 2869 1159 religiosus
2920 1087 3109 1155 fuerit,
3139 1089 3544 1146 ordinationem

1957 1179 2126 1250 gratis
2141 1177 2328 1246 faciat,
2349 1179 2584 1250 alioquin
2617 1187 2904 1238 Astensem
2924 1181 3267 1253 episcopum,
3293 1182 3395 1238 sub
3408 1181 3551 1255 ejus-

1957 1271 2084 1328 dem
2136 1272 2407 1344 religionis
2461 1273 2867 1339 observatione,
2918 1274 3088 1330 abbas
3132 1291 3233 1346 pro
3288 1291 3384 1331 sua
3417 1292 3550 1332 suo-

1957 1382 2191 1437 rumque
2253 1366 2655 1422 monachorum
2725 1367 3070 1424 ordinatione
3138 1369 3411 1441 requirat;
3469 1370 3550 1424 sin

1959 1474 2084 1514 vero
2123 1467 2176 1514 et
2203 1459 2293 1514 hic
2329 1459 2448 1514 talis
2477 1459 2755 1531 religionis
2792 1475 2981 1530 expers
3021 1459 3206 1528 fuerit,
3257 1460 3550 1532 Albingau-

1956 1568 2182 1608 nensem
2209 1552 2525 1625 episcopum
2556 1551 2791 1608 adeundi
2816 1553 3094 1608 licentiam
3138 1552 3352 1608 habeat.
3386 1554 3547 1624 Quod

1955 1646 2020 1716 si,
2065 1645 2294 1716 peccatis
2341 1645 2690 1712 facientibus,
2739 1654 2792 1700 et
2840 1645 2930 1700 ille
2986 1654 3178 1701 contra
3227 1646 3546 1718 religionem

214 1739 500 1802 augeatur
527 1729 726 1786 divina:
747 1729 1120 1786 retributionis
1141 1731 1422 1800 meritum,
1452 1732 1598 1804 quod
1625 1734 1681 1787 in
1703 1749 1837 1804 praz-
1876 1727 1923 1787 Β
1953 1740 2284 1794 constitutus
2313 1739 2641 1811 apparuerit,
2675 1737 2965 1811 praedictus
3000 1739 3168 1794 abbas
3189 1740 3546 1809 apostolicam

215 1823 440 1879 stando
497 1823 766 1880 beneﬁcio
809 1840 919 1879 non
965 1825 1150 1880 minor
1179 1824 1343 1880 fuerit
1393 1825 1627 1882 charitas
1675 1844 1842 1898 quam

213 1926 496 1988 potestas.
557 1920 693 1974 Haec
741 1920 889 1973 enim
942 1927 996 1974 et
1038 1919 1312 1974 bonorum
1359 1919 1550 1974 studiis
1596 1927 1845 1992 tempore

215 2011 556 2082 proﬁciendi
587 2013 968 2067 auctoritatem
1012 2012 1221 2079 tribuit,
1271 2022 1324 2068 et
1363 2029 1498 2084 opus
1542 2013 1840 2085 proprium,

209 2103 472 2161 fructum
504 2104 872 2177 perfectionis,
900 2109 1022 2160 Deo
1079 2106 1409 2178 acceptabile
1457 2105 1655 2162 reddit.
1691 2108 1838 2176 Qua-

208 2207 457 2270 prOpter
530 2199 840 2271 (equitatem
902 2209 1010 2254 tua?
1055 2201 1429 2270 postulationis
1473 2200 1837 2264 attendentes,

207 2292 463 2365 prmfato
507 2293 841 2348 monasterio
871 2295 927 2348 S.
985 2294 1175 2348 Mariae
1216 2293 1301 2348 cui
1355 2309 1588 2364 praaesse
1619 2294 1835 2361 videris,

205 2387 552 2442 charissime
576 2387 647 2441 fili
679 2395 733 2442 et
755 2387 1152 2458 praenominnte
1191 2387 1352 2455 abba,
1398 2405 1524 2443 cum
1572 2388 1835 2443 omnibus

206 2481 308 2536 sibi
353 2480 788 2551 pertinentibus,
821 2481 920 2535 sub
933 2489 1136 2536 sanctzn
1158 2484 1428 2536 Romana:
1451 2482 1832 2552 etapostolicze

204 2573 363 2629 sedis
401 2573 576 2628 tutela
625 2581 960 2644 susceptum,
994 2573 1371 2644 interpellante
1407 2574 1732 2629 charissima
1771 2577 1826 2630 S.

208 2667 375 2723 Petri
413 2666 526 2721 filia
553 2667 830 2723 comitissa
885 2665 1160 2738 Adelayda
1208 2684 1333 2722 cum
1367 2667 1496 2722 filiis
1542 2666 1675 2733 suis,
1710 2683 1832 2738 qua:

204 2761 488 2817 eumdem
517 2760 874 2815 venerabilem
905 2759 1084 2815 locum
1106 2802 1120 2826 ,
1151 2743 1250 2830 pro
1303 2759 1684 2830 redemptione
1713 2761 1826 2814 ani-

203 2871 317 2911 mae
365 2869 494 2909 suae
526 2869 865 2925 suorumque
908 2862 1216 2925 parentum,
1243 2869 1309 2908 ex
1343 2853 1574 2924 prepriis
1603 2851 1829 2908 faculta-

202 2950 365 3005 tibus
402 2946 656 3003 fundavit
709 2955 873 3018 atque
916 2947 1216 3012 constituit,
1270 2947 1522 3018 praesenti
1553 2947 1831 3018 privilegio

202 3041 548 3115 apostolica:
573 3041 911 3096 auctoritatis
939 3040 1242 3107 munimus,
1275 3049 1326 3095 et
1363 3049 1623 3112 perpetuo
1671 3040 1830 3096 robo-

201 3145 408 3192 ratum
435 3134 557 3190 fore
591 3133 900 3202 sancimus;
948 3133 1312 3190 concedentes
1357 3144 1410 3189 et
1437 3135 1830 3189 confirmantes

202 3230 400 3286 eidem
433 3227 790 3294 monasterio,
847 3244 910 3283 ac
951 3227 1066 3298 ejus
1094 3226 1371 3283 catholicis
1423 3227 1713 3283 abbatibus
1769 3227 1826 3282 in

202 3331 578 3396 perpetuum,
606 3328 722 3376 tam
760 3321 813 3375 in
865 3321 1104 3376 ecclesiis
1148 3337 1314 3391 quam
1366 3321 1419 3375 in
1451 3320 1604 3383 villis,
1657 3320 1823 3392 agris,

207 3416 417 3485 vineis,
451 3415 614 3470 cultis
641 3423 696 3471 et
724 3414 958 3483 incultis,
987 3423 1042 3470 et
1071 3416 1128 3470 in
1154 3416 1408 3470 omnibus
1429 3431 1550 3486 qua:
1574 3431 1720 3470 nunc
1748 3415 1821 3468 le-

202 3513 419 3583 galiter
444 3507 706 3581 possidet,
728 3511 812 3565 vel
833 3508 886 3564 in
908 3517 1210 3579 posterum,
1239 3509 1381 3579 iuste
1405 3507 1826 3579 quomodolibct

204 3604 587 3679 [possidebit],
604 3611 872 3675 quatenus
889 3603 991 3658 sub
1011 3602 1307 3674 apostolica
1339 3601 1590 3671 tuitione,
1628 3603 1683 3656 in
1698 3601 1826 3673 jure

167 3688 176 3695 ’
210 3718 275 3756 ac
305 3699 656 3772 proprietate
684 3697 899 3770 praefati
925 3698 1262 3765 monasterii,
1304 3697 1406 3752 sub
1436 3697 1703 3769 regimine
1729 3696 1821 3751 ab-

211 3793 438 3860 batiali,
464 3792 529 3849 ad
549 3807 905 3848 communem
930 3807 1092 3847 usum
1125 3790 1352 3846 fratrum
1401 3789 1474 3845 ibi
1504 3793 1622 3846 Deo
1656 3789 1823 3846 famu-

208 3887 486 3953 lantium,
518 3901 734 3956 semper
786 3885 990 3940 illibata
1019 3893 1394 3956 permaneant.
1427 3885 1732 3940 Statuimus
1763 3892 1824 3939 ut

203 3999 392 4039 nemo
446 3979 521 4035 ibi
577 3987 861 4036 mortuum
910 3978 1137 4050 sepelire
1162 3977 1467 4049 prohibeat,
1517 3978 1819 4034 secundum

203 4074 376 4149 quod
405 4074 602 4130 beatus
625 4090 760 4145 papa
804 4071 1128 4144 Gregorius,
1158 4073 1392 4144 Agapito
1419 4071 1592 4128 Urbis
1612 4073 1824 4127 Veteris

202 4172 490 4244 episcopo
538 4169 869 4240 promulgat,
908 4167 1050 4222 salva
1101 4165 1247 4238 justa
1298 4165 1694 4221 consuetudine
1723 4160 1818 4220 ‘sui

201 4261 485 4336 episcopi,
525 4267 579 4317 et
605 4269 809 4317 sanctae
829 4261 1022 4316 matris
1044 4259 1318 4316 Ecclesiae.

274 4363 460 4422 Item,
493 4355 546 4409 in
576 4355 676 4409 hac
699 4355 892 4411 eadem
919 4363 1107 4410 nostra
1136 4353 1394 4410 decretali
1426 4352 1619 4426 pagina
1649 4353 1820 4410 sanci-

1954 1832 2138 1888 sedem
2168 1832 2404 1888 adeundi
2435 1833 2664 1888 liberam
2688 1831 2960 1888 licentiam
3017 1831 3233 1900 habeat,
3280 1841 3551 1904 quatenus

1952 1942 1984 1982 a
2032 1929 2287 1982 Romano
2323 1926 2582 1998 pontifice
2637 1941 2750 1981 suae
2795 1925 3158 1981 ordinationis
3210 1934 3266 1980 et
3317 1941 3546 1982 suorum

1951 2019 2187 2075 fratrum
2245 2019 2516 2076 honorem
2565 2028 2730 2090 atque
2793 2019 3053 2074 mandata
3096 2019 3368 2090 suscipiat.
3414 2020 3547 2076 Hac

1951 2114 2132 2168 omnia
2158 2129 2280 2184 qum
2324 2112 2465 2168 infra
2490 2113 2755 2168 terminos
2783 2111 3029 2184 ejusdem
3069 2111 3349 2183 parochia:
3373 2112 3547 2168 conti-

1944 2214 2170 2263 nentur:
2187 2207 2408 2262 ecclesia
2430 2205 2499 2261 de
2515 2204 2744 2272 Adreio;
2773 2205 2998 2260 ecclesia
3028 2208 3082 2260 S.
3101 2205 3402 2272 Saturnini,
3421 2221 3546 2276 qua:

1945 2309 2029 2356 est
2062 2317 2223 2372 super
2264 2300 2542 2372 Ligerim;
2592 2299 2817 2355 ecclesia
2846 2299 3021 2354 Sancti
3051 2299 3194 2354 Petri
3247 2298 3315 2354 de
3352 2301 3546 2354 Monte

1946 2395 2140 2462 Foleti,
2229 2402 2284 2450 et
2333 2392 2556 2464 quiquid
2623 2393 2902 2448 Robertus
2953 2392 3020 2448 de
3069 2392 3543 2448 Monte-Contorio

1944 2486 2330 2542 Vindocinensi
2361 2486 2615 2542 cmnobio
2667 2485 2906 2555 donavit,
2959 2494 3014 2541 et
3069 2485 3185 2558 ejus
3229 2486 3371 2540 ﬁlius
3405 2487 3541 2541 Ber-

1942 2588 2168 2634 trannus
2197 2580 2498 2644 concessit;
2527 2579 2752 2634 ecclesia
2781 2579 2968 2634 Sancti
3021 2580 3272 2646 Joannis,
3304 2595 3428 2651 qua
3459 2587 3542 2635 est

1941 2677 2112 2745 super
2127 2672 2372 2744 Ligerim
2405 2692 2416 2726 :
2443 2687 2620 2743 neque
2649 2672 2818 2727 etiam
2844 2671 3090 2727 subditas
3120 2672 3382 2743 praedicto
3421 2674 3542 2728 loco

1940 2766 2216 2833 ecclesias,
2247 2765 2556 2834 ubicunque
2595 2764 2722 2831 sint,
2777 2765 3275 2830 excommunicare,
3328 2765 3407 2820 vel
3452 2765 3541 2820 in-

1937 2860 2200 2915 terdicere
2246 2858 2499 2929 cuiquam
2543 2857 2717 2923 liceat,
2749 2857 2848 2912 nisi
2876 2858 3079 2928 apertis
3134 2873 3232 2929 pro
3261 2857 3456 2929 culpis,
3488 2867 3544 2913 et

1936 2968 2071 3025 quas
2131 2950 2552 3007 Vindocinensis
2603 2949 2771 3006 abbas
2797 2959 2852 3004 et
2906 2947 3101 3005 fratres
3145 2948 3407 3004 canonice
3464 2950 3537 3005 ab

1941 3045 2073 3117 ipsis
2101 3044 2365 3117 episcopis
2393 3043 2661 3099 admoniti
2682 3042 2977 3099 emendare
2999 3043 3444 3114 contempserint.
3487 3044 3540 3099 Si

1938 3139 2059 3212 quis
2088 3155 2216 3193 vero
2245 3145 2436 3193 contra
2467 3137 2622 3192 illum
2648 3137 2791 3193 beati
2821 3136 2964 3191 Petri
2987 3135 3170 3192 locum
3221 3151 3318 3207 pro
3347 3135 3537 3208 aliqui-

1937 3233 2040 3288 bus
2069 3232 2230 3288 rebus
2257 3231 2470 3286 causari
2519 3230 2772 3296 voluerit,
2804 3245 2913 3285 non
2945 3230 2995 3284 ei
3025 3229 3196 3284 abbas
3221 3230 3303 3284 vel
3342 3227 3541 3284 fratres

1932 3326 2314 3397 respondeant,
2362 3332 2655 3394 antequam
2686 3327 3006 3379 Romanum
3059 3323 3374 3395 pontificem
3401 3339 3537 3379 con-

1932 3419 2181 3488 suluerit,
2225 3419 2348 3489 quia
2402 3416 2662 3489 quidquid
2704 3417 2818 3471 sine
2872 3425 3063 3472 nostro
3117 3418 3199 3473 vel
3254 3432 3538 3474 successo-

1930 3529 2053 3568 rum
2080 3521 2396 3567 nostrorum
2421 3511 2630 3582 judicio
2657 3510 2949 3566 definitum
2990 3509 3174 3578 fuerit,
3202 3511 3312 3566 sive
3343 3510 3541 3567 distra-

1929 3615 2106 3674 ctum,
2156 3605 2368 3660 irritum
2410 3604 2534 3658 erit.
2583 3605 2850 3659 Praeterea
2898 3611 3097 3659 notum
3123 3619 3240 3659 esse
3283 3605 3539 3661 volumus

1929 3709 2133 3755 sancta:
2165 3698 2263 3753 Dei
2293 3696 2555 3753 Ecclesia:
2594 3695 2867 3764 ﬁdelibus,
2926 3705 2983 3752 et
3018 3696 3148 3753 huic
3175 3705 3384 3753 nostrae
3408 3714 3536 3753 con-

1929 3791 2224 3847 ﬁrmationi
2253 3789 2658 3847 adnectendum
2679 3830 2693 3854 ,
2740 3789 2890 3861 quod
2917 3789 3286 3846 Theodericus
3333 3793 3536 3846 Carno-

1926 3886 2095 3942 tensis
2118 3885 2431 3956 episcopus,
2457 3884 2512 3939 in
2542 3883 2698 3956 cujus
2722 3882 2948 3939 dioecesi
2997 3883 3376 3955 supradictum
3403 3885 3539 3940 Vin-

1929 3979 2220 4036 docinense
2275 3977 2672 4033 monasterium
2720 3977 2886 4032 situm
2935 3977 3196 4047 noscitur,
3240 3976 3539 4036 Clementis

1928 4089 2081 4145 papae
2123 4072 2432 4144 praesentiae
2486 4087 2643 4127 suam
2688 4070 3058 4126 transmiserit
3100 4071 3406 4142 epistolam,
3450 4087 3539 4128 ro-

1932 4182 2068 4239 gans
2098 4182 2224 4222 eum
2267 4174 2542 4237 quatenus
2593 4163 2987 4220 monasterium
3017 4165 3195 4236 ipsum
3243 4180 3339 4236 per
3378 4165 3536 4220 illum

1928 4260 2004 4315 sic
2057 4275 2153 4314 sua
2181 4258 2568 4314 corroboretur
2595 4257 2940 4323 auctoritate,
2969 4265 3031 4312 ut
3067 4258 3199 4312 nulli
3254 4273 3534 4314 successo-

1926 4369 2048 4409 rum
2078 4367 2308 4408 suorum
2338 4359 2460 4422 post
2498 4365 2626 4405 eum
2654 4365 2741 4404 res
2773 4349 2937 4420 hujus
2965 4350 3066 4404 loci
3087 4348 3306 4406 auferre
3333 4353 3414 4407 vel
3440 4351 3540 4406 mi-

203 4468 342 4508 mus
375 4457 544 4521 atque
567 4448 955 4505 constituimus
984 4457 1067 4514 ut,
1091 4446 1356 4504 defuncto
1384 4447 1578 4503 abbate
1618 4447 1824 4520 praefati
1857 4485 1910 4550 Β
1935 4463 2122 4512 nuere,
2154 4447 2235 4501 vel
2261 4443 2758 4510 excommunicare,
2806 4458 2902 4497 seu
2940 4442 3289 4510 interdicere,
3325 4444 3409 4500 vel
3437 4461 3538 4516 po-

199 4543 486 4610 ccenobii,
528 4543 747 4598 abbates
771 4541 1231 4598 monasteriorum
1273 4541 1526 4597 videlicet
1563 4545 1827 4599 Fructua-

204 4637 456 4703 riensis,
505 4637 836 4704 Bremensis,
883 4638 940 4691 S.
991 4633 1290 4691 Salvatoris
1348 4635 1721 4702 Taurinensis,
1775 4636 1828 4690 S.

201 4730 514 4790 Michaelis
558 4729 786 4793 Clusini,
817 4737 872 4784 et
899 4731 943 4785 si
977 4729 1068 4784 alii
1128 4726 1365 4800 religiosi
1412 4727 1466 4782 in
1500 4728 1602 4782 illis
1658 4728 1828 4800 parti-

202 4829 316 4883 bus
362 4823 582 4887 fuerint,
615 4823 667 4878 in
708 4838 885 4878 unum
912 4821 1266 4886 conveniant,
1307 4822 1363 4875 in
1403 4837 1640 4892 quorum
1688 4836 1829 4892 prae-

202 4918 404 4978 sentia
461 4915 659 4972 fratres
705 4917 937 4988 aliquem
988 4915 1058 4971 de
1110 4915 1536 4987 congregatione
1583 4913 1830 4986 ejusdem

206 5011 574 5079 monasterii,
625 5010 916 5082 siquidem
963 5009 1221 5064 idoneum
1282 5009 1524 5079 reperire
1599 5008 1829 5075 valeant,

207 5105 513 5165 communi
562 5118 836 5160 consensu
877 5103 930 5158 in
977 5103 1234 5158 abbatem
1273 5101 1374 5158 sibi
1421 5102 1638 5175 eligant.
1670 5102 1832 5172 Quod

203 5202 255 5258 si
323 5214 398 5254 ex
447 5199 561 5255 suis
603 5196 948 5268 nequiverint
993 5195 1188 5252 fratres
1237 5194 1366 5251 huic
1417 5195 1666 5269 regimini
1706 5211 1834 5252 con-

206 5308 434 5368 gruum
479 5291 744 5357 invenire,
793 5287 1014 5345 aliunde
1049 5289 1238 5356 talem,
1291 5289 1376 5345 cui
1426 5290 1564 5345 sacri
1593 5305 1832 5346 canones

211 5397 272 5444 et
302 5386 618 5443 monastica
647 5383 834 5456 regula
861 5399 973 5439 non
1002 5382 1364 5456 gntradicat,
1419 5383 1656 5454 eligant;
1702 5400 1831 5454 qua-

211 5491 390 5538 tenus
431 5478 642 5543 electio,
673 5447 742 5533 sig
752 5478 896 5533 bona
933 5447 1116 5543 fue’it,
1147 5495 1176 5532 a
1223 5447 1831 5548 praedictisvabb'atibus

212 5574 515 5647 probetur,
557 5573 642 5629 sin
673 5587 800 5628 vero
851 5571 1068 5626 illorum
1102 5570 1342 5628 discreto
1387 5571 1599 5644 judicio
1638 5586 1827 5641 repro-

207 5666 415 5733 betur,
446 5681 476 5721 a
504 5664 765 5722 fratribus
809 5663 865 5719 in
888 5679 1186 5737 congruam
1215 5681 1506 5738 personam
1554 5663 1832 5719 transmit-

207 5768 400 5818 tetur.
444 5759 691 5832 Denique
734 5758 840 5815 hoc
878 5756 1065 5816 ordine
1120 5768 1174 5817 et
1217 5759 1321 5817 hac
1366 5758 1574 5815 cautela
1630 5756 1834 5812 electus

1937 4549 2196 4597 testatem
2249 4540 2483 4612 aliquam
2515 4537 2573 4593 in
2612 4536 2727 4608 ipso
2747 4536 2872 4597 loco
2902 4551 3152 4591 exercere
3196 4537 3403 4606 liceret,
3435 4553 3536 4594 seu

1938 4633 2183 4705 quolibet
2228 4633 2395 4688 modo
2444 4639 2714 4686 rectorem
2751 4629 2853 4686 loci
2908 4627 2991 4684 vel
3021 4627 3215 4684 fratres
3241 4630 3535 4688 molestare

1939 4735 2031 4782 aut
2066 4726 2365 4798 inquietare
2405 4725 2648 4789 auderet,
2670 4720 2820 4794 quod
2852 4721 3104 4779 Clemens
3133 4738 3272 4794 papa
3301 4723 3534 4796 benigne

1940 4821 2152 4888 annuit,
2182 4829 2237 4876 et
2272 4835 2374 4875 nos
2414 4826 2601 4874 nostra
2646 4817 2972 4873 auctoritate
3019 4815 3247 4889 dignum
3295 4834 3535 4876 annuere

1939 4914 2274 4970 censuimus.
2316 4914 2371 4970 Si
2431 4911 2552 4984 quis
2615 4919 2800 4967 autem
2849 4910 3080 4966 violator
3131 4909 3296 4982 hujus
3357 4914 3534 4968 nostri

1939 5008 2189 5080 praecepti
2232 5006 2522 5074 exstiterit,
2551 5004 2654 5060 nisi
2685 5004 3004 5075 resipuerit,
3036 5011 3092 5058 et
3115 5007 3392 5061 Romanae
3429 5007 3533 5061 Ec-

1940 5102 2116 5158 clesia;
2166 5099 2506 5165 satisfecerit,
2564 5098 2698 5153 sciat
2752 5113 2810 5152 se
2867 5097 3159 5169 apostolica
3212 5096 3535 5154 auctoritate

1939 5205 2205 5267 perpetuo
2261 5193 2607 5250 anathemate
2628 5193 2961 5264 perculsum,
3019 5201 3180 5266 atque
3229 5211 3259 5250 a
3309 5209 3539 5267 corpore

1939 5297 2142 5346 sanctae
2177 5288 2438 5344 Ecclesiae
2502 5287 2762 5352 divisum,
2821 5286 3148 5359 diaboloque
3189 5303 3316 5344 cum
3354 5287 3540 5360 impiis

1941 5383 2232 5449 traditum;
2281 5383 2375 5455 qui
2422 5398 2550 5439 vero
2587 5390 2938 5439 conservator
2989 5391 3042 5436 et
3096 5380 3356 5439 obediens
3411 5382 3540 5440 huic
3633 5447 3646 5460 ,

1941 5484 2147 5534 nostrae
2173 5476 2575 5531 conﬁrmationi
2593 5483 2646 5531 et
2675 5474 2986 5546 apostolicae
3011 5474 3317 5532 auctoritati
3352 5475 3537 5541 fuerit,

1943 5567 2326 5625 benedictione
2353 5576 2409 5624 et
2437 5569 2608 5641 gratia
2652 5566 3053 5636 omnipotentis
3082 5568 3181 5627 Dei
3208 5567 3537 5638 perfruatur,

1943 5669 1997 5718 et
2026 5662 2172 5717 inter
2190 5677 2446 5733 prospera
2479 5660 2704 5716 humilis
2731 5695 2746 5720 ,
2778 5665 2834 5710 et
2876 5659 3016 5717 inter
3046 5662 3273 5721 adversa
3313 5666 3541 5716 maneat

1943 5768 2191 5821 securus,
2221 5762 2276 5809 et
2299 5753 2476 5811 divina
2528 5746 2914 5806 misericordia
2968 5759 3214 5816 munitus
3251 5748 3420 5806 valeat
3449 5763 3542 5825 per
