4044 6186
460 236 562 289 707

1344 275 1348 280 .
1503 231 1822 288 GREGORII
1862 231 1950 285 VII
1990 231 2184 285 ΡΑΡᾸΞ
2223 228 2496 285 OPERUM
2531 225 2704 281 PARS
2742 225 2807 281 II.

3651 219 3751 271 708

458 360 680 417 beatum
710 361 932 416 Petrum
949 353 1194 412 caelestia
1222 367 1384 426 regna
1406 354 1632 421 intrare,
1658 364 1862 411 etcum
1895 355 2052 412 Chri-
2080 361 2132 424 Α
2232 359 2440 422 Datum
2482 357 2697 418 Romae,
2716 365 2805 406 vn
2839 347 2968 405 Idus
3006 344 3440 409 Januarii,anno
3463 341 3755 419 Xipontili-

467 463 556 512 sto
590 456 646 511 in
674 461 936 510 internum
973 449 1227 522 gaudere.

535 550 805 619 Scriptum
881 559 974 616 per
1034 558 1235 599 manus
1290 543 1598 612 Octaviani,
1682 544 1946 600 scriniarii
2004 553 2060 600 et

463 641 659 699 notarii
693 639 830 695 sacri
873 637 1054 710 palatii
1085 637 1139 692 in
1161 653 1348 694 mense
1377 639 1573 710 Aprili,
1601 638 1790 694 indict.
1817 655 1945 694 xw.

1114 756 1325 810 LXIII.

470 869 711 942 Epistola
760 869 1008 936 Gregorii
1061 868 1170 942 ΓΠ
1215 868 1288 920 arl
1318 868 1591 922 mon/mltos
1641 868 1957 923 Conchcnses
2010 871 2059 920 et

423 949 442 980 δ
512 940 890 1009 Ἑίσίίιεθηδεδ.
949 971 1014 978 —
1058 940 1351 994 Abluttiam
1399 943 1765 1007 Figz’uccnsem
1818 941 1898 992 ita
1947 941 2062 992 imit

539 1029 656 1066 cum
684 1015 988 1071 Conchensi,
1021 1016 1081 1064 ut
1110 1027 1251 1064 unus
1301 1011 1543 1079 deinceps
1591 1016 1724 1066 esset
1777 1013 2063 1079 utriusque

535 1087 862 1139 monasterii
913 1087 1100 1138 Pater.

917 1189 1108 1255 (Anno
1167 1192 1324 1253 1084,
1372 1192 1402 1240 7
1454 1188 1601 1250 Jan.)

716 1302 884 1368 [Dom
907 1302 1221 1366 Bouounr,
1247 1299 1468 1358 llecueil,
1484 1297 1636 1358 XIV,
1664 1299 1815 1364 664.]

541 1414 906 1469 Gnncomus
937 1411 1240 1483 episcopus,
1273 1425 1459 1466 servus
1487 1423 1769 1464 servorum
1788 1407 1910 1473 Dei,
1941 1405 2071 1462 dile-

470 1507 570 1562 ctis
626 1507 677 1560 in
737 1505 956 1561 Christo
999 1504 1258 1559 fratribus
1313 1504 1366 1557 in
1411 1502 1712 1558 Conchensi
1763 1509 1817 1556 et
1889 1500 2066 1572 Figia-

471 1599 618 1655 censi
645 1598 974 1654 monasterio
1009 1597 1404 1663 habitantibus,
1435 1597 1668 1652 salutem
1713 1604 1766 1651 et
1804 1594 2063 1668 apostoli-

473 1710 596 1748 cam
624 1691 1090 1748 benedictionem.

2163 458 2318 505 catus
2343 447 2534 504 domni
2555 448 2723 518 papze"
2740 441 2994 515 Gregorii
3019 442 3143 511 VII,
3173 454 3319 494 anno
3362 436 3618 494 videlicet
3644 439 3754 490 Do-

2165 543 2380 598 miniczc
2411 545 2683 596 Incarnat.
2705 544 2863 607 1084,
2883 534 3183 592 indictione
3203 547 3324 590 vn.
3385 558 3400 562 -

2851 654 3054 709 LXIV.

2171 773 2417 838 Gregorii
2453 773 2547 826 VII
2595 767 2811 837 cpistola
2865 766 2941 819 ad
2989 779 3166 818 (mines
3190 762 3519 838 ﬁdeles“:
3543 763 3764 838 Demen-

2239 831 2378 896 εἶναί
2407 857 2460 896 se
2507 844 2560 894 in
2589 831 2743 893 uirilis
2777 839 2892 891 ideo
2912 838 3122 890 rersari
3144 835 3285 902 quod
3315 833 3444 886 nolit
3475 831 3760 887 Ecclesium

2245 917 2301 967 in
2353 917 2660 968 scrrilulem
2716 910 2916 975 redigi.

2742 1008 2924 1069 (Anno
2983 1008 3169 1068 1084.)

2424 1110 2670 1180 DIANSI,
2703 1110 2903 1164 Concll.
2944 1108 3079 1173 XX,
3113 1107 3263 1170 628.]

2246 1225 2601 1279 GREGORIUS
2631 1223 2938 1293 cpiscopus,
2972 1233 3158 1273 servus
3189 1229 3471 1271 servorum
3503 1211 3607 1268 Dei
3639 1227 3765 1267 om-

2173 1317 2335 1372 nibus
2365 1317 2419 1371 in
2456 1315 2672 1371 Christo
2692 1314 2939 1369 ﬁdelibus
2965 1310 3327 1383 apostolicam
3347 1307 3532 1364 sedem
3573 1321 3760 1361 revera

2170 1411 2546 1485 diligentibus,
2569 1410 2802 1466 salutem
2831 1419 2879 1464 et
2914 1404 3271 1476 apostolicam
3304 1401 3765 1458 benedictionem.

2253 1505 2528 1572 Pervenit,
2569 1503 2768 1560 fratres
2797 1500 3128 1565 charissimi,
3157 1497 3419 1569 pervenit,
3451 1501 3512 1550 ut
3539 1494 3771 1550 aestima-

2177 1617 2322 1667 mus,
2348 1599 2415 1655 ad
2455 1597 2706 1655 notitiam
2735 1593 2992 1665 vestram,
3023 1595 3147 1666 quia
3173 1601 3362 1648 nostro
3393 1598 3644 1662 tempore
3689 1590 3769 1643 in-

2174 1702 2430 1750 novatum
2475 1702 2575 1760 est,
2617 1691 2760 1764 quod
2787 1691 2838 1747 in
2866 1689 3154 1746 Psalmista
3180 1682 3509 1758 inquirendo
3531 1682 3731 1738 dicitur
3762 1700 3772 1736 2

541 1789 605 1842 In
635 1785 978 1842 discussione
1006 1785 1204 1858 negotii
1239 1785 1405 1842 vestri
1437 1789 1580 1854 (418)
1609 1784 1698 1841 diu
1719 1785 2066 1857 multumque

2196 1791 2354 1856 Quare
2399 1792 2737 1856 frcmmarzml
2782 1791 2982 1854 gentes,
3041 1787 3089 1838 et
3123 1782 3316 1852 populi
3353 1779 3598 1833 meditati
3647 1781 3772 1831 sunt

475 1881 807 1947 laborantes,
840 1879 1210 1936 intelleximus
1233 1880 1610 1952 Figiacensem
1644 1879 1823 1935 locum
1848 1879 2070 1935 subesse

476 1974 675 2031 debere
705 1973 1038 2030 monasterio
1067 1973 1391 2044 Conchensi,
1416 1984 1469 2030 et
1495 1974 1768 2030 cohzrrere
1799 1973 1898 2028 sibi
1930 1973 2072 2030 sicut

472 2069 632 2141 capiti
667 2067 1005 2137 membrum,
1055 2068 1355 2124 secundum
1409 2069 1826 2140 dispositionem
1879 2084 2070 2124 eorum

474 2163 567 2236 qui
593 2162 786 2219 eadem
816 2163 932 2219 loca
975 2171 1424 2219 construxerunt.
1466 2165 1669 2218 Verum
1696 2163 1819 2234 quia
1842 2171 2072 2235 uterque

475 2257 640 2313 abbas
698 2257 1020 2314 auctoritate
1051 2265 1105 2311 et
1126 2267 1398 2329 praecepto
1447 2257 1761 2328 apostolicae
1807 2257 1949 2313 sedis
1983 2273 2074 2312 or-

477 2350 823 2407 dinationem
885 2351 1144 2422 suscepit,
1208 2351 1323 2423 paci
1372 2359 1425 2405 et
1473 2351 1777 2407 concordia:
1820 2351 2074 2422 utrinque

476 2445 842 2518 providentes,
893 2444 1326 2517 adjudicavimus
1369 2453 1429 2500 ut.
1475 2445 1643 2501 ambo
1688 2447 1803 2500 loca
1846 2445 1937 2500 illa
1991 2444 2075 2500 his

478 2539 579 2596 rite
603 2539 865 2596 ordinatis
895 2547 1155 2610 regantur
1197 2539 1488 2594 abbatibus
1508 2582 1522 2607 ,
1543 2555 1608 2594 eo
1636 2539 1887 2595 videlicet
1919 2548 2073 2609 pacto

481 2643 560 2703 ut,
604 2634 650 2689 si
687 2632 997 2704 Stephanus
1039 2633 1209 2688 abbas
1256 2633 1593 2690 Conchensis
1657 2634 1806 2706 prius
1859 2631 2071 2701 obierit,

483 2727 756 2801 Ayraldus,
814 2727 1148 2800 Figiacensis
1203 2727 1308 2782 sibi
1363 2728 1638 2798 succedat,
1693 2737 1747 2783 et
1801 2735 1916 2783 tam
1964 2728 2075 2799 ipse

483 2838 646 2896 quam
698 2820 946 2877 monachi
979 2821 1318 2893 Figiacenses
1363 2829 1524 2892 caput.
1562 2838 1721 2877 suum
1755 2822 2075 2878 Conchense

483 2915 883 2972 monasterium
924 2914 1186 2986 deinceps
1212 2924 1644 2986 recognoscant;
1688 2924 1742 2970 et
1785 2915 1927 2971 sicut
1983 2915 2077 2970 uni

485 3009 668 3066 abbati
712 3007 980 3065 subdendi
1015 3016 1165 3075 sunt,
1205 3008 1274 3064 ita
1318 3009 1408 3064 uni
1451 3009 1850 3080 professionem
1886 3026 2077 3064 mona-

485 3104 672 3173 sterio,
720 3103 970 3160 videlicet
1015 3102 1320 3159 Conchensi
1370 3103 1585 3158 faciant.
1643 3103 1803 3172 Quod
1838 3104 1882 3157 si
1915 3103 2078 3175 Figia-

2183 1886 2366 1938 inania
2396 1887 2422 1936 ἶ)
2462 1885 2771 1938 ANNO-rlle
2804 1898 2954 1948 reges
2975 1883 3147 1944 terrm,
3174 1880 3222 1929 et
3233 1875 3505 1945 principes
3528 1889 3771 1926 conticue-

2185 1983 2309 2032 runl
2339 1980 2392 2030 in
2425 1994 2590 2030 unum
2624 1976 2878 2028 mlrersus
2911 1975 3208 2031 Dominum,
3243 1974 3291 2022 et
3320 1969 3573 2022 t’ldttei'sus
3614 1967 3775 2022 Chri-

2180 2078 2321 2126 stum.
2351 2069 2658 2139 ejus(Psa/.
2693 2084 2775 2136 1v,
2814 2072 2887 2132 1).
2936 2063 3209 2136 Principes
3235 2061 3384 2117 enim
3423 2061 3694 2134 gentium,
3725 2067 3777 2114 et

2182 2166 2452 2239 principes
2489 2163 2834 2220 sacerdotum
2867 2178 2991 2215 cum
3031 2176 3226 2231 magna
3259 2154 3608 2212 multitudine
3639 2170 3773 2209 con-

2183 2269 2445 2316 venerunt
2474 2259 2527 2313 in
2558 2274 2733 2313 unum
2771 2256 3030 2311 adversus
3057 2253 3359 2319 Christum,
3387 2247 3781 2320 omnipotentis

2183 2354 2284 2409 Dei
2317 2353 2530 2416 Filium,
2561 2361 2616 2407 et
2653 2349 2914 2405 adversus
2946 2347 3253 2417 apostolum
3281 2345 3397 2417 ejus
3434 2345 3686 2408 Petrum,
3720 2349 3780 2398 ut

2180 2447 2546 2505 Christianam
2599 2444 2915 2516 religionem
2976 2442 3407 2513 exstinguerent,
3459 2446 3512 2492 et
3560 2435 3780 2491 haereti-

2185 2557 2304 2597 cam
2334 2541 2656 2612 pravitatem
2695 2545 3082 2610 propagarent.
3139 2533 3264 2600 Sed,
3311 2536 3429 2588 Deo
3459 2529 3780 2597 miserante,

2185 2635 2308 2690 illos
2328 2635 2418 2706 qui
2439 2634 2721 2689 conﬁdunt
2749 2632 2802 2687 in
2825 2631 3091 2696 Domino,
3112 2627 3263 2684 nullo
3294 2635 3496 2681 terrore
3513 2622 3777 2694 nullaque

2184 2729 2494 2785 credulitate
2517 2728 2594 2783 vel
2617 2726 2916 2783 mundanae
2939 2724 3124 2797 gloria:
3148 2721 3503 2795 promissione
3527 2717 3594 2773 ad
3619 2733 3783 2773 suam

2185 2831 2481 2896 potuerunt
2521 2822 2809 2878 deﬂectere
2865 2819 3210 2890 impietatem.
3261 2818 3364 2870 Pro
3407 2813 3552 2869 nulla
3583 2811 3786 2884 quippe

2184 2919 2288 2975 alia
2317 2917 2556 2990 qualibet
2576 2915 2787 2972 actione
2818 2921 3003 2969 contra
3038 2928 3137 2966 nos
3168 2911 3351 2982 iniqua
3382 2905 3784 2978 conspirantes,

2188 3029 2384 3068 manus
2395 3018 2681 3067 erexerunt
2700 3053 2714 3077 ,
2727 3009 2830 3064 nisi
2845 3008 2968 3079 quia
2992 3006 3293 3078 periculum
3307 3011 3511 3059 sanctzc
3528 2999 3789 3056 Ecclesia:

2188 3106 2468 3162 noluimus
2519 3103 2737 3160 silentio
2767 3102 3067 3175 praeterire,
3116 3108 3168 3154 et
3196 3099 3280 3154 his
3328 3096 3671 3165 [restitimus]
3699 3088 3786 3166 qui

485 3199 658 3256 censis
685 3198 833 3270 prius
880 3195 1193 3262 decesserit,
1241 3195 1598 3252 nihilominus
1642 3196 2080 3267 adjudicavimus
2115 3198 2158 3260 C
2191 3200 2447 3256 eamdem
2478 3213 2733 3270 sponsam
2763 3197 2863 3251 Dei
2890 3212 2998 3251 non
3019 3194 3347 3250 erubescunt
3375 3192 3431 3246 in
3463 3190 3786 3246 servitutem

484 3293 859 3365 Figiacensem
923 3291 1210 3346 ecclesiam
1285 3290 1589 3346 Conchensi
1648 3291 1982 3346 monasterio
2026 3292 2079 3347 in

485 3395 813 3460 perpetuum
841 3385 1010 3452 uniri,
1050 3393 1234 3457 atque,
1265 3384 1438 3456 sopita
1465 3385 1612 3440 omni
1639 3385 1728 3440 lite
1767 3393 1819 3440 et
1860 3393 2080 3442 contro-

484 3482 679 3548 versia,
711 3481 803 3537 uni
834 3478 1343 3548 duntaxatfabbati,
1378 3479 1586 3535 scilicet
1614 3479 1945 3546 Conchensi,
1974 3483 2083 3552 {per

489 3576 671 3640 omnia
709 3574 887 3642 subdi,
928 3574 1107 3645 sitque
1133 3572 1235 3628 hoc
1264 3582 1521 3644 perpetua
1548 3573 1837 3630 stabilitate
1863 3575 2084 3630 ﬁrmum

485 3676 541 3722 et
586 3667 964 3722 inconvulsum
996 3675 1057 3719 ut.
1094 3681 1158 3721 eo
1196 3665 1486 3734 defuncto,
1529 3666 1777 3724 videlicet
1820 3668 1911 3740 qui
1941 3685 2086 3726 nunc

490 3769 574 3816 est
597 3758 947 3830 Figiacensis,
1006 3758 1341 3814 Conchensis
1364 3759 1530 3815 abbas
1561 3777 1588 3815 a
1634 3762 1916 3817 communi
1958 3779 2087 3818 con-

487 3851 798 3926 gregatione
826 3852 1069 3924 eligatur,
1104 3860 1158 3908 et
1177 3851 1392 3922 utrique
1417 3852 1534 3908 loco
1559 3854 1748 3924 praesit
1781 3856 2086 3911 secundum

487 3946 728 4019 regulam
753 3947 808 4000 S.
841 3943 1139 4001 Benedicti.
1175 3944 1554 4002 Admonemus
1575 3947 1756 4017 itaque
1784 3956 1837 4002 et
1861 3957 2088 4018 aposto-

491 4041 590 4097 lica
630 4040 954 4096 auctoritate
1009 4038 1384 4094 interdicimus
1422 4048 1485 4094 ut
1516 4049 1709 4096 contra
1751 4040 1915 4114 hujus
1951 4042 2089 4099 deﬁ—

493 4134 720 4190 nitionis
751 4143 997 4190 tenorem
1019 4133 1198 4196 nullus
1227 4142 1353 4204 agat
1389 4149 1484 4189 seu
1516 4134 1572 4189 in
1597 4135 1776 4206 aliquo
1815 4137 2093 4194 contraire

496 4236 817 4300 praesumat;
850 4236 904 4283 et
935 4226 1074 4282 sicut
1110 4225 1397 4283 salubriter
1443 4235 1518 4295 et,“
1549 4228 1785 4286 discrete
1815 4231 2092 4304 provisum

494 4331 594 4389 est,
624 4337 946 4393 permanere
965 4320 1249 4394 permittat
1277 4325 1358 4389 (41
1373 4324 1478 4391 8*).
1497 4323 1548 4378 Si
1565 4339 1693 4380 vero
1706 4324 1896 4396 aliquis
1926 4327 2094 4398 (quod

495 4432 610 4473 non
635 4423 937 4488 speramus)
977 4415 1281 4472 deﬁnitioni
1306 4425 1515 4473 nostra:
1541 4419 1812 4476 contraire
1840 4427 2086 4476 teutave-

496 4512 590 4578 rit,
617 4511 662 4566 si
691 4510 878 4578 abbas,
912 4510 991 4567 vel
1023 4511 1312 4583 episcopus
1355 4520 1458 4580 est,
1508 4512 1713 4584 proprii
1745 4513 1952 4570 ordinis
1989 4531 2082 4585 pe-

495 4605 667 4659 riculo
710 4605 1038 4677 subjacebit;
1083 4605 1126 4662 si
1173 4621 1300 4663 vero
1338 4606 1659 4676 monachus,
1708 4607 1940 4664 laicusve
1981 4607 2093 4665 fue-

497 4696 588 4764 rit,
618 4697 821 4769 absque
847 4697 1010 4754 dubio
1036 4700 1626 4758 excommunicabitur.

570 4941 1164 5020 (41_§_).Iurgiicausam
1205 4955 1389 5020 narrat
1414 4963 1741 5020 ranonymus
1783 4949 1873 5020 qui
1906 4949 2093 5005 Histo-

498 5016 636 5097 riam
650 5014 979 5097 Ij‘igiace'ncis
991 5017 1301 5097 ilionasteril
1313 5019 1556 5097 scripsit,
1571 5014 1599 5072 a
1613 5014 1833 5097 B_aluzio
1868 5021 2094 5089 editam,

499 5095 549 5144 t.
586 5089 640 5160 ll
660 5086 977 5160 Miscel_|an.,
1004 5103 1054 5156 p.
1079 5088 1270 5151 298,in
1286 5086 1445 5160 cujus
1457 5089 1562 5144 ﬁne
1606 5090 1713 5144 ait:
1744 5094 1925 5147 «Post
1953 5086 2093 5147 LauQ

498 5158 716 5234 tardum
760 5157 1100 5234 Willermus
1127 5160 1286 5234 Fiaco
1350 5157 1612 5234 successit
1639 5202 1666 5234 ,Α
1692 5162 1781 5234 qui
1826 5163 1880 5217 in
1923 5178 2093 5234 expu-

501 5229 732 5302 gnandis
760 5227 998 5283 inimicis
1050 5227 1140 5284 diu
1175 5228 1494 5285 victoriosus
1533 5227 1753 5287 exstitit.
1787 5234 1888 5289 Hic
1916 5227 2089 5291 de'Si-

502 5301 690 5378 monia
718 5308 1029 5378 accusatus,
1060 5309 1187 5378 qua;
1228 5302 1392 5378 pestis
1416 5301 1527 5374 iam
1573 5319 1675 5378 per
1696 5304 1955 5362 ultimum
1994 5322 2094 5378 pa-

503 5388 632 5450 pam
661 5375 908 5450 Leonem
938 5370 1425 5450 lueratdeclarata,’
1453 5382 1503 5428 et
1527 5370 1620 5446 per
1644 5376 1975 5450 Gregorium
1996 5370 2094 5435 VII

502 5441 622 5520 ejus
670 5447 1042 5520 successorem
1073 5441 1225 5499 valde
1275 5441 1546 5520 insecuta,
1599 5441 1848 5520 quamvvis
1897 5451 2096 5506 invitus

503 5461 622 5572 etus
670 5461 1042 5525 successorem
1073 5461 1225 5499 vanae
1275 5461 1546 5515 insecuta,
1599 5464 1848 5520 quamvis
1897 5461 2096 5506 mvrtus

503 5533 532 5600 ξι
576 5515 776 5570 batlam
807 5514 1047 5600 dimisit,
1077 5518 1364 5600 et._pa_s.tori
1406 5517 2096 5600 legitimomintroduccndo

503 5589 686 5644 locum
707 5601 936 5642 vacuum
954 5587 1185 5656 reliquit.
1214 5587 1482 5645 Monachi
1486 5608 1612 5646 vero
1633 5592 1974 5656 Figiacenses
1999 5596 2093 5651 ab-

503 5661 688 5734 batem
719 5658 1022 5734 legitimum
1043 5657 1312 5715 domuum
1345 5663 1636 5734 Hugonem
1671 5657 2089 5723 Cluniacensem

505 5729 791 5806 eligentes,
825 5729 1233 5806 admonuerunt
1254 5729 1605 5806 Copehénses
1626 5743 1704 5806 ut,
1745 5736 1958 5806 abjecto
1987 5753 2088 5794 suo

506 5803 834 5870 Simoniaco,
884 5817 1035 5858 more
1075 5803 1235 5858 solito
1265 5805 1624 5861 subderentur
1654 5803 1875 5862 illorum
1906 5808 2086 5864 abbati

2188 3294 2447 3365 redigere.
2471 3295 2534 3348 In
2556 3291 2813 3347 omnibus
2834 3291 2981 3346 enim
3017 3288 3174 3344 terris
3202 3287 3328 3342 licet
3353 3284 3520 3340 etiam
3554 3298 3786 3356 pauper-

2189 3390 2323 3445 culis
2343 3387 2670 3443 mulieribus
2695 3402 2810 3442 suzc
2828 3385 3016 3457 patria:
3038 3384 3152 3456 lege
3170 3397 3382 3453 suaque
3404 3378 3691 3435 voluntate
3716 3377 3789 3432 vi-

2193 3500 2314 3539 rum
2336 3482 2575 3554 accipere
2603 3480 2868 3553 legitime;
2895 3488 3095 3534 sancta:
3122 3492 3248 3533 vero
3268 3473 3546 3540 Ecclesiae,
3571 3487 3698 3546 qua:
3712 3482 3794 3528 est

2197 3592 2395 3649 sponsa
2413 3575 2512 3631 Dei
2555 3584 2610 3630 et
2627 3582 2802 3629 mater
2825 3581 3033 3640 nostra,
3057 3589 3169 3628 non
3194 3571 3339 3637 licet,
3357 3567 3668 3626 secundum
3684 3566 3793 3622 im—

2194 3671 2411 3742 piorum
2440 3678 2627 3726 votum
2682 3677 2737 3723 et
2781 3667 3157 3724 detestabilem
3197 3663 3672 3730 consuetudinem,
3707 3663 3813 3720 dir

2195 3766 2316 3821 vina
2345 3767 2458 3839 lege
2479 3764 2804 3836 propriaque
2835 3764 3111 3820 voluntate
3148 3777 3248 3819 suo
3298 3775 3500 3833 Sponso
3549 3758 3796 3831 Iegaliter

2201 3861 2257 3916 in
2277 3860 2436 3916 terris
2459 3859 2755 3915 adhaerere.
2787 3862 2912 3915 Non
2961 3858 3107 3914 enim
3137 3856 3243 3928 pati
3279 3853 3543 3912 debemus
3582 3862 3645 3908 ut
3701 3852 3792 3908 ﬁlii

2198 3963 2404 4012 sanctae
2433 3953 2689 4010 Ecclesiae
2718 3952 3012 4019 hmreticis,
3037 3949 3297 4007 adulteris
3323 3956 3376 4004 et
3425 3945 3794 4014 invasoribus,

2198 4049 2349 4122 quasi
2383 4048 2623 4121 patribus
2661 4047 3023 4119 subjiciantur
3063 4054 3226 4118 atque
3253 4043 3319 4099 ab
3350 4042 3430 4098 eis
3458 4041 3601 4097 velut
3628 4038 3788 4094 adul-

2202 4144 2376 4198 terina
2431 4141 2653 4198 infamia
2680 4147 2960 4197 notentur.
2994 4138 3134 4194 Hinc
3159 4137 3359 4202 multa,
3393 4135 3599 4192 diversa
3653 4133 3800 4205 peri—

2203 4237 2341 4301 cula,
2397 4243 2451 4291 et
2500 4236 2740 4292 inaudita
2781 4233 3117 4291 crudelitatis
3157 4231 3357 4289 scelera
3409 4227 3645 4301 qualiter
3689 4227 3796 4283 sint

2205 4339 2411 4396 exorta,
2443 4346 2473 4385 a
2514 4329 2717 4384 nostris
2751 4326 2939 4400 legatis
2977 4328 3100 4384 luce
3146 4325 3342 4382 clarius
3382 4337 3622 4394 veraque
3657 4321 3801 4378 rela-

2197 4425 2345 4480 tione
2372 4423 2600 4496 potestis
2616 4421 2897 4478 addiscere
2919 4465 2933 4490 ,
2961 4431 3036 4489 et,
3063 4422 3109 4477 si
3136 4435 3320 4476 revera
3360 4417 3559 4474 doletis
3588 4425 3644 4472 et
3667 4432 3802 4474 con-

2201 4517 2493 4573 tristamini
2553 4517 2620 4573 de
2667 4517 2820 4572 ruina
2856 4517 3177 4572 Christiana:
3225 4512 3504 4585 religionis
3556 4519 3616 4567 et
3661 4526 3804 4568 con-

2203 4613 2445 4680 fusione,
2469 4611 2628 4685 eique
2658 4613 2820 4668 vultis
2859 4628 3089 4668 manum
3123 4610 3365 4682 prabere
3404 4607 3686 4681 adjutorii,
3720 4608 3805 4664 in-

2203 4707 2474 4764 trinsecus
2517 4715 2670 4764 certo
2717 4705 2849 4763 tacti
2887 4705 3098 4775 dolore,
3132 4705 3199 4760 ab
3234 4702 3446 4760 eisdem
3485 4701 3681 4758 instrui
3715 4717 3802 4758 sa-

2207 4953 2467 5023 lcgitimo.
2517 4958 2590 5009 At
2617 4952 2688 5008 illi
2753 4949 3045 5023 indignati,
3100 4966 3230 5023 non
3265 4950 3449 5005 solum
3507 4962 3625 5023 non
3673 4955 3809 5023 sunt

2205 5019 2494 5092 emendati,
2544 5026 2639 5080 sed
2661 5025 2832 5078 multa
2864 5019 3149 5086 facientes,
3182 5021 3338 5092 plura
3375 5019 3660 5092 mendacia
3718 5019 3809 5074 in-

2204 5099 2500 5164 venientes,
2542 5104 2704 5166 caput
2745 5096 2803 5150 in
2856 5095 3114 5161 caudam,
3171 5091 3513 5166 caudamque
3552 5091 3608 5145 in
3641 5099 3810 5161 caput

2206 5169 2406 5237 erigere
2433 5164 2714 5230 conantes,
2743 5169 2794 5221 in
2834 5174 3046 5221 tantum
3097 5174 3222 5220 sunt
3251 5164 3809 5237 peierati,_iut_niore

2206 5244 2236 5295 J
2243 5232 2364 5295 udae
2391 5239 2601 5294 osculot
2619 5238 2729 5292 radi
2747 5247 2822 5305 ,et
2847 5253 2875 5292 a
2909 5237 3128 5308 proprio
3154 5232 3488 5292 monasterio
3512 5232 3808 5308 Figiacen-

2205 5327 2293 5367 ses
2323 5311 2449 5382 ejici
2464 5309 2712 5382 fecerint,
2737 5304 2791 5382 et
2811 5304 3116 5382 Airardum
3131 5309 3507 5382 Figiacensem
3523 5304 3808 5370 abbatem,

2205 5382 2290 5440 cui
2316 5380 2514 5438 subditi
2543 5380 2862 5436 auctoritate
2889 5380 3184 5451 apgstolica
3210 5380 3452 5444 fuerant,
3480 5385 3675 5434 contra
3712 5383 3812 5431 to-

2205 5455 2329 5533 tius
2352 5451 2776 5533 Christianitatis
2805 5447 3021 5533 ritur'rhi
3037 5468 3094 5507 se
3124 5451 3477 5533 projecerin}:

2279 5527 2459 5597 (418*)
2480 5527 2538 5579 In
2554 5522 2788 5597 concilio
2810 5519 3151 5597 Narbonensi
3174 5519 3318 5597 anno
3343 5527 3482 5597 109_6
3501 5519 3811 5597 celebrato.

2206 5589 2324 5653 haec
2365 5589 2738 5653 controversia
2799 5594 2981 5651 denuo
3029 5596 3246 5666 agitata,
3305 5595 3380 5648 ita
3421 5592 3645 5666 deﬁnita
3697 5589 3814 5666 fuit

2206 5676 2272 5723 ut
2312 5676 2541 5736 uterque
2587 5669 2743 5722 locus
2775 5663 3131 5731 cardinalem,
3173 5665 3228 5721 id
3259 5673 3340 5721 est
3384 5663 3672 5736 proprium
3705 5663 3814 5736 ab-

2206 5685 2272 5723 ιΙῑ
2312 5685 2432 5724 nter
2475 5685 2541 5723 ue
2589 5685 2743 5722 IOCllS
2775 5685 3131 5731 caramanem,
3173 5685 3228 5721 ια
3259 5685 3340 5721 εει
3384 5685 3672 5736 proprium
3705 5685 3814 5717 au-

2206 5740 2391 5865 ἓξὲξ]
2436 5685 2695 5796 (Iiaberet.
2725 5738 2882 5811 Vide:
2904 5737 3002 5794 inf.
3055 5737 3268 5795 Urbani
3321 5739 3372 5793 ll
3415 5752 3478 5793 ea
3515 5735 3582 5792 de
3631 5749 3691 5791 re
3727 5734 3848 5817 lit-.

2233 5826 2350 5867 eras
2358 5852 2370 5865 .
