4044 6186
261 226 363 280 709

1196 224 1537 281 srmone
1577 227 1797 283 EXTRA
1837 214 2221 284 RECISTRUM
2256 230 2635 288 VAGANTES.

3351 163 3369 189 \

3460 238 3564 292 7i0

253 349 324 405 tis
376 348 628 421 potestis.
684 340 845 405 Sunt
884 347 1026 405 enim
1089 348 1252 407 beato
1298 352 1459 408 Petro
1510 350 1849 422 ﬁdelissimi,
1879 358 1934 421 Α
1964 361 2026 411 ut
2053 332 2240 411 omnia
2271 338 2327 411 iii
2370 356 2711 413 contrarium
2741 363 2999 414 verteret.
3042 356 3173 415 Ideo
3206 358 3262 413 in
3293 373 3417 429 nos,
3449 360 3565 418 imo

258 451 313 499 et
344 442 494 499 inter
520 442 736 516 primos
775 441 975 499 domus
1004 443 1124 517 ejus
1158 446 1513 519 unusquique
1536 447 1591 502 in
1618 462 1717 503 suo
1770 464 1857 504 or-

250 536 380 594 dine
413 537 788 605 annumerati,
820 538 911 609 qui
937 537 1090 594 nullo
1117 546 1328 596 terrore
1354 540 1611 613 nullaque
1645 549 1859 613 tempo-

246 630 448 687 ralium
490 647 677 688 rerum
728 631 1093 704 promissione
1130 642 1426 705 potuerunt
1456 635 1512 691 in
1562 636 1743 709 aliquo
1789 636 1860 691 ab

247 724 373 798 ejus
417 723 687 781 ﬁdelitate
714 733 772 781 et
821 725 1143 783 defensione
1183 728 1362 798 avelli,
1392 736 1446 784 et
1477 746 1506 785 a
1552 730 1766 803 gremio
1800 732 1856 787 S.

246 818 445 875 matris
483 818 744 877 Ecclesiae
794 821 1051 892 separari.
1088 821 1193 878 Sed
1230 822 1375 896 quia,
1409 823 1551 879 sicut
1584 824 1738 880 novit
1764 840 1859 881 ve-

245 921 361 969 stra
393 911 727 983 fraternitas,
767 915 894 972 licet
926 914 1169 989 indigno,
1209 925 1263 972 et
1302 918 1571 989 peccatori
1598 917 1861 975 divinitus

247 1023 350 1079 per
375 1006 701 1081 prophetam
722 1007 921 1066 dicitur
947 1030 959 1066 :
983 1011 1158 1081 Super
1183 1016 1409 1066 montem
1438 1014 1700 1067 excelsum
1726 1014 1856 1082 (Isa.

248 1114 406 1170 LVII,
435 1104 514 1172 7),
539 1110 595 1159 et
613 1102 849 1175 reliqua;
878 1110 932 1159 et
954 1103 1157 1160 iterum
1182 1122 1195 1159 :
1226 1105 1438 1170 Clama,
1461 1122 1524 1162 ne
1543 1123 1702 1163 cesses
1724 1108 1855 1176 ([sa.

247 1209 433 1264 Lvm,
467 1197 537 1268 1),
563 1194 744 1264 velim,
770 1198 964 1268 nolim,
996 1200 1144 1256 omni
1183 1202 1481 1273 postposita
1512 1202 1857 1269 verecundia,

251 1290 462 1348 timore
510 1307 733 1365 quoque
760 1292 839 1349 vel
870 1292 1095 1367 alicujus
1140 1302 1363 1351 terreno
1391 1311 1604 1363 amore,
1635 1311 1858 1370 evange-

250 1384 381 1452 Iizo,
415 1385 613 1456 clamo,
644 1386 820 1442 clamo
843 1396 898 1442 et
921 1386 1118 1443 iterum
1143 1388 1343 1457 clamo,
1385 1397 1437 1445 et
1469 1390 1737 1446 annuntio
1767 1405 1857 1446 vo-

251 1476 338 1534 bis
360 1479 493 1552 quia
512 1480 830 1536 Cbristiaua
857 1482 1047 1555 religio
1074 1490 1129 1539 et
1149 1499 1273 1540 vera
1300 1482 1459 1551 ﬁdes,
1493 1499 1659 1556 quam
1688 1484 1859 1541 Filius

254 1574 359 1629 Dei
392 1573 461 1631 de
490 1573 633 1630 ctelo
664 1574 885 1632 veniens
909 1591 1005 1648 per
1048 1585 1232 1648 patres
1270 1585 1493 1634 nostros
1520 1594 1622 1634 nos
1650 1578 1857 1648 docuit,

252 1668 312 1725 in
359 1668 682 1726 saecularem
735 1686 886 1727 versa
936 1687 1159 1743 pravam
1196 1671 1673 1741 consuetudinem,
1710 1672 1854 1729 heu!

1968 448 2026 503 in
2064 449 2415 521 apostolicam
2461 449 2652 507 sedem
2690 458 2841 507 tanta
2883 450 3045 519 fecit,
3090 460 3299 525 quanta
3327 452 3506 509 facere
3534 468 3563 510 a

1967 544 2216 614 tempore
2266 544 2614 601 Constantini
2656 545 2843 619 Magni
2906 545 3250 617 imperatoris
3298 547 3562 620 nequivit.

1967 640 2074 693 Nec
2109 638 2263 695 valde
2292 638 2526 707 mirum;
2561 639 2688 714 quia
2719 647 2925 712 quanto
2973 640 3096 713 plus
3122 648 3341 713 tempus
3369 657 3566 716 appro-

1966 731 2210 803 pinquat,
2255 739 2407 789 tanto
2445 733 2681 806 amplius
2718 734 3090 791 Christianam
3116 735 3433 808 religionem
3474 752 3566 792 ex-

1964 824 2245 897 stinguere
2267 825 2531 885 decertat.
2561 828 2722 883 Nunc
2754 836 2958 896 autem,
2993 826 3193 885 fratres
3221 830 3329 886 mei
3359 829 3566 886 charis-

1967 919 2115 988 simi,
2147 918 2434 992 diligenter
2460 936 2586 993 qua:
2625 920 2780 977 vobis
2804 920 2953 992 dico,
2982 922 3191 980 audite.
3233 926 3445 981 Omnes
3473 925 3564 996 qui

1968 1013 2025 1068 in
2052 1021 2173 1069 toto
2211 1014 2345 1070 orbe
2373 1014 2691 1071 Christiano
2724 1024 3018 1071 censentur
3049 1017 3300 1088 nomine,
3330 1027 3385 1073 et
3413 1018 3567 1075 Chri-

1968 1107 2201 1163 stianam
2240 1107 2410 1164 ﬁdem
2433 1121 2575 1164 ‘vere
2607 1118 2971 1180 cognoscunt,
2999 1111 3180 1165 sciunt
3215 1119 3267 1166 et
3307 1111 3536 1168 credunt

1965 1199 2185 1257 beatum
2199 1203 2440 1265 Petrum,
2457 1202 2830 1275 apostolorum
2846 1203 3151 1274 principem
3161 1246 3175 1270 ,
3188 1218 3302 1260 esse
3314 1205 3563 1262 omnium

1967 1294 2401 1352 Christianorum
2443 1301 2691 1366 Patrem,
2723 1305 2777 1352 et
2828 1298 3072 1369 primum
3118 1305 3253 1369 post.
3286 1297 3564 1354 Christum

1965 1397 2265 1461 pastorem,
2284 1399 2644 1462 sanctamque
2660 1393 2969 1447 Romanam
2990 1390 3295 1447 Ecclesiam
3313 1392 3566 1448 omnium

1912 1508 1917 1513 ο
1963 1483 2337 1541 Ecclesiarum
2389 1492 2625 1540 matrem
2674 1492 2730 1541 et
2775 1485 3114 1558 magistram.
3176 1483 3231 1542 Si
3277 1500 3408 1558 ergo
3458 1484 3565 1543 hoc

1965 1576 2216 1645 creditis,
2250 1586 2305 1634 et
2346 1575 2726 1635 indubitanter
2754 1580 2970 1644 tenetis,
3008 1594 3143 1652 rogo
3187 1594 3284 1636 vos
3330 1586 3386 1634 et
3412 1594 3556 1650 prte-

1964 1671 2108 1741 cipio
2138 1687 2262 1744 ego,
2294 1671 2691 1745 qualiscunque
2724 1672 2896 1729 frater
2923 1682 2981 1729 et
3017 1672 3274 1746 indignus
3304 1673 3566 1745 magister

249 1762 393 1838 proh
425 1761 613 1821 dolor!
656 1762 726 1819 ad
754 1763 990 1822 nihilum
1022 1781 1163 1838 pene
1190 1764 1433 1833 devenit,
1479 1775 1533 1823 et
1562 1767 1859 1829 immutata
1886 1748 1934 1809 Β
1968 1773 2169 1834 vester,
2202 1782 2298 1838 per
2340 1767 2776 1839 omnipotentem
2827 1770 3010 1823 Deum
3060 1766 3313 1843 adjuvate
3343 1775 3398 1823 et
3436 1782 3563 1823 suc-

251 1857 476 1930 antiquo
507 1857 691 1914 colore
724 1857 922 1915 cecidit
960 1874 1072 1916 non
1101 1859 1282 1917 solum
1309 1858 1363 1922 in
1404 1858 1630 1928 diaboli,
1660 1878 1853 1918 verum

249 1952 418 2008 etiam
452 1952 509 2008 in
538 1952 881 2022 Judarorum,
913 1955 1308 2011 Saracenorum
1328 1962 1487 2028 atque
1515 1972 1853 2029 paganorum

252 2046 608 2103 derisionem.
647 2046 729 2103 Illi
758 2047 906 2104 enim
951 2048 1096 2121 leges
1125 2064 1271 2116 suas,
1323 2049 1446 2105 licet
1474 2049 1579 2105 hoc
1608 2058 1855 2123 tempore

248 2140 320 2198 ad
353 2140 565 2197 nullam
586 2140 896 2197 animarum
920 2142 1152 2198 salutem
1181 2142 1362 2214 utiles,
1390 2143 1661 2216 nullisque
1693 2144 1851 2200 mira-

249 2235 411 2302 culis,
440 2224 693 2292 sicut'lex
721 2242 911 2292 nostra
934 2236 1121 2293 aeterni
1159 2238 1302 2310 regis
1331 2233 1600 2311 frequenti
1627 2246 1853 2294 attesta-

246 2329 397 2386 tione
420 2329 746 2387 clariﬁcatas
775 2339 828 2386 et
850 2330 1255 2401 corroboratas,
1280 2340 1445 2404 prout
1473 2332 1723 2400 credunt,
1751 2331 1853 2390 ob-

244 2432 492 2481 servant.
525 2426 642 2481 Nos
683 2414 865 2481 autem
894 2425 1078 2482 saeculi
1106 2425 1354 2482 inebriati
1400 2443 1613 2495 amore,
1639 2435 1693 2483 et
1718 2442 1853 2483 vana

246 2519 467 2591 decepti
498 2519 817 2587 ambitione,
851 2518 1003 2576 omni
1034 2519 1295 2593 religione
1316 2528 1370 2576 et
1392 2519 1679 2578 honestate
1706 2521 1851 2593 cupi-

248 2612 417 2669 ditati
464 2621 627 2685 atque
657 2612 933 2686 superbiae
966 2613 1309 2687 postpositis,
1358 2616 1576 2687 exleges
1618 2624 1673 2671 et
1701 2616 1851 2689 quasi

249 2704 391 2763 fatui
426 2706 708 2771 videmur;
740 2709 863 2779 quia
891 2708 1179 2781 praesentis
1218 2708 1341 2766 vitae
1372 2717 1427 2765 et
1463 2707 1663 2766 futurae
1703 2711 1854 2766 salu-

248 2809 372 2858 tem
405 2810 463 2857 et
506 2800 779 2859 honorem
807 2802 947 2859 sicut
974 2811 1157 2879 patres
1197 2802 1372 2859 nostri
1402 2786 1515 2858 non
1556 2802 1851 2873 habemus,

250 2911 362 2952 nec
381 2895 548 2952 etiam
583 2896 726 2953 sicut
750 2901 970 2969 oportet
995 2912 1302 2968 speramus.
1338 2896 1475 2952 Etsi
1508 2904 1639 2952 sunt
1663 2897 1851 2969 aliqui,

248 2990 386 3046 licet
412 2989 702 3059 rarissimi,
730 2990 823 3063 qui
851 2994 1029 3046 Deum
1060 2982 1314 3060 timeant,
1340 3005 1437 3062 pro
1467 3006 1525 3047 se
1551 3000 1854 3063 utcunque,

242 3099 365 3140 non
392 3099 491 3156 pro
512 3084 795 3141 communi
821 3083 1059 3141 fratrum
1080 3085 1256 3140 salute
1281 3083 1566 3142 decertant
1596 3093 1848 3158 prompta

246 3176 555 3235 voluntate.
586 3178 714 3248 Qui,
742 3178 824 3234 vel
863 3178 1019 3251 quoti
1057 3187 1207 3248 sunt,
1247 3179 1339 3251 qui
1367 3195 1464 3251 pro
1509 3180 1734 3246 timore,
1766 3180 1848 3235 vel

244 3287 448 3329 amore
463 3271 854 3345 omnipotentis
871 3272 991 3342 Dei,
1024 3275 1081 3327 in
1110 3290 1213 3344 quo
1232 3276 1484 3342 vivimus,
1506 3290 1775 3329 uteremur
1802 3280 1852 3328 ct

241 3382 447 3423 sumus
467 3368 608 3431 (Act.
632 3380 793 3434 xvu,
808 3370 917 3435 28),
943 3374 1161 3423 tantum
1176 3365 1468 3437 desudent,
1494 3367 1574 3423 vel
1593 3382 1766 3439 usque
1783 3366 1851 3423 ad

242 3468 493 3518 mortem
538 3460 809 3530 laborent,
856 3469 1121 3533 quantum
1171 3460 1456 3516 saeculares
1509 3460 1708 3517 milites
1750 3478 1849 3534 pro

245 3553 494 3612 dominis
526 3553 660 3623 suis,
686 3554 771 3610 vel
791 3553 955 3611 etiam
980 3569 1081 3627 pro
1103 3553 1298 3610 amicis
1340 3562 1394 3609 et
1413 3553 1682 3610 subditis?
1709 3557 1848 3611 Ecce

244 3648 425 3705 multa
457 3647 629 3704 millia
656 3647 948 3706 hominum
976 3647 1324 3705 saecularium
1351 3663 1451 3720 pro
1479 3646 1716 3704 dominis
1740 3649 1851 3704 suis

246 3741 502 3816 quotidie
529 3751 757 3799 currunt
795 3742 854 3799 in
883 3750 1155 3811 mortem;
1196 3758 1295 3814 pro
1321 3741 1532 3799 caelesti
1577 3758 1706 3799 vero
1731 3741 1848 3799 Deo

251 3844 314 3893 et
340 3836 714 3909 Redemptore
739 3844 929 3893 nostro
978 3853 1095 3893 non
1138 3837 1321 3893 solum
1354 3837 1412 3893 in
1456 3845 1695 3893 mortem
1736 3852 1849 3893 non

246 3939 702 4001 currunt,verum
740 3930 905 3988 etiam
933 3930 1306 4004 quorumdam
1349 3930 1643 3988 hominum
1672 3931 1853 3987 inimi‘

246 4026 404 4083 citias
420 4025 612 4084 subire
637 4032 1017 4083 contemnunt.
1039 4028 1111 4082 Et
1128 4024 1173 4082 si
1198 4034 1328 4082 sunt
1348 4025 1513 4099 aliqui
1541 4026 1675 4098 (imo
1694 4066 1709 4094 ,
1733 4031 1849 4083 Deo

244 4121 585 4191 miserante,
620 4120 775 4191 sunt,
796 4119 922 4177 licet
954 4118 1414 4193 perpaucissimi,)
1455 4118 1548 4191 qui
1580 4119 1636 4175 in
1663 4118 1856 4181 faciem

246 4214 438 4287 impiis
480 4229 653 4287 usque
677 4215 747 4271 ad
774 4221 1012 4272 mortem
1041 4212 1295 4270 resistere
1322 4228 1421 4285 pro
1465 4228 1652 4269 amore
1695 4212 1854 4271 Chri-

244 4309 445 4365 stianae
478 4307 613 4380 legis
638 4308 1015 4376 contendunt;
1043 4323 1157 4364 non
1189 4307 1371 4364 solum
1400 4323 1432 4363 a
1458 4305 1746 4377 fratribus,
1794 4316 1857 4365 ut

242 4399 490 4474 dignum
516 4408 617 4469 est,
640 4417 753 4458 non
775 4400 1127 4476 adjuvantur,
1154 4400 1251 4459 sed
1279 4401 1446 4457 etiam
1475 4399 1855 4474 imprudentes

1962 1860 2168 1916 currite
2216 1859 2477 1933 praedicto
2522 1860 2663 1934 patri
2692 1869 2870 1917 vestro
2923 1870 2977 1917 et
3016 1860 3203 1930 matri,
3250 1861 3292 1917 si
3336 1876 3435 1932 per
3466 1876 3562 1919 eos

1962 1953 2360 2012 absolutionem
2401 1956 2652 2012 omnium
2695 1965 3068 2028 peccatorum,
3111 1964 3166 2012 et
3217 1954 3556 2012 benedictio-

1960 2065 2091 2105 nem
2131 2058 2293 2122 atque
2329 2050 2557 2123 gratiam
2600 2033 2663 2105 in
2693 2049 2798 2106 hoc
2826 2049 3026 2106 saeculo
3055 2057 3109 2104 et
3150 2049 3205 2105 in
3248 2048 3433 2106 futuro
3462 2049 3560 2106 hae

1962 2143 2091 2199 bere
2110 2143 2446 2200 desideratis.
2474 2142 2839 2214 Omnipotens
2870 2146 3042 2211 Deus,
3073 2158 3103 2199 a
3128 2158 3238 2215 quo
3257 2142 3402 2199 bona
3433 2158 3561 2199 cun-

1959 2244 2044 2292 cta
2083 2236 2407 2310 procedunt,
2437 2245 2680 2292 mentem
2728 2244 2965 2293 vestram
2997 2251 3215 2309 semper
3262 2236 3559 2307 illuminet,

1961 2345 2193 2403 eamque
2222 2347 2318 2387 sua
2363 2330 2659 2388 dilectione
2689 2346 2753 2386 ac
2778 2330 3013 2402 proximi
3046 2329 3327 2394 fecundat,
3359 2339 3421 2386 ut
3445 2346 3559 2387 me-

1961 2425 2188 2481 reamini
2218 2424 2508 2498 praefatum
2540 2428 2764 2482 Patrem
2786 2433 3033 2481 vestrum
3060 2431 3115 2481 et
3143 2426 3385 2482 Matrem
3411 2433 3558 2481 certa

1962 2517 2248 2575 devotione
2296 2519 2569 2575 debitores
2598 2519 2753 2574 vobis
2782 2518 2979 2586 facere,
3016 2527 3071 2575 et
3101 2517 3171 2575 ad
3215 2535 3409 2575 eorum
3459 2534 3553 2575 so-

1963 2611 2239 2681 cietatem,
2264 2612 2385 2682 sine
2415 2612 2743 2668 verecundia
2774 2613 3074 2683 pervenire.
3104 2614 3304 2669 Amen.

2674 2732 2846 2787 LXV.

1964 2852 2215 2923 Gregorii
2248 2850 2350 2907 VII
2367 2849 2721 2919 privilegium
2752 2864 2857 2974 pro
2888 2848 3102 2904 ecclesia
3135 2850 3193 2904 S.
3223 2849 3436 2919 Sophia:
3466 2852 3562 2906 Be-

2593 2935 2760 2974 necen
2786 2936 2916 2973 ana.

2593 2935 2916 2975 necentana.

2559 3040 2743 3103 (Anno
2786 3040 2966 3101 1084.)

2295 3154 2598 3222 [Ana-dcta
2650 3154 2992 3221 L’ghellimm,
3040 3155 3135 3208 49!
3155 3151 3192 3225 .]

2031 3272 2391 3328 Gnsoomus
2420 3270 2733 3342 episcopus,
2764 3283 2950 3325 servus
2986 3282 3270 3325 servorum
3299 3265 3547 3339 Domini,

1960 3368 2273 3421 MADBLMO
2301 3365 2502 3421 dilecto
2545 3372 2736 3420 nostro
2766 3362 2821 3418 in
2851 3363 3068 3419 Christo
3098 3362 3210 3418 ﬁlio
3231 3404 3244 3428 ,
3285 3371 3342 3418 et
3370 3360 3554 3419 abbati

1961 3459 2278 3516 venerabilii
2306 3456 2540 3514 coenobii
2583 3457 2747 3514 alma:
2777 3465 2834 3513 et
2869 3465 3159 3513 coaeteruae
3195 3459 3364 3512 Dom.
3408 3454 3557 3512 Patri

1960 3553 2201 3626 Sophim,
2233 3553 2372 3608 intra
2403 3555 2782 3608 Beneventum
2813 3551 2870 3605 in
2901 3550 3018 3607 loco
3056 3556 3371 3623 nuncupata
3400 3550 3556 3607 Urbe

1963 3656 2142 3704 vetere
2196 3645 2478 3714 exstructi,
2525 3645 2746 3717 suisque
2795 3643 3204 3701 successoribus
3240 3644 3562 3715 regulariter

1962 3741 2016 3797 in
2044 3740 2239 3798 eodem
2272 3739 2522 3796 cmnobio
2552 3738 2942 3811 promovendis
2973 3738 3029 3793 in
3062 3745 3411 3810 perpetuum.

2031 3837 2170 3892 Cum
2200 3834 2444 3891 ofﬁcium
2474 3832 2543 3889 sit
2583 3832 2962 3906 apostolicum,
2999 3832 3247 3888 omnium
3286 3832 3559 3889 Ecclesia-

1960 3946 2086 3986 rum
2112 3928 2337 3985 Domini
2358 3926 2689 3984 utilitatibus
2708 3968 2723 3995 ,
2746 3926 2802 3981 in
2824 3933 3090 3999 quantum
3108 3926 3438 3998 possibilitas
3455 3924 3559 3984 da-

1964 4032 2071 4094 tur,
2100 4023 2390 4080 salubriter
2418 4020 2723 4096 providere,
2755 4019 2926 4077 cultui
2954 4028 3139 4077 tamen
3164 4020 3556 4077 venerabilium

1968 4118 2241 4185 locorum,
2272 4125 2435 4189 atque
2485 4116 2730 4171 Domino
2761 4113 2957 4171 devote
3000 4113 3371 4183 militantium,
3429 4131 3555 4186 pro-

1963 4210 2271 4284 pensiorem
2315 4226 2502 4266 curam
2533 4210 2635 4281 pia:
2680 4207 3060 4264 sollicitudinis
3106 4207 3439 4265 indeﬁcienti
3477 4209 3555 4263 vi-

1963 4305 2181 4378 gilantia
2236 4302 2503 4359 debemus
2554 4300 2836 4358 adhibere.
2882 4301 3173 4374 Quocirca,
3225 4302 3555 4359 excellentis-

1964 4398 2102 4455 sime
2154 4397 2250 4467 ﬁli,
2284 4397 2410 4471 quia
2460 4401 2662 4452 sanctae
2690 4393 2991 4451 devotionis
3036 4394 3240 4451 affectu
3289 4396 3485 4467 petiisti
3525 4412 3555 4451 a

242 4502 299 4552 et
328 4495 519 4551 minus
559 4493 779 4551 discreti
810 4503 871 4551 ut
913 4494 1197 4552 dementes
1242 4494 1535 4552 habentur.
1580 4495 1686 4551 Sed
1729 4496 1853 4569 quia
1882 4513 1934 4577 Ι)
1962 4492 2119 4550 nobis
2166 4500 2227 4547 ut
2256 4488 2548 4565 praefatum
2577 4487 2971 4545 monasterium
3000 4496 3159 4544 tuum
3201 4487 3303 4543 sub
3332 4498 3556 4559 aposto-

241 4587 373 4645 haac
390 4595 445 4644 et
475 4587 562 4644 his
591 4587 792 4644 similia
811 4587 1114 4661 specialiter
1140 4588 1435 4645 imminent
1458 4588 1638 4657 nobis,
1671 4598 1733 4645 ut
1763 4604 1853 4646 vo-

238 4682 327 4738 bis
355 4681 685 4748 indicemus,
717 4690 1006 4755 quatenus,
1030 4684 1149 4739 Deo
1179 4683 1467 4755 largiente,
1491 4690 1546 4739 et
1566 4683 1698 4739 vitia
1727 4698 1858 4757 pos:

237 4776 428 4834 simus
452 4791 485 4832 a
522 4775 788 4832 cordibus
818 4774 1053 4834 fratrum
1079 4776 1331 4848 avellere,
1359 4785 1414 4834 et
1442 4776 1666 4837 virtutes
1694 4778 1751 4833 in
1778 4776 1854 4834 eis

240 4870 504 4943 plantare
534 4888 546 4924 :
578 4885 840 4941 rogamus
862 4879 919 4927 et
950 4870 1313 4928 obsecramus
1342 4871 1400 4926 in
1430 4871 1671 4927 Domino
1696 4874 1849 4941 Jesu,

239 4963 341 5037 qui
366 4978 481 5020 nos
502 4978 600 5021 sua
618 4972 799 5021 morte
829 4963 1080 5032 redemit,
1107 4973 1169 5022 ut
1197 4964 1580 5022 tribulationes
1608 4973 1662 5020 et
1687 4982 1858 5039 angu-

218 5058 389 5115 ‘stias
409 5073 550 5131 quas
572 5058 810 5131 patimur
837 5058 906 5115 ab
923 5057 1164 5115 inimicis
1192 5058 1518 5115 Christianae
1544 5059 1853 5132 religionis,

238 5167 344 5209 cur
371 5159 432 5209 et
457 5152 696 5227 qualiter
725 5152 1018 5225 patiamur,
1049 5152 1336 5226 diligenter
1365 5152 1745 5226 investigando
1768 5154 1853 5211 in.

238 5245 533 5319 telligatis.
581 5247 663 5302 Ex
712 5261 825 5319 quo
863 5246 1008 5303 enim
1054 5245 1409 5319 dispositione
1454 5247 1639 5303 divina
1678 5255 1856 5305 mater

237 5338 505 5397 Ecclesia
526 5338 585 5396 in
607 5339 807 5397 throno
837 5340 1145 5415 apostoligo
1168 5356 1257 5398 me
1284 5340 1438 5398 valde
1461 5340 1775 5415 indignum,
1800 5349 1857 5399 et

241 5435 377 5491 Deo
417 5441 559 5491 teste
600 5433 828 5491 invitum
860 5410 1165 5498 collocant,
1208 5450 1560 5508 summopere
1587 5410 1855 5511 procura-

248 5529 328 5599 vi,
360 5536 428 5584 ut
453 5537 639 5585 sancta
669 5527 909 5587 Ecclesia
933 5540 1131 5603 sponsa
1166 5529 1269 5586 Dei
1301 5530 1563 5599 Domina,
1593 5539 1650 5586 et
1677 5538 1857 5587 mater

251 5629 481 5692 nostra,
518 5623 590 5679 ad
612 5624 900 5697 proprium
926 5622 1140 5680 rediens
1161 5623 1351 5692 decus,
1383 5624 1573 5695 libera,
1599 5633 1655 5683 et
1682 5633 1850 5693 casta,

245 5724 314 5774 et
339 5715 614 5774 catholica
640 5723 998 5790 permaneret.
1028 5718 1137 5776 Sed
1166 5717 1288 5792 quia
1314 5718 1456 5776 hosti
1483 5720 1710 5792 antiquo
1739 5719 1857 5776 haec

249 5810 493 5868 omnino
521 5811 826 5883 displicent,
857 5812 1095 5869 armavit
1120 5822 1312 5869 contra
1336 5829 1437 5871 nos
1456 5813 1708 5871 membra
1734 5829 1852 5882 sua,

1961 4587 2080 4643 licae
2107 4584 2446 4643 defensionis
2484 4583 2656 4641 tutela
2705 4582 3122 4639 admitteremus
3170 4588 3333 4654 atque
3383 4581 3554 4639 susci-

1960 4696 2241 4755 peremus,
2289 4688 2343 4737 et
2386 4680 2441 4735 in
2472 4678 2664 4735 eadem
2696 4676 2949 4746 ecclesia,
2980 4674 3245 4750 quidquid
3289 4677 3556 4734 moderno

1962 4784 2212 4849 tempore
2233 4774 2380 4847 juste
2434 4773 2636 4830 habere
2677 4771 2893 4830 videtur
2941 4779 3037 4827 aut
3080 4770 3135 4827 in
3164 4770 3350 4828 futuro
3393 4771 3555 4829 etiam

1959 4870 2161 4944 poterit
2189 4868 2471 4942 acquirere
2502 4876 2769 4940 tempore,
2822 4883 2919 4940 per
2965 4864 3140 4922 nostri
3170 4864 3433 4941 privilegii
3464 4882 3557 4939 pa‘

1959 4965 2145 5038 ginam
2198 4962 2682 5035 conﬁrmaremus,
2752 4960 3106 5034 petitionibus
3154 4960 3265 5017 tuis
3324 4960 3559 5018 libenter

1960 5058 2263 5116 admodum
2291 5058 2609 5126 annuimus,
2639 5053 3086 5129 quandoquidem
3123 5054 3290 5128 justis
3319 5055 3559 5127 postulas

1961 5153 2205 5211 tionibus
2247 5151 2417 5209 facilis
2467 5151 2697 5209 debetur
2741 5166 2997 5208 assensus
3053 5158 3107 5206 et
3138 5149 3237 5222 piis
3273 5147 3558 5206 desideriis

1962 5255 2247 5322 promptus
2274 5263 2373 5319 pro
2396 5262 2558 5319 posse
2577 5242 3011 5321 affectus.‘Unde
3036 5257 3129 5314 per
3154 5243 3316 5315 hujus
3353 5252 3559 5300 nostra:

1961 5341 2364 5401 constitutionis
2422 5339 2715 5413 decretum,
2755 5348 2810 5405 et
2855 5338 3169 5412 apostolicae
3219 5337 3559 5396 liberalitatis

1961 5436 2221 5506 edictum,
2255 5433 2556 5493 secundum
2597 5433 3071 5508 praedecessorum
3100 5439 3419 5489 nostrorum
3448 5432 3559 5505 prie

1962 5530 2174 5604 vilegia,
2208 5529 2609 5603 praenominato
2655 5526 2985 5584 monasterio
3028 5529 3089 5583 S.
3138 5526 3355 5601 Sophia:
3394 5527 3557 5599 virgi-

1962 5624 2067 5693 nis,
2132 5622 2336 5697 tibique
2393 5622 2825 5697 praenomiuato,
2885 5619 3119 5677 amande
3175 5621 3283 5689 ﬁli,
3345 5619 3558 5693 tuisque

1962 5718 2368 5777 successoribus
2441 5714 2758 5791 regulariter
2822 5714 3097 5787 justeque
3142 5712 3556 5786 promovendis,

1964 5812 2314 5871 concedimus
2369 5820 2427 5867 et
2476 5809 2871 5867 conﬁrmamus
2917 5816 3081 5877 atque
3126 5806 3182 5862 in
3227 5812 3553 5878 perpetuum
