4044 6164
539 222 635 274 m
1487 211 1546 264 s.
1590 209 1910 265 unncoan
1948 168 2270 266 vu'PAPE
2309 210 2578 266 OPERUM
2618 207 2789 264 PARS
2829 208 2893 262 ιι.
3198 249 3208 256 ,
3725 209 3810 260 τη

537 340 963 398 corroboramus
1013 338 1201 393 omnia
1242 350 1366 408 quae
1409 335 1665 407 pradicta
1703 335 1926 390 ecclesia
1967 352 2129 390 vene-
2159 340 2211 401 Α
2240 335 2307 390 de
2357 336 2633 406 Aliperga,
2667 341 2721 388 et
2772 336 2828 387 8.
2875 331 3162 387 Nicolaum
3202 330 3271 389 de
3301 332 3534 397 Pazano,
3583 331 3644 385 8.
3695 331 3812 383 Mar-

537 435 656 490 rab.
696 434 778 490 tui
822 432 1138 488 monasterii
1177 428 1246 484 ad
1287 445 1530 501 praesens
1571 427 1791 494 habere,
1837 437 1932 484 aut
1972 428 2129 484 dein-
2241 428 2438 483 cellum
2471 427 2524 482 in
2569 430 2899 491 Tommano,
2943 427 3204 481 Sanctam
3257 423 3493 479 Mariam
3543 422 3601 477 in
3651 422 3816 488 Calisi,

539 542 669 600 ceps
683 528 830 598 juste
859 525 1053 582 divinis
1083 523 1450 595 humanisque
1480 521 1691 593 legibus
1721 523 1776 576 in
1806 531 2129 594 perpetuum
2239 520 2294 576 S.
2330 520 2565 576 Mariam
2611 520 2680 574 de
2729 518 2935 589 Regina
2981 533 3110 573 cum
3141 515 3400 572 omnibus
3429 530 3627 570 eorum
3676 515 3817 584 perti-

537 619 868 693 acquisierit,
917 628 1034 674 tam
1066 619 1120 672 in
1169 617 1442 685 ecclesiis,
1491 615 1648 682 casis,
1701 616 1884 681 terris,
1929 614 2128 682 vineis,
2239 615 2457 678 nentiis,
2512 614 2566 667 in
2603 612 2803 667 Eliceto
2833 614 2886 666 8.
2941 609 3148 665 Effrem
3197 625 3327 666 cum
3381 607 3676 665 territoriis
3703 607 3819 674 suis,

537 714 738 779 hortis,
778 713 1017 778 olivetis,
1087 711 1285 783 pratis,
1343 709 1576 780 campis,
1655 708 1832 776 silvis,
1887 707 2130 764 curtibus
2241 709 2505 763 Sanctum
2549 706 2886 761 Marcianum
2917 703 2984 759 de
3017 703 3262 770 Parituli,
3309 711 3362 758 et
3409 705 3670 758 Sanctam
3719 703 3820 755 Ma-

537 807 618 863 vel
642 807 894 874 castellis,
925 821 1202 878 quamque
1222 805 1275 859 in
1300 804 1467 859 servis
1495 812 1550 858 et
1575 803 1802 870 ancillis,
1839 811 1894 858 et
1923 803 1980 857 in
2006 818 2129 856 om-
2241 802 2380 856 riam
2410 801 2476 856 de
2505 800 2748 866 Sableta,
2782 803 2838 854 S.
2879 798 3106 854 Mariam
3147 798 3200 852 in
3237 795 3413 852 casale
3443 795 3682 853 Geldoni
3715 811 3821 850 cum

536 901 696 956 nibus
746 899 910 956 rebus
963 907 1019 955 et
1069 897 1508 970 possessionibus
1559 896 1670 951 suis
1721 895 2018 951 mobilibus
2077 904 2132 950 et
2242 896 2500 951 omnibus
2531 910 2722 950 eorum
2751 892 3112 965 pertinentiis.

535 993 937 1060 immobilibus,
971 1008 1198 1064 seseque
1228 991 1599 1059 moventibus,
1646 998 1700 1044 et
1733 1005 1856 1062 quae
1904 989 2132 1044 liberali-
2314 995 2583 1048 Praeterea
2621 987 2943 1043 auctoritate
2983 993 3186 1042 sancta:
3236 987 3499 1041 Romanae
3529 991 3587 1038 et
3617 992 3827 1056 aposto-

537 1086 669 1153 tate,
714 1103 808 1143 seu
855 1086 1142 1142 collatione
1185 1084 1296 1140 sive
1349 1084 1705 1138 concessione
1750 1083 2128 1153 religiosorum
2242 1085 2360 1140 lica:
2384 1083 2525 1139 sedis
2550 1080 3085 1150 concedimusatque
3106 1079 3496 1134 conﬁrmamus
3521 1077 3622 1132 tibi
3651 1094 3720 1132 ac
3737 1077 3829 1130 tuis

535 1180 827 1236 hominum
857 1179 1095 1252 legaliter
1123 1188 1175 1234 et
1216 1177 1474 1233 laudabili
1496 1177 1676 1233 studio
1700 1176 2008 1247 acquisivit,
2039 1185 2133 1230 aut
2243 1176 2653 1234 successoribus
2689 1190 2884 1230 onmes
2925 1174 2981 1228 in
3013 1174 3293 1244 integrum
3351 1172 3664 1228 oblationes
3711 1171 3830 1225 viro-

538 1275 818 1346 acquirere
861 1274 1079 1344 poterit,
1111 1282 1164 1328 et
1209 1287 1431 1343 prorsus
1459 1286 1582 1341 qua:
1611 1285 1868 1326 concessa
1899 1278 2028 1325 sunt
2059 1270 2130 1324 illi
2242 1288 2368 1327 rum
2409 1286 2475 1326 ac
2503 1268 2890 1325 defunctorum
2941 1283 3066 1335 qua:
3101 1267 3200 1338 ipsi
3229 1265 3562 1321 monasterio
3613 1281 3715 1336 per
3758 1273 3826 1319 te-

540 1375 594 1423 et
643 1367 1000 1422 corroborata
1067 1366 1283 1437 piorum
1335 1364 1728 1435 imperatorum
1777 1372 1873 1418 aut
1935 1363 2129 1432 princi-
2239 1373 2597 1427 stamentum,
2629 1371 2722 1418 aut
2743 1362 2904 1417 etiam
2930 1361 3047 1416 sine
3074 1367 3404 1415 testamento
3434 1359 3552 1430 iure
3585 1373 3829 1414 accesse-

540 1477 673 1532 pum
704 1461 1006 1532 praeceptis.
1054 1462 1382 1530 Quanquam
1428 1474 1553 1513 vero
1586 1457 1745 1512 istam
1794 1458 1849 1512 in
1889 1458 2132 1511 Pantano
2242 1459 2380 1525 rint;
2411 1465 2466 1512 et
2502 1464 2761 1528 perpetuo
2802 1463 3020 1510 maneat
3042 1454 3157 1525 jam
3206 1453 3387 1524 ipsum
3428 1451 3606 1508 fatum
3644 1467 3831 1507 mona—

537 1555 832 1626 capellam,
878 1570 1000 1625 qua:
1045 1561 1266 1608 vocatur
1295 1553 1476 1606 Sancti
1507 1550 1820 1616 Benedicti,
1869 1558 1925 1605 et
1968 1551 2132 1605 aliam
2243 1553 2471 1608 sterium
2501 1549 2606 1605 sub
2644 1549 2835 1618 tutela,
2865 1549 3094 1614 ditione,
3119 1563 3212 1603 seu
3233 1547 3357 1619 jure
3386 1555 3598 1602 sanctae
3631 1549 3832 1601 Roma-

537 1653 592 1705 S.
645 1647 834 1702 Vitalis
879 1663 1005 1702 cum
1049 1647 1260 1702 omnib.
1319 1645 1657 1716 pertinentiis
1706 1645 1840 1711 suis,
1891 1653 1946 1699 et
1973 1644 2130 1698 aliam
2168 1715 2186 1716 ί
2241 1661 2327 1702 nae
2368 1644 2619 1700 Ecclesiae
2666 1643 2898 1698 liberum
2943 1651 3000 1697 et
3039 1643 3284 1696 immune
3328 1641 3396 1694 ab
3439 1641 3595 1694 omni
3653 1640 3831 1710 subje-

536 1747 595 1799 S.
643 1741 926 1798 Michaelis
967 1741 1306 1813 archangeli,
1358 1756 1482 1812 quae
1527 1739 1728 1795 dicitur
1765 1737 1836 1793 ad
1864 1738 2132 1794 Olivolam
2165 1715 2214 1776 Β
2240 1739 2420 1795 ctione
2444 1738 2666 1792 alterius
2687 1736 2969 1800 Ecclesiae,
2996 1743 3051 1790 et
3080 1735 3149 1789 ab
3179 1734 3330 1790 omni
3356 1735 3480 1811 jure
3506 1733 3831 1788 immolesta-

537 1853 646 1892 una
680 1853 809 1892 cum
852 1835 1109 1891 omnibus
1136 1835 1248 1890 suis
1284 1833 1662 1906 pertinentiis,
1712 1840 1766 1888 et
1813 1833 1866 1887 in
1895 1832 2128 1888 Paletria
2237 1841 2382 1888 tum.
2413 1831 2713 1887 Statuimus
2755 1830 2919 1907 etiam
2955 1837 3017 1884 ut
3049 1828 3155 1882 sint
3187 1825 3442 1882 monachi
3474 1827 3553 1880 tui
3588 1827 3657 1880 ab
3691 1826 3829 1881 omni

533 1929 798 2002 capellam
851 1945 1017 1984 unam
1065 1931 1123 1985 S.
1173 1928 1386 1993 Mariae,
1431 1927 1562 1982 eccl.
1619 1929 1676 1981 S.
1736 1925 2132 1982 Bartholomaai
2239 1926 2517 1982 smcularis
2542 1925 2705 1980 ofﬁcii
2736 1923 3083 1978 infestatione
3109 1922 3310 1986 securi,
3338 1929 3394 1976 et
3423 1921 3578 1976 omni
3608 1935 3829 1992 pm’gra-

536 2024 765 2093 apostoli
813 2031 866 2076 et
897 2022 1170 2094 martyris,
1212 2029 1266 2076 et
1295 2029 1510 2076 curtem
1559 2020 1613 2074 in
1659 2019 1877 2086 collina,
1923 2027 1977 2072 et
2007 2035 2128 2073 cur-
2240 2019 2450 2075 vamine
2474 2009 2771 2074 mundanae
2801 2015 3165 2088 oppressionis
3187 2015 3407 2081 remoti,
3433 2014 3488 2070 in
3521 2022 3730 2069 sancta:
3754 2029 3828 2067 re-

535 2124 645 2170 tem
674 2115 742 2170 de
773 2116 1048 2182 Muriano,
1083 2115 1137 2168 in
1171 2118 1327 2168 Petra
1360 2114 1624 2168 strumina
1656 2128 1828 2172 casas,
1856 2121 1911 2166 et
1941 2112 2128 2177 silvas,
2240 2113 2382 2186 gulae
2411 2111 2790 2168 observatione
2828 2111 3021 2183 quieti,
3048 2109 3180 2165 nulli
3221 2109 3312 2163 alii
3351 2108 3449 2162 nisi
3486 2110 3764 2163 Romana:
3786 2115 3834 2161 et

536 2218 592 2264 et
619 2217 827 2263 curtem
859 2208 926 2263 de
954 2208 1184 2280 Lapillo,
1219 2206 1599 2262 hereditatem
1631 2205 1697 2261 de
1723 2208 1880 2271 Bato,
1914 2206 1969 2259 in
1994 2208 2130 2262 Cur—
2238 2206 2554 2277 apostolica:
2568 2205 2702 2270 sedi,
2729 2205 2882 2274 cujus
2891 2204 3034 2275 juris
3055 2211 3156 2269 est,
3175 2202 3352 2273 aliqua
3376 2209 3684 2256 teneantur
3698 2215 3834 2256 occa-

539 2303 688 2356 tiano
741 2301 1003 2371 capellam
1055 2300 1112 2354 in
1171 2299 1380 2354 honore
1429 2302 1486 2355 S.
1555 2300 1700 2354 Petri
1755 2299 2128 2368 apostolorum
2238 2301 2392 2356 sione
2422 2316 2537 2354 esse
2567 2299 2831 2369 subjecti;
2866 2299 2958 2370 qui
2987 2298 3054 2354 de
3084 2297 3203 2353 suis
3245 2296 3348 2351 sibi
3380 2297 3607 2368 qualem
3653 2297 3832 2351 volue-

537 2395 825 2467 principis,
881 2394 937 2448 in
983 2395 1174 2449 Cereto
1219 2393 1478 2463 capellam
1522 2395 1576 2447 S.
1628 2392 1846 2447 Martini
1894 2391 2131 2462 episcopi
2241 2395 2351 2449 rint
2379 2393 2678 2448 secundum
2713 2396 2772 2446 B.
2825 2391 3111 2447 Benedicti
3147 2390 3415 2461 regulam,
3445 2389 3708 2443 abbatem
3739 2388 3830 2442 eli-

536 2505 660 2544 cum
691 2487 945 2543 omnibus
988 2487 1326 2557 pertinentiis
1367 2486 1503 2553 suis,
1549 2486 1809 2558 capellam
1860 2488 1914 2540 8.
1948 2485 2128 2558 Sylve-
2239 2497 2400 2560 gant;
2433 2487 2480 2541 si
2511 2503 2640 2542 vero
2666 2503 2730 2541 ex
2761 2485 2838 2540 eis
2867 2485 3092 2541 idoneus
3115 2482 3376 2549 defuerit,
3396 2483 3464 2536 ab
3494 2483 3622 2537 aliis
3649 2482 3829 2536 utilem

535 2584 631 2638 stri
660 2581 991 2636 confessoris
1036 2581 1105 2636 de
1146 2583 1384 2637 Corneto
1434 2580 1487 2634 in
1519 2579 1785 2634 comitatu
1840 2583 2126 2650 Capuano,
2239 2591 2294 2637 et
2325 2581 2642 2651 religiosum
2691 2597 2817 2634 cum
2858 2579 3087 2633 consilio
3117 2577 3355 2632 Romani
3385 2576 3660 2647 pontiﬁcis
3691 2578 3830 2628 acci-

536 2677 591 2731 in
621 2676 739 2732 loco
768 2675 997 2731 Biniano
1026 2675 1289 2746 capellam
1332 2676 1385 2728 8.
1419 2675 1609 2729 Maria
1647 2673 1884 2744 Virginis
1915 2674 2128 2728 Matris—
2238 2675 2406 2746 piant,
2439 2673 2509 2728 ab
2537 2671 2733 2728 eodem
2788 2671 3225 2727 benedicendum
3273 2678 3327 2724 et
3375 2667 3826 2723 consecrandum.

535 2785 643 2840 que
692 2769 916 2824 Domini
967 2769 1066 2823 Dei
1122 2767 1316 2834 nostri,
1366 2766 1420 2821 in
1474 2767 1672 2822 Bibino
1723 2766 2010 2822 ecclesiam
2066 2769 2122 2821 S.
2237 2767 2687 2824 Consecrationes
2729 2767 2890 2820 etiam
2935 2765 3312 2828 ecclesiarum,
3361 2773 3414 2818 et
3463 2761 3834 2816 ordinationes

536 2863 829 2933 Marciani,
871 2863 923 2916 in
949 2862 1165 2918 Beletro
1202 2860 1426 2916 flumine
1466 2858 1606 2916 infra
1637 2861 1910 2916 civitatem
1948 2863 2126 2914 Asco-
2234 2860 2558 2917 monachor.
2600 2861 2716 2916 sive
2744 2859 3072 2914 clericorum
3103 2857 3327 2929 suprad.
3360 2855 3617 2912 cmuobio
3669 2855 3830 2927 perti-

533 2957 744 3012 lcnsem
797 2955 1078 3010 ecclesiam
1128 2957 1181 3009 S.
1239 2953 1532 3022 Desiderii,
1589 2961 1644 3008 et
1715 2953 1846 3009 foris
1905 2969 2126 3008 omnem
2233 2956 2503 3020 ncntium,
2554 2953 2622 3008 ab
2651 2952 2941 3024 episcopis,
2977 2951 3031 3006 in
3063 2967 3303 3023 quorum
3345 2949 3633 3005 dioecesib.
3690 2957 3836 3012 sunt,

531 3049 929 3114 hereditatem,
963 3049 1018 3103 in
1048 3047 1250 3103 ﬁnibus
1277 3050 1478 3104 Cannae
1516 3047 1806 3102 ecclesiam
1851 3047 1905 3100 S.
1955 3046 2125 3101 Julia-
2166 3098 2206 3119 η
2236 3048 2525 3119 accipiant,
2567 3047 2610 3102 si
2642 3055 2827 3101 tamen
2857 3045 3095 3116 episcopi
3127 3045 3387 3099 canonice
3429 3041 3678 3098 ordinati
3721 3042 3836 3099 fue-

531 3098 929 3114 -....----------,
1049 3098 1246 3103 --η-η-.
1287 3098 1473 3104 --η-π
1960 3098 1974 3101 -
2237 3098 2525 3119 warm“,
2869 3098 2906 3116 ,,
3167 3098 3170 3099 ν
3725 3098 3732 3099 ,

531 3144 609 3211 ni,
657 3143 711 3198 in
740 3143 1006 3198 comitatu
1056 3141 1320 3197 Tranensi
1367 3149 1578 3196 curtem
1625 3138 1696 3196 de
1739 3142 1950 3194 l’azano
1997 3155 2123 3194 cum
2163 3098 2208 3161 Ο
2236 3143 2367 3210 rint,
2395 3151 2448 3195 et
2477 3139 2872 3194 ordinationem
2903 3139 3073 3209 gratis
3115 3137 3380 3202 fecerint;
3411 3138 3457 3190 si
3507 3145 3705 3192 autem
3736 3137 3833 3191 hoc

530 3236 790 3292 omnibus
835 3236 1044 3292 olivetis
1094 3234 1242 3299 suis,
1289 3233 1345 3288 in
1389 3235 1653 3288 comitatu
1699 3233 1990 3304 Sipontino
2045 3233 2122 3303 pi-
2233 3252 2354 3291 rum
2381 3234 2583 3305 aliquid
2612 3233 2910 3299 obstiterit,
2951 3233 3121 3287 abbas
3149 3247 3275 3287 cum
3306 3231 3519 3285 licentia
3566 3239 3620 3285 et
3641 3240 3835 3285 aucto-

529 3331 783 3397 scariam,
833 3330 888 3384 in
940 3329 1202 3384 comitatu
1243 3327 1527 3382 Lesinensi
1582 3326 1895 3397 piscariam,
1926 3325 2122 3397 Cajazo
2233 3329 2393 3383 ritate
2447 3331 2614 3381 Rom.
2676 3335 2824 3397 pont.
2883 3325 2951 3381 ad
3001 3325 3447 3397 qualemcunque
3497 3323 3832 3379 catholicum

530 3433 738 3480 curtem
774 3424 827 3478 in
859 3423 1101 3489 molino;
1142 3420 1470 3477 Laniensem
1499 3430 1711 3476 curtem
1755 3436 1919 3475 unam
1939 3463 1952 3484 ,
1982 3409 2120 3475 San-
2232 3422 2400 3493 episc.
2431 3420 2709 3492 placuerit,
2736 3435 2895 3473 causa
2921 3418 3346 3474 consecrationis
3371 3425 3423 3472 et
3454 3416 3698 3472 ordinat.
3734 3427 3834 3472 tam

529 3526 680 3572 ctum
711 3521 952 3572 Roseum
987 3517 1054 3573 de
1085 3518 1238 3571 Sessa
1268 3533 1394 3571 cum
1428 3515 1672 3569 curtibus
1698 3515 1814 3568 suis
1839 3514 2120 3578 omnibus,
2235 3517 2480 3570 locorum
2523 3530 2688 3584 quam
2747 3529 3103 3583 personarum
3154 3512 3376 3566 licenter
3437 3519 3657 3581 pergat.
3716 3515 3838 3566 Haec

530 3611 585 3665 in
617 3612 813 3665 ﬁnibus
851 3612 1051 3681 Capuae
1096 3593 1363 3664 Sanctum
1411 3607 1736 3674 Reinerum,
1770 3615 1824 3661 et
1860 3610 2121 3662 Sanctum
2235 3609 2396 3678 igitur
2445 3607 2629 3662 omnia
2679 3622 2802 3677 quae
2864 3606 3030 3676 huius
3073 3604 3326 3676 przrcepli
3372 3603 3696 3676 decretique
3747 3621 3837 3660 no-

529 3703 840 3757 Robertum
865 3719 995 3756 cum
1019 3701 1309 3756 territoriis
1337 3700 1469 3766 suis,
1502 3701 1557 3754 in
1595 3715 1791 3771 campo
1837 3700 2033 3755 Marini
2067 3700 2122 3754 in
2231 3703 2326 3757 stri
2359 3701 2548 3772 pagina
2579 3700 2848 3765 continet,
2879 3699 2930 3752 in
2965 3699 3222 3753 omnibus
3252 3699 3306 3752 in
3333 3706 3666 3768 perpetuum
3713 3715 3836 3755 con-

528 3795 729 3850 ﬁnibus
783 3793 1249 3849 Tremonensibus
1305 3796 1569 3848 Sanctum
1623 3792 1949 3864 Adjutorem
1999 3808 2124 3863 erga
2235 3794 2496 3851 servanda
2542 3793 2898 3848 decrevimus.
2952 3791 3006 3848 Si
3053 3793 3176 3862 quis
3223 3807 3352 3846 vero
3397 3792 3835 3862 imperatorum,

528 3887 753 3944 fluvium
777 3885 1113 3942 Vulturnum
1143 3901 1272 3940 cum
1312 3885 1471 3940 terris
1501 3885 1642 3953 suis,
1675 3885 1732 3939 in
1773 3884 1978 3940 ﬁnibus
2026 3885 2124 3939 Ca-
2235 3888 2466 3955 ducum,
2540 3886 2958 3951 marchionum,
3028 3885 3320 3951 comitum,
3389 3885 3709 3956 principum
3778 3901 3838 3940 ac

529 3995 651 4054 puae
681 3983 940 4036 Sanctum
969 3978 1303 4048 Stephanum
1344 3977 1413 4033 de
1460 3977 1653 4034 Strada
1684 3993 1811 4032 cum
1839 3977 2127 4033 territoriis
2232 3981 2500 4054 judicum,
2547 3989 2641 4036 aut
2686 3995 3015 4051 quacunque
3058 3979 3322 4050 dignitate
3354 3979 3602 4050 praedita,
3649 3980 3836 4050 cujus-

527 4075 661 4140 suis,
697 4074 792 4129 sed
821 4074 983 4128 etiam
1035 4072 1090 4126 in
1119 4071 1356 4126 Castello
1386 4074 1584 4142 Magno
1627 4070 1910 4126 ecclesiam
1940 4072 2124 4126 Sancti
2235 4091 2450 4146 cunque
2494 4073 2694 4130 ordinis
2741 4075 2822 4128 vel
2869 4075 3035 4129 etiam
3081 4073 3414 4130 conditionis
3460 4088 3652 4144 magna
3702 4089 3835 4144 par-

528 4169 713 4240 Magni
751 4182 879 4223 cum
931 4165 1188 4221 omnibus
1233 4165 1343 4219 suis
1396 4163 1705 4232 territoriis,
1740 4171 1796 4218 et
1840 4165 2122 4220 ecclesiam
2231 4184 2402 4240 vaque
2443 4184 2677 4239 persona
2723 4167 2864 4222 hanc
2892 4167 3299 4223 constitutionis
3329 4175 3536 4223 nostra:
3571 4166 3836 4238 paginam

528 4265 585 4319 S.
625 4261 819 4334 Angeli
870 4261 928 4315 in
957 4256 1242 4314 Altissimo
1281 4273 1444 4330 super
1489 4257 1716 4314 fluvium
1744 4257 2040 4314 Bivernum
2069 4259 2121 4313 in
2232 4278 2591 4335 cognoscens,
2623 4269 2811 4316 contra
2841 4277 2958 4316 eam
2989 4261 3282 4316 temerario
3314 4276 3450 4316 ausu
3494 4261 3685 4315 venire
3715 4268 3832 4315 ten-

529 4355 728 4411 linibus
755 4353 934 4424 campi
964 4352 1182 4409 Morani
1213 4367 1341 4408 cum
1383 4351 1634 4424 ejusdem
1664 4353 1907 4408 ecclesiae
1954 4352 2120 4407 hzere-
2231 4356 2451 4420 taverit,
2497 4363 2596 4410 aut
2632 4356 2829 4410 tentari
2879 4354 3240 4421 consenserit,
3273 4353 3352 4408 vel
3395 4353 3582 4409 fautor
3609 4355 3835 4410 exstite-

526 4448 718 4517 ditate,
749 4464 870 4520 qua:
901 4445 1068 4503 estin
1099 4443 1441 4518 longitudine
1472 4445 1789 4500 milliarium
1841 4445 1976 4511 duo,
2026 4461 2122 4500 nec
2150 4479 2198 4540 Ι)
2226 4451 2330 4514 rit,
2381 4449 2696 4504 admonitus
2741 4448 2910 4503 semel
2959 4457 3131 4519 atque
3179 4448 3380 4502 iterum
3429 4456 3484 4501 et
3523 4449 3702 4503 tertio
3746 4465 3841 4520 per

527 4560 637 4599 non
663 4541 949 4598 ecclesiam
988 4542 1043 4597 S.
1073 4539 1300 4594 Joannis
1325 4555 1452 4594 cum
1477 4537 1737 4594 omnibus
1777 4538 2123 4610 pertinentiis
2150 4537 2185 4540 ⁷
2230 4550 2607 4612 competentes
2642 4541 2911 4608 inducias,
2939 4541 3043 4596 nisi
3069 4557 3129 4596 ea
3164 4557 3287 4613 quae
3313 4541 3380 4595 ab
3407 4541 3500 4596 illo
3529 4551 3669 4597 sunt
3698 4543 3842 4597 male

526 4636 639 4691 suis
665 4636 721 4690 in
751 4651 874 4690 casa
912 4634 1175 4699 Pollucis,
1206 4633 1490 4688 ecclesiam
1536 4633 1592 4687 S.
1633 4632 1776 4686 Petri
1827 4632 1880 4685 in
1920 4631 2122 4686 ﬁnibus
2229 4636 2407 4690 ablata
2461 4635 2704 4691 ecclesia:
2762 4635 3044 4691 humiliter
3101 4634 3442 4690 satisfaciens
3491 4636 3840 4703 restituerit,

528 4729 600 4784 de
623 4731 826 4784 Loreto
855 4743 961 4783 una
982 4743 1108 4783 cum
1134 4726 1390 4782 omnibus
1410 4726 1526 4782 suis
1544 4725 1908 4796 pertinentiis,
1929 4725 2122 4780 castel—
2231 4730 2512 4801 potestatis
2548 4729 2884 4800 honorisque
2914 4731 2998 4784 sui
3040 4728 3302 4800 dignitate
3343 4726 3525 4792 cadat,
3563 4745 3846 4802 reumque

528 4823 642 4877 lum
671 4821 819 4892 quod
851 4829 1074 4876 vocatur
1101 4820 1300 4876 Becclo
1324 4835 1452 4875 cum
1480 4819 1708 4875 ecclesia
1735 4821 1790 4875 S.
1830 4819 2118 4888 Marciani,
2225 4838 2283 4878 se
2317 4823 2502 4878 divino
2524 4822 2737 4893 judicio
2772 4821 2839 4877 de
2878 4830 3183 4893 perpetrata
3213 4822 3505 4894 iniquitate
3537 4831 3846 4895 cognoscat

529 4923 585 4972 et
611 4913 822 4970 Nicolai
880 4912 1138 4984 episcopi,
1181 4921 1235 4968 et
1263 4914 1520 4968 Sanctum
1565 4915 1847 4979 Maurum,
1897 4913 1950 4967 in
1981 4915 2117 4968 Cur-
2226 4924 2281 4971 et
2328 4933 2356 4970 a
2402 4917 2676 4971 sacratiss.
2713 4931 2940 4986 corpore
2987 4932 3049 4970 ac
3100 4916 3357 4987 sanguine
3414 4915 3514 4970 Dei
3565 4932 3632 4971 ac
3663 4920 3842 4973 Dom.

528 5009 670 5064 ﬁano
695 5007 874 5062 villam
904 5023 1024 5077 quae
1044 5006 1359 5061 nominatur
1381 5009 1497 5061 Leo
1525 5005 1791 5071 Cubante,
1823 5006 1874 5061 in
1900 5005 2118 5062 civitate
2227 5009 2400 5063 nostri
2433 5013 2566 5065 Jesu
2598 5010 2801 5065 Christi
2833 5009 3046 5065 alienus
3086 5007 3214 5076 ﬁat,
3257 5024 3432 5080 usque
3461 5007 3604 5064 dum
3636 5011 3848 5082 resipi-

526 5101 669 5158 Alil'e
691 5099 973 5156 ecclesiam
996 5102 1052 5154 8.
1079 5099 1327 5155 Mercurii
1350 5115 1473 5154 cum
1491 5099 1605 5155 aliis
1628 5099 1864 5155 ecclesiis
1888 5099 1986 5154 sibi
2008 5115 2120 5170 per-
2228 5112 2375 5167 seat;
2403 5102 2613 5158 cunctis
2633 5111 2820 5159 autem
2845 5119 2969 5175 quae
2989 5102 3238 5172 superius
3262 5103 3466 5172 scripta
3487 5111 3620 5158 sunt
3641 5104 3847 5160 obser-

525 5193 848 5259 tinentibus,
880 5194 1012 5265 ripae
1042 5193 1199 5265 longe
1227 5193 1280 5247 in
1308 5193 1522 5248 civitate
1554 5195 1722 5250 Arole
1748 5192 2032 5248 ecclesiam
2063 5194 2116 5248 S.
2227 5196 2480 5252 vantibus
2507 5199 2576 5252 sit
2620 5196 2893 5251 absolutio
2942 5212 3005 5252 ac
3033 5195 3295 5251 remissio
3334 5195 3590 5251 omnium
3634 5213 3847 5268 pecca-

526 5288 799 5355 Mercurii,
842 5295 896 5344 et
924 5287 978 5342 8.
1019 5289 1242 5342 Petrum
1282 5286 1352 5342 ad
1382 5287 1664 5342 Mortitam
1695 5302 1824 5341 cum
1859 5287 2117 5342 omnibus
2225 5298 2409 5344 torum
2459 5305 2708 5356 suorum,
2742 5289 2811 5344 sit
2857 5289 3116 5361 gaudium
3149 5297 3203 5344 et
3253 5289 3586 5356 exsultatio,
3641 5291 3846 5347 laetitia

527 5380 924 5455 pertinentibus
950 5380 1086 5448 suis,
1126 5380 1185 5436 S.
1212 5378 1552 5450 Stephanum
1581 5379 1651 5436 de
1690 5381 1926 5448 Lucore,
1959 5388 2012 5435 et
2055 5381 2112 5434 S.
2224 5391 2275 5436 et
2309 5398 2408 5453 pax
2448 5382 2500 5436 in
2531 5381 2617 5437 die
2666 5381 3182 5462 adventusﬁbomini
3213 5383 3388 5438 nostri
3416 5385 3553 5438 Jesu
3600 5383 3845 5449 Christi,

527 5475 860 5548 Stephanum
884 5474 952 5530 de
980 5473 1256 5541 Fromari,
1285 5481 1338 5529 et
1359 5475 1415 5528 8.
1439 5473 1708 5547 Angelum
1741 5472 1793 5528 in
1822 5472 2029 5540 Plesco,
2063 5482 2118 5529 et
2227 5483 2280 5530 et
2325 5476 2403 5530 sic
2433 5475 2486 5530 in
2537 5474 2641 5530 hoc
2669 5477 2869 5532 saeculo
2919 5473 3160 5532 fructum
3202 5476 3364 5532 bona:
3398 5477 3634 5533 actionis
3661 5478 3847 5534 susci-

522 5572 580 5627 S.
625 5569 897 5640 Angelum
937 5567 1004 5624 de
1035 5569 1281 5635 Atriano,
1338 5575 1390 5620 et
1435 5570 1694 5623 Sanctum
1739 5567 2013 5639 Angelum
2061 5568 2114 5622 in
2229 5569 2396 5638 piant,
2437 5576 2708 5640 quatenus
2737 5567 2885 5640 apud
2913 5569 3221 5632 districtum
3255 5569 3511 5627 Judicem
3544 5570 3598 5626 in
3639 5569 3843 5627 futuro

523 5663 871 5730 Palumbara,
898 5669 951 5717 et
978 5663 1035 5718 S.
1067 5660 1394 5732 Gregorium
1423 5660 1490 5716 de
1520 5663 1734 5729 Lescle,
1769 5671 1823 5715 et
1862 5663 1916 5717 S.
1965 5664 2112 5717 Mar-
2226 5661 2449 5732 praamia
2469 5670 2686 5718 aaternze
2717 5663 2860 5734 pacis
2881 5663 3180 5719 inveniant.
3210 5665 3356 5720 Bene
3381 5665 3571 5720 valeat.

525 5758 701 5814 tinum
731 5756 800 5814 de
841 5759 1175 5823 Ventecano,
1207 5761 1264 5810 et
1306 5755 1366 5809 S.
1398 5756 1648 5820 Petrum,
1688 5762 1743 5809 et
1787 5755 1844 5810 S.
1887 5755 2113 5810 Mariam
2294 5757 2434 5811 Data
2461 5755 2667 5812 Salerni
2698 5771 2768 5812 ιιι
2800 5756 2885 5812 Id.
2915 5757 3201 5813 Decembr.
3228 5773 3328 5830 per
3354 5772 3585 5814 manum
3616 5758 3845 5830 Grego—
