4044 6164
195 191 303 243 713

1134 190 1475 246 EPISTOLE
1516 193 1734 248 EXTRA
1775 191 2154 249 REGISTRUM
2191 194 2567 253 VAGANTES.

3391 201 3497 255 7H

191 312 263 366 rii
310 312 365 366 S.
422 313 493 367 Β.
546 314 613 367 Ε.
664 310 906 377 diaconi,
962 326 1107 369 anno
1156 315 1513 373 Pontiﬁcatus
1567 318 1793 374 Domini
1823 322 1873 385 Α
1906 318 2031 374 licet
2068 334 2187 375 esse
2232 335 2515 376 sacrorum
2560 316 2818 374 ordinum
2858 316 3215 390 professores,
3265 320 3363 393 qui
3394 323 3497 377 sub
3533 368 3557 393 ,

192 402 446 477 Gregorii
515 406 621 460 VII
694 419 848 476 papa
898 404 1245 477 duodecimo,
1294 409 1363 464 ab
1403 410 1789 468 Incarnatione

192 512 329 554 vero
382 497 604 553 Domini
662 497 836 554 nostri
888 501 1019 555 Jesu
1042 500 1237 557 Christi
1308 508 1466 570 1084,
1500 502 1790 560 indictione

190 599 407 661 octava,
436 590 683 661 feliciter,
734 591 978 649 feliciter.

898 688 1103 743 LXVI.

190 780 444 849 Gregorii
490 781 597 837 VII
644 781 876 858 epistola
923 782 1012 858 ad]
1042 783 1427 848 Altmannum,
1482 788 1789 858 episcopum

705 869 709 872 ’
782 855 1212 908 Passaviensem.

507 944 755 1017 (Fragm.
812 974 883 987 —
930 948 1093 1001 Anno
1154 953 1506 1015 1073-1085.)

272 1039 436 1106 [Vita
460 1037 763 1102 Altmanm‘,
790 1040 929 1094 Acta
956 1041 1049 1096 SS.
1075 1042 1247 1109 Aug.,
1289 1048 1425 1096 tom.
1454 1045 1530 1110 ll,
1554 1047 1703 1111 374.]

254 1131 402 1200 Quia
425 1139 482 1187 te
504 1131 666 1188 credo
696 1136 907 1189 sincero
929 1133 1095 1189 corde
1112 1150 1297 1190 amare
1319 1150 1420 1207 pro
1446 1140 1564 1191 Deo
1586 1145 1788 1193 sancta

174 1226 451 1282 Ecclesia
478 1224 747 1282 honorem
787 1234 842 1282 et
884 1226 1212 1295 libertatem,
1260 1229 1387 1283 volo
1435 1237 1488 1284 et
1533 1230 1789 1301 praecipio

171 1327 235 1375 nt
262 1335 629 1392 summopere
656 1336 783 1376 cum
812 1320 1020 1377 clericis
1048 1322 1161 1377 tuis
1188 1322 1271 1377 vel
1298 1322 1446 1377 laicis
1472 1324 1565 1395 qui
1591 1322 1661 1379 ad
1682 1323 1785 1379 hoc

167 1414 292 1486 apti
334 1412 594 1469 videntur
626 1430 907 1486 procures,
940 1422 1002 1470 ut
1056 1430 1258 1486 sponsa
1310 1415 1509 1471 Christi
1541 1433 1652 1472 non
1683 1417 1786 1472 ha-

168 1507 380 1564 beatur
402 1508 635 1579 amplius
668 1524 767 1580 pro
792 1507 1012 1565 ancilla.

873 1602 1112 1659 LXVII.

1900 428 2196 469 munerum
2246 412 2463 469 datione
2500 413 2585 468 vel
2622 413 2940 483 acceptione
2991 414 3091 470 Dei
3125 413 3381 470 ecclesias
3410 416 3495 471 vel

1898 522 2087 562 earum
2113 506 2216 562 sibi
2245 506 2506 563 beneﬁcia
2536 516 2825 578 usurpant.
2868 507 3030 575 Quod
3060 507 3283 579 quidem
3311 508 3494 564 scelus

1896 615 1994 655 vos
2017 616 2127 655 non
2149 600 2267 671 jam
2317 599 2529 656 dudum
2581 601 2775 656 acriter
2798 601 3100 656 correxisse
3141 600 3492 657 vehementer

1896 692 2257 751 admiramur.
2291 697 2447 749 Juste
2481 693 2631 749 enim
2660 702 2887 765 uterque
2918 693 3294 765 corripiendus
3321 703 3405 751 est
3438 703 3495 749 et

1897 805 1926 844 a
1968 796 2175 844 sancta
2202 786 2485 844 liminibus
2530 787 2781 843 Ecclesia
2816 787 3238 855 submovendus,
3296 798 3351 843 et
3400 791 3492 859 qui

1898 897 1995 953 pro
2039 882 2298 937 Ecclesia
2329 880 2539 935 ambitu
2569 896 2791 936 munera
2822 880 3067 952 largitur,
3096 888 3150 935 et
3178 881 3271 952 qui
3293 888 3353 936 ut
3382 883 3486 936 Ec—

1897 974 2113 1031 clesiam
2174 974 2330 1031 adeat
2374 973 2676 1046 quidquam
2734 975 3015 1046 prasumit
3059 974 3321 1045 accipere.
3380 976 3491 1029 Iste

1896 1068 2092 1140 quippe
2117 1067 2348 1123 domum
2378 1068 2481 1123 Dei
2511 1083 2714 1133 emere,
2739 1067 2825 1122 hic
2850 1075 3038 1123 autem
3065 1069 3349 1137 prasumit
3371 1083 3487 1123 ven-

1896 1162 2044 1216 dere.
2103 1165 2150 1215 Α
2180 1161 2461 1233 sacrilegio
2502 1177 2721 1233 quoque
2774 1160 2882 1216 hoc
2910 1159 3123 1215 facinus
3162 1176 3272 1216 non
3302 1161 3490 1232 dispar

1896 1252 2157 1320 dixerim,
2186 1270 2312 1309 cum
2346 1253 2397 1308 id
2445 1254 2588 1325 quod
2619 1262 2815 1324 sponte
2855 1260 2911 1308 et
2947 1269 3103 1309 sacro
3139 1251 3489 1308 deliberatio-

1897 1348 1983 1402 nis
2016 1347 2236 1403 arbitrio
2265 1347 2436 1417 gratis
2468 1346 2583 1401 ﬁeri
2609 1346 2815 1413 debuit,
2849 1347 2950 1402 sub
2980 1346 3222 1417 pecunia
3240 1347 3490 1417 pactione

1894 1450 2164 1496 causatur.
2197 1441 2398 1509 Quare,
2429 1438 2624 1494 fratres
2650 1439 2975 1504 charissimi,
2998 1454 3118 1510 qua
3138 1440 3323 1494 taliter
3348 1438 3490 1495 facta

1892 1543 2022 1589 sunt
2048 1535 2263 1589 curiose
2313 1533 2559 1598 refellite,
2588 1532 2791 1588 infecta
2832 1532 3140 1604 prohibete,
3188 1531 3488 1602 vestrisque

1887 1627 2232 1699 jussionibus
2283 1627 2617 1694 resistentes,
2647 1626 2814 1697 digno
2862 1624 3229 1680 anathematis
3270 1625 3488 1680 vinculo

170 1696 434 1766 Gregorii
497 1697 605 1753 VH
663 1696 1443 1797 episiﬁ’f‘fm‘ffmﬂfmnn"m
1483 1700 1788 1767 episcopum
1813 1719 1861 1782 B
1889 1696 2177 1797 percutere
2204 1738 2315 1778 non
2343 1722 2609 1779 dubitate.

777 1770 1203 1823 Passam‘ensem.

583 1862 822 1935 (Fragm.
867 1891 940 1903 —
979 1867 1145 1918 Anno
1190 1868 1372 1929 1085.)

241 1957 421 2023 [Vita
444 1957 754 2019 Altmanm’,
782 1957 925 2011 Acta
954 1958 1050 2014 SS.
1079 1958 1248 2026 Aug.,
1270 1966 1413 2012 tom.
1445 1958 1518 2025 ll,
1566 1961 1715 2025 374.]

318 2088 340 2105 .
408 2090 423 2104 .
464 2051 545 2106 Ut
585 2049 935 2122 presbyteros
962 2050 1019 2105 in
1062 2048 1478 2106 fornicationem
1503 2050 1704 2121 lapsos,
1736 2051 1784 2106 si

161 2158 289 2199 vere
324 2143 698 2215 paenituerint
734 2144 792 2198 in
818 2143 1106 2215 pristinum
1134 2144 1364 2217 gradum
1410 2144 1699 2213 restituat;
1740 2145 1785 2200 si

161 2238 524 2310 negligentes
545 2244 602 2293 et
626 2236 867 2305 inutiles,
893 2253 990 2293 eos
1012 2238 1235 2309 penitus
1263 2237 1497 2310 abjiciat.

861 2333 1117 2388 LXVIII.

157 2427 437 2498 Gregorii
490 2427 592 2483 VII
636 2427 859 2497 epistola
887 2426 959 2480 ad
983 2428 1286 2497 episcopum
1322 2430 1777 2495 Rotomagensem.

231 2531 390 2627 de
364 2503 450 2554 De
475 2500 570 2623 tiis
630 2500 729 2567 qui
752 2499 990 2553 ecclesias
1035 2498 1119 2552 vel
1148 2498 1505 2553 ecclesiastica
1538 2499 1787 2567 beneﬁcia

226 2590 259 2627 υ
392 2586 470 2624 un
505 2616 515 2625 .

578 2649 822 2721 (Fragm.
839 2680 909 2689 —
926 2651 1087 2704 Anno
1110 2652 1395 2714 1073-85.)

300 2744 663 2812 [Gnarum
708 2747 911 2799 Decret.
980 2758 1144 2798 causa
1178 2759 1221 2809 t,
1255 2758 1346 2813 qu.
1394 2749 1447 2810 3,
1477 2758 1528 2796 c.
1572 2744 1648 2807 2.]

235 2839 294 2895 Si
368 2837 506 2909 quis
557 2836 718 2893 dator
781 2837 869 2892 vel
923 2844 1197 2907 acceptor,
1262 2836 1364 2890 Dei
1413 2835 1673 2891 ecclesias
1705 2834 1784 2890 vel

156 2930 553 2990 ecclesiastica
582 2930 844 2986 beneﬁcia
903 2934 1049 3002 (qua
1075 2928 1301 3002 quidem
1330 2926 1652 3001 prabendas
1697 2943 1789 2983 vo-

160 3031 317 3097 cant)
347 3025 466 3081 sub
498 3025 744 3096 pecunia
770 3024 1085 3080 interventu
1111 3024 1429 3095 susceperit,
1469 3024 1582 3079 sive
1606 3020 1787 3078 dando

156 3120 404 3182 emerit,
452 3117 567 3173 sive
613 3117 923 3189 accipiendo
953 3116 1273 3185 vendiderit,
1333 3133 1364 3172 a
1410 3117 1645 3173 Simonis
1672 3132 1783 3171 non
1816 3128 1862 3192 ο

154 3212 494 3272 excluditur
542 3211 863 3283 perditione.
918 3211 1023 3268 Sed
1091 3212 1136 3267 si
1188 3226 1538 3283 perseverans
1601 3209 1790 3280 fuerit,

156 3316 451 3382 perpetua
491 3305 753 3362 multetur
780 3305 1156 3361 damnatione.
1188 3308 1332 3360 Nam
1374 3304 1467 3376 qui
1518 3302 1620 3360 sub
1659 3304 1785 3359 reli-

154 3403 353 3474 gionis
389 3400 625 3455 obtentu
652 3401 771 3455 Deo
814 3398 1068 3454 famulari
1098 3397 1348 3461 voluerit,
1381 3396 1425 3453 si
1485 3396 1617 3469 quid
1644 3396 1785 3452 acci-

157 3497 260 3568 pit,
290 3493 638 3552 etmeritum
655 3492 830 3564 perdit
856 3500 912 3548 et
934 3490 1197 3547 beneﬁcio
1223 3499 1445 3562 accepto
1464 3488 1782 3545 frustratur.

155 3587 439 3645 Rationis
469 3602 601 3659 ergo
628 3587 817 3659 vigore
845 3585 1059 3657 cogitur
1084 3583 1232 3657 quod
1288 3584 1490 3656 injuste
1519 3583 1788 3655 receperit

152 3683 498 3748 restituere,
528 3688 585 3736 et
608 3678 872 3753 quidquid
898 3679 1074 3751 turpis
1110 3678 1245 3734 lucri
1278 3676 1454 3751 gratia
1504 3682 1787 3750 receperat

162 3791 287 3832 non
310 3782 528 3830 tenere.

892 3846 1105 3901 LXIX.

154 3942 443 4012 Gregorii
509 3942 614 3995 VH
668 3940 892 4009 epistola
928 3940 1020 4012 ad
1083 3938 1434 4012 Wimundum
1484 3936 1790 4012 episcopum

226 4009 613 4071 (versunum.
648 4042 706 4053 -
746 4010 1003 4078 Qualibet
1016 4012 1087 4064 sit
1107 4010 1443 4075 consuetudo,
1473 4009 1695 4061 veritati
1712 4012 1790 4063 est

234 4082 670 4161 postponenda.

447 4178 691 4248 (Fragm.
722 4206 793 4216 —
820 4181 980 4233 Anno
1010 4178 1245 4232 1073-85
1264 4177 1457 4243 [419].)

444 4272 784 4341 [Gnarum
818 4274 1023 4327 Decret.
1054 4272 1097 4338 ι,
1128 4268 1255 4325 dist.
1282 4276 1336 4338 8,
1365 4285 1413 4324 c.
1436 4271 1516 4337 5.]

228 4373 292 4430 Si
324 4364 804 4426 consuetudinem
830 4362 1076 4419 fortassis
1098 4378 1363 4435 Opponas,
1388 4359 1789 4418 advertendum

2578 1833 2769 1887 LXXI
2780 1874 2793 1886 .

1894 1936 2252 2003 Privilegium
2293 1933 2712 2003 conﬁrmationis
2746 1931 3482 2003 bonorum_immunitatum-

1965 2023 2067 2075 que
2089 2001 2405 2060 monasterii
2430 2004 2861 2070 Hirsaugiensis,
2888 2001 3031 2075 quod
3054 2003 3156 2055 sub
3184 2003 3488 2074 apostolica

1963 2073 2106 2132 sedis
2154 2078 2485 2147 protectione
2508 2077 2788 2143 recipitur,
2818 2073 3063 2142 injuncto
3109 2073 3263 2128 onere
3316 2076 3491 2127 annui

1962 2164 2171 2215 census.

2431 2218 2609 2289 (Anno
2641 2220 2918 2282 1073-85.)

1894 2314 2310 2387 [σαλπικτΕῇ
2328 2314 2539 2369 Bullar.
2553 2327 2692 2367 sum.
2707 2314 2859 2383 poni.
2876 2309 3263 2379 ampl.Collect.
3280 2312 3355 2378 ll,
3371 2310 3490 2379 59.]

1965 2418 2320 2474 Gnaoomus
2347 2416 2659 2486 episc0pus,
2700 2428 2888 2469 servus
2932 2426 3215 2467 servorum
3255 2411 3382 2479 Dei,
3412 2411 3489 2467 di-

1895 2511 2033 2566 lecto
2064 2509 2179 2566 ﬁlio
2206 2512 2576 2575 WILLnLno,
2606 2506 2785 2563 abbati
2832 2504 3153 2561 monasterii
3194 2507 3250 2561 S.
3282 2504 3491 2560 Aurelii
3590 2554 3599 2559 -

1894 2605 1951 2658 in
2002 2603 2294 2674 Hirsaugia
2350 2603 2403 2657 in
2453 2601 2772 2671 episcopatu
2827 2598 3064 2669 Spirensi
3119 2598 3231 2667 siti,
3266 2599 3490 2671 ejusque

1898 2696 2305 2753 successoribus
2333 2696 2389 2749 in
2414 2702 2763 2766 perpetuum.

1966 2792 2106 2847 Cum
2132 2788 2384 2846 omnium
2420 2787 2678 2843 Ecclesia
2725 2784 2961 2841 ﬁliorum
2990 2784 3149 2840 saluti
3194 2792 3249 2839 et
3276 2784 3487 2839 securi-

1896 2885 1995 2940 tati
2022 2888 2209 2940 sancta
2254 2880 2414 2941 sedes
2454 2879 2751 2952 apostolica
2780 2894 2851 2934 ex
2906 2877 3149 2949 generali
3202 2877 3491 2948 pastoralis

1896 2978 2177 3051 regiminis
2231 2973 2567 3048 providentia
2605 2988 2796 3029 cavere
2847 2979 2904 3028 et
2949 2970 3233 3027 consulere
3272 2969 3489 3037 debeat,

1895 3082 2017 3129 tum
2042 3087 2168 3129 vero
2197 3070 2432 3127 alacrius
2455 3075 2509 3124 et
2530 3067 2836 3140 impensius
2864 3068 3028 3134 [eam]
3051 3065 3154 3136 pia
3171 3063 3497 3120 intentionis

1900 3174 1956 3223 et
1975 3166 2242 3238 religiosa
2263 3162 2569 3220 devotionis
2604 3169 2727 3216 vota
2767 3159 3067 3231 suscipere,
3118 3173 3182 3213 ac
3208 3157 3491 3214 salutifero

1902 3260 2121 3317 effectui
2144 3256 2448 3329 mancipari
2492 3269 2714 3311 necesse
2748 3262 2867 3321 est,
2918 3261 2984 3309 ut
3010 3259 3291 3324 gratanter
3318 3249 3491 3306 bono-

1891 3370 2016 3410 rum
2039 3352 2349 3409 stndiorum
2382 3347 2740 3421 petitionibus
2761 3354 3036 3413 occurrat,
3065 3352 3119 3399 et
3140 3359 3262 3415 qua
3283 3342 3354 3401 ad
3377 3343 3492 3399 lau-

1892 3447 2019 3504 dem
2044 3454 2099 3502 et
2126 3445 2353 3518 gloriam
2380 3441 2549 3498 divini
2581 3440 2824 3496 nominis
2846 3446 2978 3494 sunt
3014 3438 3268 3493 instituta
3294 3444 3487 3493 aucto-

1894 3540 2071 3596 ritatis
2090 3555 2204 3596 sua
2231 3536 2499 3593 soliditate
2525 3535 2758 3590 ﬁrmiter
2782 3531 3018 3588 tenenda
3042 3530 3301 3586 stabiliat.
3333 3528 3493 3586 Unde

1896 3644 1951 3691 et
1976 3650 2078 3689 nos
2104 3632 2287 3689 dilecti
2316 3630 2411 3685 ﬁlii
2441 3628 2620 3685 nostri
2645 3626 2924 3683 Adelberti
2961 3625 3029 3681 de
3074 3624 3211 3679 Calb
3236 3622 3490 3679 laudabili

1895 3727 2168 3784 desiderio
2220 3722 2648 3796 congaudentes,
2685 3719 2935 3792 precibus
2981 3717 3103 3790 ejus
3129 3724 3333 3772 sancta
3378 3713 3492 3771 sedi

1897 3820 2211 3893 apostolica
2258 3816 2534 3873 humiliter
2578 3813 2803 3871 directis
2852 3811 3197 3884 acquiescere
3242 3808 3494 3865 decrevi-

1900 3931 2045 3983 mus,
2078 3922 2135 3970 et
2176 3912 2425 3984 religiose
2465 3908 2741 3980 postulata
2766 3905 3059 3962 efficaciter
3095 3903 3499 3969 concessimus;

1899 4008 1990 4082 qui
2000 4050 2015 4076 ,
2030 4017 2253 4065 aterna
2267 4003 2650 4061 retributionis
2661 4016 2854 4057 amore
2874 4013 3165 4055 succensus
3183 4038 3198 4063 ,
3222 3997 3275 4052 in
3292 3993 3496 4068 pradio

1900 4119 2021 4170 suo,
2059 4101 2209 4174 quod
2246 4099 2449 4156 dicitur
2475 4095 2792 4167 Hirsaugia,
2817 4091 3224 4149 monasterium
3254 4106 3284 4143 a
3310 4103 3500 4161 proge-

1898 4194 2170 4252 nitoribus
2196 4193 2309 4249 suis
2337 4190 2638 4261 antiquitus
2654 4195 3057 4247 constructum,
3080 4199 3277 4255 nuper,
3300 4179 3500 4237 amissa

1900 4289 2219 4353 restituens,
2275 4290 2503 4340 venuste
2548 4279 2839 4351 reparavit,
2887 4286 2942 4333 et
2992 4277 3049 4331 in
3089 4290 3218 4331 usus
3265 4274 3499 4329 fratrum

1900 4382 2035 4439 inibi
2068 4384 2188 4437 Deo
2228 4376 2607 4441 servientium,
2646 4371 2897 4445 pluribus
2954 4365 3401 4439 possessionibus
3439 4378 3496 4425 e1

147 4473 239 4524 est
274 4458 456 4537 quod
508 4457 775 4513 Dominus
803 4456 932 4513 dicit
961 4476 979 4509 :
1010 4459 1120 4525 Ego
1167 4473 1289 4510 sum
1337 4458 1539 4511 veritas
1564 4459 1615 4510 et
1656 4458 1789 4509 vita.

144 4534 509 4618 Non—dixit,
529 4566 630 4624 ego
650 4567 773 4607 sum
796 4549 1161 4616 consuetudo,
1189 4548 1305 4616 sed,
1322 4550 1532 4605 veritas.
1558 4551 1629 4603 Et
1644 4555 1791 4603 certe
1818 4534 1871 4598 D

145 4658 231 4723 (ut
264 4647 439 4708 beati
490 4644 739 4718 Cypriani
786 4653 1006 4701 utamur
1048 4643 1339 4708 sententia)
1367 4642 1628 4713 qualibet
1660 4657 1789 4697 con-

138 4742 451 4809 suetudo,
510 4737 858 4810 quantumvis
890 4744 1118 4803 vetusta,
1168 4735 1522 4807 quantumvis
1552 4736 1786 4807 vulgata,

145 4834 406 4898 veritati
429 4832 660 4889 omnino
697 4840 781 4888 est
814 4829 1222 4904 postponenda;
1268 4838 1323 4885 et
1355 4844 1506 4899 usus,
1531 4830 1625 4901 qui
1653 4829 1790 4884 veri-

144 4934 259 4992 tati
286 4936 403 4990 est
429 4926 754 4995 contrarius,
780 4924 1105 4982 abolendus.

880 5020 1064 5074 LXX.

148 5121 448 5193 Gregorii
460 5192 463 5193 ν
500 5118 604 5173 VH
642 5118 865 5193 epistola
891 5116 965 5170 ad
993 5117 1255 5186 episcopos
1286 5117 1570 5193 Hispanos.
1598 5142 1673 5193 “—
1715 5114 1789 5167 De

232 5186 320 5250 iis
356 5192 471 5263 qui
497 5186 681 5246 sacros
705 5189 919 5243 ordines
942 5202 1221 5243 munerum
1248 5189 1545 5257 acceptione
1574 5186 1789 5255 dispen-

231 5270 411 5323 sunt.

1901 4474 2205 4533 redditibus
2245 4470 2489 4544 adjectis,
2524 4466 2725 4538 largius
2749 4462 3047 4534 ampliavit.
3077 4462 3259 4531 Quam
3286 4470 3403 4512 sua
3427 4455 3499 4510 li-

1903 4570 2130 4628 bertatis
2160 4562 2544 4637 [liberalitatis]
2572 4557 2976 4615 institutionem
3017 4567 3085 4608 ne
3132 4552 3189 4607 in
3220 4556 3503 4622 posterum

1901 4666 2015 4721 ulla
2082 4672 2466 4734 perversorum
2546 4652 2835 4709 hominum
2882 4646 3112 4704 audacia
3174 4644 3503 4700 imminuere

1904 4767 2004 4815 aut
2039 4756 2241 4811 violare
2262 4756 2577 4824 prasumat,
2606 4745 2923 4818 apostolica
2949 4738 3295 4798 auctoritatis
3330 4736 3500 4809 privi-

1901 4853 2046 4924 legio
2089 4847 2297 4905 muniri
2339 4853 2394 4901 et
2423 4849 2630 4899 sancta
2667 4843 2940 4895 Romana
2980 4832 3235 4890 Ecclesia
3262 4830 3502 4887 tuitione

1904 4944 2178 5010 roborari,
2218 4941 2354 4997 data
2384 4937 2548 4994 annui
2579 4933 2730 4991 aurei
2750 4929 2980 4987 Bizantii
3011 4927 3293 5000 pensione,
3320 4931 3506 4996 postu-

1907 5040 2072 5105 lavit;
2107 5035 2239 5092 illud
2275 5031 2521 5106 profecto
2563 5026 2917 5084 considerans
2963 5022 3112 5093 quia,
3142 5019 3276 5074 dum
3323 5032 3353 5071 a
3379 5030 3506 5071 san-

1907 5140 2014 5191 cta
2051 5130 2245 5187 matris
2279 5125 2529 5183 Ecclesia
2580 5121 2833 5177 ﬁdelibus
2863 5115 3034 5173 beatis
3062 5110 3320 5185 apostolis
3344 5112 3504 5164 Petro

1904 5238 1966 5284 et
2016 5225 2189 5282 Paulo
2256 5222 2454 5287 honor,
2508 5224 2691 5273 metus
2737 5222 2794 5268 et
2843 5208 3147 5268 obedientia
3200 5202 3506 5265 exhibetur,

1910 5318 2065 5394 quod
2091 5333 2283 5375 eorum
2329 5315 2548 5371 decreto
2579 5317 2635 5365 et
2673 5305 2901 5363 nomine
2936 5300 3228 5360 solidatum
3253 5304 3309 5351 et
3342 5294 3508 5394 robo-

1911 5388 2100 5471 ratum
2130 5410 2298 5466 fuerit
2315 5407 2521 5464 nullius
2544 5399 2849 5460 eversionis
2870 5395 3058 5454 illicita
3081 5388 3511 5465 prasumptione

1919 5507 2219 5579 quatiatur.
2256 5506 2442 5573 Quam
2499 5498 2569 5555 ob
2607 5512 2725 5552 rem
2754 5493 2897 5548 idem
2929 5487 3217 5562 prafatum
3244 5484 3512 5580 monaste-

1916 5603 2063 5659 rium
2088 5614 2217 5655 cum
2243 5596 2503 5653 omnibus
2529 5592 2629 5650 sibi
2663 5591 2766 5644 hoc
2792 5594 3045 5657 tempore
3060 5582 3205 5655 juste
3246 5582 3507 5645 pertinen—

545 5331 783 5405 (Fragm.
826 5360 895 5372 —
924 5332 1089 5387 Anno
1140 5334 1421 5396 1073-85.)

357 5429 706 5498 [Gnarum
752 5428 980 5489 Decret.,
1024 5441 1182 5481 causa
1209 5440 1251 5490 ι,
1278 5440 1369 5496 qu.
1400 5430 1453 5493 3,
1485 5439 1534 5479 c.
1566 5427 1639 5491 1.]

240 5522 624 5589 Audivimus,
651 5516 1012 5587 dilectissimi,
1051 5517 1196 5589 quod
1238 5534 1342 5575 nos
1370 5517 1581 5573 audisse
1620 5529 1789 5587 opor-

152 5622 313 5689 tuit,
355 5615 458 5672 sed
487 5614 701 5672 audisse
752 5611 993 5685 profecto
1020 5628 1132 5669 non
1166 5613 1322 5671 libuit
1349 5632 1361 5669 :
1398 5610 1665 5685 quosdam
1691 5609 1796 5665 sci-

239 5774 423 5841 (194)
461 5769 701 5826 Rectene
735 5766 842 5825 hoc
875 5765 1243 5842 fragmentum
1280 5768 1557 5842 Gregorio
1586 5766 1690 5821 VII
1720 5760 2042 5820 ascrilbatur
2064 5751 2296 5812 dubium
2336 5756 2438 5806 est.
2469 5739 2673 5802 πληγή.
2790 5808 2793 5813 ν

487 5860 714 5916 Ρλτκοι.
752 5826 1004 5916 εχινιιῖ.
1068 5826 1075 5827 ί
1118 5826 1242 5830 HW
1291 5826 1354 5830 ’ί
1398 5826 1432 5842 ⁹

2630 5860 2635 5865 ο
3102 5826 3171 5881 ⁸ὲό
