4044 6186
531 324 633 377 715

1474 315 1529 369 S.
1570 308 1891 367 GREGORII
1929 308 2019 363 VII
2058 305 2252 364 ΡΛΡᾹΞ
2294 300 2569 360 OPERUM
2606 301 2780 358 PARS
2819 299 2881 355 Il.

3722 301 3819 352 ’716

531 444 697 511 tibus,
748 453 803 502 et
840 439 1082 515 legaliter
1109 437 1340 505 collatis,
1371 444 1426 492 et
1458 436 1719 509 deinceps
1748 450 2122 509 quarnmcun-
2152 434 2207 497 Α
2235 446 2351 486 esse
2377 425 2788 500 perpendimus.
2822 422 3074 493 Proinde,
3096 424 3252 496 juxta
3283 421 3601 495 petitionem
3650 428 3821 490 tuam,

532 556 638 614 que
666 550 1028 612 personarum
1071 529 1384 589 authentica
1418 529 1715 587 traditione
1752 526 2119 597 conferendis,

528 632 630 691 sub
655 628 967 703 apostolica:
992 625 1134 683 sedis
1155 624 1323 682 tutela
1351 632 1405 680 et
1430 625 1770 696 protectione
1805 622 2124 696 generaliter

529 722 935 793 amplectimur,
970 728 1025 776 et
1082 719 1184 776 sub
1235 719 1335 774 alis
1398 717 1690 774 beatorum
1746 714 2123 787 apostolorum

531 815 675 873 Petri
697 822 753 872 et
776 813 952 883 Pauli,
993 812 1105 881 tibi,
1139 811 1211 867 ﬁli
1263 808 1565 879 Willelme,
1591 808 1811 881 tuisque
1849 823 2126 865 successo-

531 902 705 978 ribus,
738 907 1022 964 eliminata
1070 922 1136 962 ac
1164 904 1436 979 prohibita
1461 905 1612 960 omni
1638 901 2015 959 infestantium
2042 901 2125 956 in-

530 1000 878 1075 quietudine,
936 1000 1105 1057 libere
1131 1008 1187 1055 et
1213 999 1462 1055 absolute
1505 993 1855 1071 possidenda,
1886 1004 1940 1051 et
1963 1010 2125 1066 regu-

530 1095 719 1153 lariter
751 1104 914 1168 atque
940 1094 1143 1151 utiliter
1186 1088 1493 1151 ordinanda
1524 1090 1813 1163 praesentis
1851 1088 2133 1160 scripturae

529 1189 849 1247 testimonio
933 1186 1348 1245 conﬁrmamus.
1403 1183 1823 1242 Constitutionis
1874 1196 2126 1255 quoque,

531 1282 919 1350 immnnitatis,
959 1280 1223 1338 libertatis
1246 1279 1462 1348 modos,
1493 1294 1631 1351 quos
1656 1275 1914 1351 praefatus
1943 1290 2130 1331 comes

530 1375 761 1433 illustris
788 1375 1121 1432 Adelbertus
1176 1375 1384 1446 scripto
1411 1388 1526 1429 suae
1555 1370 1867 1427 traditionis
1902 1368 2132 1424 inseruit

533 1477 589 1527 et
613 1470 765 1542 regio
796 1468 968 1541 sigillo
1006 1469 1251 1540 imprimi
1282 1468 1517 1534 curavit,
1546 1463 1619 1521 ad
1645 1464 1978 1538 posteritatis
2010 1478 2131 1518 cau-

531 1562 699 1618 telam
742 1570 797 1618 et
850 1559 1121 1619 arcendos
1163 1560 1535 1617 iniestantium
1569 1559 1806 1629 impetus
1843 1555 2132 1629 diligenter

528 1653 901 1711 observandos
943 1654 1262 1722 statuimus,
1292 1654 1392 1709 hos
1420 1653 1713 1719 duntaxat,
1764 1651 1854 1724 qui
1902 1648 2129 1706 canoni-

533 1749 612 1803 cis
639 1748 1015 1803 sanctionibus
1042 1764 1159 1803 non
1189 1747 1486 1815 obsistunt,
1526 1754 1586 1802 ut
1613 1762 1713 1801 nec
1744 1744 1812 1800 de
1853 1742 2134 1817 permissis

2231 520 2465 595 praefato
2490 520 2848 589 monasterio,
2876 520 2961 575 cui
2994 528 3055 575 tu
3105 534 3340 591 praeesse
3370 515 3720 589 dignosceris,
3767 523 3821 571 et

2232 616 2379 691 quod
2418 617 2555 689 juris
2581 618 2636 671 S.
2668 619 2737 671 Β.
2771 617 2836 670 Ε.
2870 630 2987 669 esse
3022 611 3387 685 dignoscitur,
3420 610 3563 667 unde
3595 627 3690 681 per
3717 611 3821 665 sin-

2233 712 2389 785 gulos
2440 727 2615 765 annos
2660 725 2856 765 census
2895 709 3066 763 trium
3110 706 3467 762 denariorum
3527 720 3818 759 aureorum

2232 805 2334 861 sibi
2362 803 2639 871 redditur,
2666 800 2981 875 liujusmodi
3006 800 3281 872 privilegia
3328 798 3581 870 praesenti
3628 806 3819 852 aucto-

2232 897 2408 953 ritatis
2436 906 2639 952 nostra!
2671 895 2891 952 decreto
2936 894 3313 965 indulgemus,
3343 891 3693 948 concedimus
3744 898 3824 944 at-

2236 1005 2342 1062 que
2381 990 2671 1045 ﬁrmamus
2703 1008 2715 1043 :
2751 996 3061 1044 statuentes
3094 986 3309 1041 nullum
3341 1000 3533 1056 regum
3559 984 3640 1039 vel
3666 984 3829 1055 impe-

2236 1092 2504 1150 ratorum,
2546 1091 2643 1139 ant
2682 1082 3015 1149 antistitum,
3055 1080 3266 1136 nullum
3319 1094 3534 1152 quoque
3570 1077 3829 1150 dignitate

2237 1178 2551 1250 praeditum,
2586 1179 2667 1234 vel
2706 1192 3093 1250 quemcunque
3122 1176 3316 1242 alium,
3362 1173 3430 1231 de
3467 1173 3550 1228 his
3582 1187 3711 1245 qua:
3752 1174 3831 1227 ei-

2237 1273 2363 1330 dem
2410 1272 2707 1329 venerabili
2753 1274 2874 1329 loco
2922 1271 2990 1327 de
3037 1271 3261 1342 proprio
3300 1268 3424 1340 jure
3462 1267 3580 1339 jam
3628 1267 3830 1322 donata

2236 1376 2389 1437 sunt,
2415 1368 2496 1424 vel
2517 1369 2576 1423 in
2595 1366 2873 1436 futurum,
2904 1370 3023 1422 Deo
3053 1367 3374 1431 miserante,
3396 1363 3589 1419 collata
3604 1362 3831 1429 fuerint,

2238 1462 2340 1518 sub
2391 1462 2685 1535 cujuslibet
2719 1476 2899 1517 causa:
2950 1459 3319 1516 occasionisve
3364 1456 3543 1529 specie
3584 1459 3833 1513 minuere

2239 1559 2319 1613 vel
2347 1556 2577 1625 auferre,
2628 1565 2684 1611 et
2725 1557 2835 1611 sive
2886 1556 2999 1611 suis
3045 1555 3239 1610 usibus
3275 1552 3569 1625 applicare,
3598 1552 3685 1607 vel
3714 1553 3834 1607 aliis

2239 1650 2393 1721 quasi
2438 1650 2538 1721 piis
2579 1649 2646 1704 de
2690 1650 2864 1705 causis
2904 1664 3004 1721 pro
3042 1664 3156 1704 sum
3194 1646 3438 1703 avaritiae
3465 1646 3831 1713 excusatione

2239 1744 2565 1811 concedere;
2607 1742 2705 1799 sed
2730 1750 2946 1808 cuncta,
2979 1757 3105 1814 quae
3134 1741 3208 1796 ibi
3254 1740 3433 1796 oblata
3458 1748 3587 1795 sunt
3630 1740 3716 1795 vel
3750 1738 3829 1795 of-

528 1839 801 1912 qnidlibet
828 1841 1158 1912 negligatur,
1188 1856 1291 1896 nec
1328 1840 1396 1896 de
1426 1839 1606 1895 vetitis
1627 1837 1893 1910 quidlibet
1917 1836 2127 1908 irroge-
2160 1816 2207 1880 Β
2238 1835 2367 1894 lerri
2400 1837 2718 1909 contigerit,
2746 1846 2863 1892 tam
2883 1852 2914 1891 a
2952 1845 3007 1891 te
3035 1851 3201 1908 quam
3230 1835 3302 1891 ab
3329 1835 3405 1890 eis
3437 1834 3528 1906 qui
3546 1833 3600 1888 in
3619 1841 3719 1889 tuo
3745 1832 3829 1889 of-

526 1942 637 1991 tur.
693 1937 829 1991 Haec
879 1935 1045 2007 igitur
1114 1950 1236 2007 qum
1290 1932 1456 2007 hujus
1503 1935 1758 2005 praecepti
1815 1932 2128 2004 decretique

528 2024 702 2085 nostri
744 2027 942 2101 pagina
978 2029 1253 2097 continet,
1285 2036 1403 2085 tam
1450 2027 1547 2083 tibi
1577 2042 1743 2099 quam
1774 2028 1987 2083 cunctis
2032 2026 2125 2097 qui

529 2121 587 2179 in
610 2138 675 2178 eo
704 2137 813 2193 quo
845 2138 904 2178 es
931 2122 1125 2179 ordine
1152 2122 1389 2194 locoque
1424 2123 1808 2189 successerint,
1853 2121 1908 2176 in
1938 2136 2127 2193 perpe-

529 2222 688 2272 tuum
729 2215 991 2272 servanda
1019 2216 1381 2272 decrevimus.
1414 2216 1471 2271 Si
1494 2215 1618 2286 quis
1640 2231 1768 2271 vero
1799 2230 2013 2287 regum,
2042 2231 2126 2269 sa-

533 2309 841 2378 cerdotum,
868 2310 1219 2377 clericorum,
1262 2307 1529 2381 judicium
1563 2317 1618 2365 et
1642 2308 1982 2364 saecularium
2011 2323 2128 2379 per-

531 2414 815 2470 sonarum,
903 2401 1045 2458 hanc
1113 2400 1520 2458 constitutionis
1591 2411 1797 2458 nostrae
1880 2400 2126 2473 paginam

534 2507 858 2567 agnoscens,
902 2502 1093 2552 contra
1124 2508 1250 2551 eam
1279 2495 1466 2552 venire
1511 2496 1818 2563 tentaverit,
1846 2495 2128 2567 potestatis

531 2585 864 2661 honorisque
903 2587 984 2645 sui
1036 2586 1301 2662 dignitate
1354 2594 1553 2658 careat,
1628 2602 1890 2661 reumque
1941 2602 2001 2645 se
2058 2588 2127 2645 de

532 2688 840 2754 perpetrata
885 2682 1171 2755 iniquitate
1226 2682 1409 2739 divino
1455 2683 1664 2755 judiclo
1715 2690 1992 2755 agnoscat.
2056 2685 2127 2737 Et

532 2775 637 2831 nisi
678 2791 740 2831 ea
770 2791 894 2847 quae
933 2776 1001 2832 ab
1030 2776 1121 2832 illo
1167 2782 1297 2833 sunt
1321 2775 1463 2833 male
1508 2777 1685 2833 ablata
1730 2778 2009 2843 restituat,
2045 2776 2126 2830 vel

532 2866 699 2941 digna
711 2870 1029 2941 paenitentia
1040 2868 1223 2927 illicite
1238 2879 1359 2927 acta
1381 2868 1681 2937 deﬂeverit,
1709 2885 1738 2925 a
1755 2869 2125 2926 sacratissimo

532 2974 765 3034 corpore
781 2971 837 3019 et
856 2963 1121 3037 sanguine
1144 2961 1360 3020 Domini
1384 2962 1765 3035 Redemptoris
1790 2962 1964 3019 nostri
1994 2964 2026 3015 J
2029 2977 2127 3017 esu

388 3080 409 3103 ι
454 3068 475 3079 “
530 3053 735 3113 Christi
777 3054 983 3113 alienus
1035 3056 1153 3125 ﬁat,
1210 3065 1375 3129 atque
1408 3058 1466 3111 in
1506 3064 1711 3113 aeterno
1753 3058 2006 3112 examine
2035 3054 2124 3111 di-

528 3148 737 3207 stricta
765 3149 960 3207 ultioni
987 3151 1281 3223 subiaceat.
1313 3151 1539 3206 Cunctis
1567 3157 1751 3205 autem
1791 3149 1965 3205 eidem
2004 3149 2125 3204 loco

2236 1931 2363 1987 ﬁcio
2400 1933 2787 1999 successerint,
2841 1931 3069 2003 perenni
3113 1939 3365 2002 tempore
3390 1928 3598 1984 illibata
3634 1936 3687 1983 et
3712 1929 3833 1983 sine

2237 2027 2617 2098 inquietudine
2677 2028 2931 2083 volumus
2998 2025 3286 2098 possideri,
3352 2038 3545 2081 eorum
3607 2023 3832 2096 quidem

2234 2122 2426 2177 usibus
2474 2137 2574 2192 pro
2613 2136 2851 2193 quorum
2881 2121 3282 2177 sustentatione
3318 2119 3831 2191 gubernationeqne

2236 2230 2489 2271 concessa
2518 2224 2667 2283 sunt,
2697 2215 2879 2271 modis
2906 2215 3162 2270 omnibus
3187 2211 3496 2285 profutura.
3534 2215 3676 2269 Item
3702 2228 3834 2269 con-

2236 2311 2507 2365 stituimus
2540 2320 2623 2379 ut,
2655 2310 2894 2366 obeunte
2926 2310 3147 2378 abbate,
3185 2324 3299 2365 non
3338 2307 3475 2365 alius
3498 2309 3572 2364 ibi
3589 2324 3835 2380 quacun-

2236 2419 2342 2476 que
2378 2405 2715 2476 obreptionis
2744 2405 2947 2459 astutia
2971 2404 3282 2471 ordinetur,
3311 2403 3412 2458 nisi
3441 2419 3613 2474 quem
3645 2402 3837 2463 fratres

2235 2498 2484 2569 ejusdem
2521 2498 2782 2567 cmnobii,
2812 2512 2942 2553 cum
2985 2499 3268 2554 communi
3304 2510 3600 2564 consensu,
3635 2513 3837 2553 secun-

2236 2590 2369 2648 dum
2425 2595 2689 2649 timorem
2739 2590 2838 2648 Dei
2897 2593 3185 2665 elegerint;
3229 2592 3470 2647 maxime
3518 2592 3585 2646 de
3636 2592 3836 2648 eadem

2235 2689 2675 2760 congregatione,
2722 2689 2767 2743 si
2814 2686 3051 2744 idoneus
3106 2688 3356 2742 inventus
3392 2684 3567 2743 fuerit.
3598 2684 3763 2754 Quod
3791 2686 3834 2739 si

2236 2783 2379 2850 talis,
2409 2784 2503 2855 qui
2537 2782 2665 2838 huic
2708 2782 2965 2853 regimini
2996 2790 3287 2853 congruat,
3330 2781 3473 2835 inter
3501 2795 3593 2836 eos
3623 2780 3838 2835 inveni-

2235 2875 2282 2928 ri
2299 2891 2411 2932 non
2434 2875 2627 2947 possit,
2667 2892 2793 2932 cum
2818 2876 3051 2931 consilio
3088 2874 3331 2931 Romani
3347 2873 3645 2946 pontiﬁcis,
3670 2872 3837 2927 alium

2235 2970 2337 3026 sibi
2384 2974 2604 3027 Patrem
2659 2980 2713 3027 et
2759 2972 3088 3043 magistrum
3139 2978 3415 3042 expetant.
3463 2971 3587 3025 Hoc
3624 2984 3839 3041 quoque

2240 3067 2500 3141 praesenti
2527 3066 2767 3137 capitulo
2798 3065 3206 3138 subjungimus,
3238 3074 3298 3120 ut
3335 3064 3517 3136 ipsum
3542 3072 3836 3120 monaste-

2235 3160 2405 3227 rium,
2445 3167 2500 3214 et
2524 3142 2749 3215 abbates
2779 3160 2915 3230 ejus,
2945 3161 3027 3215 vel
3060 3158 3341 3225 monachi,
3376 3158 3443 3213 ab
3473 3158 3625 3213 omni
3662 3174 3835 3214 sacu-

526 3243 673 3315 justa
733 3211 1109 3311 servantibus:
1167 3243 1241 3299 sit
1304 3257 1408 3314 pax
1462 3242 1686 3298 Domini
1761 3243 1938 3297 nostri
1991 3246 2124 3298 Jesu

2234 3254 2360 3309 laris
2398 3255 2600 3311 servitii
2641 3254 2753 3310 sint
2793 3254 3146 3311 infestatione
3184 3254 3382 3321 securi,
3424 3254 3691 3327 omnique
3717 3270 3834 3325 gra-

531 3334 757 3403 Christi,
777 3343 1046 3408 quatenus
1075 3345 1131 3392 et
1178 3335 1264 3391 hic
1294 3334 1539 3391 fructum
1566 3336 1728 3392 bonae
1757 3336 1995 3392 actionis
2019 3350 2128 3406 per-
2153 3390 2161 3397 ,

531 3428 751 3501 cipiant,
794 3437 851 3486 et
877 3427 1021 3503 apud
1042 3429 1351 3486 districtum
1381 3429 1625 3502 judicem
1656 3429 1877 3502 praemia
1909 3438 2130 3487 aeterna:

530 3522 909 3581 retributionis
938 3524 1238 3581 inveniant.
1289 3526 1493 3579 Datum
1523 3527 1719 3581 Romae
1744 3529 1912 3590 (420).

1213 3622 1452 3678 LXXII.

532 3710 881 3783 Privﬂegi'um
922 3717 1167 3785 Gregorii
1208 3714 1319 3774 VH
1353 3715 1472 3772 Gad
1517 3714 1807 3771 Almodum
1869 3716 2125 3771 abbatem

604 3787 1012 3843 Rotloonensem.
1041 3817 1113 3828 —-
1157 3789 1449 3858 Conﬁrmat
1471 3791 1761 3858 privilegia
1812 3790 2128 3844 monasterii

602 3859 977 3915 Bothonenst's.

1067 3950 1251 4014 (Anno
1287 3953 1385 4003 107
1393 3954 1423 4001 3
1437 3951 1570 4009 ~85.)

529 4044 698 4112 [Dom
723 4043 1047 4109 MABTBNB,
1077 4043 1374 4099 Thesaurus
1402 4041 1657 4108 Anedot.,
1691 4041 1741 4107 Ι,
1771 4045 1899 4110 204,
1926 4057 1991 4097 ex
2014 4058 2122 4098 ms.

832 4137 887 4193 S.
914 4133 1193 4191 Michaelis
1234 4136 1292 4190 in
1321 4134 1565 4208 periculo
1590 4134 1804 4203 maris]

603 4230 957 4287 Gnsoonws
984 4227 1292 4300 episcopus,
1316 4244 1508 4287 servus
1530 4244 1812 4286 servorum
1839 4228 1963 4298 Dei,
1985 4229 2120 4287 dile-

530 4331 623 4380 sto
649 4323 713 4378 in
751 4321 963 4380 Christo
993 4320 1108 4378 ﬁlio
1136 4326 1397 4381 Annono
1421 4364 1439 4393 ,
1476 4322 1663 4380 abbati
1704 4325 2023 4380 monasterii
2060 4327 2119 4381 S.

528 4414 845 4480 Salvatoris,
897 4413 1198 4471 constructi
1242 4414 1301 4469 in
1340 4416 1481 4486 loco,
1533 4416 1629 4488 qui
1673 4415 1870 4473 dicitur
1909 4416 2124 4473 Rotho—

532 4508 734 4574 Densis,
760 4507 818 4563 in
852 4506 1140 4563 Britannia
1174 4507 1477 4577 constituti,
1530 4508 1750 4582 suisque
1787 4511 2117 4567 successori—

530 4599 634 4656 bus
668 4598 874 4656 ibidem
901 4598 1220 4672 regulariter
1248 4600 1635 4673 promovendis
1688 4601 1745 4657 in
1775 4612 2116 4674 perpetuum.

597 4693 862 4763 Supernae
890 4691 1258 4750 miserationis
1293 4702 1565 4766 respectu,
1595 4693 1665 4751 ad
1702 4694 1810 4753 hoc
1842 4697 2122 4754 universa.

527 4782 594 4838 iis
628 4782 888 4839 Ecclesia
919 4800 1116 4842 curam
1151 4787 1497 4859 suscepimus
1524 4797 1581 4846 et
1603 4790 1884 4861 apostolici
1924 4790 2119 4848 mode-

529 4875 755 4933 raminis
809 4877 1241 4937 sollicitudinem
1287 4881 1554 4955 gerimus,
1594 4891 1658 4938 ut
1682 4884 1849 4955 justis
1896 4900 2118 4956 precan-

525 4969 672 5026 tium
688 4970 830 5027 votis
848 4980 1057 5030 attenta
1077 4973 1405 5047 benignitate
1416 4975 1717 5046 faveamus,
1736 4988 1809 5048 et,
1828 4979 2120 5035 libramine

523 5063 820 5151 “uitatis,
849 5067 1106 5123 omnibus
1132 5068 1187 5123 in
1214 5069 1533 5127 necessitate
1576 5072 1789 5143 positis,
1831 5081 2116 5144 quantum,

524 5158 646 5212 Deo
670 5156 931 5228 donante,
960 5175 1273 5231 possumus,
1311 5162 1596 5220 subvenire
1620 5164 1942 5221 debeamus.
1966 5168 2119 5223 Prae-

524 5248 682 5319 cipue
717 5259 906 5307 tamen
954 5252 1024 5309 de
1067 5255 1463 5313 venerabilium
1510 5257 1759 5313 locorum
1803 5258 2113 5329 stabilitate,

527 5355 629 5413 pro
651 5342 841 5401 debito
877 5345 1084 5404 honore
1111 5363 1345 5406 summa
1381 5358 1435 5405 et
1477 5350 1797 5422 apostolica).
1827 5352 1990 5420 sedis,
2020 5370 2117 5409 cu-

508 5433 617 5507 jus
632 5438 888 5495 membra
913 5449 1063 5506 sunt.
1093 5451 1362 5513 quantum
1390 5458 1465 5499 ex
1489 5442 1681 5500 divino
1701 5446 1972 5519 adjutorio
1998 5463 2116 5518 pos-

786 5531 969 5602 datur,
1016 5534 1175 5591 nobis
1244 5535 1587 5608 pensandum
1641 5546 1699 5594 et
1748 5539 2115 5597 laborandum

590 5715 733 5797 {420)
764 5716 1283 5798 ﬂuensqueauctor
1298 5717 1573 5775 Chronici.
1606 5722 1857 5798 Diploma
1876 5742 2028 5793 vero,
2058 5727 2114 5784 in

516 5787 672 5870 cpjus
704 5787 850 5870 calce
880 5787 1207 5870 antiquitate
1233 5788 1477 5870 fortasse
1500 5787 1752 5851 corrosos
1794 5787 2117 5870 chronol'ogi

517 5855 860 5916 characteres
888 5859 975 5916 ille
998 5855 1113 5918 non
1142 5862 1288 5934 legit,
1320 5877 1421 5919 nos
1446 5863 1639 5922 datum
1670 5875 1928 5938 putamus
1965 5855 2115 5925 annuo

2235 3349 2456 3404 vamine
2509 3348 2807 3405 mundanae
2854 3349 3228 3421 oppressionis
3274 3347 3474 3404 remoti
3524 3347 3583 3402 in
3627 3357 3836 3403 sancta

2235 3443 2505 3515 religionis
2555 3442 2932 3499 observatione
2980 3442 3151 3498 seduli
3199 3450 3255 3497 et
3299 3441 3492 3513 quieti,
3542 3441 3679 3496 nulli
3727 3441 3837 3508 alii,

2237 3536 2339 3595 nisi
2372 3540 2639 3593 Romanae
2668 3545 2723 3592 et
2749 3536 3061 3608 apostolica:
3092 3535 3230 3603 sedi,
3262 3535 3419 3608 cujus
3437 3534 3582 3607 juris
3599 3544 3706 3603 est,
3741 3536 3839 3591 ali-

2236 3647 2343 3703 qua
2390 3639 2682 3687 teneantur
2734 3631 3019 3686 occasione
3071 3630 3321 3701 subjecti.
3368 3630 3839 3686 Consecrationes

2236 3726 2401 3781 etiam
2456 3726 2811 3781 ecclesiarum
2867 3733 2919 3779 et
2991 3722 3366 3780 ordinationes
3425 3722 3835 3778 monachorum

2234 3819 2346 3874 sive
2385 3818 2707 3873 clericorum
2744 3817 3003 3888 saepefato
3033 3818 3281 3873 coenobio
3315 3817 3730 3888 pertinentium.
3771 3816 3837 3872 ab

2234 3912 2501 3983 episcopis
2524 3913 2580 3966 in
2606 3928 2842 3983 quorum
2867 3912 3094 3969 dimcesi
3134 3919 3281 3979 sunt,
3320 3912 3622 3981 accipient;
3654 3911 3732 3965 ita
3756 3918 3836 3965 ta-

2234 4005 2437 4062 men-si
2474 4007 2709 4078 episcopi
2739 4007 2997 4062 canonice
3047 4005 3279 4061 ordinati
3328 4003 3548 4070 fuerint,
3597 4011 3654 4057 et
3680 4002 3836 4059 ordi-

2231 4102 2484 4158 nationes
2522 4103 2693 4173 gratis
2736 4100 2983 4157 fecerint.
3029 4100 3127 4156 Sin
3175 4106 3361 4155 autem
3391 4096 3591 4170 aliquid
3624 4095 3833 4159 horum

2234 4195 2525 4263 obstiterit,
2573 4195 2739 4251 abbas
2768 4210 2895 4251 cum
2938 4192 3153 4249 licentia
3175 4201 3230 4247 et
3262 4191 3583 4247 auctoritate
3624 4190 3840 4245 Roma-

2233 4288 2291 4342 ni
2310 4288 2580 4359 pontiﬁcis
2604 4287 2672 4343 ad
2698 4287 3134 4359 qualemcunque
3156 4284 3489 4343 catholicum
3511 4285 3837 4355 episcopum

2233 4381 2283 4436 ei
2342 4380 2625 4451 placuerit,
2675 4397 2837 4435 causa
2893 4380 3320 4436 consecrationis
3374 4386 3429 4434 et
3474 4375 3839 4433 ordinationis

2230 4482 2343 4529 tam
2385 4473 2640 4531 locorum
2701 4490 2867 4547 quam
2917 4491 3296 4548 personarum,
3345 4473 3571 4529 licenter
3622 4482 3838 4546 pergat.

2152 4588 2205 4656 Β
2237 4570 2371 4624 Πεθο
2414 4567 2579 4640 igitur
2627 4569 2815 4624 omnia
2875 4586 2996 4642 qum
3040 4566 3203 4641 hujus
3234 4567 3484 4641 praecepti
3522 4568 3843 4639 decretique

2234 4665 2408 4720 nostri
2430 4663 2627 4737 pagina
2660 4666 2924 4734 continet,
2958 4675 3073 4720 tam
3102 4665 3202 4721 tibi
3232 4681 3395 4736 quam
3421 4662 3633 4718 cunctis
3658 4663 3759 4736 qui
3786 4662 3842 4718 in

2236 4774 2300 4815 eo
2329 4775 2442 4831 quo
2484 4775 2541 4814 es
2585 4758 2779 4814 ordine
2810 4760 3039 4831 locoque
3068 4758 3451 4827 successerint,
3484 4757 3562 4813 vel
3588 4757 3665 4812 eis
3696 4772 3841 4829 quo-

2235 4869 2362 4909 rum
2408 4855 2669 4911 interesse
2713 4853 2977 4927 potuerit,
3026 4853 3079 4909 in
3122 4863 3444 4926 perpetuinn
3500 4850 3841 4907 reservanda

2233 4948 2601 5005 decernimus.
2633 4950 2701 5004 Si.
2732 4950 2855 5020 quis
2893 4964 3022 5005 vero
3062 4964 3275 5021 regum,
3310 4945 3688 5017 sacerdotum,
3725 4948 3836 5004 cic-

2232 5049 2498 5113 ricorum,
2522 5049 2773 5121 judicum
2799 5065 2861 5104 ac
2887 5050 3232 5105 saecularium
3271 5063 3655 5121 personarum,
3690 5047 3840 5103 hanc

2232 5145 2644 5205 constitutionis
2687 5154 2889 5202 nostra:
2928 5146 3177 5219 paginam
3228 5160 3580 5219 cognoscens,
3635 5153 3840 5200 contra

2233 5260 2359 5301 eam
2424 5245 2607 5300 venire
2663 5246 2974 5315 tentaverit,
3032 5246 3319 5317 potestatis
3356 5245 3697 5315 honorisque
3749 5243 3837 5300 sui

2232 5343 2501 5417 dignitate
2540 5354 2743 5415 careat,
2780 5363 3046 5419 reumque
3076 5363 3133 5403 se
3171 5347 3355 5403 divino
3378 5345 3585 5419 judicio
3633 5346 3839 5400 existe-

2236 5459 2296 5499 re
2347 5442 2415 5499 de
2458 5453 2770 5517 perpetrata
2822 5446 3107 5519 iniquitate
3138 5455 3457 5519 cognoscat;
3502 5453 3557 5500 et
3593 5444 3701 5500 nisi
3745 5443 3837 5498 illa

2233 5554 2361 5613 quae
2387 5548 2515 5595 sunt
2554 5541 2703 5597 male
2753 5539 2935 5599 ablata
2975 5543 3293 5613 restituerit,
3344 5542 3424 5598 vel
3457 5540 3622 5614 digna
3655 5540 3839 5613 [){Clti-

2241 5732 2429 5810 108a,.
2476 5737 2537 5784 ut
2593 5744 2657 5784 ex
2712 5729 2952 5801 ejuslem
3010 5729 3325 5789 monasterii
3370 5723 3600 5785 historia
3649 5734 3839 5799 potest

2234 5815 2459 5872 conjici.
