4044 6186
183 383 290 437 717

1118 387 1457 445 EPISTOL/E
1494 390 1710 445 exrm
1750 364 2131 446 nscisrnuu
2168 391 2544 446 VAGANTES.

3379 400 3483 451 718

180 505 357 561 tentia
386 504 574 563 illicite
598 515 717 564 acta
758 505 1053 580 deﬂeverit,
1079 528 1108 566 a
1151 514 1516 571 sacratissimo
1545 530 1776 587 corpore
1808 518 1860 581 Α
1886 513 2085 571 dientia
2127 516 2473 573 exhibentur.
2526 514 2689 589 Quod
2738 515 2783 575 si
2831 517 3029 592 aliquis
3076 520 3484 592 episcoporum,

180 608 234 655 et
274 600 538 671 sanguine
585 602 684 657 Dei
721 610 774 659 et
802 604 1024 660 Domini
1071 606 1432 678 redemptoris
1459 609 1634 665 nostri
1681 610 1771 665 Je-

178 710 240 750 su
290 693 491 750 Christi
542 695 754 752 alienus
811 698 927 766 ﬁat,
976 707 1137 771 atque
1182 701 1238 755 in
1272 711 1477 758 aeterno
1529 704 1775 760 examine

176 787 447 845 districta:
492 789 692 846 ultioni
738 791 1035 863 subjaceat,
1083 795 1291 851 cunctis
1354 805 1537 853 autem
1594 796 1776 853 eidem

178 882 305 937 loco
338 883 489 954 justa
531 885 873 943 servantibus
921 887 993 943 sit
1033 904 1134 959 pax
1164 889 1391 946 Domini
1432 890 1604 947 nostri
1647 892 1778 948 Jesu

180 976 407 1044 Christi,
452 987 725 1051 quatenus
775 989 827 1036 et
893 981 979 1037 hic
1031 981 1273 1039 fructum
1332 983 1493 1041 bonae
1549 984 1778 1041 actionis

180 1072 515 1143 percipiant,
568 1081 622 1128 et
673 1073 817 1144 apud
877 1074 1188 1135 districtum
1238 1076 1480 1150 judicem
1554 1078 1777 1151 praemia

179 1173 405 1223 :eternze
438 1165 572 1223 lucis
596 1167 901 1224 'inveniant.
936 1174 1135 1227 Amen.

851 1282 1113 1336 LXXIII.

248 1382 415 1438 Bulla
465 1384 713 1455 Gregorii
764 1386 859 1442 VII
910 1402 1011 1455 pro
1059 1387 1388 1444 monasterio
1434 1390 1490 1443 S.
1546 1390 1701 1443 Petri

790 1458 1161 1511 Juncellensz's.

707 1551 893 1612 (Anno
948 1554 1231 1615 1073-85.)

177 1649 342 1717 [GaIL
373 1651 593 1719 Christ,
626 1653 912 1777 Instrumj,
942 1660 1080 1777 tonj'.
1102 1653 1203 1796 1V1,
1239 1666 1356 1725 pag.
1386 1657 1471 1721 12,
1496 1668 1559 1707 ex
1575 1652 1779 1708 arcbiv.

902 1739 1036 1778 unce
1082 1766 1092 1777 .

902 1739 1092 1778 unce".

260 1824 613 1880 GBEGOBIUS
642 1824 953 1896 episcopus,
982 1840 1170 1881 servus
1212 1842 1493 1881 servorum
1532 1826 1666 1893 Dei,
1704 1825 1784 1882 di-

1885 624 1980 665 seu
2022 609 2281 685 quaelibet
2323 610 2691 668 ecclesiastica
2738 612 2819 667 vel
2870 614 3145 670 saecularis
3180 630 3485 687 persona...

1885 704 2284 761 monasterium
2319 712 2582 773 vestrum,
2625 714 2679 759 et
2716 704 2941 763 abbates
2972 706 3088 779 ejus
3114 706 3196 763 vel
3229 707 3485 764 monachi

1887 794 1958 853 ab
2003 796 2154 853 omni
2199 796 2469 853 szecularis
2497 798 2700 853 servitii
2744 799 2853 856 sint
2904 798 3247 857 infestatione
3290 801 3483 865 securi,

1886 890 2146 961 omnique
2192 891 2508 963 gravamine
2554 892 2853 948 mundanae
2908 892 3237 965 opressionis
3291 892 3487 949 remoti

1889 985 1947 1042 in
1984 986 2261 1059 religionis
2300 986 2681 1043 observatione
2729 987 2900 1044 seduli
2961 997 3121 1061 atque
3155 988 3317 1063 quieti
3359 1004 3485 1061 per-

1889 1088 2169 1136 maneant.
2204 1082 2338 1136 Hzec
2369 1080 2530 1153 igitur
2570 1080 2752 1137 omnia
2783 1098 2904 1157 quae
2944 1082 2998 1136 in
3040 1080 3208 1156 hujus
3231 1080 3485 1156 praecepti

1890 1174 2160 1232 decretive
2204 1175 2400 1248 pagina
2446 1175 2617 1230 nostri
2672 1176 3025 1230 continentur
3064 1174 3120 1228 in
3162 1182 3488 1246 perpetuum

1890 1269 2152 1325 servanda
2180 1267 2526 1325 decernimus
2578 1268 2631 1324 Si
2681 1268 2819 1342 quis
2839 1284 2962 1323 vero
3011 1282 3223 1340 regum,
3252 1268 3486 1339 impera-

1890 1370 2100 1431 torum,
2121 1360 2492 1429 sacerdotum,
2519 1362 2862 1429 clericorum,
2886 1359 3138 1435 judicum
3180 1376 3243 1416 ac
3268 1358 3489 1417 sazcula-

1891 1455 2033 1512 rium
2070 1471 2431 1528 personarum
2468 1455 2614 1511 hanc
2648 1453 3054 1511 constitutionis
3086 1460 3291 1510 nostrae
3332 1450 3485 1526 pagi-

1891 1566 2021 1605 nam
2066 1549 2322 1620 ignorans
2362 1558 2553 1605 contra
2598 1565 2721 1605 eam
2771 1547 3063 1604 temerario
3125 1564 3261 1605 ausu
3306 1546 3485 1601 venire

1891 1642 2199 1713 tentaverit,
2229 1642 2545 1698 admonitus
2575 1643 2765 1709 semel,
2791 1652 2845 1698 et
2875 1642 3094 1711 iterum,
3123 1654 3297 1712 usque
3326 1638 3486 1692 tertio

1895 1752 1988 1809 per
2028 1735 2413 1792 convenientes
2450 1735 2710 1803 inducias,
2753 1736 2799 1790 si
2838 1751 2951 1789 non
2995 1731 3281 1805 resipuerit
3321 1738 3486 1803 atque

1898 1829 2167 1902 praedicta).
2197 1829 2451 1885 Ecclesia:
2481 1836 2674 1885 vestra:
2698 1845 2811 1883 non
2836 1825 3173 1895 satisfecerit,
3204 1824 3489 1899 potestatis

182 1916 332 1971 lecto
370 1915 424 1971 in
450 1917 668 1973 Christo
708 1918 936 1974 ﬁlio.....
970 1918 1153 1975 abbati
1187 1919 1507 1976 monasterii
1544 1921 1600 1977 S.
1634 1920 1778 1975 Petri
1807 1946 1856 2007 Β
1892 1922 2224 1995 honorisque
2254 1923 2337 1979 sui
2366 1920 2627 1993 dignitate
2684 1929 2885 1989 careat,
2922 1935 3184 1993 rcumque
3215 1935 3271 1974 se
3300 1916 3486 1974 divino

180 2008 546 2066 Juncellensis
599 2014 882 2068 constituti
912 2012 963 2067 in
1013 2013 1131 2069 loco
1175 2013 1265 2084 qui
1318 2010 1516 2069 dicitur
1553 2016 1778 2076 Luuate,

181 2105 411 2175 suisque
439 2106 842 2164 successoribus
870 2106 1075 2164 ibidem
1102 2106 1426 2179 regulariter
1459 2123 1781 2179 promoven-

180 2198 264 2252 dis
298 2196 355 2252 in
393 2207 719 2269 perpetuum
734 2241 748 2256 .

255 2292 524 2361 Supernae
554 2292 917 2349 miserationis
942 2303 1194 2366 respectu
1234 2295 1301 2349 ad
1331 2294 1435 2349 hoc
1474 2294 1787 2350 universalis

180 2384 443 2441 Ecclesia
488 2401 673 2442 curam
715 2387 1057 2460 suscepimus
1108 2397 1161 2444 et
1217 2387 1494 2461 apostolici
1545 2388 1787 2444 modera-

179 2478 351 2533 minis
381 2478 804 2537 sollicitudinem
834 2481 1095 2553 gerimus,
1137 2491 1199 2537 ut
1232 2483 1399 2556 justis
1442 2482 1785 2554 precantium

179 2573 329 2627 votis
370 2582 583 2629 assueta
628 2573 965 2646 benignitate
1004 2574 1319 2645 faveamus,
1363 2583 1451 2641 et,
1490 2575 1783 2630 libramine

180 2666 477 2737 aequitatis,
514 2667 767 2723 omnibus
808 2668 862 2723 in
906 2670 1226 2725 necessitate
1256 2668 1460 2740 positis,
1496 2677 1779 2741 quantum,

179 2762 305 2815 Deo
343 2762 590 2833 juvante,
628 2778 942 2833 possumus,
975 2763 1267 2817 subvenire
1301 2762 1621 2817 debeamus.
1657 2763 1787 2816 Pro-

182 2854 313 2910 inde
337 2854 498 2926 juxta
536 2855 847 2925 petitionem
876 2864 1029 2911 tuam
1058 2855 1349 2928 prchatum
1394 2854 1785 2909 monasterium

179 2948 467 3014 Juncellis,
498 2949 581 3003 cui
610 2956 673 3004 tu
697 2964 927 3019 praeesse
952 2948 1305 3021 dignosceris,
1336 2948 1391 3004 in
1416 2948 1586 3003 tutela
1618 2955 1672 3002 et
1700 2946 1786 3002 de-

180 3040 435 3097 fensione
478 3051 678 3097 sanctae
714 3044 981 3099 Romanae
1008 3052 1061 3098 et
1097 3042 1408 3115 apostolicae
1441 3040 1583 3098 sedis
1613 3040 1786 3096 susci-

182 3136 390 3207 pimus,
450 3143 504 3189 et
552 3135 621 3190 ab
660 3137 809 3191 omni
848 3136 1093 3193 saeculari
1146 3136 1524 3192 dominatione
1554 3134 1787 3190 liberum

182 3245 409 3301 semper
452 3242 569 3284 esse
611 3228 977 3299 decernimus,
1026 3231 1111 3286 cui
1155 3229 1469 3302 hujusmodi
1508 3227 1788 3301 privilegio

1884 2016 2087 2089 judicio
2117 2016 2344 2071 existere
2385 2014 2453 2071 de
2491 2023 2800 2087 perpetrata
2841 2013 3123 2085 iniquitate
3157 2017 3484 2084 cognoscat;

1894 2118 1947 2167 et
1993 2109 2096 2165 nisi
2120 2124 2240 2179 quae
2269 2108 2338 2164 ab
2368 2106 2459 2163 illo
2498 2116 2625 2163 sunt
2652 2108 2796 2162 male
2836 2106 3017 2161 ablata
3054 2104 3374 2171 restituerit,
3402 2102 3487 2157 vel

1893 2204 2053 2276 digna
2096 2202 2415 2278 poenitentia
2454 2201 2631 2257 illicite
2664 2209 2785 2256 acta
2824 2198 3125 2267 deﬂeverit,
3174 2216 3207 2253 a
3252 2196 3487 2253 sanctis-

1895 2298 2036 2355 simo
2066 2313 2295 2369 corpore
2332 2313 2395 2352 ac
2435 2296 2698 2367 sanguine
2730 2292 3117 2364 Redemptoris
3145 2291 3323 2348 nostri
3358 2291 3487 2344 Jesu

1895 2390 2089 2447 Christi
2116 2390 2324 2445 alienus
2353 2389 2465 2445 ﬁat.
2492 2388 2714 2445 Cunctis
2744 2397 2925 2442 autem
2954 2385 3133 2441 eidem
3165 2384 3283 2441 loco
3310 2391 3488 2439 vestro

1886 2482 2038 2556 justa
2060 2483 2399 2539 servantibus
2424 2482 2495 2537 sit
2522 2499 2627 2553 pax
2655 2481 2877 2536 Domini
2908 2477 3078 2535 nostri
3099 2481 3228 2535 Jesu
3256 2474 3483 2544 Christi,

1894 2586 2156 2650 quatenus
2201 2585 2256 2631 et
2297 2575 2383 2629 hic
2428 2573 2664 2629 fructum
2693 2574 2856 2629 bona}
2894 2571 3127 2628 actionis
3169 2571 3489 2643 percipiant,

1896 2681 1951 2726 et
1979 2670 2123 2742 apud
2171 2668 2483 2725 districtum
2530 2667 2778 2723 Judicem
2817 2666 3041 2741 praemia
3080 2675 3300 2721 acterna:
3342 2665 3492 2737 pacis

1898 2763 2197 2819 inveniant.

2559 2878 2818 2932 LXXIV.

1897 2996 2250 3065 Ρνὼᾶοσόωει
2264 2994 2679 3063 Gregopr
2698 2992 2765 3045 de
2776 2992 3099 3045 mm
3110 2988 3172 3047 8.
3196 2986 3487 3044 Benedicti.

2442 3101 2638 3161 (Anno
2664 3098 2943 3158 1078—85.)

2038 3210 2347 3277 [MABILL.,
2384 3209 2585 3263 Annal.
2623 3206 2743 3261 0rd.
2770 3208 2827 3262 S.
2866 3204 3052 3259 Bencd.
3092 3202 3161 3269 ν,
3193 3198 3347 3269 640.]

182 3323 472 3394 prmsenti,
523 3323 968 3395 auctoritatisque
1020 3332 1221 3379 nostra:
1265 3324 1486 3380 decreto
1540 3321 1783 3393 indulge-
1818 3320 1863 3383 C
1969 3327 2324 3381 Gnnconms
2353 3324 2660 3396 episcopus,
2689 3336 2875 3377 servus
2897 3332 3179 3374 servorum
3210 3314 3333 3381 Dei,
3364 3315 3490 3368 Πυ-

182 3432 331 3482 mus,
380 3414 732 3472 concedimus
778 3425 833 3472 et
880 3414 1192 3482 ﬁrmamus,
1241 3424 1544 3472 statuentes
1578 3415 1793 3470 nullum

183 3526 379 3583 regum
439 3510 522 3565 vel
566 3510 995 3582 imperatorum,
1049 3510 1348 3565 antistitem
1386 3509 1618 3577 nullum,
1670 3524 1793 3579 qua-

183 3619 408 3675 cunque
449 3602 710 3675 dignitate
746 3604 1072 3676 przeditum,
1121 3605 1203 3659 vel
1250 3618 1581 3675 quemquam
1626 3602 1792 3657 alium

183 3698 392 3754 audere
422 3695 495 3753 de
540 3697 604 3753 iis
634 3714 754 3770 quae
793 3698 971 3754 eidem
1012 3698 1304 3754 venerabili
1339 3697 1459 3752 loco
1503 3713 1533 3751 a
1564 3694 1791 3767 quibus-

182 3790 317 3847 libet
345 3790 669 3846 hominibus
712 3791 781 3847 de
810 3792 1026 3864 proprio
1065 3792 1189 3865 jure
1233 3791 1352 3865 jam
1398 3791 1597 3846 donata
1643 3798 1791 3857 sunt,

183 3885 269 3938 vel
300 3885 361 3938 in
390 3882 660 3951 futurum,
694 3886 816 3940 Deo
848 3886 1173 3952 miserante,
1211 3884 1407 3941 collata
1436 3882 1663 3950 fuerint,
1693 3883 1795 3938 sub

186 3977 487 4051 cujuslibet
529 3993 709 4034 causa:
759 3979 1132 4035 occasionisve
1173 3978 1367 4050 Specie,
1406 3978 1678 4043 minuere,
1713 3977 1794 4031 vel

186 4070 431 4139 auferre,
461 4079 517 4126 et
553 4071 664 4127 sive
692 4071 803 4128 suis
838 4073 1029 4128 usibus
1059 4072 1354 4144 applicare,
1384 4072 1465 4126 vel
1496 4070 1610 4127 aliis
1638 4069 1795 4142 quasi

189 4165 287 4235 piis
318 4165 390 4221 de
437 4165 619 4221 causis
664 4182 762 4238 pro
811 4182 923 4221 sua:
948 4166 1188 4221 avaritiae
1212 4165 1562 4221 excusatione
1601 4180 1794 4220 conce-

187 4256 339 4325 dere,
375 4258 471 4315 sed
499 4266 692 4314 cuncta
722 4275 846 4332 quae
876 4259 948 4316 ibi
979 4260 1157 4315 oblata
1182 4267 1325 4322 sunt,
1348 4260 1429 4314 vel
1459 4256 1649 4313 offerri
1674 4273 1798 4313 con-

186 4350 391 4424 tigerh,
425 4362 538 4407 tam
570 4370 597 4408 a
625 4362 679 4409 te
707 4370 875 4425 quam
913 4354 983 4409 ab
1020 4354 1100 4409 eis
1123 4353 1212 4424 qui
1235 4362 1333 4407 tuo
1356 4351 1542 4408 ofﬁcio
1571 4352 1797 4422 locoque

190 4446 578 4509 successerint,
609 4447 825 4516 perenni
856 4455 1105 4517 tempore
1133 4446 1334 4502 illibata
1370 4454 1425 4502 et
1451 4447 1569 4502 sine
1595 4444 1799 4516 inquie-

189 4539 381 4595 tudine
435 4541 692 4595 volumus
760 4539 1055 4612 possideri,
1105 4557 1299 4597 eorum
1345 4538 1566 4611 quidem
1613 4539 1798 4593 usibus

187 4648 290 4703 pro
318 4649 561 4705 quorum
596 4636 986 4690 sustentatione
1013 4635 1514 4708 gubernationeque
1538 4647 1794 4689 concessa

185 4735 341 4795 sunt,
374 4726 557 4783 modis
596 4727 849 4783 omnibus
896 4728 1199 4799 profutura.
1239 4731 1379 4783 Item
1418 4727 1792 4784 constituimus

184 4828 273 4885 ut,
292 4821 536 4876 obeunte
562 4829 635 4885 te,
666 4836 780 4876 non
810 4821 947 4877 alius
972 4821 1043 4877 ibi
1064 4821 1437 4893 cujuscunque
1458 4821 1795 4893 obreptionis

184 4914 391 4968 astutia
438 4916 549 4970 sive
577 4930 677 4987 per
711 4914 1124 4984 investituram,
1160 4916 1273 4972 sive
1324 4932 1420 4986 per
1472 4915 1791 4973 saecularem

187 5014 526 5076 potestatem
590 5006 891 5077 ordinetur,
932 5009 1036 5065 nisi
1093 5025 1256 5080 quem
1306 5008 1540 5079 religiosi
1598 5008 1795 5065 fratres

182 5099 441 5170 ejusdem
467 5101 708 5157 coenobii
728 5117 855 5157 cum
882 5104 1159 5157 communi
1190 5118 1459 5158 consensu
1495 5101 1792 5157 secundum

185 5193 454 5250 timorem
480 5196 590 5251 Dei
628 5195 893 5268 elegerint
928 5195 996 5252 de
1036 5194 1226 5251 eadem
1271 5196 1719 5269 congregatione,
1751 5195 1794 5251 si

182 5284 428 5345 idoneus
454 5289 709 5345 inventus
729 5289 910 5346 fuerit.
946 5289 1104 5360 Quod
1132 5289 1173 5345 si
1196 5290 1346 5359 talis,
1370 5291 1463 5364 qui
1494 5289 1619 5346 huic
1649 5291 1794 5363 regi-

184 5380 333 5435 mini
376 5393 662 5455 congruat,
712 5382 856 5439 inter
888 5399 985 5441 eos
1014 5382 1241 5439 inveniri
1290 5400 1403 5439 non
1434 5386 1632 5456 possit,
1664 5400 1793 5440 cum

179 5474 426 5530 consilio
450 5474 832 5549 religiosorum
857 5478 1101 5533 virorum
1124 5477 1345 5533 aliunde
1367 5478 1468 5534 sibi
1497 5482 1713 5535 Patrem
1740 5487 1799 5535 et

179 5568 522 5639 magistrum
564 5578 843 5642 expetant,
872 5572 1235 5627 ordinandum
1267 5589 1395 5628 vero
1440 5573 1505 5627 ab
1539 5573 1795 5645 episc0po

178 5662 240 5717 in
275 5663 437 5734 cujus
487 5663 704 5721 dizecesi
734 5666 1132 5721 monasterium
1163 5675 1401 5721 vestrum
1432 5666 1793 5721 constitutum

180 5762 305 5819 est,
335 5756 437 5810 nisi
464 5755 613 5813 forte
641 5758 820 5830 ipsum
852 5756 921 5813 ab
964 5760 1261 5832 apostolica
1292 5758 1417 5815 sede
1446 5758 1794 5815 interdictum

171 5863 312 5904 esse
347 5850 640 5920 claruerit;
670 5852 763 5924 qui
806 5853 1043 5925 quandiu
1086 5852 1139 5907 in
1176 5853 1370 5910 eadem
1414 5852 1795 5909 interdictione

175 5957 288 5998 seu
342 5943 634 6003 rebellione
670 5947 1023 6016 remanserit,
1070 5947 1215 6003 nulla
1263 5947 1361 6003 sibi
1406 5962 1435 6001 a
1483 5947 1637 6004 vobis
1666 5947 1799 6004 ohe—-

1903 3435 2086 3488 GONI,
2135 3417 2428 3473 venerabili
2472 3415 2660 3471 abbati
2712 3412 3078 3471 Cluniacensis
3132 3408 3489 3477 monasterii,

1900 3512 2122 3583 suisque
2151 3509 2557 3567 successoribus
2593 3507 2649 3563 in
2700 3516 3046 3580 perpetuum.

1972 3604 2216 3676 Suscepti
2260 3619 2361 3657 nos
2400 3602 2561 3657 ofﬁcii
2611 3618 2738 3658 cura
2777 3598 3058 3672 compellit
3100 3595 3497 3654 venerabilibus

1902 3700 2052 3767 locis,
2084 3707 2138 3754 et
2171 3697 2443 3769 praecipue
2473 3695 2558 3750 his
2583 3711 2703 3767 quae
2736 3690 2943 3766 proprii
2977 3692 3109 3764 juris
3140 3699 3268 3746 sunt
3294 3699 3495 3745 sanctae

1903 3797 2172 3851 Romanae
2200 3790 2475 3857 Ecclesiae,
2504 3789 2671 3844 talem
2700 3795 2906 3843 nostras
2949 3783 3371 3857 dispensationis
3396 3782 3497 3839 ad-

1906 3886 2093 3943 hibere
2122 3884 2483 3958 diligentiam,
2512 3891 2572 3938 ut
2606 3881 2663 3937 in
2684 3880 2793 3936 illis
2818 3896 2884 3936 ea
2916 3878 3157 3935 maxime
3186 3876 3499 3949 apostolicis

1905 3980 2190 4053 privilegiis
2228 3987 2283 4035 et
2308 3975 2652 4034 memorabili
2677 3974 3005 4031 auctoritate
3044 3972 3342 4031 ﬁrmentur
3377 3985 3501 4044 qua

1906 4076 1971 4131 ad
2009 4089 2179 4131 seem
2220 4072 2546 4130 auditionis
2570 4069 2837 4135 studium,
2878 4076 2937 4123 et
2960 4066 3031 4122 ad
3071 4065 3339 4137 religiosa
3375 4064 3502 4118 vita

1907 4168 2247 4240 propositum
2290 4174 2347 4221 et
2373 4165 2689 4221 diuturnam
2720 4161 2980 4233 spiritalis
3027 4159 3217 4232 gratia:
3258 4156 3497 4213 aediﬁca-

1906 4262 2115 4318 tionem
2141 4259 2484 4331 potissimum
2512 4257 2690 4313 valere
2708 4262 3033 4312 nouantur.
3066 4256 3411 4323 Quapropter
3435 4249 3502 4305 de

1908 4354 2137 4429 spiritali
2156 4351 2552 4426 gubernatione
2579 4358 2635 4404 et
2656 4357 2802 4407 statu
2834 4346 3157 4404 monasterii
3188 4342 3371 4402 Sancti
3398 4345 3503 4398 Be-

1910 4448 2137 4513 nedicti,
2173 4444 2524 4503 consistentis
2556 4443 2705 4499 inter
2748 4441 2935 4497 littora
2972 4439 3107 4495 Padi
3147 4446 3203 4493 et
3238 4435 3501 4491 Larionis

1911 4541 2234 4606 ﬂuminum,
2256 4536 2573 4612 hujusmodi
2595 4535 2843 4591 instituta
2869 4533 3081 4589 sancire
3102 4538 3155 4586 et
3174 4528 3503 4585 conﬁrmare

1910 4620 2147 4707 dignum
2179 4633 2457 4699 duximus,
2499 4639 2558 4686 ut
2599 4639 2808 4695 nostra,
2841 4641 3006 4698 quam
3037 4622 3205 4679 semel
3238 4619 3501 4693 impendi-

1910 4744 2054 4795 mus,
2098 4744 2315 4799 semper
2344 4741 2473 4781 cum
2505 4723 2606 4779 Dei
2646 4721 2919 4795 adjutorio
2955 4716 3265 4773 sollicitudo
3297 4714 3499 4785 vigilet.

1906 4824 1976 4878 Et
2002 4824 2141 4877 sicut
2176 4820 2233 4874 in
2256 4819 2350 4875 illo
2378 4823 2686 4884 auctorum,
2720 4832 2749 4871 a
2780 4813 3005 4886 quibus,
3038 4817 3416 4866 constructum
3448 4816 3503 4864 et

1906 4921 2027 4973 Deo
2056 4912 2301 4971 oblatum
2330 4920 2431 4981 est,
2460 4909 2611 4965 omni
2643 4917 2891 4979 tempore
2922 4903 3167 4972 devotio,
3200 4902 3336 4959 ﬁdes
3368 4901 3501 4957 vivit

1906 5020 1962 5067 et
1990 5008 2188 5083 pietas;
2216 5007 2288 5063 ita
2319 5004 2385 5062 ad
2414 5018 2715 5061 commune
2740 5000 2981 5075 ipsorum
3008 5014 3070 5053 ac
3092 5005 3297 5052 nostra:
3329 4995 3500 5051 devo-

1906 5101 2076 5159 tionis
2100 5102 2362 5157 meritum
2384 5106 2570 5155 nostra
2590 5092 2792 5152 ibidem
2812 5090 3175 5167 providentia,
3200 5088 3505 5159 Deodispo-

1907 5205 2097 5263 nente,
2130 5196 2272 5249 vivat
2299 5210 2360 5248 ac
2389 5199 2646 5263 operetur
2673 5186 2988 5245 auctoritas.
3020 5188 3268 5257 Namque
3300 5197 3503 5238 mona-

1909 5291 2137 5347 sterium
2181 5286 2316 5344 illud
2359 5303 2389 5342 a
2420 5282 2722 5351 Thedaldo,
2770 5281 2964 5337 illustri
3006 5280 3143 5347 viro,
3176 5285 3326 5351 patre
3358 5291 3504 5330 mar-

1908 5384 2120 5441 chionis
2145 5380 2407 5439 Bonil'acii
2434 5378 2796 5436 constitutum
2816 5384 2921 5444 est,
2941 5372 3204 5431 traditum
3237 5386 3361 5426 vero
3380 5378 3435 5425 et
3453 5370 3506 5424 in

1910 5477 2194 5552 proprium
2212 5476 2304 5547 jus
2328 5474 2587 5530 collatum
2610 5472 2773 5527 beato
2801 5473 2961 5525 Petro
2984 5476 3038 5522 et
3061 5466 3177 5539 ejus
3196 5462 3506 5537 apostolicae

1908 5572 2054 5638 sedi,
2087 5570 2227 5626 sicut
2255 5576 2308 5624 et
2338 5569 2516 5640 aliqua
2557 5566 2659 5622 alia
2696 5561 3023 5620 monasteria
3052 5570 3305 5630 tempore
3332 5556 3501 5613 nostri

1912 5663 2289 5740 pontiﬁcatus,
2313 5679 2342 5717 a
2358 5660 2645 5727 Mathilde,
2666 5658 2773 5713 ﬁlia
2796 5654 3037 5729 ejusdem
3056 5648 3391 5709 marcliiouis
3406 5651 3506 5701 Bo-

1910 5759 2117 5825 nifacii,
2132 5755 2411 5831 quondam
2424 5753 2643 5809 decreta
2658 5760 2711 5807 et
2726 5750 3075 5806 corroborata
3091 5741 3503 5805 constitutione,

1912 5855 2057 5909 sicut
2080 5852 2243 5907 etiam
2276 5851 2330 5904 in
2352 5849 2489 5916 aliis,
2515 5862 2635 5919 quae
2660 5844 2727 5901 ad
2750 5840 3199 5896 communionem
3232 5844 3283 5890 et
3310 5832 3507 5887 conﬁr-

1913 5946 2219 6002 mationem
2241 5943 2486 6014 ejusdem
2528 5938 2630 5993 loci
2672 5934 2917 5999 fecimus,
2943 5930 3176 5985 habetur
3201 5924 3488 5997 privilegiis
