4044 6186
521 332 624 385 719

1467 327 1520 381 S.
1565 326 1888 382 GREGORII
1926 326 2014 382 VII
2055 327 2250 381 PAPE
2288 325 2561 381 OPERUM
2600 323 2772 378 PARS
2809 323 2874 376 Il.

3717 316 3815 368 720

521 464 587 511 ut
618 453 744 510 inde
778 468 873 526 per
908 451 1154 523 singulos
1185 464 1359 506 annos
1388 450 1548 506 beato
1577 455 1740 507 Petro
1774 459 1828 506 et
1856 452 1972 523 ejus
1994 468 2118 524 apo-
2147 456 2199 518 Α
2230 450 2439 507 nullum
2452 464 2773 522 quacunque
2789 445 3081 518 praditum
3101 441 3363 515 dignitate
3384 441 3463 495 vel
3484 454 3816 512 quemquam

518 547 724 605 stolica
752 546 887 613 sedi,
918 545 973 600 in
1005 545 1291 616 prasentia
1315 543 1549 600 Romani
1579 544 1851 614 pontiﬁcis
1873 553 1968 600 aut
1997 544 2116 615 ejus

518 640 853 712 archilegati,
885 641 1083 694 Roma
1111 645 1208 694 aut
1228 637 1318 694 ubi
1355 638 1466 708 ipse
1485 637 1730 709 jusserit,
1760 645 1886 693 octo
1916 637 2116 692 diebus

517 741 642 790 ante
673 732 750 788 vel
777 738 902 802 post
927 730 1054 786 Kal.
1088 731 1242 800 Maii,
1276 730 1332 786 id
1362 739 1446 787 est
1489 732 1781 797 Romana,
1813 730 1973 785 uncia
2001 729 2115 784 auri

516 825 848 898 impensioni
891 823 1172 881 reddatur.
1225 827 1431 880 Verum
1476 824 1601 894 quia
1631 833 1716 893 tu,
1758 823 2114 880 dilectissime

514 919 681 976 frater
707 926 763 975 et
790 918 960 975 abbas
987 917 1317 982 venerande,
1350 917 1418 972 ad
1453 917 1752 989 regendum
1800 917 1933 974 illud
1969 917 2114 973 idem

519 1013 919 1070 monasterium
948 1013 1016 1070 de
1057 1011 1483 1085 congregatione
1521 1011 1890 1066 Cluniacensis
1920 1027 2114 1066 mona-

517 1108 695 1176 sterii,
719 1108 826 1176 cui,
850 1111 966 1162 Deo
989 1114 1234 1174 auctore,
1260 1120 1494 1177 praesse
1513 1104 1868 1175 dignosceris,
1886 1102 2115 1160 fratrem

518 1201 818 1257 Widouem
863 1200 1024 1256 nobis
1071 1199 1316 1267 donasti,
1351 1200 1526 1254 virum
1559 1199 1871 1269 religiosum
1911 1207 1968 1254 et
1991 1215 2115 1268 pru-

518 1293 717 1350 denter
736 1294 1014 1360 edoctum,
1036 1293 1126 1364 qui
1148 1292 1353 1348 ibidem
1374 1307 1546 1347 sacra
1570 1291 1844 1362 religionis
1873 1291 2114 1346 formam

518 1394 680 1460 atque
704 1386 1014 1443 doctrinam
1047 1385 1350 1442 secundum
1394 1385 1641 1456 regulam
1681 1385 1849 1440 sancti
1879 1385 2114 1441 Benedi-

520 1481 593 1536 cti
636 1489 693 1536 et
739 1488 936 1536 vestra
979 1477 1404 1535 conversationis
1431 1478 1880 1534 consuetudinem
1925 1480 2116 1534 edoce-

517 1581 622 1640 ret,
661 1581 735 1639 et,
763 1575 884 1629 Deo
909 1573 1219 1639 auxiliante,
1262 1572 1602 1640 institueret;
1634 1589 1705 1627 ne
1746 1571 1908 1643 hujus
1942 1571 2113 1628 adiﬁ-

517 1665 744 1722 cationis
802 1665 1031 1737 vestigia
1075 1666 1130 1720 in
1174 1673 1456 1737 posterum
1501 1664 1809 1732 deleantur,
1865 1674 1959 1722 aut
1999 1667 2112 1734 tui,

515 1757 704 1826 frater,
743 1758 1038 1830 spiritualis
1066 1758 1326 1828 germinis
1355 1757 1585 1824 fructus,
1633 1775 1730 1830 per
1773 1759 2115 1830 subrogatio-

518 1866 648 1907 nem
677 1851 906 1922 alicujus
934 1859 1212 1907 extranea
1254 1853 1680 1907 conversationis
1727 1859 1783 1906 et
1812 1851 2114 1907 infecunda

515 1943 991 2016 supplantationis,
1056 1944 1234 2016 aliquo
1283 1944 1535 2015 deinceps
1599 1954 1845 2016 tempore
1900 1945 2116 2000 deﬁciat

517 2037 600 2092 vel
639 2036 925 2093 occasione
963 2037 1244 2109 depereat;
1285 2054 1476 2093 curam
1518 2038 1660 2093 illius
1698 2039 1797 2093 loci
1838 2038 1938 2093 tibi
1972 2039 2113 2093 tuis-

517 2145 624 2202 que
646 2131 1050 2189 successoribus
1076 2132 1126 2186 in
1158 2139 1484 2203 perpetuum
1523 2132 1580 2186 in
1606 2140 1792 2187 nostra
1824 2131 1939 2188 vice
1966 2148 2114 2187 com-

520 2224 816 2292 mittimus,
860 2233 920 2280 ut
961 2226 1018 2279 in
1068 2226 1186 2296 ejus
1231 2225 1623 2297 gubernatione
1665 2233 1826 2296 atque
1871 2226 2114 2283 custodia

519 2325 722 2374 nostra
773 2318 1151 2375 sollicitudinis
1183 2327 1242 2372 tu
1292 2335 1596 2391 omnesque
1643 2335 1982 2375 successores
2031 2320 2114 2375 tui

518 2419 573 2467 et
628 2418 950 2483 potestatem
998 2411 1233 2468 habeant
1292 2421 1346 2468 et
1417 2413 1660 2468 studium
1718 2413 2116 2484 procurationis

519 2504 840 2576 mpendant.
864 2506 1220 2562 Decernimus
1239 2506 1408 2561 etiam
1437 2514 1518 2576 ut,
1541 2507 1776 2561 obeuute
1797 2507 1870 2561 ibi
1891 2506 2111 2576 abbate,

515 2605 692 2654 vestra
732 2615 945 2671 semper
972 2599 1254 2670 provideat
1294 2599 1576 2670 diligentia
1608 2609 1877 2670 quatenus
1918 2600 2116 2656 idonea

517 2698 572 2746 et
589 2691 716 2746 huic
743 2691 921 2748 ofﬁcio
952 2693 1116 2763 digna
1152 2693 1205 2746 in
1234 2693 1359 2748 loco
1388 2693 1670 2763 regiminis
1698 2693 2002 2749 secundum
2037 2711 2119 2750 re-

516 2784 699 2855 gulam
727 2787 785 2840 S.
819 2785 1098 2840 Benedicti
1129 2801 1363 2856 persona
1398 2787 1744 2857 subrogetur,
1777 2795 1833 2840 et
1856 2787 2116 2858 quidquid

409 2896 427 2911 ε
513 2880 572 2932 in
602 2879 936 2934 monasterio
966 2878 1036 2934 ad
1060 2888 1414 2950 augmentum
1451 2888 1506 2934 et
1535 2879 1976 2935 observationem
2005 2897 2120 2935 mo-

513 2971 758 3027 inastiea
791 2971 1071 3043 religionis
1098 2972 1308 3027 institui
1354 2973 1433 3028 vel
1477 2971 1752 3028 emendari
1781 2974 2108 3044 oportuerit,

514 3071 691 3121 vestro
727 3080 948 3136 semper
977 3065 1288 3137 magisterio
1333 3074 1388 3120 et
1437 3064 1848 3136 dispensatione
1879 3067 2108 3122 admini-

2225 545 2414 612 alium,
2435 543 2502 598 de
2527 543 2613 598 his
2635 558 2757 613 qua
2777 541 2956 596 eidem
2978 538 3224 594 ecclesia
3239 553 3270 592 a
3286 536 3450 592 beato
3471 533 3817 604 Audomaro,

2226 636 2505 694 Adroaldo
2559 646 2614 692 et
2682 635 2894 690 cateris
2933 633 3136 688 donata
3185 637 3330 698 sunt,
3372 629 3588 684 minuer
3613 626 3694 681 vel
3725 642 3819 680 au-

2227 731 2384 799 ferre,
2402 731 2495 788 sed
2516 737 2709 786 cuncta
2742 743 2862 800 qua
2885 726 2958 783 ibi
2983 727 3158 782 oblata
3201 732 3358 792 sunt,
3403 721 3624 795 perenni
3670 729 3818 775 tem-

2226 841 2357 898 pore
2403 824 2599 880 illibata
2650 832 2704 878 et
2745 823 2857 876 sine
2907 817 3284 890 inquietudine
3330 817 3509 888 aliqua
3560 815 3818 870 volumus

2226 919 2514 991 possideri,
2536 931 2819 972 eorum....
2842 914 3028 969 usibus
3047 929 3145 984 pro
3167 927 3406 983 quorum
3422 908 3820 965 sustentatione

2225 1013 2718 1085 gubernationeque
2741 1024 3000 1065 concessa
3025 1009 3176 1072 sunt,
3203 1004 3378 1060 modis
3408 1002 3666 1058 omnibus
3700 1017 3820 1074 pro-

2226 1106 2424 1162 futura.

2297 1203 2459 1266 Item,
2487 1197 2871 1254 constituimus
2897 1203 2974 1262 ut,
3007 1194 3249 1250 obeunte
3272 1191 3568 1265 praposito
3597 1189 3681 1244 vel
3719 1187 3823 1244 de-

2226 1309 2360 1348 cano
2405 1292 2647 1364 ejusdem
2686 1291 2952 1355 ecclesia,
2993 1304 3107 1344 non
3137 1288 3275 1342 alius
3325 1285 3396 1342 ibi
3447 1283 3822 1340 substituatur

2225 1402 2546 1458 quacunque
2573 1384 2903 1455 obreptionis
2930 1382 3148 1449 astutia,
3179 1381 3284 1435 nisi
3314 1395 3482 1452 quem
3510 1391 3821 1433 consensus

2224 1480 2611 1536 canonicorum
2628 1479 2882 1534 canonice
2895 1485 2951 1532 et
2969 1474 3273 1532 secundum
3291 1473 3389 1530 Dei
3411 1472 3672 1528 timorem
3696 1484 3821 1540 pro-

2224 1574 2420 1630 viderit
2467 1571 2867 1638 ordinandum,
2909 1571 2990 1625 vel
3049 1569 3272 1640 elegerit
3324 1562 3816 1628 constituendum,

2225 1677 2330 1722 etc.

2889 1757 3150 1811 LXXVI.

2224 1873 2470 1939 Gregorii
2493 1873 2597 1928 γι]
2610 1886 2766 1941 papa
2788 1870 2936 1924 bulla
2959 1885 3066 1939 qua
3092 1867 3414 1921 monasterio
3436 1861 3661 1941 cavensi
3686 1861 3820 1918 San-

2291 1934 2387 2067 cia:
2416 1934 2706 2025 Trinitatis
2734 1942 2903 1996 donat
2941 1934 2992 1994 et
3034 1942 3311 2007 conﬁrmat
3337 1934 3587 2006 quadam
3629 1948 3818 1986 mona-

2292 2029 2316 2066 s
2345 2031 2480 2068 erm.

2780 2111 2958 2173 (Anno
3002 2104 3278 2170 1073-85.)

2509 2209 2868 2280 [MUBATOBI,
2896 2211 3086 2276 Antig.
3117 2207 3268 2269 Ital.,
3294 2206 3362 2266 V,
3382 2201 3532 2273 479.]

2295 2323 2654 2379 Caesonius
2684 2320 2989 2392 episcopus,
3021 2334 3212 2375 servus
3233 2331 3516 2372 servorum
3545 2312 3670 2380 Dei,
3702 2326 3820 2367 om-

2224 2415 2384 2471 nibus
2417 2415 2619 2470 Christi
2660 2414 2927 2482 ﬁdelibus,
2970 2411 3181 2468 clericis
3228 2427 3290 2466 ac
3329 2409 3472 2465 laicis
3497 2407 3738 2464 salutem
3762 2412 3816 2460 et

2223 2510 2576 2582 apostolicam
2608 2507 3064 2563 benedictionem.

2294 2607 2499 2658 Notum
2541 2618 2658 2657 esse
2701 2601 2952 2657 volumus
2997 2599 3255 2656 omnibus
3284 2597 3494 2654 clericis
3535 2611 3597 2649 ac
3634 2592 3816 2658 laicis,

2225 2700 2402 2752 Deum
2432 2697 2515 2766 pia
2545 2696 2913 2767 catholicaque
2951 2694 3060 2749 ﬁde
3089 2692 3415 2756 colentibus,
3461 2705 3559 2744 nos
3589 2688 3642 2742 in
3674 2701 3816 2757 apo-

2223 2791 2430 2846 stolica
2483 2789 2817 2845 defensionis
2853 2789 3076 2842 tutelam
3129 2789 3367 2842 Cavense
3411 2780 3815 2838 monasterium

2226 2884 2547 2954 suscepisse,
2579 2883 2725 2954 quod
2757 2881 2899 2952 apud
2930 2882 3216 2935 Salernum
3245 2880 3300 2934 in
3337 2886 3536 2934 sancta
3573 2891 3638 2930 ac
3672 2872 3823 2928 indi-

2226 2977 2403 3033 vidua
2437 2976 2719 3031 Trinitatis
2748 2976 2957 3031 honore
2980 2982 3359 3030 constructum
3404 2987 3522 3026 esse
3545 2966 3823 3039 dignosci-

2219 3079 2308 3127 tur
2332 3091 2343 3125 ε
2367 3071 2455 3126 cui
2487 3070 2820 3126 monasterio
2847 3085 2948 3124 nos
2987 3067 3240 3139 quadam
3271 3066 3328 3120 in
3364 3063 3596 3120 Cilentio
3627 3067 3825 3117 monte

512 3165 732 3226 stretur,
777 3158 922 3214 salva
951 3158 1171 3230 quidem
1210 3159 1264 3213 in
1307 3158 1564 3213 omnibus
1599 3159 1922 3215 auctoritate
1960 3160 2106 3216 sedis
2140 3173 2187 3238 C
2216 3165 2385 3236 posita
2433 3163 2784 3230 monasteria,
2842 3161 3092 3217 videlicet
3153 3158 3548 3215 monasterium
3599 3157 3818 3210 Sancta

511 3252 845 3322 apostolica,
892 3251 1048 3323 cujus
1087 3252 1230 3323 juris
1275 3253 1427 3307 locus
1469 3252 1557 3307 ille
1587 3268 1706 3308 esse
1747 3253 2101 3324 dignoscitur,

512 3352 567 3399 et
594 3345 807 3401 cateris
837 3360 961 3417 qua
1001 3345 1068 3401 de
1104 3345 1515 3401 consecratione
1554 3345 1765 3402 abbatis
1789 3355 1840 3402 et
1865 3347 2101 3404 fratrum

512 3439 832 3495 monasterii
869 3455 974 3495 uec
1003 3455 1112 3495 non
1142 3445 1195 3495 et
1230 3440 1465 3496 aliorum
1499 3439 1568 3495 ad
1599 3439 1654 3496 id
1683 3441 2101 3512 pertinentium,

512 3546 611 3587 seu
651 3531 720 3589 de
757 3531 1064 3590 redditione
1094 3549 1314 3601 census,
1346 3541 1626 3605 postremo
1667 3533 1735 3590 de
1766 3535 1916 3590 omni
1955 3541 2103 3590 statu

508 3623 644 3694 ejus,
677 3625 732 3679 in
771 3626 1062 3699 privilegiis
1084 3643 1184 3698 pro
1216 3642 1311 3681 sua
1340 3627 1632 3682 stabilitate
1652 3635 1706 3682 et
1735 3628 1951 3698 speciali
1979 3645 2101 3684 mu-

510 3715 714 3772 nitione
729 3717 830 3772 sibi
852 3719 1151 3786 concessis,
1179 3718 1392 3774 decreta
1422 3736 1488 3774 ac
1513 3729 1713 3775 statuta
1739 3720 2097 3778 ﬁrmavimus.

1190 3857 1422 3911 LXXV.

511 3977 802 4044 Gregorius
850 3979 953 4034 V11
977 3978 1267 4046 privilegia
1301 3979 1547 4034 Ecclesia
1583 3983 1639 4037 S.
1689 3983 1996 4037 Audomari
2044 3987 2101 4037 in

579 4048 855 4187 grthe‘sia,
879 4048 1105 4105 Roberto
1124 4050 1399 4104 Flandria
1419 4055 1606 4107 comite
1617 4054 1954 4125 postulante,
1979 4071 2101 4110 con-

623 4135 740 4173 rma
773 4163 784 4173 .

1061 4239 1247 4302 (Anno
1273 4240 1560 4311 1073-35.)

581 4350 857 4428 Mutatus,
1045 4353 1561 4428 diplom.,tom.lv,
1599 4371 1719 4428 pag.
1745 4362 1881 4420 5,ex
1897 4359 2101 4416 motivo

610 4423 754 4494 juris
782 4423 1003 4496 capituli
1033 4427 1338 4482 Audomari
1379 4436 1568 4482 contra
1600 4423 1989 4500 Bertinianosj

578 4557 1014 4615 GRIGORIUS....
1063 4557 1388 4616 dilecto.....
1441 4559 1553 4617 ﬁlio
1601 4563 1892 4622 Ronss'ro
1939 4567 2097 4623 Flau-

507 4647 786 4705 drensium
827 4651 1035 4706 comiti.
1049 4695 1061 4706 .

579 4741 861 4812 Ecclesia,
900 4758 1065 4814 quam
1086 4745 1277 4801 beatus
1307 4746 1674 4817 Audomarus,
1703 4751 1894 4808 tertius
1923 4753 2096 4809 Mori-

506 4848 706 4890 norum
737 4835 1050 4906 episcopus,
1081 4836 1324 4894 fundavit
1351 4839 1408 4895 in
1441 4841 1646 4897 honore
1677 4842 1852 4900 beata
1884 4844 1986 4902 Dei
2007 4863 2096 4918 ge-

505 4925 717 4981 nitricis
769 4927 975 4995 Maria,
1024 4935 1082 4984 et
1129 4946 1251 5001 qua
1281 4949 1453 5004 usque
1497 4933 1551 4989 in
1592 4935 1924 4993 hodiernum
1953 4939 2098 4995 diem

503 5018 749 5089 ejusdem
778 5019 1018 5094 episcopi
1063 5025 1384 5082 venerabilis
1426 5027 1663 5084 habetur
1691 5047 1944 5102 corpore,
1988 5031 2094 5087 hu-

501 5111 745 5182 iusmodi
777 5113 1125 5187 privilegia,..
1160 5119 1502 5175 auctoritatis
1534 5128 1735 5178 nostra
1775 5123 2090 5195 decreto....

502 5206 855 5263 concedimus
888 5216 1050 5279 atque
1084 5208 1388 5268 ﬁrmamus.
1433 5216 1893 5288 Renovamusque
1925 5220 2091 5274 etiam

501 5299 593 5354 illa
615 5316 740 5372 qua
765 5300 960 5356 beatus
984 5302 1244 5359 Nicolaus
1268 5321 1298 5359 a
1319 5305 1480 5363 beato
1503 5308 1760 5381 Gregorio
1790 5311 2090 5384 quadrage-

501 5391 676 5449 simus
696 5392 970 5450 secundus
995 5393 1178 5452 eidem
1204 5399 1449 5456 ecclesia
1477 5399 1609 5457 fecit
1628 5402 1920 5476 privilegia,
1953 5423 2091 5478 pra-

497 5492 651 5541 sente
695 5486 966 5544 Balduino
1001 5490 1280 5562 quondam
1311 5502 1407 5549 tuo
1443 5496 1817 5568 progenitore,
1860 5500 1972 5570 qui,
2021 5501 2092 5557 ad

498 5579 875 5650 apostolorum
924 5581 1112 5640 limina
1161 5584 1231 5641 ad
1280 5586 1536 5644 eumdem
1594 5606 1787 5661 papam
1835 5593 2085 5662 veniens,

496 5673 806 5743 promeruit
833 5675 1103 5746 paciﬁcari
1144 5695 1338 5735 eorum
1374 5682 1700 5740 auctoritate
1739 5701 1865 5741 cum
1896 5703 2090 5745 socero

495 5780 598 5822 suo
615 5767 811 5823 Carolo
840 5768 1191 5841 imperatore,
1219 5773 1372 5847 cujus
1410 5776 1582 5833 ﬁliam
1611 5778 1710 5834 sibi
1740 5783 2087 5853 copulaverat

496 5869 562 5911 eo
586 5857 886 5930 ignorante.
925 5865 1232 5923 Statuentes
1264 5868 1475 5926 nullum
1504 5887 1715 5946 regum,
1755 5874 2084 5944 antistitum,

2214 3259 2400 3314 Maria
2447 3257 2518 3312 de
2555 3257 2734 3322 Gulia,
2783 3254 3149 3311 monaterium
3180 3252 3361 3309 Sancti
3406 3249 3636 3312 Nicolai,
3681 3247 3822 3302 San-

2212 3352 2284 3406 cti
2330 3350 2675 3422 Archangeli,
2698 3349 2879 3406 Sancti
2905 3348 3112 3420 Magni,
3143 3346 3328 3403 Sancti
3359 3342 3604 3410 Fabiani,
3629 3341 3821 3398 Sancti

2215 3445 2454 3516 Georgii,
2477 3444 2661 3500 Sancti
2685 3442 2928 3499 Matthai
2952 3441 3018 3498 ad
3044 3441 3154 3497 duo
3175 3440 3422 3504 ﬂumina,
3450 3447 3507 3494 et
3523 3435 3822 3492 ecclesiam

2214 3539 2394 3594 Sancti
2449 3538 2639 3609 Angeli
2685 3536 2753 3592 de
2798 3544 2986 3592 monte
3034 3538 3266 3602 Corase,
3317 3531 3495 3589 Sancti
3542 3529 3711 3585 Blasii
3745 3526 3820 3584 de

2213 3636 2481 3697 Butrano,
2521 3630 2702 3686 Sancti
2732 3632 2966 3686 Joannis
2990 3627 3058 3684 de
3087 3628 3380 3694 Turesino,
3405 3624 3586 3681 Sancti
3621 3622 3820 3679 Salva-

2213 3726 2347 3781 toris
2366 3724 2435 3780 de
2455 3727 2628 3793 Nuce,
2657 3726 2830 3780 sancti
2859 3723 3138 3779 Zachariae
3162 3721 3230 3777 de
3261 3720 3476 3786 Lauris,
3507 3732 3633 3773 cum
3665 3715 3824 3772 cellis

2214 3835 2427 3882 eorum,
2453 3818 2578 3889 jure
2613 3826 2876 3890 perpetuo
2905 3815 3232 3889 possidenda
3272 3823 3434 3886 atque
3470 3810 3732 3883 regenda,
3765 3818 3826 3866 et

2213 3911 2514 3968 secundum
2544 3915 2724 3968 Deum
2757 3910 3059 3967 ordinanda
3091 3907 3383 3964 venerabili
3416 3909 3593 3974 Petro,
3623 3903 3822 3959 abbati

2214 4005 2461 4077 ejusdem
2499 4006 2836 4072 monasterii,
2864 4003 3186 4060 charissimo
3217 4003 3325 4058 ﬁlio
3368 4010 3555 4057 nostro
3593 3996 3822 4053 Gisull'o

2213 4099 2452 4172 principe
2471 4100 2826 4168 concedente,
2849 4099 2981 4154 olim
3012 4097 3355 4160 donavimus,
3379 4103 3433 4150 et
3457 4107 3601 4149 nunc
3628 4090 3823 4146 eidem

2212 4193 2392 4249 abbati
2435 4193 2661 4265 ejusque
2703 4191 3110 4248 successoribus
3159 4190 3226 4246 ad
3281 4187 3583 4260 regendum
3627 4185 3823 4240 corri-

2210 4287 2450 4358 gendum
2495 4294 2549 4342 et
2579 4285 2982 4357 procurandum
3016 4285 3131 4355 ipsa
3170 4281 3579 4338 committimus
3625 4288 3686 4334 et
3717 4295 3822 4335 au-

2210 4381 2466 4435 ctoritate
2495 4377 2791 4450 apostolica
2821 4378 3244 4434 conﬁrmamus.
3281 4373 3673 4431 lnterdicimus
3711 4373 3823 4445 igi-

2213 4483 2302 4529 tur
2341 4473 2394 4527 in
2423 4471 2645 4528 nomine
2671 4471 2893 4526 Domini
2919 4472 3090 4527 nostri
3119 4471 3244 4526 Jesu
3274 4467 3510 4532 Christi,
3533 4474 3591 4522 et
3617 4482 3690 4522 ex
3723 4483 3824 4521 au-

2211 4566 2466 4623 ctoritate
2501 4567 2647 4622 beati
2701 4566 2845 4621 Petri
2887 4566 3270 4638 apostolorum
3317 4562 3599 4635 principis,
3647 4561 3824 4634 cujus

2129 4642 2182 4706 Ῐ)
2208 4661 2318 4717 vice
2345 4668 2546 4717 sancta
2573 4663 2842 4716 Romana
2885 4660 3141 4715 Ecclesia
3171 4657 3550 4730 prasidemus,
3605 4663 3664 4710 et
3696 4671 3825 4710 om-

2211 4756 2341 4811 nino
2385 4755 2736 4826 prohibemus
2783 4763 2842 4808 ut
2868 4753 3054 4808 nullus
3100 4750 3544 4822 archiepiscopus
3573 4756 3676 4803 aut
3709 4749 3824 4820 epi-

2207 4864 2424 4920 scopus,
2448 4848 2631 4904 nullus
2658 4862 2871 4918 regum,
2895 4846 3120 4913 ducum,
3150 4845 3484 4917 principum,
3511 4841 3830 4906 comitum,

2211 4939 2393 4998 nullus
2429 4942 2776 5007 clericorum,
2827 4941 3092 4995 laicorum
3134 4947 3227 4995 aut
3275 4936 3533 5011 qualibet
3573 4936 3826 4991 omnino

2211 5051 2404 5107 magna
2439 5035 2523 5090 vel
2555 5050 2714 5106 parva
2739 5049 2995 5105 persona,
3031 5031 3255 5104 praiato
3285 5040 3488 5086 sancta
3515 5029 3830 5085 Trinitatis

2209 5128 2458 5186 canobio
2495 5128 2550 5182 in
2579 5128 2853 5199 praedictis
2882 5127 3228 5183 monasteriis
3256 5127 3337 5182 vel
3370 5123 3638 5190 ecclesiis,
3673 5140 3826 5179 cun-

2209 5225 2413 5294 ctisque
2452 5221 2520 5276 ad
2551 5237 2613 5275 ea
2661 5218 3084 5292 pertinentibus,
3134 5233 3460 5292 quocunque
3506 5215 3685 5272 modo
3721 5234 3826 5273 seu

2206 5316 2447 5388 qualibet
2495 5315 2778 5370 occasione
2827 5313 3030 5385 aliquid
3087 5313 3362 5379 minuere,
3409 5311 3492 5367 vel
3535 5309 3706 5366 dolos
3742 5313 3832 5367 vel

2209 5407 2487 5464 molestias
2527 5416 2627 5463 aut
2665 5408 2902 5479 aliquam
2945 5407 3260 5463 violentiam
3305 5403 3521 5470 inferre,
3571 5411 3676 5458 aut
3717 5406 3829 5460 Dei

2204 5517 2386 5557 servos
2431 5501 2736 5573 inquietare
2783 5500 3061 5572 punienda
3115 5499 3426 5556 temeritate
3475 5509 3824 5569 praesumat,

2205 5601 2470 5667 quatenus
2499 5597 2770 5651 Romana
2799 5593 2896 5650 soli
2922 5593 3177 5650 Ecclesia
3206 5592 3355 5648 idem
3401 5591 3830 5648 monasterium

2203 5705 2328 5745 eum
2361 5687 2601 5760 prafatis
2637 5688 2875 5744 ecclesiis
2905 5689 3062 5760 pleno
3095 5688 3222 5759 jure
3251 5686 3498 5742 videatur
3528 5700 3652 5740 esse
3681 5687 3833 5741 sub-

2197 5783 2424 5854 jectum.
2458 5785 2633 5840 Tanto
2677 5783 2822 5838 enim
2853 5781 3090 5853 religiosi
3116 5780 3400 5847 monachi,
3445 5776 3654 5834 ibidem
3690 5783 3828 5836 Deo

2198 5877 2511 5947 servientes,
2554 5877 2832 5938 sinceriori
2880 5885 3062 5934 mente
3104 5875 3350 5933 divinum
3394 5888 3530 5946 opus
3573 5875 3828 5946 exsequi
