4044 6186
268 288 360 339 721

1200 285 1541 343 EPISTOLAS
1579 289 1798 344 EXTRA
1840 287 2228 346 REGISTRUM
2266 293 2637 349 VAGANTES.

3460 313 3559 366 722

263 408 612 466 devotissime
652 417 934 481 poterunt,
967 418 1173 483 quanto
1206 427 1309 469 nos
1337 427 1529 468 eorum
1554 413 1724 486 quieti
1749 429 1860 469 no-
1889 417 1942 480 Α
1974 423 2204 485 mantes,
2237 417 2383 473 sicut
2406 434 2571 491 supra
2592 418 2856 491 diximus,
2890 438 3227 498 quacunque
3250 444 3395 487 nunc
3413 431 3561 504 juste

260 513 394 571 stra,
425 504 538 560 imo
562 503 706 559 beati
738 507 882 561 Petri
931 507 1309 577 apostolorum
1348 507 1627 579 principis,
1662 516 1850 564 aucto-

258 599 422 654 ritate
468 614 563 670 per
600 599 783 654 omnia
826 600 1106 670 providere
1141 601 1446 658 studemus.
1492 601 1548 657 Si
1574 602 1697 675 quis
1726 619 1854 660 vero

256 691 518 746 adversus
561 689 881 762 praedictum
919 692 1314 749 monasterium
1348 694 1558 765 justam
1607 711 1666 750 se
1695 703 1854 767 putat

254 785 458 841 habere
497 785 797 856 querelam,
845 794 900 840 et
971 786 1117 858 apud
1165 787 1405 843 coenobii
1456 788 1709 845 abbatem
1771 790 1852 847 vel

255 878 563 936 monachos
588 879 738 934 litem
783 895 935 935 suam
964 880 1210 937 decidere
1239 898 1303 938 ac
1330 882 1566 940 diffinire
1595 884 1852 952 noluerit,

256 975 517 1030 volumus
560 983 724 1044 atque
770 973 944 1029 edicto
997 983 1256 1046 perpetuo
1306 978 1597 1032 statuimus
1643 987 1703 1033 ut
1731 987 1854 1034 ante

252 1084 356 1124 nos
398 1068 482 1123 vel
512 1068 715 1139 legatos
743 1070 964 1123 nostros
993 1070 1338 1140 querimonia
1370 1070 1668 1140 deferatur,
1716 1088 1851 1143 qua-

251 1169 417 1216 tenus
448 1160 703 1232 aquitate
745 1160 927 1231 judicii
977 1161 1094 1217 sine
1135 1178 1498 1233 personarum
1545 1165 1853 1236 acceptione

249 1271 350 1311 sua
417 1254 715 1325 unicuique
748 1254 971 1325 justitia,
1026 1258 1143 1311 Deo
1192 1265 1437 1325 auctore,
1499 1265 1761 1314 servetur.
1800 1259 1886 1314 Si‘

250 1349 378 1421 quis
418 1357 602 1404 autem
632 1355 821 1403 contra
849 1349 989 1403 hanc
1013 1351 1187 1405 nostri
1224 1350 1426 1405 decreti
1463 1352 1850 1408 auctoritatem

248 1444 328 1498 ire
375 1443 690 1510 tentaverit,
737 1442 872 1497 sciat
900 1459 956 1498 se
997 1443 1139 1498 beati
1169 1445 1310 1498 Petri
1347 1446 1580 1514 apostoli
1621 1447 1850 1517 gratiam

249 1536 613 1602 amissurum,
645 1544 698 1591 et
731 1536 1046 1607 apostolica
1091 1535 1484 1608 indignationis
1530 1539 1734 1595 ultione
1769 1540 1851 1595 fe-

247 1629 526 1686 riendum.
579 1629 915 1686 Obedientes
951 1645 1102 1699 vero,
1151 1639 1206 1686 et
1244 1631 1407 1703 hujus
1453 1633 1664 1705 pagina
1704 1651 1846 1705 pra-

247 1733 406 1796 cepta
486 1729 781 1790 servantes,
849 1723 1076 1796 dignam
1132 1741 1162 1779 a
1243 1727 1360 1780 Deo
1435 1727 1847 1784 retributionem

246 1818 536 1889 accipiant,
610 1825 665 1874 et
719 1817 1074 1888 apostolicam
1153 1818 1588 1876 benedictionem
1659 1838 1838 1878 conse-

250 1921 515 1983 quantur.

905 2006 1196 2061 LXXVII.

248 2112 504 2181 Gregorii
522 2112 624 2166 VII
630 2110 854 2180 epistola
880 2111 953 2163 ad
969 2113 1008 2166 L
1021 2115 1221 2174 aetum,
1236 2111 1480 2167 abbatem
1501 2115 1556 2169 S.
1573 2114 1849 2171 Michaelis

823 2183 881 2235 in
917 2184 1265 2237 Passim’ano.

797 2277 978 2338 (Anno
1020 2281 1302 2342 1073-85.)

352 2370 565 2436 (Laut,
591 2369 802 2422 Deliciae
827 2369 1025 2423 erudit.
1053 2377 1190 2425 tom.
1214 2373 1414 2438 IllolV,
1445 2387 1566 2443 pag.
1598 2376 1741 2440 198.]
1780 2379 1788 2384 ‘

318 2474 672 2528 Gnseonms
699 2472 1003 2543 episcOpus,
1034 2488 1223 2528 servus
1250 2489 1534 2530 servorum
1565 2476 1684 2543 Dei,
1710 2475 1843 2531 dile-

248 2575 336 2622 cto
362 2567 425 2622 in
454 2565 670 2622 Christo
696 2565 806 2621 tilio
833 2569 1064 2632 LAETO,
1099 2566 1279 2622 abbati
1320 2569 1639 2624 monasterii
1664 2569 1846 2624 Sancti

245 2660 534 2717 Michaelis
562 2659 871 2732 archangeli
902 2660 958 2713 in
988 2660 1326 2729 Passiniano,
1356 2662 1581 2731 suisque
1623 2678 1844 2718 succes-

244 2755 469 2811 soribus
525 2753 727 2808 ibidem
781 2753 1103 2823 regulariter
1171 2754 1556 2825 promovendis
1611 2756 1667 2810 in
1720 2772 1842 2826 per-

245 2857 482 2921 petuum
494 2890 505 2900 .

312 2944 605 3013 Suprema
623 2941 985 2996 miserationis
1008 2950 1280 3012 respectu,
1300 2941 1370 2996 ad
1397 2941 1501 2996 hoc
1521 2943 1841 2999 universalis

241 3035 506 3093 Ecclesia
551 3049 738 3088 curam
799 3035 1134 3104 suscepimus
1168 3043 1222 3088 et
1263 3034 1544 3104 apostolici
1593 3035 1840 3090 modera-

242 3130 414 3185 minis
454 3125 876 3182 sollicitudinem
915 3127 1174 3197 gerimu,
1206 3135 1266 3181 ut
1286 3128 1454 3197 justis
1499 3129 1839 3197 precantium

244 3223 382 3278 votis
431 3228 638 3275 attenta
692 3220 1018 3290 benignitate
1071 3219 1371 3288 faveamus,
1436 3229 1511 3287 et,
1559 3221 1840 3277 libramine
1866 3215 1914 3240 “

240 3315 538 3387 aquitatis,
575 3313 833 3368 omnibus
863 3314 922 3368 in
952 3314 1273 3369 necessitate
1309 3315 1519 3385 positis,
1550 3325 1836 3387 quantum,

239 3413 362 3465 Deo
391 3408 658 3475 donante,
690 3422 1005 3477 possumus,
1037 3407 1321 3462 subvenire
1344 3407 1658 3463 debeamus.
1687 3412 1836 3464 Pra-

239 3504 399 3575 cipue
444 3510 632 3556 tamen
707 3499 775 3555 de
807 3499 1193 3556 venerabilium
1239 3501 1487 3556 locorum
1551 3501 1840 3557 stabilitate

242 3613 342 3668 pro
370 3595 560 3651 debito
590 3593 799 3649 honore
845 3609 1077 3649 summa
1115 3602 1170 3648 et
1215 3594 1523 3664 apostolica
1552 3594 1712 3661 sedis,
1744 3612 1838 3649 cu-

235 3690 326 3759 jus
356 3688 608 3743 membra
637 3694 789 3752 sunt,
819 3696 1087 3758 quantum
1114 3702 1176 3741 ex
1201 3685 1385 3741 divino
1413 3686 1687 3756 adjutorio
1720 3703 1840 3757 pos-

243 3781 474 3837 sibilitas
502 3780 661 3836 datur
693 3780 874 3846 nobis,
898 3779 1237 3851 pensandum
1262 3787 1315 3835 et
1339 3779 1697 3835 laborandum
1723 3796 1838 3835 esse

245 3873 659 3947 perpendimus.
692 3872 945 3939 Proinde,
968 3872 1121 3944 juxta
1145 3873 1464 3943 petitionem
1487 3881 1662 3939 tuam,
1698 3889 1836 3944 pra-

243 3969 392 4024 dicto
414 3967 749 4024 monasterio
776 3968 855 4022 vel
876 3967 1117 4023 ecclesia
1145 3975 1273 4034 tua,
1292 3967 1379 4022 cui
1401 3981 1632 4036 praesse
1655 3966 1839 4038 digno-

244 4062 448 4127 sceris,
505 4060 829 4132 hujusmodi
877 4059 1154 4132 privilegia
1200 4060 1455 4129 prasenti
1502 4060 1838 4114 auctoritatis

242 4164 450 4211 nostra
502 4154 740 4221 decreto,
791 4169 1058 4208 consensu
1108 4161 1162 4208 et
1191 4161 1385 4222 rogatu
1435 4152 1616 4208 fratris
1663 4153 1838 4207 nostri

245 4246 527 4305 Guillelmi
554 4247 803 4302 Fesulani
821 4247 1082 4316 episcopi,
1108 4245 1478 4316 indulgemus,
1495 4246 1839 4302 concedimus

247 4352 410 4415 atque
454 4341 762 4407 ﬁrmamus,
793 4348 1092 4396 statuentes
1131 4339 1341 4394 nullum
1389 4355 1580 4409 regum
1613 4340 1692 4394 vel
1732 4340 1836 4394 im-

245 4444 580 4506 peratorum,
613 4434 919 4489 antistitum
955 4434 1188 4500 nullum,
1227 4447 1552 4504 quacunque
1578 4431 1840 4503 dignitate

1963 508 2147 575 habet,
2178 519 2271 566 aut
2291 513 2347 566 in
2377 520 2738 584 postremum,
2769 516 3018 574 Domino
3046 531 3337 594 annuente,
3361 523 3562 584 habere

1963 603 2269 676 contigerit,
2301 605 2356 660 in
2394 605 2728 678 quibuslibet
2779 609 2940 667 rebus
2978 612 3281 672 mobilibus
3335 620 3418 675 vel
3447 621 3559 676 im-

1964 697 2278 765 mobilibus,
2319 700 2465 754 salva
2496 699 2722 772 quidem
2759 703 3022 761 canonica
3053 706 3393 780 subjectione
3431 729 3558 785 pro-

1963 791 2069 861 prii
2097 791 2356 862 episcopi.
2387 793 2519 848 Hac
2548 794 2710 866 igitur
2735 799 2918 853 omnia
2958 814 3083 869 qua
3106 800 3266 874 hujus
3293 810 3554 880 pracepti

1961 882 2275 956 decretique
2300 887 2477 940 nostri
2494 887 2691 958 pagina
2707 891 2975 961 continet,
2992 893 3052 948 in
3079 905 3409 968 perpetuum
3431 915 3548 957 ser-

1963 976 2143 1032 vanda
2180 977 2550 1036 decernimus.
2587 981 2643 1036 Si
2673 984 2797 1051 quis
2820 999 2950 1039 vero
2994 1001 3207 1059 regum,
3249 991 3547 1062 imperato-

1963 1086 2109 1139 rum,
2155 1071 2525 1141 sacerdotum,
2569 1073 2917 1144 clericorum,
2956 1079 3208 1150 judicum
3237 1100 3302 1139 ac
3327 1087 3553 1143 sacula-

1960 1165 2107 1220 rium
2152 1181 2538 1237 personarum,
2593 1166 2738 1223 hanc
2771 1171 3176 1230 constitutionis
3213 1185 3418 1235 nostra
3459 1197 3553 1253 pa-

1961 1268 2148 1330 ginam
2175 1275 2496 1331 agnoscens,
2525 1269 2710 1317 contra
2732 1278 2854 1318 eam
2891 1268 3185 1323 temerario
3210 1286 3346 1325 ausu
3374 1274 3554 1330 venire

1959 1351 2270 1420 tentaverit,
2297 1353 2610 1409 admonitus
2635 1357 2826 1423 semel,
2855 1366 2910 1412 et
2935 1358 3159 1424 iterum,
3186 1377 3358 1432 usque
3388 1367 3553 1420 tertio

1960 1461 2056 1515 per
2089 1448 2477 1502 convenientes
2507 1447 2775 1517 inducias,
2810 1451 2856 1504 si
2902 1466 3012 1505 non
3053 1453 3350 1523 resipuerit
3391 1465 3554 1529 atque

1959 1539 2234 1609 pradicta
2277 1540 2528 1595 Ecclesia
2568 1557 2681 1596 non
2727 1542 3073 1612 satisfecerit,
3122 1549 3408 1616 potestatis
3449 1550 3554 1606 ho-

1957 1633 2216 1705 norisque
2246 1633 2327 1688 sui
2352 1633 2616 1706 dignitate
2646 1643 2852 1702 careat,
2884 1652 3154 1710 reumque
3181 1655 3240 1694 se
3267 1640 3456 1698 divino
3467 1643 3554 1715 ju-

1957 1724 2103 1782 dicio
2132 1727 2364 1782 existere
2391 1726 2463 1783 de
2491 1737 2802 1798 perpetrata
2823 1730 3113 1801 iniquitate
3141 1744 3456 1804 cognoscat.
3482 1739 3555 1791 Et

1961 1822 2066 1876 nisi
2095 1837 2158 1876 ea
2188 1835 2311 1892 qua
2340 1820 2410 1876 ab
2447 1821 2540 1875 illo
2584 1830 2717 1876 sunt
2745 1823 2885 1877 male
2912 1823 3090 1880 ablata
3116 1826 3435 1896 restituerit,
3467 1831 3551 1886 vel

1958 1913 2123 1986 digna
2149 1913 2465 1986 poenitentia
2495 1914 2675 1969 illicite
2707 1924 2826 1970 acta
2851 1915 3150 1987 deﬂeverit,
3182 1936 3212 1974 a
3245 1922 3552 1979 sacratissi-

1959 2023 2052 2063 mo
2072 2023 2299 2078 corpore
2323 2023 2387 2062 ac
2411 2008 2674 2080 sanguine
2694 2009 2940 2078 Domini,
2962 2010 3354 2083 Redemptoris
3375 2017 3549 2072 nostri

1957 2103 2085 2156 Jesu
2114 2101 2342 2166 Christi,
2369 2101 2575 2156 alienus
2599 2101 2712 2168 fiat,
2742 2110 2909 2174 atque
2936 2103 2997 2157 in
3026 2113 3274 2161 extremo
3303 2109 3552 2164 examine

1956 2193 2217 2250 districta
2246 2194 2445 2248 ultioni
2461 2195 2761 2265 subjaceat.
2777 2196 3004 2251 Cunctis
3020 2205 3206 2252 autem
3231 2198 3551 2257 eidemloco

1948 2287 2099 2358 justa
2136 2286 2481 2344 servantibus
2509 2288 2578 2342 sit
2613 2305 2718 2359 pax
2747 2289 2972 2344 Domini
3013 2291 3188 2346 nostri
3225 2293 3355 2348 Iesu
3391 2293 3550 2349 Chri-

1955 2383 2048 2449 sti,
2076 2391 2348 2454 quatenus
2372 2382 2464 2437 hic
2493 2381 2733 2438 fructum
2759 2383 2920 2439 bona
2947 2384 3179 2440 actionis
3213 2386 3546 2458 percipiant,

1953 2484 2009 2530 et
2037 2476 2182 2545 apud
2225 2476 2541 2532 districtum
2579 2476 2835 2532 Judicem
2884 2479 3111 2548 pramia
3141 2487 3360 2535 aterna
3401 2481 3548 2552 pacis

1955 2569 2257 2624 inveniant.

2595 2642 2915 2697 LXXVIII.

1954 2736 2204 2800 Gregorii
2228 2737 2334 2790 VII
2352 2749 2509 2803 papae
2532 2735 2876 2860 privIz'lIegium
2909 2751 3012 2804 pro
3043 2738 3260 2794 ecclesia
3287 2742 3343 2796 S.
3390 2742 3552 2796 Pauli

2692 2821 2847 2860 omce.

2692 2821 2826 2858 ama:
2835 2847 2847 2860 .

2270 2894 2452 2962 (Anno
2477 2892 2676 2952 Christi
2706 2898 2866 2961 1074,
2897 2896 3086 2950 Martii
3115 2901 3227 2962 13.)

1952 2988 2339 3062 [MABGAIIINI
2366 2987 2668 3041 Baliarium
2686 2987 2988 3062 Casinense,
3011 2991 3246 3062 tom._li,
3276 3005 3400 3062 pag.
3423 2996 3545 3062 106,

2019 3075 2085 3185 iis
2115 3057 2350 3196 arcihizvils
2373 3073 2485 3113 sac.
2519 3057 2835 3112 monasterii
2866 3062 2925 3114 S.
2954 3058 3106 3113 Pauli
3131 3057 3198 3116 de
3224 3057 3376 3116 Urbe
3395 3057 3543 3134 caps.

2071 3172 2085 3196 ,
2106 3146 2161 3184 n.
2229 3159 2249 3170 -
2296 3169 2308 3180 .

2071 3172 2085 3196 ’
2106 3169 2161 3184 ι-Ισ
2194 3169 2308 3185 17-.

2019 3224 2256 3278 Domino
2284 3230 2498 3287 sancto,
2528 3237 2591 3275 ac
2616 3221 2953 3290 beatissimo,
2985 3238 3300 3295 magnoque
3343 3225 3540 3296 pradi-

1948 3317 2143 3383 catori,
2171 3316 2434 3387 Magistro
2458 3315 2705 3386 gentium
2735 3317 2792 3370 in
2829 3315 2936 3372 ﬁde
2963 3325 3019 3371 et
3045 3318 3299 3387 veritate,
3338 3321 3539 3380 ΡΑυιο

1948 3410 2218 3480 apostolo,
2245 3410 2602 3464 GBEGORIUS
2623 3408 2880 3480 indignus
2909 3425 3114 3466 servus.

2019 3503 2459 3572 Quotiescunque
2496 3501 2620 3567 tibi,
2661 3501 2714 3556 S.
2755 3501 2947 3567 Paule,
2994 3503 3263 3573 apostole,
3296 3507 3408 3561 Vas
3437 3505 3547 3562 ele-

1947 3596 2160 3662 ctionis,
2199 3594 2406 3666 aliquid
2433 3593 2566 3649 dare
2596 3592 2862 3662 videmur,
2906 3610 3019 3650 non
3056 3604 3246 3652 nostra
3289 3599 3547 3655 concedi-

1950 3704 2091 3752 mus,
2133 3687 2226 3742 sed
2271 3694 2366 3742 tua
2416 3686 2599 3756 potius
2657 3684 2939 3742 reddimus
2986 3688 3071 3743 vel
3122 3689 3540 3748 conﬁrmamus.

1953 3770 2092 3836 Nam.
2116 3780 2247 3852 quid
2271 3794 2512 3851 unquam
2538 3779 2653 3833 sine
2691 3787 2747 3834 te
2770 3788 3024 3835 nostrum
3050 3788 3164 3837 est?
3195 3784 3545 3855 Quapropter

1949 3891 2048 3947 ego
2089 3873 2409 3945 Gregorius,
2452 3873 2737 3942 episcopus
2778 3888 2970 3928 servus
3012 3873 3129 3945 ejus
3162 3876 3544 3949 .omniumque

1946 3984 2232 4025 servorum
2263 3966 2383 4033 Dei,
2412 3983 2442 4021 a
2470 3965 2714 4021 remedio
2743 3967 2944 4022 anima
2966 3982 3107 4023 mea
3131 3967 3291 4036 cedo,
3309 3971 3470 4027 trado
3489 3979 3544 4028 et

1950 4061 2336 4117 inviolabiliter
2372 4059 2574 4131 largior
2613 4074 2804 4115 omnes
2834 4059 3164 4129 oblationes,
3205 4077 3546 4136 quacunque

1947 4173 1976 4210 a
2009 4155 2256 4210 ﬁdelibus
2280 4152 2602 4209 Christianis
2631 4169 2795 4224 super
2818 4153 2988 4209 altare
3012 4162 3169 4210 tuum
3198 4155 3396 4213 oblata
3424 4155 3541 4212 fue-

1949 4251 2076 4315 rint,
2112 4247 2213 4303 sub
2261 4261 2370 4316 quo
2419 4254 2829 4302 sacrosanctum
2874 4262 3072 4319 corpus
3108 4256 3267 4304 tuum
3304 4249 3546 4306 creditur

1948 4357 2062 4397 esse
2088 4339 2460 4404 reconditum;
2490 4354 2590 4393 nec
2613 4353 2727 4393 non
2755 4347 2810 4394 et
2861 4340 3164 4397 oblationes
3188 4341 3544 4399 confessionis

1949 4444 2003 4490 et
2021 4434 2273 4490 omnium
2301 4431 2556 4487 altarium
2580 4439 2692 4486 tua
2715 4432 2978 4499 ecclesia,
3010 4443 3068 4488 et
3085 4433 3544 4492 substentationes

249 4529 564 4600 praditum,
578 4529 1005 4599 velquemquam
1027 4527 1196 4581 alium
1219 4525 1420 4581 audere
1440 4526 1506 4581 de
1522 4525 1604 4580 his
1626 4541 1746 4597 qua
1762 4528 1832 4580 ei-
1873 4539 1924 4601 1)
1951 4527 2182 4584 fratrum
2200 4524 2402 4581 ibidem
2425 4524 2774 4580 servientium
2796 4526 2914 4579 Deo
2939 4526 2993 4579 in
3014 4533 3362 4596 perpetuum,
3383 4529 3544 4583 sicuti

247 4623 371 4679 dem
388 4621 682 4678 venerabili
695 4622 856 4676 locoa
876 4619 1207 4692 quibuslibet
1230 4619 1542 4674 hominibus
1561 4618 1627 4674 de
1641 4619 1836 4690 princi-

249 4719 337 4788 pio
363 4717 488 4788 jure
525 4717 635 4786 jam
660 4714 862 4771 donata
896 4723 1043 4782 sunt,
1071 4714 1151 4768 vel
1186 4713 1239 4767 in
1271 4713 1545 4779 futurum,
1584 4717 1707 4769 Deo
1730 4713 1839 4767 mi-

246 4819 484 4875 serante,
522 4809 716 4865 collata
746 4808 970 4874 fuerint,
1011 4807 1114 4862 sub
1150 4807 1439 4878 cujuslibet
1469 4822 1647 4862 causa
1680 4823 1835 4861 occa-

245 4905 484 4960 sionisve
515 4903 692 4974 specie
737 4902 988 4958 minuere
1030 4903 1111 4957 vel
1158 4900 1391 4969 auferre,
1430 4900 1544 4955 sive
1586 4901 1698 4955 suis
1733 4898 1840 4956 usi-

248 4998 352 5053 bus
405 4997 702 5068 applicare,
750 4996 835 5051 vel
884 4995 1034 5068 quasi
1076 4995 1177 5066 piis
1221 4993 1289 5050 de
1355 4994 1532 5049 causis
1581 5009 1678 5066 pro
1728 5010 1843 5050 sua

250 5091 496 5146 avaritia
520 5091 869 5145 excusatione
896 5088 1214 5144 concedere.
1246 5088 1352 5143 Sed
1389 5096 1583 5143 cuncta
1611 5104 1732 5159 qua
1772 5087 1842 5143 ibi

251 5185 436 5240 oblata
469 5191 603 5239 sunt
639 5183 723 5238 vel
753 5182 942 5238 offerri
970 5181 1282 5253 contigerit,
1311 5189 1426 5236 tam
1449 5199 1478 5236 a
1509 5190 1563 5237 te
1591 5197 1757 5253 quam
1776 5181 1844 5236 ab

250 5277 326 5333 eis
366 5278 458 5349 qui
488 5277 542 5331 in
582 5285 681 5331 tuo
725 5274 908 5330 ofﬁcio
938 5275 1169 5345 locoque
1207 5274 1587 5341 successerint,
1627 5274 1843 5345 perenni

249 5379 500 5442 tempore
547 5370 752 5425 illibata
783 5377 838 5424 et
863 5369 994 5423 sine
1013 5367 1384 5439 inquietudine
1419 5370 1672 5424 volumus
1714 5383 1840 5438 pos-

249 5463 433 5530 sideri,
473 5479 666 5519 eorum
711 5461 933 5533 quidem
960 5459 1150 5516 usibus
1179 5476 1278 5532 pro
1302 5477 1541 5533 quorum
1570 5469 1842 5517 sustenta-

249 5558 399 5612 tione
441 5556 952 5628 gubernationeque
982 5569 1234 5611 concessa
1263 5563 1412 5623 sunt,
1443 5555 1620 5610 modis
1657 5555 1839 5611 omni-

248 5650 356 5706 bus
382 5647 691 5721 profutura.
722 5649 1070 5705 Nominatim
1098 5648 1266 5704 etiam
1296 5647 1642 5704 concedimus
1669 5649 1844 5705 eidem

250 5744 497 5800 ecclesia
525 5743 608 5800 vel
652 5743 991 5799 monasterio
1019 5741 1260 5798 decimas
1297 5758 1524 5798 suarum
1554 5743 1846 5813 possessio-

251 5853 391 5894 num
417 5838 474 5893 in
521 5853 682 5894 usum
723 5853 1029 5909 pauperum
1066 5844 1124 5894 et
1164 5834 1600 5905 advenientium;
1648 5835 1845 5892 contir-

1949 4640 1978 4678 a
2024 4621 2229 4677 sanctis
2251 4618 2682 4676 antecessoribus
2729 4617 2949 4686 nostris,
2983 4617 3081 4672 tibi
3130 4617 3543 4690 famulantibus,

1949 4730 2274 4771 concessum
2317 4729 2438 4769 esse
2475 4711 2843 4783 dignoscitur;
2877 4719 3042 4782 atque
3083 4719 3264 4768 totum
3302 4713 3543 4772 Galdum

1949 4811 2041 4879 qui
2083 4815 2310 4862 vocatur
2350 4806 2580 4876 Lapigio
2609 4805 2663 4859 in
2712 4806 3012 4877 integrum,
3042 4820 3170 4861 cum
3212 4807 3439 4864 ecclesia
3484 4809 3543 4865 S.

1952 4900 2188 4967 Proculi,
2241 4899 2352 4953 sive
2420 4897 2622 4968 quibus
2670 4897 2792 4952 aliis
2846 4906 3198 4968 nuncupatur
3244 4900 3545 4970 vocabulis,

1949 4994 2178 5056 cultum,
2207 4991 2286 5046 vel
2313 4990 2608 5057 incultum,
2636 4997 2691 5045 et
2720 5005 2847 5045 cum
2871 4990 3128 5048 omnibus
3153 4990 3221 5048 ad
3240 4995 3545 5064 suprascri-

1951 5096 2104 5159 ptum
2148 5084 2389 5143 Galdum
2434 5083 2752 5156 generaliter
2795 5092 2850 5138 et
2873 5084 2929 5138 in
2969 5083 3243 5156 integrum
3271 5087 3546 5157 pertinen-

1949 5182 2129 5250 tibus;
2153 5188 2210 5236 et
2238 5178 2590 5235 medietatem
2618 5176 2825 5234 castelli
2853 5177 3057 5244 Ardia,
3085 5193 3213 5233 cum
3239 5195 3399 5236 rocca
3426 5196 3545 5248 sua,

1950 5284 2003 5331 et
2027 5279 2202 5331 Turre
2246 5272 2478 5346 Majore,
2534 5287 2662 5327 cum
2711 5270 2966 5328 omnibus
3017 5272 3132 5327 suis
3176 5273 3548 5342 pertinentiis;

1951 5378 2005 5424 et
2044 5369 2328 5424 ecclesiam
2356 5369 2414 5422 S.
2447 5366 2634 5422 Maria
2663 5365 2717 5420 in
2760 5365 3040 5433 Cannella,
3083 5379 3207 5420 cum
3235 5366 3351 5422 suis
3378 5369 3550 5438 perti-

1948 5462 2177 5529 nentiis,
2233 5469 2288 5515 et
2335 5475 2580 5516 massam
2617 5459 2905 5527 Fulanam,
2965 5473 3091 5512 cum
3129 5459 3390 5516 omnibus
3441 5461 3552 5518 suis

1952 5555 2326 5629 pertinentiis,
2365 5561 2421 5609 et
2457 5552 2811 5610 medietatem
2856 5551 2960 5606 laci
2990 5552 3308 5622 Caprulaci;
3357 5563 3413 5610 et
3460 5572 3552 5612 ca-

1950 5658 2125 5706 strum
2163 5647 2485 5714 Velletrum,
2545 5663 2673 5703 cum
2721 5646 2978 5701 omnibus
3027 5646 3141 5701 suis
3184 5649 3551 5718 pertinentiis,

1952 5743 2097 5798 sicut
2124 5759 2154 5797 a
2181 5741 2386 5797 sanctis
2431 5739 2784 5813 pontificibus
2807 5753 3136 5794 concessum
3165 5747 3276 5804 est;
3306 5740 3437 5794 etin
3461 5740 3547 5796 AI-

1952 5833 2099 5892 bano
2126 5836 2321 5892 cellam
2351 5837 2404 5891 S.
2440 5834 2644 5890 Nicolai
2673 5843 2730 5890 et
2754 5830 2958 5887 cellam
2987 5833 3044 5886 S.
3079 5832 3268 5887 Maria
3296 5844 3420 5899 qua
3449 5847 3552 5889 vo-
