4044 6186
475 200 575 253 723

1419 190 1475 242 8.
1515 183 1838 254 GREGOBH
1873 185 1962 242 VH
2001 185 2200 244 ΡΔΡΑΕ
2235 181 2719 242 ΟΡΕΒυΜηΡΑΒὸ
2755 183 2821 238 ιι.

3662 182 3762 238 724

473 331 630 380 catur
655 323 860 394 Minor,
893 319 1058 376 sitam
1100 317 1155 372 in
1196 314 1428 386 palatio,
1460 321 1516 370 et
1543 329 1675 370 cum
1701 312 1959 370 omnibus
2003 310 2071 368 ad
2096 316 2152 384 Α
2177 311 2237 368 in
2265 311 2541 368 territorio
2571 308 2974 381 suprascripto;
3021 307 3242 380 insuper
3270 298 3562 366 ecclesiam
3581 307 3764 364 Sancti

473 431 636 489 supra
665 416 837 472 dictas
867 413 1028 468 cellas
1054 407 1483 482 pertinentibus;
1515 407 1646 462 etin
1665 406 1870 478 palatio
1899 405 2068 462 eccle-

473 512 622 567 siam
651 512 709 566 8.
737 504 1040 571 Trinitatis,
1071 519 1200 557 cum
1222 509 1340 558 toto
1364 499 1562 558 eodem
1589 498 1818 571 palatio;
1846 508 1903 556 et
1924 514 2067 556 mas-

475 620 591 658 sam
621 616 746 671 qua:
772 605 997 655 vocatur
1042 595 1321 661 Floriana,
1350 596 1430 650 vel
1469 595 1666 666 quibus
1693 594 1814 650 aliis
1839 593 2070 649 vocabu-

474 697 540 750 lis
584 699 946 762 nuucupetur,
995 705 1122 746 cum
1163 688 1346 756 terris,
1389 688 1559 758 silvis,
1601 687 1830 760 campis,
1874 687 2068 758 pratis,

475 787 706 857 pascuis,
741 785 821 842 vel
844 800 973 841 cum
1003 783 1264 848 omnibus
1291 781 1358 838 ad
1380 782 1810 853 suprascriptam
1831 795 2068 836 massam

474 882 790 944 Floriauam
818 879 1144 950 generaliter
1171 886 1225 933 et
1253 877 1307 932 in
1340 876 1615 946 integrum
1643 875 2066 947 pertinentibus;

473 975 673 1029 iterum
703 969 880 1028 casale
911 970 1060 1043 quod
1099 978 1327 1024 vocatur
1356 969 1699 1038 Castellione,
1731 983 1859 1024 cum
1896 965 2070 1022 casale

466 1068 622 1139 juxta
664 1083 743 1134 se,
804 1064 951 1137 quod
980 1072 1206 1122 vocatur
1240 1063 1440 1128 Filioli,
1487 1079 1615 1117 cum
1655 1061 1836 1128 terris,
1896 1060 2070 1131 silvis,

475 1159 705 1231 campis,
736 1159 910 1232 pratis
949 1158 1184 1230 pascuis,
1216 1158 1296 1212 vel
1345 1173 1472 1212 cum
1516 1157 1772 1211 omnibus
1817 1153 1886 1211 ad
1921 1154 2072 1225 ipsos

473 1253 906 1325 pertinentibus;
931 1260 1094 1323 atque
1135 1250 1307 1324 casale
1339 1250 1483 1320 quod
1511 1258 1734 1306 vocatur
1759 1247 2071 1311 Ulmetum,

473 1365 602 1403 cum
646 1348 814 1402 vineis
875 1347 990 1404 suis
1051 1355 1216 1416 atque
1260 1345 1408 1400 silvis
1457 1344 1734 1416 simulque
1783 1343 1984 1414 pratis:
2017 1349 2070 1396 et

476 1441 653 1496 casale
681 1439 832 1513 quod
869 1447 1096 1496 vocatur
1134 1437 1576 1509 Squezanellum,
1605 1453 1734 1494 cum
1767 1436 1877 1490 suis
1907 1436 2071 1507 perti-

476 1534 698 1602 nentiis,
724 1534 884 1598 casis,
915 1532 1206 1596 casalibus,
1239 1531 1414 1586 vineis
1427 1552 1445 1598 ,-
1487 1538 1653 1603 atque
1707 1530 1897 1586 cellam
1928 1527 2073 1583 vina-

475 1629 614 1686 riam
655 1625 1055 1691 Antonionum,
1098 1624 1288 1679 villam
1331 1627 1644 1690 Pertusam,
1683 1622 1987 1687 Bifurcum,
2019 1629 2074 1678 et

2179 405 2377 477 Angeli
2405 406 2460 460 in
2489 403 2910 479 Semproniano,
2945 416 3075 457 cum
3105 402 3350 458 oratorio
3377 401 3563 458 Sancti
3593 404 3759 456 Joan-

2179 499 2266 554 nis
2303 496 2479 570 posito
2509 495 2567 552 in
2594 504 2754 567 portu
2798 495 3076 564 Herculis,
3119 495 3307 550 omnia
3335 494 3468 567 juris
3516 493 3758 566 proprie-

2179 591 2309 646 tatis
2336 590 2579 663 ejusdem
2605 588 2956 652 monasterii;
2978 587 3204 660 insuper
3229 587 3387 644 trado
3411 587 3506 645 tibi
3529 597 3768 660 quatuor

2184 685 2362 740 molas
2381 685 2440 740 in
2464 683 2681 740 Albano
2709 691 2763 738 et
2784 699 2955 738 unam
2985 682 3042 738 in
3059 683 3189 737 valle
3221 681 3561 749 Aricia,cum
3593 679 3772 736 forma

2182 795 2299 843 sua,
2330 794 2456 834 cum
2499 776 2758 834 omnibus
2803 762 2928 847 qua:
2964 785 3059 832 tuo
3097 776 3221 848 jure
3265 775 3517 832 videntur
3558 775 3764 832 ibidem

2185 869 2404 940 haberi;
2432 871 2669 943 itemque
2695 870 3083 926 conﬁrmamus
3107 869 3226 939 tibi,
3250 869 3475 926 Doctori
3499 870 3772 941 gentium,

2183 964 2584 1020 monasterium
2615 965 2799 1019 Sancti
2830 964 3025 1034 Sergii,
3060 980 3188 1018 cum
3216 963 3475 1019 omnibus
3503 962 3619 1019 suis
3647 979 3771 1032 per—

2180 1058 2448 1126 tinentiis,
2481 1057 2649 1112 situm
2678 1058 2732 1112 in
2763 1057 3004 1126 Subura;
3037 1065 3091 1111 et
3121 1057 3517 1114 monasterium
3558 1059 3774 1112 Sancta:

2181 1151 2400 1216 Priscae,
2427 1167 2555 1207 cum
2595 1151 2849 1206 omnibus
2875 1150 2988 1208 suis
3016 1149 3388 1221 pertinentiis;
3418 1151 3548 1206 item
3581 1159 3635 1206 et
3681 1166 3773 1204 ec-

2180 1245 2397 1301 clesiam
2428 1243 2614 1300 Sancti
2640 1247 2800 1301 Foca:
2817 1246 3100 1317 martyris,
3121 1261 3243 1316 qua:
3261 1243 3404 1318 juris
3419 1245 3603 1300 Sancti
3625 1246 3775 1299 Ana-

2179 1338 2327 1394 stasii
2359 1338 2492 1392 olim
2533 1337 2665 1406 fuit;
2715 1348 2770 1394 et
2814 1338 3096 1396 ecclesiam
3146 1339 3327 1394 Sancti
3362 1340 3564 1394 Leonis
3594 1354 3774 1409 papae,

2181 1435 2415 1504 positam
2429 1433 2588 1506 juxta
2609 1433 3006 1494 monasterium
3025 1431 3205 1487 Sancti
3229 1431 3463 1487 Andreas
3480 1431 3547 1487 ad
3573 1432 3777 1487 clivum

2182 1529 2403 1598 Scauri;
2432 1545 2533 1588 nec
2560 1545 2672 1586 non
2712 1535 2767 1584 et
2795 1526 3090 1584 ecclesiam
3133 1526 3320 1582 Sancti
3351 1525 3578 1592 Nicolai,
3609 1526 3780 1582 sitam

2175 1620 2330 1690 juxta
2363 1623 2600 1680 formam
2630 1619 2878 1689 Claudii;
2912 1617 3164 1676 similiter
3190 1627 3245 1676 et
3267 1613 3556 1691 piscariam
3587 1619 3639 1673 iu
3674 1620 3778 1674 ﬁu-

478 1719 906 1784 Priminianum,
936 1717 1278 1784 Cassianum,
1306 1717 1573 1783 Silonem,
1613 1716 1950 1782 Cornelium,
1980 1717 2079 1770 Te-
2115 1697 2162 1764 B
2195 1716 2339 1772 mine
2363 1717 2578 1774 Tiberis
2620 1716 2674 1772 in
2703 1718 3068 1783 Marmorata;
3107 1730 3202 1772 seu
3240 1715 3426 1770 omnia
3474 1729 3596 1784 qua?
3640 1711 3779 1768 infra

475 1812 710 1870 solatam
740 1819 904 1882 atque
931 1810 1343 1874 Cornelianum,
1374 1825 1504 1864 cum
1544 1797 1701 1864 omni
1725 1808 1849 1882 jure
1887 1809 2086 1864 instru-

482 1914 771 1976 mentoque
799 1919 924 1972 suo,
953 1912 1007 1960 et
1032 1918 1160 1961 cum
1201 1902 1462 1958 omnibus
1505 1902 1576 1960 ad
1617 1919 1738 1960 eam
1761 1902 2085 1974 generaliter

488 1985 906 2070 pertinentibus.

548 2092 886 2165 Adjicientes
906 2091 1077 2148 etiam
1105 2089 1233 2146 huic
1262 2089 1496 2148 cessioni
1522 2089 1717 2145 hortos
1743 2087 1903 2156 duos,
1935 2088 2087 2160 posi-

480 2195 568 2242 tos
595 2187 739 2244 inter
763 2185 1005 2242 Tiberim
1039 2193 1094 2240 et
1141 2184 1418 2255 porticum
1460 2181 1630 2256 ipsius
1658 2182 1922 2249 ecclesiae,
1962 2197 2087 2237 eun.

483 2281 634 2338 tibus
668 2295 697 2334 a
727 2288 887 2352 porta
917 2279 1156 2336 civitatis
1179 2285 1335 2348 parte
1360 2277 1571 2344 dextra,
1599 2291 1738 2347 quos
1765 2274 1958 2332 dividit
1989 2276 2088 2330 ﬂu-

484 2374 608 2430 vius
649 2372 880 2441 Almon,
928 2373 1073 2428 inter
1100 2369 1289 2428 afﬁnes
1341 2371 1491 2447 horti
1524 2371 1847 2427 monasterii
1883 2371 1936 2426 S.
1979 2370 2091 2426 Ste-

488 2466 674 2538 phani,
711 2466 858 2538 quod
888 2474 970 2521 est
993 2465 1390 2520 monasterium
1418 2464 1740 2518 ancillarum
1780 2464 1904 2530 Dei,
1937 2463 2090 2534 posi-

485 2569 602 2615 tum
634 2559 703 2615 ad
722 2561 778 2615 8.
805 2561 1033 2615 Petrum
1066 2557 1414 2629 apostolum;
1443 2565 1498 2612 et
1516 2555 1748 2612 fundum
1773 2557 2090 2622 Pisciniani,

487 2669 614 2709 cum
645 2652 819 2708 vineis
867 2660 925 2708 et
959 2651 1139 2708 hortis
1197 2651 1342 2717 suis;
1387 2650 1658 2722 simulque
1706 2649 1927 2708 terrulm
1969 2665 2093 2721 qua

487 2753 758 2801 vocantur
788 2747 973 2800 Fossa:
1021 2744 1298 2810 Latronis,
1347 2744 1544 2815 posita:
1574 2744 1710 2799 item
1738 2744 1895 2814 juxta
1937 2759 2090 2799 eam-

489 2839 619 2894 dem
654 2840 952 2909 porticum,
983 2835 1247 2892 euntibus
1274 2831 1583 2892 similiter}!
1611 2843 1766 2908 porta
1792 2845 1941 2908 parte
1966 2837 2095 2891 sini-

487 2939 620 2999 stra,
647 2931 914 2988 ubinunc
936 2932 1108 2988 vinea:
1141 2930 1302 2988 factae
1325 2938 1476 2998 sunt,
1507 2941 1634 3001 quis
1657 2931 1876 2986 terr-uiae
1909 2929 2093 2986 cohae-

487 3031 609 3080 rent
637 3021 706 3079 ab
749 3038 861 3107 uno
904 3025 1076 3080 latere
1117 3023 1464 3094 possessioni
1496 3021 1785 3093 Eugenitis
1817 3021 2094 3098 quondam

2192 1813 2440 1865 Romana
2473 1810 2607 1865 urbe
2634 1827 2664 1864 a
2698 1809 2824 1864 viris
2865 1809 3130 1880 religiosis
3160 1823 3256 1864 seu
3286 1823 3319 1862 a
3359 1807 3780 1880 quibuscunque

2194 1903 2440 1974 personis
2469 1903 2572 1957 tibi
2600 1918 2856 1958 concessa
2885 1910 3033 1958 sunt.

2265 1997 2698 2054 Corroboramus
2745 1997 2964 2068 insuper
3005 2004 3218 2052 curtem
3262 1996 3478 2052 Sancta:
3518 1994 3778 2066 Caeciliae,

2194 2105 2316 2160 qua:
2349 2099 2574 2144 vocatur
2597 2088 2662 2145 de
2690 2091 2868 2160 Mega,
2898 2105 3027 2145 cum
3056 2088 3314 2144 omnibus
3357 2087 3470 2143 suis
3501 2088 3779 2158 pertinen-

2195 2183 2303 2249 tiis,
2350 2183 2514 2238 sitam
2557 2181 2692 2238 foris
2739 2191 2958 2254 portam
3000 2184 3058 2239 S.
3089 2181 3394 2249 Laurentii,
3443 2180 3526 2235 his
3580 2181 3784 2236 ﬁnibus

2194 2276 2572 2345 terminatam,
2603 2277 2674 2336 ab.
2702 2292 2818 2332 uno
2863 2278 3031 2334 latere
3069 2277 3282 2334 ﬁumen
3306 2275 3638 2343 Tiberis,ab
3677 2275 3785 2330 alio

2197 2370 2360 2426 latere
2397 2370 2543 2426 rivus
2585 2371 2786 2441 Μίδεω,
2815 2379 2868 2428 et
2895 2387 2991 2442 per
3020 2369 3277 2426 eumdem
3321 2370 3498 2424 rivum
3540 2368 3789 2424 ascendit

2198 2480 2367 2536 usque
2395 2461 2466 2519 ad
2494 2472 2698 2520 terram
2717 2466 2773 2519 S.
2806 2464 2986 2520 Lueia:
3010 2463 3077 2520 de
3104 2464 3317 2531 Renati,
3350 2461 3586 2534 indeque
3614 2479 3790 2534 usque

2198 2557 2267 2612 ad
2310 2556 2587 2630 publicam
2647 2559 2798 2612 viam
2843 2573 2966 2630 quae
3014 2566 3241 2614 vocatur
3277 2561 3334 2616 S.
3392 2555 3692 2624 Valentini,
3732 2564 3791 2611 et

2200 2651 2428 2706 subinde
2455 2649 2742 2708 descendit
2787 2667 2962 2722 usque
3010 2653 3071 2706 in
3100 2660 3327 2723 puteum
3376 2650 3668 2722 publicum,
3731 2657 3789 2703 et

2200 2760 2266 2798 ex
2326 2760 2392 2799 eo
2443 2744 2722 2800 descendit
2782 2761 2878 2814 per
2933 2743 3236 2811 formellas,
3288 2761 3461 2815 usque
3514 2744 3572 2796 in
3622 2758 3792 2814 supra

2201 2837 2466 2909 scriptum
2497 2838 2703 2893 ﬁumen
2736 2839 2978 2905 Tiberis;
3010 2837 3246 2895 fundum
3273 2853 3401 2894 vero
3431 2836 3673 2904 Paterni,
3697 2835 3794 2907 qui

2203 2931 2456 2987 similiter
2483 2932 2624 2987 situs
2655 2940 2738 2988 est
2784 2931 2916 2988 foris
2941 2940 3164 3004 portam
3210 2933 3267 2988 8.
3322 2930 3632 3000 Laurentii,
3664 2945 3793 2986 cum

2202 3025 2384 3092 terris,
2415 3025 2712 3096 plantanis,
2744 3025 2935 3090 hortis,
2969 3025 3277 3098 aquimolis,
3317 3025 3476 3080 terris
3503 3024 3666 3079 cultis
3709 3019 3794 3078 vel

487 3105 824 3186 scholastici,
846 3127 900 3173 ct
925 3119 994 3174 ab
1021 3118 1126 3174 alia
1146 3125 1298 3188 parte
1315 3117 1653 3188 possessioni
1679 3117 2002 3176 monasterii
2025 3119 2079 3172 8.
2121 3105 2170 3170 G
2199 3119 2436 3187 incultis,
2463 3128 2518 3175 et
2548 3135 2677 3176 cum
2707 3117 2968 3174 omnibus
2994 3119 3109 3175 suis
3137 3119 3486 3193 pertinentiis
3515 3127 3572 3174 et
3606 3117 3797 3173 omni-

489 3213 688 3282 Eristi;
713 3213 847 3270 item
873 3212 1274 3272 monasterium
1298 3214 1357 3267 S.
1388 3211 1635 3268 Cosmati
1659 3212 1833 3282 situm
1867 3211 1924 3266 in
1953 3211 2092 3268 valle

487 3307 763 3374 Tiberina,
795 3323 921 3362 cum
948 3307 1207 3364 omnibus
1235 3306 1349 3363 suis
1375 3306 1761 3384 pertinentiis;
1805 3314 1860 3362 et
1918 3307 2089 3362 eccle-

488 3402 624 3458 siam
651 3404 708 3458 S.
746 3401 905 3456 Pauli
930 3401 1190 3476 apostoli,
1220 3401 1388 3458 sitam
1414 3399 1556 3457 infra
1584 3400 1868 3456 civitatem
1895 3399 2093 3457 Tiber-

491 3495 698 3563 tinam;
723 3494 996 3568 simulque
1022 3493 1395 3550 Antedoniam
1420 3495 1726 3562 civitatem,
1752 3510 1882 3550 cum
1925 3495 2091 3566 perti-

491 3589 694 3646 nentiis
721 3586 837 3646 suis
871 3595 925 3642 et
955 3596 1118 3658 portu
1153 3603 1284 3652 suo;
1318 3595 1566 3643 montem
1605 3589 1700 3658 qui
1731 3596 1956 3658 vocatur
1987 3595 2094 3644 Ar-

491 3680 829 3752 gentarium,
861 3695 986 3735 cum
1022 3680 1158 3734 lacu.
1178 3680 1500 3747 Catamare,
1529 3678 1622 3735 ubi
1656 3689 1740 3736 est
1772 3680 1999 3737 ecclesia
2035 3682 2089 3736 S.

493 3771 718 3842 Angeli;
751 3779 805 3826 et
829 3771 1179 3827 medietatem
1200 3773 1361 3828 castri
1389 3773 1642 3838 Qrbitelli
1670 3790 1796 3834 cum
1819 3775 2095 3842 pertinen-

493 3865 586 3920 tiis
612 3862 754 3930 suis;
781 3873 835 3919 et
858 3848 1100 3920 castrum
1125 3863 1270 3936 quod
1301 3873 1526 3920 vocatur
1559 3865 1718 3934 Elsa,
1754 3882 1885 3922 cum
1913 3865 2093 3922 omni-

493 3957 598 4018 bus
619 3957 734 4020 suis
757 3956 1131 4028 pertinentiis;
1163 3957 1286 4027 pari
1317 3955 1485 4012 modo
1520 3956 1702 4011 lacum
1732 3973 1902 4029 prope
1929 3974 2091 4016 mon-

493 4057 610 4106 tem
640 4049 1048 4121 Argentarium,
1079 4065 1208 4116 cum
1234 4049 1480 4119 piscariis
1511 4049 1646 4118 suis,
1677 4049 1753 4106 ita
1783 4058 1843 4108 ut
1877 4050 2090 4110 medie-

494 4153 580 4200 tas
609 4143 845 4214 piscium
874 4142 972 4216 qui
1013 4141 1088 4198 ibi
1114 4141 1407 4212 capiuntur
1434 4141 1698 4199 reddatur
1724 4144 2093 4217 suprascripto

494 4235 828 4294 monasterio
867 4236 924 4291 S.
968 4235 1122 4292 Pauli
1159 4235 1418 4306 apostoli;
1469 4236 1694 4308 insuper
1736 4245 1793 4296 et
1837 4238 2096 4296 Casama-

495 4329 656 4400 riam,
687 4346 812 4388 cum
841 4330 1004 4394 terris
1041 4337 1094 4386 et
1109 4327 1335 4387 familiis
1356 4330 1493 4397 suis,
1521 4332 1666 4387 sicut
1689 4331 1744 4388 in
1778 4341 1930 4390 curte
1953 4334 2094 4406 regis

2202 3213 2304 3268 bus
2331 3212 2663 3272 terminibus
2701 3214 2846 3272 sicut
2868 3228 3192 3270 concessum
3221 3221 3304 3270 est
3335 3211 3677 3268 monasterio
3698 3219 3798 3268 tuo

2203 3322 2232 3360 a
2292 3322 2428 3378 papa
2491 3306 2782 3364 Paschasio
2830 3305 3235 3378 praadecessore
3298 3314 3510 3373 nostro,
3563 3314 3797 3376 excepta

2202 3407 2348 3456 terra
2389 3415 2548 3471 parva
2572 3415 2695 3471 qum
2720 3399 2922 3456 ibidem
2950 3398 3165 3456 detinet
3193 3401 3249 3456 S.
3283 3400 3492 3468 Sabas;
3522 3407 3580 3455 et
3618 3406 3800 3454 totam

2203 3508 2445 3548 massam
2480 3495 2788 3558 Cmsanam,
2827 3509 2954 3549 cum
2982 3493 3192 3549 colonis
3240 3501 3294 3549 et
3321 3492 3618 3556 colonabus
3659 3491 3798 3560 suis,

2204 3573 2346 3642 sicut
2374 3587 2703 3643 Benedictus
2733 3588 3105 3660 Campaninus
3132 3586 3466 3644 monasterio
3505 3593 3604 3650 tuo
3625 3584 3803 3653 dedit,

2203 3679 2423 3750 quando
2460 3678 2692 3736 effectus
2735 3688 2819 3735 est
2859 3679 3202 3750 monachus;
3245 3688 3300 3737 et
3337 3688 3513 3736 totam
3551 3694 3805 3735 massam

2205 3774 2498 3828 Lulianam
2534 3789 2662 3830 cum
2707 3773 2962 3840 castello;
3000 3774 3360 3830 Julianellum
3408 3790 3535 3829 cum
3583 3772 3805 3828 colonis

2202 3875 2256 3921 et
2285 3865 2600 3922 colonahus.
2637 3869 2882 3940 Itemque
2923 3865 3320 3924 conﬁrmamus
3364 3867 3469 3922 tibi
3496 3866 3693 3924 Casale
3731 3863 3803 3920 de

2203 3960 2404 4015 Solone
2448 3975 2577 4016 cum
2624 3961 2845 4018 castello
2898 3977 2999 4019 suo
3040 3961 3188 4038 quod
3240 3970 3466 4020 vocatur
3521 3964 3697 4017 Ponte
3733 3958 3805 4015 de

2203 4056 2402 4120 Nona;
2441 4054 2716 4128 simulque
2743 4057 2930 4112 Casale
2959 4056 3104 4130 quod
3134 4065 3358 4112 vocatur
3385 4056 3520 4112 Casa
3558 4053 3792 4110 Arsicia.

2205 4148 2350 4218 Quin
2377 4148 2599 4220 insuper
2643 4149 2994 4207 concedimus
3022 4150 3126 4206 tibi
3170 4149 3458 4206 castellum
3510 4144 3661 4220 quod
3699 4161 3800 4201 vo—

2204 4250 2356 4296 catur
2398 4243 2727 4314 Longezzae,
2774 4259 2904 4300 cum
2952 4243 3210 4302 omnibus
3259 4243 3372 4299 suis
3429 4241 3803 4315 pertinentiis,

2202 4334 2376 4399 silvis,
2411 4335 2644 4407 campis,
2675 4336 2866 4407 pratis,
2893 4338 3132 4408 pascuis,
3163 4336 3449 4394 arboribus
3491 4335 3804 4408 pomiferis,

497 4426 804 4496 persolvere
831 4425 990 4482 solita
1021 4433 1158 4491 erat,
1191 4425 1378 4482 omnia
1409 4425 1464 4480 in
1492 4425 1786 4495 integrum,
1819 4427 1980 4484 sicuti
2020 4427 2090 4482 ab
2117 4469 2173 4533 ,Β
2206 4425 2500 4484 fructiferis
2525 4429 2606 4486 vel
2631 4428 2986 4486 infructii'eris
3013 4430 3210 4488 diversi
3254 4430 3493 4502 generis,
3523 4428 3802 4498 fontibus,

496 4517 924 4589 imperatoribus
975 4527 1028 4574 ct
1052 4518 1419 4576 sanctissimis
1447 4517 1800 4591 pontiﬁcibus
1835 4537 2089 4578 concessa

498 4619 707 4666 suntet
746 4613 805 4667 in
837 4621 1164 4684 perpetuum
1193 4612 1550 4679 conﬁrmata;
1584 4612 1747 4668 etiam
1779 4614 2092 4684 portionem

497 4702 564 4772 de
589 4704 708 4770 lacu
736 4705 829 4774 qui
863 4714 1088 4762 vocatur
1119 4705 1300 4776 Dulia,
1333 4721 1434 4761 nec
1455 4721 1566 4762 non
1595 4715 1652 4761 et
1669 4707 1952 4776 casinam,
1973 4724 2094 4780 quae

500 4795 715 4868 ponitur
760 4796 818 4854 in
869 4797 1074 4864 Piretu,
1120 4807 1286 4869 atque
1333 4798 1515 4856 vineas
1553 4816 1676 4872 qum
1723 4810 2002 4872 ponuntur
2039 4803 2095 4858 in

497 4888 910 4960 Semproniano,
959 4890 1180 4960 insuper
1223 4899 1280 4948 et
1327 4899 1534 4952 terram
1579 4889 1734 4964 juxta
1773 4895 2092 4966 Piscariam,

495 4997 598 5050 seu
628 4981 810 5040 vineas
838 4997 962 5058 quae
990 4993 1274 5054 ponuntur
1299 4984 1358 5040 in
1396 4986 1720 5062 Cerbarola;
1749 4995 1808 5046 et
1835 4987 1970 5046 alias
2013 4989 2092 5044 vi-

497 5092 628 5142 neas
650 5091 774 5147 quae
801 5085 1084 5145 ponuntur
1109 5077 1169 5130 in
1197 5076 1542 5148 Querquetu;
1573 5094 1676 5134 nec
1703 5094 1816 5138 non
1839 5089 1894 5136 et
1921 5083 2094 5138 casale

497 5167 645 5242 quod
676 5177 899 5226 vocatur
928 5163 1269 5236 Visilianum,
1321 5185 1449 5226 cum
1489 5172 1731 5250 oratorio
1775 5183 2093 5234 sanctorum

497 5261 726 5318 Joannis
751 5270 806 5318 et
832 5261 1007 5338 Pauli,
1036 5277 1162 5318 cum
1184 5262 1324 5319 casis
1349 5271 1403 5319 et
1435 5261 1622 5330 vineis,
1682 5267 2010 5324 massaritiis
2037 5279 2094 5326 et

496 5353 717 5412 familiis
743 5357 882 5424 suis,
912 5365 968 5412 et
995 5372 1121 5413 cum
1163 5356 1418 5436 omnibus
1461 5355 1532 5412 ad
1571 5373 1631 5414 se
1661 5359 2091 5437 pertinentibus;

499 5448 811 5522 pariterque
838 5451 1042 5508 salinas
1067 5451 1124 5508 in
1163 5450 1318 5506 Urbe
1344 5453 1564 5517 Vetere,
1611 5460 1667 5510 et
1721 5453 1857 5510 alias
1893 5457 2094 5514 salinas

499 5543 707 5616 positas
733 5539 792 5598 in
821 5544 1056 5612 Abinea,
1085 5544 1240 5618 paria
1267 5543 1417 5614 duo;
1442 5546 1578 5602 item
1607 5562 1752 5618 casa,
1783 5551 2090 5608 messaritia

499 5651 628 5694 cum
649 5637 939 5711 mancipiis
968 5639 1108 5704 suis,
1138 5647 1192 5695 et
1220 5655 1347 5698 cum
1373 5641 1632 5724 omnibus
1660 5642 1706 5698 ei
1733 5642 1789 5700 in
1814 5643 2091 5720 integrum

500 5731 928 5802 pernitentibus;
973 5741 1029 5796 et
1079 5731 1217 5790 alias
1255 5733 1484 5804 salinas,
1518 5736 1673 5808 paria
1711 5736 1841 5805 duo,
1887 5739 2091 5810 positas

2202 4521 2333 4577 rivis
2372 4537 2529 4592 aqua:
2563 4523 2837 4592 perennis,
2883 4524 3153 4594 aediﬁciis,
3215 4523 3517 4596 parietinis,
3565 4525 3806 4598 cryptis,

2202 4615 2490 4681 arenariis,
2535 4623 2589 4670 et
2639 4633 2766 4676 cum
2809 4618 3106 4690 aquimolis
3152 4618 3298 4685 suis;
3345 4617 3628 4688 simulque
3675 4634 3806 4674 me-

2201 4707 2466 4766 dietatem
2487 4710 2702 4766 Castelli
2725 4712 2867 4768 Novi
2895 4728 3024 4770 cum
3053 4710 3162 4766 suis
3177 4711 3551 4785 pertinentiis;
3575 4718 3806 4768 curtem

2201 4819 2420 4876 quoque
2469 4812 2524 4860 et
2570 4820 2810 4861 massam
2855 4807 2912 4864 S.
2965 4805 3168 4862 Juliani
3219 4821 3352 4862 cum
3407 4803 3689 4877 pantanis,
3751 4812 3808 4860 et

2199 4896 2368 4963 silvis,
2394 4897 2555 4952 terris
2579 4897 2740 4954 cultis
2768 4906 2821 4954 et
2843 4897 3080 4966 incultis,
3124 4898 3268 4954 sicut
3307 4898 3608 4969 antiquitus
3647 4895 3807 4953 limi-

2203 4997 2315 5045 tata
2369 4989 2494 5058 fuit,
2546 5007 2670 5066 cum
2723 4991 3018 5062 medietate
3067 4992 3172 5048 laci
3219 4992 3477 5058 Borrani,
3545 4987 3809 5048 videlicet

2199 5100 2228 5138 a
2271 5085 2450 5156 primo
2488 5085 2659 5142 latere
2695 5085 2904 5140 ﬁumen
2955 5086 3187 5153 Tiberis,
3225 5103 3258 5142 ι
3331 5084 3569 5142 secundo
3621 5085 3809 5144 latere

2201 5177 2354 5234 rivus
2396 5177 2540 5246 Osee,
2581 5193 2676 5249 per
2716 5179 2969 5236 eumdem
2997 5179 3195 5258 rivum,
3237 5194 3410 5250 usque
3456 5179 3526 5236 ad
3561 5190 3808 5251 pontem

2202 5278 2520 5328 sanctarum
2566 5271 2758 5343 Digna:
2805 5280 2858 5327 et
2905 5271 3208 5340 Meritm;,a
3245 5273 3410 5330 tertio
3441 5289 3566 5330 vero
3597 5275 3806 5346 latere,

2203 5365 2272 5419 ab
2312 5364 2503 5421 eodem
2533 5373 2702 5438 ponte
2743 5382 2839 5436 per
2866 5366 3108 5437 Silicem,
3137 5382 3312 5440 usque
3343 5369 3415 5426 ad
3453 5368 3638 5426 Pilum
3667 5369 3799 5428 fra-

2200 5467 2374 5526 ctum,
2415 5466 2468 5514 et
2495 5457 2688 5516 exinde
2731 5475 2831 5530 per
2875 5460 3130 5526 eamdem
3174 5463 3425 5530 Silicem.
3483 5463 3568 5520 in.
3602 5464 3802 5524 rivum

2198 5551 2435 5624 Spineti;
2467 5561 2660 5626 quarto
2689 5570 2815 5612 vero
2837 5554 3004 5620 latere
3051 5556 3378 5617 terminatur
3404 5573 3500 5631 per
3521 5556 3807 5634 eumdem

2199 5645 2374 5702 rivum
2423 5648 2632 5720 Spineti
2681 5663 2855 5724 usque
2900 5648 2957 5705 in
2991 5649 3277 5710 Silicinutn
3334 5651 3542 5728 rivum,
3597 5659 3658 5708 et
3699 5669 3807 5726 per

2200 5737 2456 5798 eumdem
2479 5741 2664 5800 rivum
2698 5757 2867 5816 usque
2893 5742 2949 5800 in
2980 5743 3211 5802 ﬂumen.
3373 5727 3376 5730 i
