4044 6186
261 220 363 270 723

254 445 307 492 ct
361 437 786 495 corroboramus
841 441 1123 498 castellum
1173 446 1464 502 Passaraui
1519 464 1646 503 cum
1691 465 1852 506 rocca

253 546 356 586 sua
393 539 448 586 et
493 549 618 587 cum
662 534 920 590 omnibus
951 534 1051 590 sibi
1097 537 1515 609 pertinentibus.
1570 541 1853 613 Simulque

251 625 616 681 concedimus
661 626 758 682 tibi
807 644 1025 685 roccam
1056 646 1178 704 quae
1229 633 1554 689 vocaturde
1601 636 1850 706 Guerro,

253 733 385 772 cum
417 720 674 777 omnibus
721 722 838 776 suis
880 723 1246 796 pertinentiis,
1301 735 1462 799 atque
1493 727 1851 786 medietatem

249 812 464 867 castelli
507 813 654 884 quod
683 823 906 870 vocatur
933 818 1236 886 Columna,
1286 836 1413 875 cum
1451 821 1708 878 omnibus
1738 824 1852 878 suis

247 906 598 974 pertinentiis
674 907 820 964 intus
898 909 977 963 vel
1035 909 1204 979 foris,
1262 929 1388 968 cum
1457 915 1679 972 ecclesia
1735 925 1849 971 tota

247 1000 435 1054 Sancti
482 1000 793 1071 Salvatoris,
839 1011 895 1058 et
922 1004 1023 1059 alia
1055 1005 1276 1061 ecclesia
1313 1009 1507 1064 Sancta
1567 1009 1662 1069 Dei
1691 1012 1850 1080 geni-

247 1092 405 1148 tricis
441 1093 629 1151 Marize
657 1095 831 1168 posita
859 1096 911 1150 in
940 1097 1184 1164 Oliveto;
1217 1109 1381 1176 atque
1409 1103 1634 1159 ecclesia
1665 1104 1850 1160 Sancti

243 1187 537 1244 Laurentii
591 1205 712 1263 quae
764 1199 987 1245 vocatur
1033 1194 1359 1262 Marmorio,
1395 1194 1540 1261 (cum
1596 1196 1852 1254 omnibus

249 1280 366 1335 suis
436 1283 806 1353 pertinentiis;
872 1301 976 1340 nec
1052 1301 1166 1340 non
1222 1296 1278 1342 et
1332 1289 1614 1344 castellum
1671 1293 1850 1347 Sancti

245 1374 549 1441 Victorini,
603 1393 728 1432 cum
776 1378 1034 1434 omnibus
1081 1394 1205 1450 qum
1236 1381 1336 1435 sibi
1377 1383 1680 1454 pertinent;
1712 1386 1851 1441 etin

247 1467 465 1522 civitate
510 1470 791 1526 Tiburtina
824 1473 1224 1530 monasterium
1256 1475 1442 1530 Sancti
1496 1478 1719 1552 Angeli,
1761 1479 1850 1552 qui

249 1573 484 1618 vocatur
526 1563 796 1630 Placiule;
830 1581 1050 1622 roccam
1101 1583 1318 1642 quoque
1370 1569 1555 1625 Sancti
1587 1573 1845 1640 Joannis,

248 1670 372 1725 quae
421 1664 650 1714 vocatur
691 1657 1053 1729 Camporacii,
1098 1677 1220 1716 cum
1256 1662 1510 1720 omnibus
1539 1665 1653 1723 suis
1683 1667 1845 1737 perti-

247 1750 486 1814 nentiis;
522 1751 719 1809 Poium
759 1769 885 1807 vero
914 1753 980 1809 de
1026 1756 1370 1810 Numentana
1418 1774 1544 1812 cum
1591 1759 1846 1817 omnibus

249 1843 363 1897 suis
392 1844 639 1902 ecclesiis
667 1855 828 1919 atque
859 1848 1225 1920 pertinentiis;
1257 1860 1494 1906 castrum
1520 1853 1847 1910 Rotundum

247 1953 376 1990 cum
409 1937 634 1996 ecclesia
675 1942 887 1996 Sancta:
931 1944 1248 2015 charatzc,
1293 1952 1455 2016 atque
1493 1945 1680 2002 silvam
1725 1962 1847 2020 qua:

247 2038 476 2086 vocatur
520 2031 588 2087 de
634 2034 829 2089 Sancta
887 2037 1198 2106 Reparata;
1257 2036 1309 2091 in
1349 2038 1563 2094 Albano
1616 2037 1848 2097 fundum

245 2124 505 2179 Tribuni.
563 2126 706 2200 Quin
754 2136 806 2182 et
854 2127 1128 2184 donamus
1180 2129 1308 2198 tibi,
1360 2132 1576 2204 egregio
1621 2134 1847 2189 Doctori

245 2219 526 2287 gentium,
580 2227 822 2277 castrum
873 2221 1079 2277 Flaiani
1139 2240 1266 2278 cum
1333 2226 1445 2279 suis
1505 2227 1848 2302 pertinentiis

249 2315 396 2366 intus
457 2311 536 2367 vel
588 2312 741 2381 foris,
796 2323 960 2386 atque
1008 2316 1292 2372 castellum
1342 2319 1687 2387 Vaccaricim,
1717 2337 1847 2377 cum

249 2405 513 2461 omnibus
561 2407 676 2461 suis
708 2409 1079 2480 pertinentiis;
1108 2409 1348 2482 itemque
1400 2420 1641 2468 castrum
1677 2415 1845 2469 Mori-

249 2498 376 2572 lupo
408 2515 540 2556 cum
580 2500 834 2555 omnibus
864 2502 974 2557 suis
1007 2503 1354 2573 pertinentiis
1381 2528 1394 2570 ;
1447 2515 1688 2562 castrum
1720 2522 1846 2563 vero

245 2593 658 2663 Lepronianum
702 2611 827 2650 cum
857 2595 1116 2652 omnibus
1157 2598 1269 2652 suis
1313 2599 1685 2669 pertinentiis;
1733 2610 1845 2656 ter—

247 2686 378 2741 tiam
438 2697 652 2756 partem
703 2689 935 2748 civitatis
999 2691 1344 2763 Scapranatze
1392 2709 1522 2748 cum
1584 2693 1847 2770 omnibus

247 2781 356 2834 suis
406 2781 784 2852 pertinentiis;
838 2783 1107 2840 civitatem
1161 2802 1286 2841 vero
1335 2786 1402 2841 de
1453 2787 1675 2843 Colliuis
1718 2805 1844 2844 cum

246 2875 508 2930 omnibus
537 2876 648 2930 suis
678 2878 1042 2947 pertinentiis;
1074 2888 1312 2934 castrum
1340 2898 1558 2954 quoque
1584 2881 1845 2938 Formelli

246 2983 371 3023 cum
405 2971 666 3024 omnibus
689 2972 800 3025 suis
823 2973 1182 3042 pertinentiis;
1217 2972 1450 3032 fundum
1483 2991 1699 3048 quoque
1731 2979 1846 3031 Ma—

246 3077 531 3128 ceranum,
577 3063 812 3136 positum
843 3066 997 3138 juxta
1037 3055 1324 3124 ecclesiam
1360 3071 1540 3123 Sancti
1581 3070 1843 3138 Cornelii;

1198 227 1540 283 EPISTOLr‘E
1579 230 1795 284 EXTRA
1836 230 2213 288 REGISTRUM
2251 233 2632 288 VAGANTES.

330 346 602 400 Praeterea
634 346 1028 403 conﬁrmamus
1051 357 1148 408 tuo
1177 351 1469 411 venerabili
1499 355 1852 422 monasterio,
1884 359 1936 424 Α
1965 371 2068 427 que
2114 364 2332 430 portam
2364 357 2534 415 Urbis
2577 373 2700 430 qua:
2750 367 2974 416 vocatur
2999 361 3184 417 Sancti
3239 343 3391 420 Pauli
3433 381 3560 422 cum
3648 343 3651 346 l

3458 245 3559 298 726

1959 448 2131 507 reditu
2167 466 2299 516 suo;
2334 459 2390 506 et
2429 451 2606 506 molas
2630 451 2763 507 duas
2792 452 2848 508 in
2879 452 3043 509 llule
3082 454 3332 512 Almonis
3363 457 3560 515 subtus

1959 552 2218 614 pontem,
2264 561 2392 600 cum
2440 543 2665 600 ecclesia
2723 546 2901 603 Sancti
2950 546 3217 618 Andreas;
3265 557 3557 624 totumque

1958 637 2238 692 castellum
2283 638 2470 692 Sancti
2519 637 2670 693 Pauli
2699 639 2849 710 quod
2886 648 3115 696 vocatur
3155 642 3555 714 Joannipolim,

1955 744 2080 810 cum
2112 730 2262 784 mola
2280 730 2434 801 juxta
2465 745 2523 786 se
2550 751 2565 799 ;
2598 731 2848 805 itemque
2883 741 3064 790 totum
3097 735 3378 792 castellum
3408 736 3557 810 quod

1959 831 2188 880 vocatur
2211 823 2552 892 Curcurlum,
2578 839 2706 880 cum
2735 834 2888 882 curte
2914 827 3098 883 Sancti
3119 827 3323 898 Primi;
3351 837 3407 886 et
3434 845 3554 887 cas-

1959 925 2106 972 trum
2128 917 2277 989 quod
2307 927 2530 972 vocatur
2552 918 2726 985 Polis;
2752 928 2807 975 et
2835 920 3120 976 castellum
3146 922 3294 992 quod
3323 931 3553 981 vocatur

1960 1010 2368 1077 Fustinianum;
2411 1019 2466 1066 et
2493 1011 2778 1067 castellum
2813 1011 2959 1084 quod
2999 1021 3223 1070 vocatur
3251 1015 3552 1087 Gallicani,

1959 1104 2117 1160 sicuti
2160 1103 2487 1160 Theodorus
2515 1103 2586 1161 de
2615 1103 2818 1161 Ruﬁno
2842 1104 2976 1161 olim
3009 1105 3105 1162 tibi
3135 1105 3320 1176 dedit;
3369 1109 3553 1165 civita-

1958 1205 2070 1254 tem
2117 1213 2242 1253 vero
2271 1197 2572 1265 Patricam,
2615 1213 2742 1253 cum
2795 1198 3054 1254 omnibus
3096 1199 3459 1272 appendicils,
3501 1210 3556 1258 et

1959 1307 2082 1348 cum
2131 1299 2244 1346 tota
2289 1291 2514 1346 ecclesia
2561 1291 2741 1347 Sancti
2785 1291 3100 1359 Laurentii,
3140 1291 3297 1348 sicuti
3361 1292 3558 1350 beatus

1960 1385 2200 1440 Marinus
2237 1400 2372 1456 papa
2410 1385 2680 1440 concessit
2708 1385 3042 1441 monasterio
3076 1393 3203 1449 tuo;
3230 1393 3284 1442 et
3310 1395 3559 1444 montem

1960 1477 2194 1544 Porculi,
2226 1487 2388 1549 atque
2425 1478 2813 1534 monasterium
2853 1479 3032 1535 Sancti
3062 1477 3207 1535 Petri
3246 1478 3314 1535 de
3354 1479 3556 1547 Massa,

1958 1571 2124 1626 situm
2163 1572 2215 1626 in
2247 1560 2521 1626 territorio
2564 1571 2880 1626 Palestrino.
2924 1575 3175 1644 Itemque
3203 1572 3559 1630 concedimus

1957 1663 2052 1719 tibi
2100 1666 2352 1720 Sanctam
2392 1665 2651 1732 Mariam,
2686 1680 2808 1736 quae
2837 1664 3256 1740 cognominatur
3281 1665 3556 1721 Domine-

1881 1725 1927 1794 Β
1959 1757 2298 1827 Quo-Vadis,
2324 1766 2376 1814 et
2400 1766 2572 1812 totam
2600 1725 2881 1828 planitiem
2906 1725 3036 1814 ante
3058 1758 3259 1830 januas
3280 1757 3444 1815 dictas
3467 1773 3555 1815 ec-

1961 1851 2155 1915 clesiae,
2187 1851 2278 1906 ubi
2328 1850 2563 1906 fullones
2595 1851 2919 1907 candiﬂcaut
2955 1866 3184 1924 pannos,
3213 1867 3342 1907 cum
3380 1851 3557 1911 tribus

1959 1944 2291 2000 molendinis
2328 1961 2451 2018 quae
2485 1943 2691 2000 ibidem
2735 1950 2899 2013 sunt;
2941 1953 2996 2000 et
3038 1944 3385 2002 medietatem
3424 1945 3554 2001 circi

1959 2056 2083 2094 cum
2127 2037 2382 2094 omnibus
2424 2039 2644 2110 cryptis,
2673 2037 2764 2093 ubi
2800 2038 2944 2094 lutea
2973 2053 3096 2093 vasa
3129 2046 3471 2110 coquuntur;
3502 2043 3558 2094 et

1959 2124 2428 2203 baltieum,\quod
2475 2147 2621 2186 nunc
2659 2129 2866 2185 detinet
2907 2130 3204 2202 Gregorius
3247 2130 3316 2187 de
3344 2133 3555 2187 Tuscu-

1959 2225 2110 2291 lana;
2150 2224 2434 2279 ecclesiam
2471 2238 2690 2295 quoque
2720 2226 2774 2279 S.
2810 2223 3102 2279 Salvatoris
3135 2222 3191 2278 in
3218 2223 3392 2295 capite
3423 2239 3558 2294 pon-

1955 2319 2027 2373 tis
2068 2319 2121 2372 S.
2155 2318 2373 2385 Mariae,
2423 2329 2552 2373 cum
2590 2315 2762 2372 domo
2791 2318 2937 2389 ejus;
2972 2324 3057 2382 et,
3097 2315 3236 2371 inira
3280 2316 3471 2372 urbem
3502 2324 3559 2373 et

1957 2411 2227 2482 porticum
2257 2413 2313 2466 S.
2359 2410 2529 2478 Petri,
2564 2410 2965 2483 quinquaginta
2994 2410 3339 2479 mansiones;
3387 2419 3556 2483 atque
3596 2389 3604 2407 ’

1956 2502 2150 2559 decem
2183 2513 2237 2559 et
2266 2511 2389 2559 octo
2412 2504 2529 2559 illas
2558 2504 2855 2559 salinarum
2880 2506 2939 2558 in
2963 2518 3160 2576 campo
3187 2503 3254 2559 de
3272 2503 3479 2572 Saliae;
3503 2513 3557 2559 et

1955 2597 2154 2663 casale,
2203 2597 2349 2672 quod
2391 2605 2618 2652 vocatur
2660 2596 2937 2663 Fulconis,
2982 2605 3164 2653 totum
3210 2612 3272 2653 ex
3320 2597 3554 2668 integro,

1957 2706 2130 2761 usque
2156 2689 2223 2745 ad
2249 2697 2476 2761 pontem
2513 2691 2668 2746 Molli
2694 2699 2747 2746 et
2775 2705 2948 2762 usque
2979 2689 3047 2746 ad
3082 2692 3138 2746 S.
3171 2690 3471 2757 Leucium;
3503 2698 3558 2747 et

1956 2792 2136 2838 totum
2175 2785 2575 2850 Fascanorum,
2623 2791 2677 2838 et
2708 2790 2887 2839 totum
2935 2783 3236 2852 Quintum;
3282 2789 3337 2840 et
3379 2791 3554 2839 totam

1958 2876 2252 2933 Galleriam
2279 2892 2406 2932 cum
2437 2875 2646 2932 colonis
2671 2885 2723 2931 et
2752 2877 3049 2931 colonabus
3076 2875 3216 2942 suis;
3243 2885 3407 2947 atque
3436 2891 3554 2931 me-

1955 2971 2212 3025 dietatem
2235 2969 2462 3025 civitatis
2490 2972 2837 3025 Manturana:
2856 2978 2910 3025 et
2938 2967 3106 3026 totius
3133 2968 3391 3024 territorii
3415 2968 3554 3040 ejus,

1956 3080 2083 3118 cum
2125 3064 2336 3119 colonis
2364 3072 2419 3119 et
2460 3063 2760 3119 colonabus
2800 3063 2942 3130 suis,
2974 3062 3133 3118 sicuti
3171 3077 3308 3134 papa
3356 3062 3558 3134 Agapi-

245 3122 642 3212 monasteriu-m
673 3122 865 3213 Sancti
899 3161 1179 3217 Benedicti
1210 3161 1277 3217 de
1315 3165 1486 3236 Nepe,
1520 3163 1759 3236 positum
1794 3122 1847 3219 id
1881 3122 1926 3186 Ο
1963 3167 2048 3213 tus
2075 3157 2223 3213 dedit
2251 3158 2584 3213 monasterio
2613 3165 2731 3225 tuo,
2759 3157 2849 3228 qui
2871 3165 2924 3212 et
2949 3157 3179 3212 alteram
3203 3153 3555 3212 medietatem

247 3252 550 3316 Pentoma;
592 3267 828 3306 massam
861 3269 983 3326 qua:
1022 3263 1246 3310 vocatur
1280 3255 1580 3322 Ulmetum,
1615 3256 1852 3328 positam

246 3343 300 3396 in
338 3343 624 3399 territorio
675 3347 980 3417 Nepesino;
1029 3347 1280 3405 similiter
1313 3365 1549 3404 massam
1599 3366 1720 3420 qum
1750 3367 1851 3405 vo-

244 3447 402 3491 catur
448 3437 683 3508 Mei-ana,
717 3440 948 3510 positam
974 3441 1130 3511 juxta
1175 3442 1503 3513 Nepesinam
1547 3442 1848 3511 civitatem;

243 3516 412 3601 atque
457 3529 632 3585 lacum
675 3532 766 3604 qui
811 3539 1035 3588 vocatur
1089 3534 1332 3603 Jamela;
1387 3535 1628 3609 itemque
1656 3553 1850 3591 conce-

247 3621 432 3677 dimus
485 3625 614 3690 tibi,
668 3626 887 3699 egregio
947 3627 1174 3683 Doctori
1235 3629 1508 3700 gentium,
1567 3629 1849 3685 ecclesiam

247 3716 429 3772 Sancti
475 3717 735 3790 Stephani
780 3736 907 3774 cum
945 3721 1167 3776 castello
1207 3729 1260 3776 et
1307 3721 1481 3794 burgo
1529 3739 1650 3790 suo,
1702 3723 1853 3793 posi-

246 3818 360 3866 tam
419 3812 585 3883 juxta
639 3812 916 3868 civitatem
973 3815 1297 3880 Sutrinum,
1366 3833 1492 3871 cum
1551 3819 1707 3872 terris
1757 3832 1851 3873 seu

247 3903 448 3972 hortis,
494 3913 658 3976 atque
709 3906 1064 3973 molendinis,
1123 3907 1310 3976 vineis,
1369 3911 1604 3983 campis,
1663 3910 1850 3982 pratis,

251 3999 503 4066 pascuis,
568 3999 860 4057 arboribus
926 3998 1240 4073 pomiferis,
1301 4001 1587 4057 fructiteris
1641 4005 1720 4058 vel
1771 4005 1851 4057 in-

250 4090 566 4146 fructiferis.
615 4095 728 4148 Nec
775 4110 887 4148 non
940 4101 994 4148 et
1036 4093 1428 4150 conﬁrmamus
1475 4095 1568 4149 tibi
1620 4095 1852 4152 fundum

253 4185 336 4254 qui
394 4193 622 4239 vocatur
674 4187 884 4255 Lubre,
944 4204 1072 4246 cum
1127 4187 1301 4242 vineis
1357 4199 1410 4243 et
1468 4191 1665 4259 pratis,
1725 4206 1854 4246 cum

173 4281 178 4286 '
255 4279 416 4332 terris
437 4281 856 4348 sementariciis,
887 4297 1012 4338 cum
1036 4282 1315 4354 plantariis
1335 4290 1389 4337 et
1410 4283 1696 4354 paludibus
1719 4285 1850 4339 suis.

323 4374 579 4443 Itemque
611 4374 1002 4430 confirmamus
1031 4374 1404 4431 limreditatem
1440 4392 1560 4446 quae
1589 4377 1719 4431 olim
1753 4376 1856 4433 fuit

255 4464 317 4518 de
342 4465 523 4521 Guido
549 4465 616 4522 de
647 4467 820 4539 Sergi,
856 4477 1042 4539 postea
1072 4478 1249 4540 empta
1284 4487 1314 4525 a
1348 4470 1683 4526 monasterio
1720 4480 1844 4539 tuo;

256 4568 502 4628 quartam
555 4560 763 4618 scilicet
817 4572 1024 4632 partem
1077 4563 1440 4631 Castellionis,
1497 4580 1593 4619 sex
1646 4564 1849 4636 pedicis

257 4659 413 4708 terrm
441 4653 852 4721 sementariciis,
881 4672 1005 4709 cum
1029 4655 1217 4726 vineis,
1239 4672 1334 4710 seu
1362 4657 1659 4728 plantariis,
1687 4665 1849 4730 atque

253 4747 444 4817 pratis,
476 4754 656 4816 atque
696 4763 820 4802 cum
866 4756 1018 4820 parte
1060 4758 1249 4820 quarta
1300 4749 1394 4803 rivi
1445 4751 1654 4816 Octavi,
1686 4761 1848 4822 atque

253 4840 536 4898 ecclesiam
572 4842 749 4900 Sancti
784 4843 1036 4911 Joannis,
1070 4843 1303 4916 positam
1344 4843 1397 4898 in
1425 4843 1591 4899 fluido
1621 4845 1712 4916 qui
1749 4861 1847 4900 vo-

250 4932 405 4989 Catur
443 4934 699 5004 Maliano,
733 4952 861 4991 cum
886 4937 1004 5007 ipso
1034 4935 1224 5003 fundo,
1251 4936 1404 4993 sicuti
1435 4955 1464 4992 a
1494 4939 1696 4993 sanctis
1724 4955 1853 5009 pon-

251 5020 494 5084 titicibus
532 5044 853 5084 concessum
883 5037 967 5085 est
1009 5030 1143 5096 tibi;
1188 5031 1317 5088 item
1369 5031 1426 5085 in
1472 5031 1690 5087 civitate
1729 5033 1848 5086 Ho-

249 5121 462 5189 sticnsi,
493 5122 775 5179 ecclesiam
815 5133 1019 5198 sanctae
1063 5124 1334 5198 genitricis
1375 5125 1564 5182 Mariae
1593 5125 1850 5180 Domina:

249 5222 475 5282 nostrae,
525 5232 648 5272 cum
687 5217 798 5272 suis
831 5217 1192 5290 pertinentiis;
1241 5226 1296 5273 et
1335 5218 1487 5290 juxta
1529 5233 1695 5290 mare,
1730 5234 1849 5274 me-

250 5309 510 5370 dietatem
553 5310 795 5368 ecclesiae
824 5311 1008 5367 Sancti
1052 5311 1351 5382 Laurentii,
1393 5313 1553 5370 sitam
1593 5311 1648 5367 in
1688 5312 1849 5367 terri-

253 5391 392 5460 torio
431 5403 768 5472 Ardeatino;
820 5414 982 5480 atque
1023 5405 1301 5464 ecclesiam
1345 5407 1661 5473 Salvatoris,
1706 5406 1848 5482 posi-

252 5504 370 5556 tam
413 5497 471 5554 in
515 5499 775 5568 Decimo;
823 5499 1109 5559 castellum
1158 5516 1376 5579 quoque
1422 5500 1568 5576 quod
1625 5509 1850 5560 vocatur

250 5594 486 5652 Sanctus
516 5591 715 5652 Paulus
750 5593 811 5652 iu
844 5595 1017 5663 Jona;
1064 5601 1268 5654 terram
1317 5610 1440 5650 vero
1478 5593 1544 5654 de
1575 5596 1847 5664 Canneto,

250 5701 380 5759 quae
413 5695 502 5750 est
527 5686 660 5746 Coris
697 5695 912 5759 portam
957 5688 1141 5749 Sancti
1169 5687 1339 5761 Pauli,
1365 5688 1519 5760 juxta
1554 5689 1846 5764 porticum,

254 5795 419 5850 quam
449 5796 598 5836 nunc
634 5780 880 5837 detinent
917 5780 1172 5838 monachi
1211 5780 1392 5838 Sancti
1437 5779 1732 5847 Bonifacii;
1765 5789 1843 5834 at-

1959 3251 2184 3306 retinuit
2225 3251 2280 3305 in
2311 3251 2559 3306 dominio
2592 3266 2725 3317 suo;
2757 3259 2812 3305 et
2837 3249 3191 3305 medietatem
3220 3249 3410 3305 Pontis
3444 3251 3554 3304 Ve-

1957 3345 2112 3414 neni;
2159 3353 2212 3398 et
2252 3343 2391 3398 duas
2436 3343 2689 3399 ecclesias
2734 3344 2789 3398 in
2837 3344 3064 3412 collina,
3106 3343 3262 3416 juxta
3305 3341 3553 3398 Vaccari-

1956 3438 2126 3506 ciam,
2170 3455 2296 3492 cum
2336 3436 2598 3494 omnibus
2641 3437 2782 3492 villis
2809 3437 2951 3502 suis,
3001 3437 3056 3493 id
3099 3445 3181 3493 est
3227 3438 3282 3492 S.
3327 3435 3554 3492 Christi.

1958 3548 2045 3588 na:
2091 3539 2144 3587 et
2186 3535 2242 3588 S.
2276 3531 2535 3598 Luciani;
2583 3539 2637 3586 et
2675 3539 2909 3602 quatuor
2951 3545 3158 3586 massas
3201 3530 3258 3585 in
3295 3531 3554 3585 Nazzano

1959 3640 2126 3696 usque
2167 3624 2235 3680 ad
2281 3631 2497 3695 portam
2537 3623 2702 3694 ipsius
2727 3623 2928 3679 castelli
2969 3622 3116 3694 quod
3151 3629 3376 3678 vocatur
3412 3624 3554 3678 Naz-

1959 3734 2182 3787 zanum,
2222 3725 2277 3772 et
2315 3732 2485 3788 usque
2527 3716 2592 3771 ad
2623 3731 2807 3772 casam
2849 3725 3276 3782 murmuratam,
3315 3727 3555 3787 quorum

1959 3811 2180 3866 nomina
2205 3812 2322 3866 haec
2353 3819 2484 3865 sunt
2525 3831 2537 3866 :
2573 3811 3018 3876 Monumentum,
3061 3808 3424 3876 Priscianum,
3455 3809 3556 3863 Pa-

1959 3913 2303 3972 ramentum,
2357 3907 2688 3973 Cascanum,
2730 3902 3061 3972 Casaretuli,
3089 3917 3258 3975 prope
3308 3909 3555 3958 montem

1959 3998 2192 4064 Soracti,
2225 4013 2348 4053 cum
2380 3997 2588 4052 colonis
2629 4005 2684 4052 et
2730 3996 3027 4053 colonabus
3077 3997 3213 4064 suis,
3256 4011 3382 4068 quae
3409 3995 3556 4053 dedit

1960 4091 2210 4147 Farult'us
2247 4105 2432 4147 comes
2463 4090 2593 4159 tibi,
2624 4090 2715 4162 qui
2743 4091 2991 4162 sepultus
3017 4097 3101 4146 est
3129 4087 3183 4145 in
3213 4089 3555 4146 monasterio

1958 4193 2088 4252 tuo;
2139 4187 2381 4257 itemque
2425 4193 2604 4240 totum
2636 4199 2827 4255 agrum
2857 4185 3160 4252 Veranum,
3209 4182 3301 4239 ubi
3331 4181 3556 4239 ecclesia

1959 4281 2014 4333 S.
2047 4278 2324 4334 Laurentii
2367 4278 2623 4350 martyris
2668 4276 2769 4332 sita
2813 4285 2926 4343 est,
2975 4293 3136 4348 quem
3166 4277 3558 4334 Constantinus

1960 4373 2257 4443 imperator
2285 4371 2379 4427 tibi
2414 4371 2637 4427 Doctori
2669 4371 2916 4442 gentium
2943 4369 3125 4436 dedit,
3154 4367 3248 4425 tali
3277 4377 3467 4426 tenore
3497 4379 3557 4426 ut

1959 4483 2053 4536 per
2080 4466 2323 4535 singulos
2351 4480 2525 4520 annos
2563 4462 2821 4520 redderes
2857 4471 3131 4519 trecentos
3158 4463 3556 4535 quinquaginta

1960 4559 2192 4625 solidos;
2244 4559 2356 4614 duo
2403 4574 2617 4629 quoque
2661 4556 2879 4613 castella
2923 4569 3046 4627 quc
3087 4555 3291 4614 detinet
3333 4558 3555 4628 Reyno-

1955 4653 2068 4709 rius
2117 4668 2331 4720 comes,
2382 4651 2526 4706 ﬁlius
2566 4651 2785 4718 Veillaa,
2839 4648 2896 4706 id
2936 4656 3022 4705 est
3062 4663 3227 4706 mons
3267 4649 3458 4717 Pado,
3497 4658 3560 4707 οι

1956 4750 2220 4816 Campum
2251 4746 2430 4800 lacum
2449 4787 2463 4813 ,
2504 4746 2830 4802 Grossetum
2849 4786 2866 4805 .
2894 4757 3019 4816 qua
3051 4743 3236 4800 omnia
3259 4744 3378 4800 tibi
3405 4743 3558 4804 ded!

1955 4840 2129 4896 beatae
2170 4841 2460 4895 memorias
2506 4854 2641 4912 papa
2674 4838 2950 4905 Marinus,
2981 4851 3113 4894 uim
3160 4837 3291 4894 Eis:
3319 4837 3552 4911 lajm,

1954 4949 2076 5005 quas
2105 4942 2328 4989 vocatur
2349 4934 2558 4989 Crassa.

2027 5028 2272 5084 Tandem
2300 5026 2426 5100 quia
2454 5028 2682 5099 longum
2708 5033 2791 5083 est
2817 5025 3024 5099 ire‘psr
3048 5027 3282 5100 singula,
3307 5042 3554 5088 mm»

1956 5121 2054 5179 tim
2077 5120 2476 5180 conﬁrmamus
2499 5128 2557 5178 et
2579 5119 3008 5181 corroboramus
3027 5120 3128 5182 tibi
3146 5128 3351 5196 tuoque
3369 5135 3558 5184 mo-

1955 5215 2044 5272 bio
2069 5215 2122 5272 in
2146 5224 2469 5288 perpetuum
2495 5214 2758 5287 quidquid
2786 5214 3184 5276 conﬁrmatum
3211 5222 3268 5274 et
3293 5211 3555 5276 conabor

1957 5316 2141 5372 ratum
2201 5309 2300 5372 tibi
2360 5318 2580 5368 constat
2631 5325 2728 5380 per
2779 5317 3191 5370 antecesserunt
3238 5315 3558 5370 uestium

1955 5402 2267 5476 privilegia,
2307 5418 2406 5460 seu
2448 5401 2712 5476 quidquid
2737 5402 2954 5475 justum
2995 5409 3055 5460 et
3091 5416 3420 5462 concessum
3452 5400 3554 5462 tibi

1955 5505 2038 5554 cst
2065 5504 2121 5554 et
2161 5495 2416 5568 deinceps
2463 5495 2795 5558 concedetur
2840 5512 2938 5574 per
2966 5494 3340 5568 quorumlibet
3379 5494 3560 5558 homi-

1954 5605 2089 5646 num
2124 5591 2344 5661 scripta.
2374 5589 2466 5650 Ab
2495 5590 2647 5652 omni
2686 5589 2854 5648 etiam
2886 5590 3024 5666 jugo
3070 5603 3167 5648 seu
3207 5587 3416 5648 ditione
3460 5603 3554 5650 cu-

1950 5683 2257 5762 juscunque
2329 5700 2582 5756 personae
2653 5681 2940 5759 prmfatum
2998 5683 3394 5742 monasterium
3451 5679 3557 5740 hoc

1957 5776 2230 5852 privilegio
2271 5788 2473 5834 nostra
2519 5776 2858 5834 auctoritatis
2901 5775 3248 5829 absolvimus.
3295 5773 3553 5828 Decerni-
