  <div class='ocr_page' id='page_1' title='image "/cluster/home/n/w/nwhite01/storage/ocr_20150623/148/hvd.32044054760061/369.png"; bbox 0 0 4044 6186; ppageno 0'>
   <div class='ocr_carea' id='block_1_1' title="bbox 504 292 603 345">
    <p class='ocr_par' dir='ltr' id='par_1_1' title="bbox 504 292 603 345">
     <span class='ocr_line' id='line_1_1' title="bbox 504 292 603 345; baseline -0.01 -1"><span class='ocrx_word' id='word_1_1' title='bbox 504 292 603 345; x_wconf 81' lang='grc'>72⁸7</span> 
     </span>
    </p>
   </div>
   <div class='ocr_carea' id='block_1_2' title="bbox 1446 280 2849 335">
    <p class='ocr_par' dir='ltr' id='par_1_2' title="bbox 1446 280 2849 335">
     <span class='ocr_line' id='line_1_2' title="bbox 1446 280 2849 335; baseline -0.003 0"><span class='ocrx_word' id='word_1_2' title='bbox 1446 283 1500 335; x_wconf 91' lang='lat' dir='ltr'>S.</span> <span class='ocrx_word' id='word_1_3' title='bbox 1543 281 1861 335; x_wconf 82' lang='lat' dir='ltr'>GREGORII</span> <span class='ocrx_word' id='word_1_4' title='bbox 1903 281 1992 334; x_wconf 80' lang='lat' dir='ltr'><strong>VII</strong></span> <span class='ocrx_word' id='word_1_5' title='bbox 2032 280 2224 335; x_wconf 72' lang='grc' dir='ltr'>ΡΑΡᾹΞ</span> <span class='ocrx_word' id='word_1_6' title='bbox 2263 281 2536 335; x_wconf 79' lang='lat' dir='ltr'>OPERUM</span> <span class='ocrx_word' id='word_1_7' title='bbox 2576 282 2748 335; x_wconf 80' lang='lat' dir='ltr'>PARS</span> <span class='ocrx_word' id='word_1_8' title='bbox 2791 282 2849 335; x_wconf 86' lang='lat' dir='ltr'>ll.</span> 
     </span>
    </p>
   </div>
   <div class='ocr_carea' id='block_1_3' title="bbox 3690 284 3796 336">
    <p class='ocr_par' dir='ltr' id='par_1_3' title="bbox 3690 284 3796 336">
     <span class='ocr_line' id='line_1_3' title="bbox 3690 284 3796 336; baseline -0.009 0"><span class='ocrx_word' id='word_1_9' title='bbox 3690 284 3796 336; x_wconf 79' lang='lat'>728</span> 
     </span>
    </p>
   </div>
   <div class='ocr_carea' id='block_1_4' title="bbox 504 384 3798 479">
    <p class='ocr_par' dir='ltr' id='par_1_4' title="bbox 504 384 3798 479">
     <span class='ocr_line' id='line_1_4' title="bbox 504 384 3798 479; baseline -0.004 -6"><span class='ocrx_word' id='word_1_10' title='bbox 504 430 629 472; x_wconf 89' lang='lat' dir='ltr'>mus</span> <span class='ocrx_word' id='word_1_11' title='bbox 670 415 836 471; x_wconf 91' lang='lat' dir='ltr'>etiam</span> <span class='ocrx_word' id='word_1_12' title='bbox 890 420 955 468; x_wconf 93' lang='lat' dir='ltr'>ut</span> <span class='ocrx_word' id='word_1_13' title='bbox 987 414 1181 465; x_wconf 91' lang='lat' dir='ltr'>cuncta</span> <span class='ocrx_word' id='word_1_14' title='bbox 1224 408 1341 462; x_wconf 88' lang='lat' dir='ltr'>loca</span> <span class='ocrx_word' id='word_1_15' title='bbox 1392 404 1626 471; x_wconf 90' lang='lat' dir='ltr'>urbana,</span> <span class='ocrx_word' id='word_1_16' title='bbox 1658 404 1741 459; x_wconf 92' lang='lat' dir='ltr'>vel</span> <span class='ocrx_word' id='word_1_17' title='bbox 1790 405 2087 473; x_wconf 91' lang='lat' dir='ltr'>rusticana,</span> <span class='ocrx_word' id='word_1_18' title='bbox 2116 410 2169 471; x_wconf 80' lang='grc' dir='ltr'><strong>Α</strong></span> <span class='ocrx_word' id='word_1_19' title='bbox 2196 420 2417 461; x_wconf 89' lang='lat' dir='ltr'>summa</span> <span class='ocrx_word' id='word_1_20' title='bbox 2444 422 2571 461; x_wconf 91' lang='lat' dir='ltr'>cum</span> <span class='ocrx_word' id='word_1_21' title='bbox 2596 404 2878 478; x_wconf 84' lang='lat' dir='ltr'>diligentia</span> <span class='ocrx_word' id='word_1_22' title='bbox 2907 384 3135 477; x_wconf 86' lang='lat' dir='ltr'>dignum</span> <span class='ocrx_word' id='word_1_23' title='bbox 3164 404 3477 461; x_wconf 88' lang='lat' dir='ltr'>ministrum</span> <span class='ocrx_word' id='word_1_24' title='bbox 3504 405 3575 462; x_wconf 91' lang='lat' dir='ltr'>ad</span> <span class='ocrx_word' id='word_1_25' title='bbox 3602 420 3798 479; x_wconf 86' lang='lat' dir='ltr'>regen-</span> 
     </span>
    </p>
   </div>
   <div class='ocr_carea' id='block_1_5' title="bbox 504 497 2088 570">
    <p class='ocr_par' dir='ltr' id='par_1_5' title="bbox 504 497 2088 570">
     <span class='ocr_line' id='line_1_5' title="bbox 504 497 2088 570; baseline -0.009 -3"><span class='ocrx_word' id='word_1_26' title='bbox 504 509 561 569; x_wconf 88' lang='lat' dir='ltr'>id</span> <span class='ocrx_word' id='word_1_27' title='bbox 587 518 669 564; x_wconf 89' lang='lat' dir='ltr'>est</span> <span class='ocrx_word' id='word_1_28' title='bbox 696 515 895 570; x_wconf 91' lang='lat' dir='ltr'>curtes,</span> <span class='ocrx_word' id='word_1_29' title='bbox 935 516 1163 570; x_wconf 89' lang='lat' dir='ltr'>massas,</span> <span class='ocrx_word' id='word_1_30' title='bbox 1204 499 1423 568; x_wconf 89' lang='lat' dir='ltr'>casalia,</span> <span class='ocrx_word' id='word_1_31' title='bbox 1460 499 1670 566; x_wconf 92' lang='lat' dir='ltr'>vineas,</span> <span class='ocrx_word' id='word_1_32' title='bbox 1710 506 1888 554; x_wconf 91' lang='lat' dir='ltr'>terras</span> <span class='ocrx_word' id='word_1_33' title='bbox 1915 497 2088 553; x_wconf 88' lang='lat' dir='ltr'>diver-</span> 
     </span>
    </p>
   </div>
   <div class='ocr_carea' id='block_1_6' title="bbox 501 592 2089 673">
    <p class='ocr_par' dir='ltr' id='par_1_6' title="bbox 501 592 2089 673">
     <span class='ocr_line' id='line_1_6' title="bbox 501 592 2089 673; baseline -0.008 -14"><span class='ocrx_word' id='word_1_34' title='bbox 501 616 671 673; x_wconf 88' lang='lat' dir='ltr'>saque</span> <span class='ocrx_word' id='word_1_35' title='bbox 699 597 905 671; x_wconf 73' lang='lat' dir='ltr'>praedia</span> <span class='ocrx_word' id='word_1_36' title='bbox 932 594 1071 651; x_wconf 90' lang='lat' dir='ltr'>culta</span> <span class='ocrx_word' id='word_1_37' title='bbox 1100 594 1180 649; x_wconf 88' lang='lat' dir='ltr'>vel</span> <span class='ocrx_word' id='word_1_38' title='bbox 1208 594 1434 662; x_wconf 90' lang='lat' dir='ltr'>inculta,</span> <span class='ocrx_word' id='word_1_39' title='bbox 1457 608 1586 648; x_wconf 89' lang='lat' dir='ltr'>cum</span> <span class='ocrx_word' id='word_1_40' title='bbox 1615 592 1825 647; x_wconf 91' lang='lat' dir='ltr'>colonis</span> <span class='ocrx_word' id='word_1_41' title='bbox 1854 600 1909 647; x_wconf 94' lang='lat' dir='ltr'>et</span> <span class='ocrx_word' id='word_1_42' title='bbox 1936 592 2089 647; x_wconf 89' lang='lat' dir='ltr'>colo-</span> 
     </span>
    </p>
   </div>
   <div class='ocr_carea' id='block_1_7' title="bbox 502 685 2093 760">
    <p class='ocr_par' dir='ltr' id='par_1_7' title="bbox 502 685 2093 760">
     <span class='ocr_line' id='line_1_7' title="bbox 502 685 2093 760; baseline -0.006 -10"><span class='ocrx_word' id='word_1_43' title='bbox 502 695 695 760; x_wconf 89' lang='lat' dir='ltr'>nabus,</span> <span class='ocrx_word' id='word_1_44' title='bbox 731 691 903 746; x_wconf 84' lang='lat' dir='ltr'><strong>servis</strong></span> <span class='ocrx_word' id='word_1_45' title='bbox 930 697 985 743; x_wconf 90' lang='lat' dir='ltr'>et</span> <span class='ocrx_word' id='word_1_46' title='bbox 1011 687 1242 754; x_wconf 85' lang='lat' dir='ltr'>ancillis,</span> <span class='ocrx_word' id='word_1_47' title='bbox 1283 703 1405 759; x_wconf 72' lang='lat' dir='ltr'>quae</span> <span class='ocrx_word' id='word_1_48' title='bbox 1435 687 1504 742; x_wconf 88' lang='lat' dir='ltr'>ab</span> <span class='ocrx_word' id='word_1_49' title='bbox 1538 686 1814 758; x_wconf 89' lang='lat' dir='ltr'>aliquibus</span> <span class='ocrx_word' id='word_1_50' title='bbox 1840 685 2093 741; x_wconf 90' lang='lat' dir='ltr'>ﬁdelibus</span> 
     </span>
    </p>
   </div>
   <div class='ocr_carea' id='block_1_8' title="bbox 500 781 2093 847">
    <p class='ocr_par' dir='ltr' id='par_1_8' title="bbox 500 781 2093 847">
     <span class='ocr_line' id='line_1_8' title="bbox 500 781 2093 847; baseline -0.006 -4"><span class='ocrx_word' id='word_1_51' title='bbox 500 784 821 843; x_wconf 85' lang='lat' dir='ltr'>Christianis</span> <span class='ocrx_word' id='word_1_52' title='bbox 849 782 1029 838; x_wconf 90' lang='lat' dir='ltr'>eidem</span> <span class='ocrx_word' id='word_1_53' title='bbox 1068 781 1407 837; x_wconf 89' lang='lat' dir='ltr'>monasterio</span> <span class='ocrx_word' id='word_1_54' title='bbox 1446 795 1699 836; x_wconf 91' lang='lat' dir='ltr'>concessa</span> <span class='ocrx_word' id='word_1_55' title='bbox 1734 786 1882 847; x_wconf 89' lang='lat' dir='ltr'>sunt,</span> <span class='ocrx_word' id='word_1_56' title='bbox 1912 794 2008 834; x_wconf 91' lang='lat' dir='ltr'>seu</span> <span class='ocrx_word' id='word_1_57' title='bbox 2038 786 2093 833; x_wconf 90' lang='lat' dir='ltr'>et</span> 
     </span>
    </p>
   </div>
   <div class='ocr_carea' id='block_1_9' title="bbox 500 872 2090 952">
    <p class='ocr_par' dir='ltr' id='par_1_9' title="bbox 500 872 2090 952">
     <span class='ocr_line' id='line_1_9' title="bbox 500 872 2090 952; baseline -0.006 -17"><span class='ocrx_word' id='word_1_58' title='bbox 500 894 625 952; x_wconf 66' lang='lat' dir='ltr'>qua:</span> <span class='ocrx_word' id='word_1_59' title='bbox 651 895 683 933; x_wconf 92' lang='lat' dir='ltr'>a</span> <span class='ocrx_word' id='word_1_60' title='bbox 709 878 884 933; x_wconf 52' lang='lat' dir='ltr'>beatae</span> <span class='ocrx_word' id='word_1_61' title='bbox 912 876 1219 942; x_wconf 70' lang='lat' dir='ltr'>memoriae,</span> <span class='ocrx_word' id='word_1_62' title='bbox 1248 872 1379 930; x_wconf 86' lang='lat' dir='ltr'>octo</span> <span class='ocrx_word' id='word_1_63' title='bbox 1404 873 1649 930; x_wconf 77' lang='lat' dir='ltr'>videlicet</span> <span class='ocrx_word' id='word_1_64' title='bbox 1674 872 2090 944; x_wconf 69' lang='lat' dir='ltr'>praedecessori-</span> 
     </span>
    </p>
   </div>
   <div class='ocr_carea' id='block_1_10' title="bbox 501 964 2093 1042">
    <p class='ocr_par' dir='ltr' id='par_1_10' title="bbox 501 964 2093 1042">
     <span class='ocr_line' id='line_1_10' title="bbox 501 964 2093 1042; baseline -0.006 -14"><span class='ocrx_word' id='word_1_65' title='bbox 501 972 601 1028; x_wconf 89' lang='lat' dir='ltr'>bus</span> <span class='ocrx_word' id='word_1_66' title='bbox 628 972 833 1027; x_wconf 86' lang='lat' dir='ltr'>nostris</span> <span class='ocrx_word' id='word_1_67' title='bbox 862 968 1209 1042; x_wconf 92' lang='lat' dir='ltr'>pontiﬁcibus</span> <span class='ocrx_word' id='word_1_68' title='bbox 1246 968 1514 1039; x_wconf 84' lang='lat' dir='ltr'>Gregorio</span> <span class='ocrx_word' id='word_1_69' title='bbox 1544 966 1820 1037; x_wconf 91' lang='lat' dir='ltr'>quondam</span> <span class='ocrx_word' id='word_1_70' title='bbox 1864 964 2093 1021; x_wconf 87' lang='lat' dir='ltr'>doctore</span> 
     </span>
    </p>
   </div>
   <div class='ocr_carea' id='block_1_11' title="bbox 500 1060 2092 1136">
    <p class='ocr_par' dir='ltr' id='par_1_11' title="bbox 500 1060 2092 1136">
     <span class='ocr_line' id='line_1_11' title="bbox 500 1060 2092 1136; baseline -0.003 -16"><span class='ocrx_word' id='word_1_71' title='bbox 500 1065 788 1132; x_wconf 86' lang='lat' dir='ltr'>melliﬂuo,</span> <span class='ocrx_word' id='word_1_72' title='bbox 806 1072 967 1136; x_wconf 87' lang='lat' dir='ltr'>atque</span> <span class='ocrx_word' id='word_1_73' title='bbox 986 1065 1171 1118; x_wconf 89' lang='lat' dir='ltr'>Leone</span> <span class='ocrx_word' id='word_1_74' title='bbox 1192 1063 1283 1128; x_wconf 86' lang='lat' dir='ltr'>IV,</span> <span class='ocrx_word' id='word_1_75' title='bbox 1305 1069 1468 1132; x_wconf 89' lang='lat' dir='ltr'>atque</span> <span class='ocrx_word' id='word_1_76' title='bbox 1485 1060 1759 1132; x_wconf 88' lang='lat' dir='ltr'>Sylvestro</span> <span class='ocrx_word' id='word_1_77' title='bbox 1780 1067 1834 1113; x_wconf 91' lang='lat' dir='ltr'>et</span> <span class='ocrx_word' id='word_1_78' title='bbox 1855 1061 2092 1129; x_wconf 92' lang='lat' dir='ltr'>Marino,</span> 
     </span>
    </p>
   </div>
   <div class='ocr_carea' id='block_1_12' title="bbox 499 1152 2096 1226">
    <p class='ocr_par' dir='ltr' id='par_1_12' title="bbox 499 1152 2096 1226">
     <span class='ocr_line' id='line_1_12' title="bbox 499 1152 2096 1226; baseline -0.005 -11"><span class='ocrx_word' id='word_1_79' title='bbox 499 1161 613 1216; x_wconf 82' lang='lat' dir='ltr'>sive</span> <span class='ocrx_word' id='word_1_80' title='bbox 655 1174 686 1214; x_wconf 93' lang='lat' dir='ltr'>a</span> <span class='ocrx_word' id='word_1_81' title='bbox 714 1161 901 1214; x_wconf 90' lang='lat' dir='ltr'>Leone</span> <span class='ocrx_word' id='word_1_82' title='bbox 935 1171 1106 1224; x_wconf 87' lang='lat' dir='ltr'>nono,</span> <span class='ocrx_word' id='word_1_83' title='bbox 1140 1163 1195 1210; x_wconf 92' lang='lat' dir='ltr'>et</span> <span class='ocrx_word' id='word_1_84' title='bbox 1236 1154 1489 1226; x_wconf 87' lang='lat' dir='ltr'>Agapito,</span> <span class='ocrx_word' id='word_1_85' title='bbox 1532 1158 1692 1224; x_wconf 88' lang='lat' dir='ltr'>atque</span> <span class='ocrx_word' id='word_1_86' title='bbox 1724 1152 2011 1207; x_wconf 88' lang='lat' dir='ltr'>Paschasio</span> <span class='ocrx_word' id='word_1_87' title='bbox 2041 1161 2096 1207; x_wconf 93' lang='lat' dir='ltr'>et</span> 
     </span>
    </p>
   </div>
   <div class='ocr_carea' id='block_1_13' title="bbox 499 1247 2097 1322">
    <p class='ocr_par' dir='ltr' id='par_1_13' title="bbox 499 1247 2097 1322">
     <span class='ocr_line' id='line_1_13' title="bbox 499 1247 2097 1322; baseline -0.004 -14"><span class='ocrx_word' id='word_1_88' title='bbox 499 1251 832 1320; x_wconf 75' lang='lat' dir='ltr'>Alexandro,</span> <span class='ocrx_word' id='word_1_89' title='bbox 858 1247 1084 1322; x_wconf 71' lang='lat' dir='ltr'>praefato</span> <span class='ocrx_word' id='word_1_90' title='bbox 1107 1248 1443 1303; x_wconf 90' lang='lat' dir='ltr'>monasterio</span> <span class='ocrx_word' id='word_1_91' title='bbox 1468 1262 1560 1318; x_wconf 92' lang='lat' dir='ltr'>per</span> <span class='ocrx_word' id='word_1_92' title='bbox 1585 1247 1844 1318; x_wconf 66' lang='lat' dir='ltr'>praecepti</span> <span class='ocrx_word' id='word_1_93' title='bbox 1872 1247 2097 1317; x_wconf 85' lang='lat' dir='ltr'>paginas</span> 
     </span>
    </p>
   </div>
   <div class='ocr_carea' id='block_1_14' title="bbox 497 1340 2097 1412">
    <p class='ocr_par' dir='ltr' id='par_1_14' title="bbox 497 1340 2097 1412">
     <span class='ocr_line' id='line_1_14' title="bbox 497 1340 2097 1412; baseline -0.004 -11"><span class='ocrx_word' id='word_1_94' title='bbox 497 1360 753 1403; x_wconf 86' lang='lat' dir='ltr'>concessa</span> <span class='ocrx_word' id='word_1_95' title='bbox 792 1352 846 1400; x_wconf 91' lang='lat' dir='ltr'>et</span> <span class='ocrx_word' id='word_1_96' title='bbox 881 1343 1206 1399; x_wconf 89' lang='lat' dir='ltr'>conﬁrmata</span> <span class='ocrx_word' id='word_1_97' title='bbox 1234 1350 1383 1407; x_wconf 91' lang='lat' dir='ltr'>sunt,</span> <span class='ocrx_word' id='word_1_98' title='bbox 1416 1349 1471 1396; x_wconf 93' lang='lat' dir='ltr'>et</span> <span class='ocrx_word' id='word_1_99' title='bbox 1496 1340 1667 1395; x_wconf 90' lang='lat' dir='ltr'>etiam</span> <span class='ocrx_word' id='word_1_100' title='bbox 1706 1355 1829 1411; x_wconf 70' lang='lat' dir='ltr'>qua:</span> <span class='ocrx_word' id='word_1_101' title='bbox 1857 1356 1953 1412; x_wconf 89' lang='lat' dir='ltr'>per</span> <span class='ocrx_word' id='word_1_102' title='bbox 1990 1340 2097 1394; x_wconf 90' lang='lat' dir='ltr'>ali-</span> 
     </span>
    </p>
   </div>
   <div class='ocr_carea' id='block_1_15' title="bbox 496 1436 2089 1513">
    <p class='ocr_par' dir='ltr' id='par_1_15' title="bbox 496 1436 2089 1513">
     <span class='ocr_line' id='line_1_15' title="bbox 496 1436 2089 1513; baseline -0.006 -17"><span class='ocrx_word' id='word_1_103' title='bbox 496 1455 603 1513; x_wconf 86' lang='lat' dir='ltr'>qua</span> <span class='ocrx_word' id='word_1_104' title='bbox 648 1437 961 1494; x_wconf 87' lang='lat' dir='ltr'>munimina</span> <span class='ocrx_word' id='word_1_105' title='bbox 999 1436 1080 1492; x_wconf 85' lang='lat' dir='ltr'>vel</span> <span class='ocrx_word' id='word_1_106' title='bbox 1122 1442 1389 1506; x_wconf 72' lang='lat' dir='ltr'>praecepta</span> <span class='ocrx_word' id='word_1_107' title='bbox 1417 1442 1826 1489; x_wconf 89' lang='lat' dir='ltr'>antecessorum</span> <span class='ocrx_word' id='word_1_108' title='bbox 1871 1441 2089 1487; x_wconf 91' lang='lat' dir='ltr'>nostro-</span> 
     </span>
    </p>
   </div>
   <div class='ocr_carea' id='block_1_16' title="bbox 498 1525 2091 1600">
    <p class='ocr_par' dir='ltr' id='par_1_16' title="bbox 498 1525 2091 1600">
     <span class='ocr_line' id='line_1_16' title="bbox 498 1525 2091 1600; baseline -0.004 -13"><span class='ocrx_word' id='word_1_109' title='bbox 498 1549 624 1589; x_wconf 90' lang='lat' dir='ltr'>rum</span> <span class='ocrx_word' id='word_1_110' title='bbox 666 1531 737 1587; x_wconf 88' lang='lat' dir='ltr'>ad</span> <span class='ocrx_word' id='word_1_111' title='bbox 778 1529 1037 1586; x_wconf 89' lang='lat' dir='ltr'>eumdem</span> <span class='ocrx_word' id='word_1_112' title='bbox 1074 1529 1227 1600; x_wconf 91' lang='lat' dir='ltr'>pium</span> <span class='ocrx_word' id='word_1_113' title='bbox 1273 1530 1457 1583; x_wconf 92' lang='lat' dir='ltr'>locum</span> <span class='ocrx_word' id='word_1_114' title='bbox 1500 1528 1770 1597; x_wconf 86' lang='lat' dir='ltr'>pertinere</span> <span class='ocrx_word' id='word_1_115' title='bbox 1808 1525 2091 1595; x_wconf 89' lang='lat' dir='ltr'>videntur,</span> 
     </span>
    </p>
   </div>
   <div class='ocr_carea' id='block_1_17' title="bbox 496 1620 2097 1695">
    <p class='ocr_par' dir='ltr' id='par_1_17' title="bbox 496 1620 2097 1695">
     <span class='ocr_line' id='line_1_17' title="bbox 496 1620 2097 1695; baseline -0.004 -14"><span class='ocrx_word' id='word_1_116' title='bbox 496 1641 622 1682; x_wconf 93' lang='lat' dir='ltr'>cum</span> <span class='ocrx_word' id='word_1_117' title='bbox 654 1640 849 1695; x_wconf 86' lang='lat' dir='ltr'>magna</span> <span class='ocrx_word' id='word_1_118' title='bbox 882 1624 1168 1679; x_wconf 88' lang='lat' dir='ltr'>securitate</span> <span class='ocrx_word' id='word_1_119' title='bbox 1204 1622 1496 1677; x_wconf 89' lang='lat' dir='ltr'>servitores</span> <span class='ocrx_word' id='word_1_120' title='bbox 1535 1622 1613 1676; x_wconf 90' lang='lat' dir='ltr'>tui</span> <span class='ocrx_word' id='word_1_121' title='bbox 1642 1621 1748 1676; x_wconf 90' lang='lat' dir='ltr'>loci</span> <span class='ocrx_word' id='word_1_122' title='bbox 1781 1620 2097 1691; x_wconf 88' lang='lat' dir='ltr'>possideant</span> 
     </span>
    </p>
   </div>
   <div class='ocr_carea' id='block_1_18' title="bbox 495 1712 2098 1793">
    <p class='ocr_par' dir='ltr' id='par_1_18' title="bbox 495 1712 2098 1793">
     <span class='ocr_line' id='line_1_18' title="bbox 495 1712 2098 1793; baseline -0.004 -19"><span class='ocrx_word' id='word_1_123' title='bbox 495 1721 555 1774; x_wconf 93' lang='lat' dir='ltr'>in</span> <span class='ocrx_word' id='word_1_124' title='bbox 591 1725 937 1793; x_wconf 84' lang='lat' dir='ltr'>perpetuum,</span> <span class='ocrx_word' id='word_1_125' title='bbox 981 1724 1042 1771; x_wconf 95' lang='lat' dir='ltr'>ut</span> <span class='ocrx_word' id='word_1_126' title='bbox 1067 1716 1200 1771; x_wconf 89' lang='lat' dir='ltr'>nihil</span> <span class='ocrx_word' id='word_1_127' title='bbox 1237 1717 1465 1771; x_wconf 90' lang='lat' dir='ltr'>omnino</span> <span class='ocrx_word' id='word_1_128' title='bbox 1493 1713 1561 1770; x_wconf 90' lang='lat' dir='ltr'>de</span> <span class='ocrx_word' id='word_1_129' title='bbox 1590 1716 1658 1770; x_wconf 92' lang='lat' dir='ltr'>iis</span> <span class='ocrx_word' id='word_1_130' title='bbox 1686 1730 1809 1785; x_wconf 70' lang='lat' dir='ltr'>qua:</span> <span class='ocrx_word' id='word_1_131' title='bbox 1836 1730 1868 1769; x_wconf 90' lang='lat' dir='ltr'>a</span> <span class='ocrx_word' id='word_1_132' title='bbox 1894 1712 2098 1769; x_wconf 91' lang='lat' dir='ltr'>nostris</span> 
     </span>
    </p>
   </div>
   <div class='ocr_carea' id='block_1_19' title="bbox 2196 499 3798 570">
    <p class='ocr_par' dir='ltr' id='par_1_19' title="bbox 2196 499 3798 570">
     <span class='ocr_line' id='line_1_19' title="bbox 2196 499 3798 570; baseline 0.001 -15"><span class='ocrx_word' id='word_1_133' title='bbox 2196 499 2331 555; x_wconf 91' lang='lat' dir='ltr'>dum</span> <span class='ocrx_word' id='word_1_134' title='bbox 2361 500 2463 555; x_wconf 89' lang='lat' dir='ltr'>tibi</span> <span class='ocrx_word' id='word_1_135' title='bbox 2500 500 2792 555; x_wconf 80' lang='lat' dir='ltr'>servientes</span> <span class='ocrx_word' id='word_1_136' title='bbox 2829 500 3027 570; x_wconf 84' lang='lat' dir='ltr'>eligere</span> <span class='ocrx_word' id='word_1_137' title='bbox 3070 506 3345 569; x_wconf 89' lang='lat' dir='ltr'>procuret.</span> <span class='ocrx_word' id='word_1_138' title='bbox 3380 502 3675 568; x_wconf 68' lang='lat' dir='ltr'>Praeterea,</span> <span class='ocrx_word' id='word_1_139' title='bbox 3711 515 3798 556; x_wconf 84' lang='lat' dir='ltr'>se-</span> 
     </span>
    </p>
   </div>
   <div class='ocr_carea' id='block_1_20' title="bbox 2198 592 3799 665">
    <p class='ocr_par' dir='ltr' id='par_1_20' title="bbox 2198 592 3799 665">
     <span class='ocr_line' id='line_1_20' title="bbox 2198 592 3799 665; baseline 0.001 -16"><span class='ocrx_word' id='word_1_140' title='bbox 2198 593 2439 649; x_wconf 91' lang='lat' dir='ltr'>cundum</span> <span class='ocrx_word' id='word_1_141' title='bbox 2466 593 2571 649; x_wconf 92' lang='lat' dir='ltr'>hoc</span> <span class='ocrx_word' id='word_1_142' title='bbox 2597 592 2936 665; x_wconf 88' lang='lat' dir='ltr'>privilegium</span> <span class='ocrx_word' id='word_1_143' title='bbox 2960 600 3167 648; x_wconf 69' lang='lat' dir='ltr'>nostra:</span> <span class='ocrx_word' id='word_1_144' title='bbox 3196 593 3561 661; x_wconf 84' lang='lat' dir='ltr'>auctoritatis,</span> <span class='ocrx_word' id='word_1_145' title='bbox 3592 602 3648 649; x_wconf 89' lang='lat' dir='ltr'>et</span> <span class='ocrx_word' id='word_1_146' title='bbox 3669 610 3799 665; x_wconf 84' lang='lat' dir='ltr'>pro-</span> 
     </span>
    </p>
   </div>
   <div class='ocr_carea' id='block_1_21' title="bbox 2200 686 3803 760">
    <p class='ocr_par' dir='ltr' id='par_1_21' title="bbox 2200 686 3803 760">
     <span class='ocr_line' id='line_1_21' title="bbox 2200 686 3803 760; baseline 0.001 -18"><span class='ocrx_word' id='word_1_147' title='bbox 2200 696 2321 760; x_wconf 89' lang='lat' dir='ltr'>pter</span> <span class='ocrx_word' id='word_1_148' title='bbox 2362 687 2532 758; x_wconf 90' lang='lat' dir='ltr'>ipsius</span> <span class='ocrx_word' id='word_1_149' title='bbox 2573 686 2811 742; x_wconf 77' lang='lat' dir='ltr'>cmnobii</span> <span class='ocrx_word' id='word_1_150' title='bbox 2858 686 3230 753; x_wconf 90' lang='lat' dir='ltr'>devotionem,</span> <span class='ocrx_word' id='word_1_151' title='bbox 3279 702 3444 757; x_wconf 90' lang='lat' dir='ltr'>quam</span> <span class='ocrx_word' id='word_1_152' title='bbox 3483 687 3803 758; x_wconf 80' lang='lat' dir='ltr'>specialiter</span> 
     </span>
    </p>
   </div>
   <div class='ocr_carea' id='block_1_22' title="bbox 2200 779 3807 848">
    <p class='ocr_par' dir='ltr' id='par_1_22' title="bbox 2200 779 3807 848">
     <span class='ocr_line' id='line_1_22' title="bbox 2200 779 3807 848; baseline 0 -13"><span class='ocrx_word' id='word_1_153' title='bbox 2200 782 2505 836; x_wconf 88' lang='lat' dir='ltr'>retinemus</span> <span class='ocrx_word' id='word_1_154' title='bbox 2550 781 2607 834; x_wconf 90' lang='lat' dir='ltr'>in</span> <span class='ocrx_word' id='word_1_155' title='bbox 2648 788 2702 834; x_wconf 92' lang='lat' dir='ltr'>te</span> <span class='ocrx_word' id='word_1_156' title='bbox 2746 780 3006 848; x_wconf 85' lang='lat' dir='ltr'>maxime,</span> <span class='ocrx_word' id='word_1_157' title='bbox 3055 779 3386 836; x_wconf 64' lang='lat' dir='ltr'>Praedicator</span> <span class='ocrx_word' id='word_1_158' title='bbox 3433 781 3702 848; x_wconf 79' lang='lat' dir='ltr'>veritatis,</span> <span class='ocrx_word' id='word_1_159' title='bbox 3749 789 3807 836; x_wconf 91' lang='lat' dir='ltr'>et</span> 
     </span>
    </p>
   </div>
   <div class='ocr_carea' id='block_1_23' title="bbox 2204 873 3806 946">
    <p class='ocr_par' dir='ltr' id='par_1_23' title="bbox 2204 873 3806 946">
     <span class='ocr_line' id='line_1_23' title="bbox 2204 873 3806 946; baseline 0.001 -18"><span class='ocrx_word' id='word_1_160' title='bbox 2204 882 2425 945; x_wconf 89' lang='lat' dir='ltr'>propter</span> <span class='ocrx_word' id='word_1_161' title='bbox 2449 873 2745 929; x_wconf 89' lang='lat' dir='ltr'>utilitatem</span> <span class='ocrx_word' id='word_1_162' title='bbox 2768 874 2912 929; x_wconf 91' lang='lat' dir='ltr'>illius</span> <span class='ocrx_word' id='word_1_163' title='bbox 2933 873 3275 940; x_wconf 87' lang='lat' dir='ltr'>monasterii,</span> <span class='ocrx_word' id='word_1_164' title='bbox 3299 889 3465 946; x_wconf 91' lang='lat' dir='ltr'>quam</span> <span class='ocrx_word' id='word_1_165' title='bbox 3494 890 3590 946; x_wconf 89' lang='lat' dir='ltr'>per</span> <span class='ocrx_word' id='word_1_166' title='bbox 3608 875 3806 929; x_wconf 89' lang='lat' dir='ltr'>omnia</span> 
     </span>
    </p>
   </div>
   <div class='ocr_carea' id='block_1_24' title="bbox 2202 967 3807 1040">
    <p class='ocr_par' dir='ltr' id='par_1_24' title="bbox 2202 967 3807 1040">
     <span class='ocr_line' id='line_1_24' title="bbox 2202 967 3807 1040; baseline 0.001 -19"><span class='ocrx_word' id='word_1_167' title='bbox 2202 967 2686 1038; x_wconf 89' lang='lat' dir='ltr'>comprobavimus</span> <span class='ocrx_word' id='word_1_168' title='bbox 2713 977 2765 1022; x_wconf 88' lang='lat' dir='ltr'>et</span> <span class='ocrx_word' id='word_1_169' title='bbox 2794 967 3041 1037; x_wconf 82' lang='lat' dir='ltr'>quotidie</span> <span class='ocrx_word' id='word_1_170' title='bbox 3075 967 3524 1040; x_wconf 74' lang='lat' dir='ltr'>comprobemus,</span> <span class='ocrx_word' id='word_1_171' title='bbox 3562 968 3807 1023; x_wconf 86' lang='lat' dir='ltr'>remitti-</span> 
     </span>
    </p>
   </div>
   <div class='ocr_carea' id='block_1_25' title="bbox 2203 1060 3806 1133">
    <p class='ocr_par' dir='ltr' id='par_1_25' title="bbox 2203 1060 3806 1133">
     <span class='ocr_line' id='line_1_25' title="bbox 2203 1060 3806 1133; baseline 0.002 -19"><span class='ocrx_word' id='word_1_172' title='bbox 2203 1075 2327 1117; x_wconf 90' lang='lat' dir='ltr'>mus</span> <span class='ocrx_word' id='word_1_173' title='bbox 2361 1066 2423 1117; x_wconf 65' lang='grc' dir='ltr'><strong>δι</strong></span> <span class='ocrx_word' id='word_1_174' title='bbox 2450 1060 2797 1133; x_wconf 89' lang='lat' dir='ltr'>indulgemus</span> <span class='ocrx_word' id='word_1_175' title='bbox 2834 1068 2933 1116; x_wconf 92' lang='lat' dir='ltr'>tuo</span> <span class='ocrx_word' id='word_1_176' title='bbox 2982 1060 3315 1117; x_wconf 91' lang='lat' dir='ltr'>monasterio</span> <span class='ocrx_word' id='word_1_177' title='bbox 3364 1061 3422 1116; x_wconf 89' lang='lat' dir='ltr'>in</span> <span class='ocrx_word' id='word_1_178' title='bbox 3472 1068 3806 1133; x_wconf 87' lang='lat' dir='ltr'>perpetuum</span> 
     </span>
    </p>
   </div>
   <div class='ocr_carea' id='block_1_26' title="bbox 2205 1153 3809 1225">
    <p class='ocr_par' dir='ltr' id='par_1_26' title="bbox 2205 1153 3809 1225">
     <span class='ocr_line' id='line_1_26' title="bbox 2205 1153 3809 1225; baseline -0.001 -14"><span class='ocrx_word' id='word_1_179' title='bbox 2205 1171 2370 1212; x_wconf 91' lang='lat' dir='ltr'>omne</span> <span class='ocrx_word' id='word_1_180' title='bbox 2414 1154 2701 1210; x_wconf 88' lang='lat' dir='ltr'>servitium</span> <span class='ocrx_word' id='word_1_181' title='bbox 2746 1153 2828 1208; x_wconf 92' lang='lat' dir='ltr'>vel</span> <span class='ocrx_word' id='word_1_182' title='bbox 2888 1155 3114 1211; x_wconf 89' lang='lat' dir='ltr'>xenium</span> <span class='ocrx_word' id='word_1_183' title='bbox 3161 1154 3310 1225; x_wconf 88' lang='lat' dir='ltr'>quod</span> <span class='ocrx_word' id='word_1_184' title='bbox 3361 1154 3809 1210; x_wconf 85' lang='lat' dir='ltr'>antecessoribus</span> 
     </span>
    </p>
   </div>
   <div class='ocr_carea' id='block_1_27' title="bbox 2204 1246 3808 1319">
    <p class='ocr_par' dir='ltr' id='par_1_27' title="bbox 2204 1246 3808 1319">
     <span class='ocr_line' id='line_1_27' title="bbox 2204 1246 3808 1319; baseline -0.001 -15"><span class='ocrx_word' id='word_1_185' title='bbox 2204 1248 2405 1304; x_wconf 90' lang='lat' dir='ltr'>nostris</span> <span class='ocrx_word' id='word_1_186' title='bbox 2432 1256 2485 1303; x_wconf 93' lang='lat' dir='ltr'>et</span> <span class='ocrx_word' id='word_1_187' title='bbox 2520 1247 2685 1304; x_wconf 90' lang='lat' dir='ltr'>nobis</span> <span class='ocrx_word' id='word_1_188' title='bbox 2724 1247 2937 1303; x_wconf 81' lang='lat' dir='ltr'>solebat</span> <span class='ocrx_word' id='word_1_189' title='bbox 2973 1247 3206 1319; x_wconf 89' lang='lat' dir='ltr'>persolvi</span> <span class='ocrx_word' id='word_1_190' title='bbox 3241 1246 3313 1303; x_wconf 86' lang='lat' dir='ltr'>ad</span> <span class='ocrx_word' id='word_1_191' title='bbox 3341 1248 3808 1304; x_wconf 88' lang='lat' dir='ltr'>consuetudinem</span> 
     </span>
    </p>
   </div>
   <div class='ocr_carea' id='block_1_28' title="bbox 2204 1341 3809 1409">
    <p class='ocr_par' dir='ltr' id='par_1_28' title="bbox 2204 1341 3809 1409">
     <span class='ocr_line' id='line_1_28' title="bbox 2204 1341 3809 1409; baseline -0.001 -11"><span class='ocrx_word' id='word_1_192' title='bbox 2204 1350 2532 1398; x_wconf 69' lang='lat' dir='ltr'>cancrorum</span> <span class='ocrx_word' id='word_1_193' title='bbox 2574 1341 3039 1401; x_wconf 83' lang='lat' dir='ltr'>monasteriorum</span> <span class='ocrx_word' id='word_1_194' title='bbox 3069 1343 3341 1397; x_wconf 72' lang='lat' dir='ltr'>Romanae</span> <span class='ocrx_word' id='word_1_195' title='bbox 3387 1341 3567 1409; x_wconf 88' lang='lat' dir='ltr'>urbis;</span> <span class='ocrx_word' id='word_1_196' title='bbox 3618 1341 3693 1396; x_wconf 83' lang='lat' dir='ltr'>ita</span> <span class='ocrx_word' id='word_1_197' title='bbox 3743 1350 3809 1397; x_wconf 90' lang='lat' dir='ltr'>ut</span> 
     </span>
    </p>
   </div>
   <div class='ocr_carea' id='block_1_29' title="bbox 2204 1433 3810 1503">
    <p class='ocr_par' dir='ltr' id='par_1_29' title="bbox 2204 1433 3810 1503">
     <span class='ocr_line' id='line_1_29' title="bbox 2204 1433 3810 1503; baseline -0.001 -11"><span class='ocrx_word' id='word_1_198' title='bbox 2204 1452 2308 1492; x_wconf 91' lang='lat' dir='ltr'>nec</span> <span class='ocrx_word' id='word_1_199' title='bbox 2334 1436 2543 1500; x_wconf 89' lang='lat' dir='ltr'>vinum,</span> <span class='ocrx_word' id='word_1_200' title='bbox 2575 1450 2678 1491; x_wconf 89' lang='lat' dir='ltr'>nec</span> <span class='ocrx_word' id='word_1_201' title='bbox 2704 1450 2941 1503; x_wconf 89' lang='lat' dir='ltr'>verrem,</span> <span class='ocrx_word' id='word_1_202' title='bbox 2970 1448 3070 1490; x_wconf 89' lang='lat' dir='ltr'>nec</span> <span class='ocrx_word' id='word_1_203' title='bbox 3099 1449 3339 1501; x_wconf 87' lang='lat' dir='ltr'>vaccam,</span> <span class='ocrx_word' id='word_1_204' title='bbox 3374 1434 3482 1490; x_wconf 92' lang='lat' dir='ltr'>imo</span> <span class='ocrx_word' id='word_1_205' title='bbox 3510 1433 3643 1489; x_wconf 91' lang='lat' dir='ltr'>nihil</span> <span class='ocrx_word' id='word_1_206' title='bbox 3669 1450 3810 1491; x_wconf 89' lang='lat' dir='ltr'>om-</span> 
     </span>
    </p>
   </div>
   <div class='ocr_carea' id='block_1_30' title="bbox 2203 1527 3811 1601">
    <p class='ocr_par' dir='ltr' id='par_1_30' title="bbox 2203 1527 3811 1601">
     <span class='ocr_line' id='line_1_30' title="bbox 2203 1527 3811 1601; baseline -0.001 -16"><span class='ocrx_word' id='word_1_207' title='bbox 2203 1531 2337 1585; x_wconf 91' lang='lat' dir='ltr'>nino</span> <span class='ocrx_word' id='word_1_208' title='bbox 2366 1528 2449 1584; x_wconf 90' lang='lat' dir='ltr'>vel</span> <span class='ocrx_word' id='word_1_209' title='bbox 2478 1529 2620 1583; x_wconf 90' lang='lat' dir='ltr'>intra</span> <span class='ocrx_word' id='word_1_210' title='bbox 2656 1536 2749 1583; x_wconf 92' lang='lat' dir='ltr'>aut</span> <span class='ocrx_word' id='word_1_211' title='bbox 2777 1537 2931 1583; x_wconf 84' lang='lat' dir='ltr'>extra</span> <span class='ocrx_word' id='word_1_212' title='bbox 2966 1527 3461 1601; x_wconf 87' lang='lat' dir='ltr'>Quadragesimam</span> <span class='ocrx_word' id='word_1_213' title='bbox 3488 1528 3811 1599; x_wconf 86' lang='lat' dir='ltr'>persolvere</span> 
     </span>
    </p>
   </div>
   <div class='ocr_carea' id='block_1_31' title="bbox 2204 1620 3807 1695">
    <p class='ocr_par' dir='ltr' id='par_1_31' title="bbox 2204 1620 3807 1695">
     <span class='ocr_line' id='line_1_31' title="bbox 2204 1620 3807 1695; baseline -0.001 -16"><span class='ocrx_word' id='word_1_214' title='bbox 2204 1631 2451 1695; x_wconf 88' lang='lat' dir='ltr'>cogatur,</span> <span class='ocrx_word' id='word_1_215' title='bbox 2479 1630 2575 1676; x_wconf 90' lang='lat' dir='ltr'>aut</span> <span class='ocrx_word' id='word_1_216' title='bbox 2603 1620 2779 1678; x_wconf 80' lang='lat' dir='ltr'>facere</span> <span class='ocrx_word' id='word_1_217' title='bbox 2803 1621 3013 1694; x_wconf 87' lang='lat' dir='ltr'>aliquid</span> <span class='ocrx_word' id='word_1_218' title='bbox 3043 1622 3100 1677; x_wconf 92' lang='lat' dir='ltr'>in</span> <span class='ocrx_word' id='word_1_219' title='bbox 3127 1622 3484 1678; x_wconf 89' lang='lat' dir='ltr'>Lateranensi</span> <span class='ocrx_word' id='word_1_220' title='bbox 3512 1622 3807 1678; x_wconf 87' lang='lat' dir='ltr'>servitium</span> 
     </span>
    </p>
   </div>
   <div class='ocr_carea' id='block_1_32' title="bbox 2207 1714 3810 1788">
    <p class='ocr_par' dir='ltr' id='par_1_32' title="bbox 2207 1714 3810 1788">
     <span class='ocr_line' id='line_1_32' title="bbox 2207 1714 3810 1788; baseline 0 -17"><span class='ocrx_word' id='word_1_221' title='bbox 2207 1717 2422 1788; x_wconf 89' lang='lat' dir='ltr'>palatio,</span> <span class='ocrx_word' id='word_1_222' title='bbox 2455 1716 2562 1771; x_wconf 90' lang='lat' dir='ltr'>nisi</span> <span class='ocrx_word' id='word_1_223' title='bbox 2601 1714 2737 1771; x_wconf 83' lang='lat' dir='ltr'>forte</span> <span class='ocrx_word' id='word_1_224' title='bbox 2762 1716 3149 1771; x_wconf 88' lang='lat' dir='ltr'>voluntarium.</span> <span class='ocrx_word' id='word_1_225' title='bbox 3180 1716 3374 1788; x_wconf 91' lang='lat' dir='ltr'>Sitque</span> <span class='ocrx_word' id='word_1_226' title='bbox 3404 1730 3500 1787; x_wconf 90' lang='lat' dir='ltr'>per</span> <span class='ocrx_word' id='word_1_227' title='bbox 3535 1714 3682 1771; x_wconf 90' lang='lat' dir='ltr'>hanc</span> <span class='ocrx_word' id='word_1_228' title='bbox 3707 1731 3810 1771; x_wconf 84' lang='lat' dir='ltr'>no-</span> 
     </span>
    </p>
   </div>
   <div class='ocr_carea' id='block_1_33' title="bbox 496 1776 3808 1883">
    <p class='ocr_par' dir='ltr' id='par_1_33' title="bbox 496 1776 3808 1883">
     <span class='ocr_line' id='line_1_33' title="bbox 496 1776 3808 1883; baseline -0.001 -15"><span class='ocrx_word' id='word_1_229' title='bbox 496 1776 987 1883; x_wconf 47' lang='lat' dir='ltr'>praedecessoribus</span> <span class='ocrx_word' id='word_1_230' title='bbox 1016 1809 1098 1865; x_wconf 89' lang='lat' dir='ltr'>vel</span> <span class='ocrx_word' id='word_1_231' title='bbox 1126 1810 1194 1864; x_wconf 91' lang='lat' dir='ltr'>ab</span> <span class='ocrx_word' id='word_1_232' title='bbox 1236 1809 1508 1881; x_wconf 88' lang='lat' dir='ltr'>aliquibus</span> <span class='ocrx_word' id='word_1_233' title='bbox 1554 1776 1738 1863; x_wconf 79' lang='lat' dir='ltr'>Deum</span> <span class='ocrx_word' id='word_1_234' title='bbox 1770 1807 2092 1863; x_wconf 88' lang='lat' dir='ltr'>timentibus</span> <span class='ocrx_word' id='word_1_235' title='bbox 2127 1776 2174 1839; x_wconf 81' lang='grc' dir='ltr'><strong>Β</strong></span> <span class='ocrx_word' id='word_1_236' title='bbox 2200 1776 2375 1867; x_wconf 75' lang='lat' dir='ltr'>stram</span> <span class='ocrx_word' id='word_1_237' title='bbox 2409 1776 2763 1866; x_wconf 29' lang='lat' dir='ltr'>vdecretalem</span> <span class='ocrx_word' id='word_1_238' title='bbox 2822 1810 3081 1881; x_wconf 85' lang='lat' dir='ltr'>paginam</span> <span class='ocrx_word' id='word_1_239' title='bbox 3137 1776 3456 1865; x_wconf 69' lang='lat' dir='ltr'>omnobium</span> <span class='ocrx_word' id='word_1_240' title='bbox 3513 1816 3673 1865; x_wconf 90' lang='lat' dir='ltr'>tuum</span> <span class='ocrx_word' id='word_1_241' title='bbox 3734 1809 3808 1865; x_wconf 86' lang='lat' dir='ltr'>ab</span> 
     </span>
    </p>
   </div>
   <div class='ocr_carea' id='block_1_34' title="bbox 494 1901 2089 1972">
    <p class='ocr_par' dir='ltr' id='par_1_34' title="bbox 494 1901 2089 1972">
     <span class='ocr_line' id='line_1_34' title="bbox 494 1901 2089 1972; baseline -0.003 -12"><span class='ocrx_word' id='word_1_242' title='bbox 494 1905 626 1961; x_wconf 91' lang='lat' dir='ltr'>inibi</span> <span class='ocrx_word' id='word_1_243' title='bbox 654 1919 979 1960; x_wconf 91' lang='lat' dir='ltr'>concessum</span> <span class='ocrx_word' id='word_1_244' title='bbox 1011 1910 1113 1970; x_wconf 92' lang='lat' dir='ltr'>est,</span> <span class='ocrx_word' id='word_1_245' title='bbox 1148 1903 1258 1959; x_wconf 94' lang='lat' dir='ltr'>ullo</span> <span class='ocrx_word' id='word_1_246' title='bbox 1289 1901 1477 1969; x_wconf 90' lang='lat' dir='ltr'>modo,</span> <span class='ocrx_word' id='word_1_247' title='bbox 1511 1901 1755 1972; x_wconf 88' lang='lat' dir='ltr'>qualibet</span> <span class='ocrx_word' id='word_1_248' title='bbox 1784 1903 2089 1971; x_wconf 87' lang='lat' dir='ltr'>occasione,</span> 
     </span>
    </p>
   </div>
   <div class='ocr_carea' id='block_1_35' title="bbox 496 1995 2093 2069">
    <p class='ocr_par' dir='ltr' id='par_1_35' title="bbox 496 1995 2093 2069">
     <span class='ocr_line' id='line_1_35' title="bbox 496 1995 2093 2069; baseline -0.001 -17"><span class='ocrx_word' id='word_1_249' title='bbox 496 1998 574 2054; x_wconf 90' lang='lat' dir='ltr'>vel</span> <span class='ocrx_word' id='word_1_250' title='bbox 613 1997 929 2069; x_wconf 86' lang='lat' dir='ltr'>cupiditatis</span> <span class='ocrx_word' id='word_1_251' title='bbox 969 1997 1211 2068; x_wconf 88' lang='lat' dir='ltr'>ingenio,</span> <span class='ocrx_word' id='word_1_252' title='bbox 1253 1996 1488 2067; x_wconf 89' lang='lat' dir='ltr'>alicujus</span> <span class='ocrx_word' id='word_1_253' title='bbox 1516 1995 1867 2051; x_wconf 90' lang='lat' dir='ltr'>discretionis</span> <span class='ocrx_word' id='word_1_254' title='bbox 1909 1996 2093 2061; x_wconf 89' lang='lat' dir='ltr'>titulo,</span> 
     </span>
    </p>
   </div>
   <div class='ocr_carea' id='block_1_36' title="bbox 493 2088 2094 2160">
    <p class='ocr_par' dir='ltr' id='par_1_36' title="bbox 493 2088 2094 2160">
     <span class='ocr_line' id='line_1_36' title="bbox 493 2088 2094 2160; baseline -0.004 -12"><span class='ocrx_word' id='word_1_255' title='bbox 493 2091 702 2148; x_wconf 85' lang='lat' dir='ltr'>scilicet</span> <span class='ocrx_word' id='word_1_256' title='bbox 732 2090 800 2147; x_wconf 88' lang='lat' dir='ltr'>de</span> <span class='ocrx_word' id='word_1_257' title='bbox 838 2089 1248 2146; x_wconf 65' lang='lat' dir='ltr'>haareditatibus</span> <span class='ocrx_word' id='word_1_258' title='bbox 1287 2090 1457 2160; x_wconf 87' lang='lat' dir='ltr'>ipsius</span> <span class='ocrx_word' id='word_1_259' title='bbox 1493 2090 1600 2144; x_wconf 89' lang='lat' dir='ltr'>ioci</span> <span class='ocrx_word' id='word_1_260' title='bbox 1637 2090 1863 2144; x_wconf 87' lang='lat' dir='ltr'>omnino</span> <span class='ocrx_word' id='word_1_261' title='bbox 1901 2088 2094 2143; x_wconf 89' lang='lat' dir='ltr'>immi-</span> 
     </span>
    </p>
   </div>
   <div class='ocr_carea' id='block_1_37' title="bbox 494 2181 2089 2253">
    <p class='ocr_par' dir='ltr' id='par_1_37' title="bbox 494 2181 2089 2253">
     <span class='ocr_line' id='line_1_37' title="bbox 494 2181 2089 2253; baseline -0.001 -14"><span class='ocrx_word' id='word_1_262' title='bbox 494 2191 719 2250; x_wconf 88' lang='lat' dir='ltr'>nuatur,</span> <span class='ocrx_word' id='word_1_263' title='bbox 769 2182 1154 2238; x_wconf 89' lang='lat' dir='ltr'>interdicentes</span> <span class='ocrx_word' id='word_1_264' title='bbox 1199 2197 1294 2253; x_wconf 90' lang='lat' dir='ltr'>per</span> <span class='ocrx_word' id='word_1_265' title='bbox 1346 2190 1547 2238; x_wconf 75' lang='lat' dir='ltr'>sancta:</span> <span class='ocrx_word' id='word_1_266' title='bbox 1600 2183 1864 2237; x_wconf 75' lang='lat' dir='ltr'>Romana:</span> <span class='ocrx_word' id='word_1_267' title='bbox 1917 2181 2089 2250; x_wconf 85' lang='lat' dir='ltr'>sedis,</span> 
     </span>
    </p>
   </div>
   <div class='ocr_carea' id='block_1_38' title="bbox 492 2274 2095 2349">
    <p class='ocr_par' dir='ltr' id='par_1_38' title="bbox 492 2274 2095 2349">
     <span class='ocr_line' id='line_1_38' title="bbox 492 2274 2095 2349; baseline -0.002 -16"><span class='ocrx_word' id='word_1_268' title='bbox 492 2293 659 2349; x_wconf 89' lang='lat' dir='ltr'>quam</span> <span class='ocrx_word' id='word_1_269' title='bbox 699 2292 795 2332; x_wconf 94' lang='lat' dir='ltr'>vos</span> <span class='ocrx_word' id='word_1_270' title='bbox 814 2280 934 2332; x_wconf 92' lang='lat' dir='ltr'>Deo</span> <span class='ocrx_word' id='word_1_271' title='bbox 964 2284 1189 2331; x_wconf 90' lang='lat' dir='ltr'>auctore</span> <span class='ocrx_word' id='word_1_272' title='bbox 1218 2274 1510 2339; x_wconf 85' lang='lat' dir='ltr'>fundastis,</span> <span class='ocrx_word' id='word_1_273' title='bbox 1542 2276 1948 2331; x_wconf 89' lang='lat' dir='ltr'>auctoritatem.</span> <span class='ocrx_word' id='word_1_274' title='bbox 1976 2277 2095 2330; x_wconf 88' lang='lat' dir='ltr'>Sta-</span> 
     </span>
    </p>
   </div>
   <div class='ocr_carea' id='block_1_39' title="bbox 492 2368 2093 2440">
    <p class='ocr_par' dir='ltr' id='par_1_39' title="bbox 492 2368 2093 2440">
     <span class='ocr_line' id='line_1_39' title="bbox 492 2368 2093 2440; baseline -0.002 -14"><span class='ocrx_word' id='word_1_275' title='bbox 492 2372 702 2427; x_wconf 91' lang='lat' dir='ltr'>tuimus</span> <span class='ocrx_word' id='word_1_276' title='bbox 730 2371 957 2440; x_wconf 88' lang='lat' dir='ltr'>insuper</span> <span class='ocrx_word' id='word_1_277' title='bbox 988 2378 1047 2423; x_wconf 93' lang='lat' dir='ltr'>ut</span> <span class='ocrx_word' id='word_1_278' title='bbox 1072 2369 1176 2423; x_wconf 88' lang='lat' dir='ltr'>hoc</span> <span class='ocrx_word' id='word_1_279' title='bbox 1203 2368 1495 2439; x_wconf 62' lang='lat' dir='ltr'>praefatum</span> <span class='ocrx_word' id='word_1_280' title='bbox 1529 2368 1934 2424; x_wconf 87' lang='lat' dir='ltr'>monasterium</span> <span class='ocrx_word' id='word_1_281' title='bbox 1961 2369 2093 2423; x_wconf 90' lang='lat' dir='ltr'>nulli</span> 
     </span>
    </p>
   </div>
   <div class='ocr_carea' id='block_1_40' title="bbox 492 2462 2095 2533">
    <p class='ocr_par' dir='ltr' id='par_1_40' title="bbox 492 2462 2095 2533">
     <span class='ocr_line' id='line_1_40' title="bbox 492 2462 2095 2533; baseline -0.002 -12"><span class='ocrx_word' id='word_1_282' title='bbox 492 2464 645 2521; x_wconf 88' lang='lat' dir='ltr'>alteri</span> <span class='ocrx_word' id='word_1_283' title='bbox 693 2463 939 2519; x_wconf 68' lang='lat' dir='ltr'>ecclesia:</span> <span class='ocrx_word' id='word_1_284' title='bbox 978 2462 1457 2533; x_wconf 88' lang='lat' dir='ltr'>jurisdictionibus</span> <span class='ocrx_word' id='word_1_285' title='bbox 1494 2463 1602 2517; x_wconf 88' lang='lat' dir='ltr'>nisi</span> <span class='ocrx_word' id='word_1_286' title='bbox 1650 2465 1906 2517; x_wconf 84' lang='lat' dir='ltr'>Romano</span> <span class='ocrx_word' id='word_1_287' title='bbox 1954 2478 2095 2532; x_wconf 90' lang='lat' dir='ltr'>pon-</span> 
     </span>
    </p>
   </div>
   <div class='ocr_carea' id='block_1_41' title="bbox 492 2555 2087 2626">
    <p class='ocr_par' dir='ltr' id='par_1_41' title="bbox 492 2555 2087 2626">
     <span class='ocr_line' id='line_1_41' title="bbox 492 2555 2087 2626; baseline -0.002 -14"><span class='ocrx_word' id='word_1_288' title='bbox 492 2557 627 2612; x_wconf 88' lang='lat' dir='ltr'>tiﬁci</span> <span class='ocrx_word' id='word_1_289' title='bbox 645 2555 1024 2613; x_wconf 86' lang='lat' dir='ltr'>submittatur.</span> <span class='ocrx_word' id='word_1_290' title='bbox 1054 2558 1123 2610; x_wconf 86' lang='lat' dir='ltr'>Et</span> <span class='ocrx_word' id='word_1_291' title='bbox 1146 2555 1267 2611; x_wconf 88' lang='lat' dir='ltr'>ideo</span> <span class='ocrx_word' id='word_1_292' title='bbox 1292 2571 1513 2611; x_wconf 91' lang='lat' dir='ltr'>omnem</span> <span class='ocrx_word' id='word_1_293' title='bbox 1539 2556 1828 2626; x_wconf 89' lang='lat' dir='ltr'>cujuslibet</span> <span class='ocrx_word' id='word_1_294' title='bbox 1849 2556 2087 2611; x_wconf 68' lang='lat' dir='ltr'>ecclesiae</span> 
     </span>
    </p>
   </div>
   <div class='ocr_carea' id='block_1_42' title="bbox 490 2648 2089 2719">
    <p class='ocr_par' dir='ltr' id='par_1_42' title="bbox 490 2648 2089 2719">
     <span class='ocr_line' id='line_1_42' title="bbox 490 2648 2089 2719; baseline -0.003 -12"><span class='ocrx_word' id='word_1_295' title='bbox 490 2650 834 2708; x_wconf 83' lang='lat' dir='ltr'>sacerdotem</span> <span class='ocrx_word' id='word_1_296' title='bbox 876 2651 930 2704; x_wconf 91' lang='lat' dir='ltr'>in</span> <span class='ocrx_word' id='word_1_297' title='bbox 962 2648 1365 2719; x_wconf 72' lang='lat' dir='ltr'>praznominato</span> <span class='ocrx_word' id='word_1_298' title='bbox 1409 2650 1749 2706; x_wconf 88' lang='lat' dir='ltr'>monasterio</span> <span class='ocrx_word' id='word_1_299' title='bbox 1784 2657 1840 2704; x_wconf 92' lang='lat' dir='ltr'>et</span> <span class='ocrx_word' id='word_1_300' title='bbox 1874 2650 1931 2703; x_wconf 91' lang='lat' dir='ltr'>in</span> <span class='ocrx_word' id='word_1_301' title='bbox 1960 2666 2089 2703; x_wconf 86' lang='lat' dir='ltr'>cun-</span> 
     </span>
    </p>
   </div>
   <div class='ocr_carea' id='block_1_43' title="bbox 488 2742 2088 2814">
    <p class='ocr_par' dir='ltr' id='par_1_43' title="bbox 488 2742 2088 2814">
     <span class='ocr_line' id='line_1_43' title="bbox 488 2742 2088 2814; baseline -0.002 -14"><span class='ocrx_word' id='word_1_302' title='bbox 488 2746 594 2801; x_wconf 90' lang='lat' dir='ltr'>ctis</span> <span class='ocrx_word' id='word_1_303' title='bbox 620 2744 867 2800; x_wconf 87' lang='lat' dir='ltr'>ecclesiis</span> <span class='ocrx_word' id='word_1_304' title='bbox 890 2742 994 2798; x_wconf 91' lang='lat' dir='ltr'>sibi</span> <span class='ocrx_word' id='word_1_305' title='bbox 1026 2742 1441 2814; x_wconf 88' lang='lat' dir='ltr'>pertinentibus,</span> <span class='ocrx_word' id='word_1_306' title='bbox 1473 2743 1719 2813; x_wconf 90' lang='lat' dir='ltr'>qualibet</span> <span class='ocrx_word' id='word_1_307' title='bbox 1745 2744 2088 2811; x_wconf 84' lang='lat' dir='ltr'>auctoritate,</span> 
     </span>
    </p>
   </div>
   <div class='ocr_carea' id='block_1_44' title="bbox 488 2836 2087 2908">
    <p class='ocr_par' dir='ltr' id='par_1_44' title="bbox 488 2836 2087 2908">
     <span class='ocr_line' id='line_1_44' title="bbox 488 2836 2087 2908; baseline -0.001 -14"><span class='ocrx_word' id='word_1_308' title='bbox 488 2838 691 2894; x_wconf 86' lang='lat' dir='ltr'>habere</span> <span class='ocrx_word' id='word_1_309' title='bbox 716 2836 1004 2904; x_wconf 89' lang='lat' dir='ltr'>ditionem,</span> <span class='ocrx_word' id='word_1_310' title='bbox 1035 2844 1235 2907; x_wconf 64' lang='lat' dir='ltr'>praeter</span> <span class='ocrx_word' id='word_1_311' title='bbox 1279 2844 1529 2891; x_wconf 89' lang='lat' dir='ltr'>nostram</span> <span class='ocrx_word' id='word_1_312' title='bbox 1571 2836 1719 2892; x_wconf 90' lang='lat' dir='ltr'>sedis</span> <span class='ocrx_word' id='word_1_313' title='bbox 1750 2837 2087 2908; x_wconf 71' lang='lat' dir='ltr'>apostolicae,</span> 
     </span>
    </p>
   </div>
   <div class='ocr_carea' id='block_1_45' title="bbox 487 2929 2091 3003">
    <p class='ocr_par' dir='ltr' id='par_1_45' title="bbox 487 2929 2091 3003">
     <span class='ocr_line' id='line_1_45' title="bbox 487 2929 2091 3003; baseline -0.001 -18"><span class='ocrx_word' id='word_1_314' title='bbox 487 2931 880 3003; x_wconf 88' lang='lat' dir='ltr'>prohibemus,</span> <span class='ocrx_word' id='word_1_315' title='bbox 928 2939 1095 3002; x_wconf 92' lang='lat' dir='ltr'>atque</span> <span class='ocrx_word' id='word_1_316' title='bbox 1149 2930 1467 2985; x_wconf 87' lang='lat' dir='ltr'>terribiliter</span> <span class='ocrx_word' id='word_1_317' title='bbox 1520 2930 1622 2986; x_wconf 92' lang='lat' dir='ltr'>sub</span> <span class='ocrx_word' id='word_1_318' title='bbox 1673 2929 1842 2985; x_wconf 92' lang='lat' dir='ltr'>divini</span> <span class='ocrx_word' id='word_1_319' title='bbox 1894 2929 2091 3001; x_wconf 90' lang='lat' dir='ltr'>judicii</span> 
     </span>
    </p>
   </div>
   <div class='ocr_carea' id='block_1_46' title="bbox 489 3022 2091 3095">
    <p class='ocr_par' dir='ltr' id='par_1_46' title="bbox 489 3022 2091 3095">
     <span class='ocr_line' id='line_1_46' title="bbox 489 3022 2091 3095; baseline -0.001 -16"><span class='ocrx_word' id='word_1_320' title='bbox 489 3025 873 3091; x_wconf 89' lang='lat' dir='ltr'>obtestatione,</span> <span class='ocrx_word' id='word_1_321' title='bbox 922 3032 1237 3095; x_wconf 86' lang='lat' dir='ltr'>nostraque,</span> <span class='ocrx_word' id='word_1_322' title='bbox 1277 3022 1530 3078; x_wconf 87' lang='lat' dir='ltr'>videlicet</span> <span class='ocrx_word' id='word_1_323' title='bbox 1558 3031 1672 3078; x_wconf 91' lang='lat' dir='ltr'>tam</span> <span class='ocrx_word' id='word_1_324' title='bbox 1720 3024 1866 3078; x_wconf 89' lang='lat' dir='ltr'>Petri</span> <span class='ocrx_word' id='word_1_325' title='bbox 1895 3039 2091 3095; x_wconf 89' lang='lat' dir='ltr'>coapo-</span> 
     </span>
    </p>
   </div>
   <div class='ocr_carea' id='block_1_47' title="bbox 487 3117 2165 3214">
    <p class='ocr_par' dir='ltr' id='par_1_47' title="bbox 487 3117 2165 3214">
     <span class='ocr_line' id='line_1_47' title="bbox 487 3117 2165 3214; baseline -0.001 -41"><span class='ocrx_word' id='word_1_326' title='bbox 487 3118 616 3174; x_wconf 87' lang='lat' dir='ltr'>stoli</span> <span class='ocrx_word' id='word_1_327' title='bbox 652 3120 733 3173; x_wconf 92' lang='lat' dir='ltr'>tui</span> <span class='ocrx_word' id='word_1_328' title='bbox 761 3134 1035 3190; x_wconf 90' lang='lat' dir='ltr'>quamque</span> <span class='ocrx_word' id='word_1_329' title='bbox 1072 3126 1165 3171; x_wconf 90' lang='lat' dir='ltr'>tua</span> <span class='ocrx_word' id='word_1_330' title='bbox 1199 3125 1489 3187; x_wconf 88' lang='lat' dir='ltr'>potestate,</span> <span class='ocrx_word' id='word_1_331' title='bbox 1532 3117 1697 3185; x_wconf 89' lang='lat' dir='ltr'>mihi,</span> <span class='ocrx_word' id='word_1_332' title='bbox 1727 3118 1977 3187; x_wconf 90' lang='lat' dir='ltr'>quamvis</span> <span class='ocrx_word' id='word_1_333' title='bbox 2006 3117 2089 3171; x_wconf 90' lang='lat' dir='ltr'>in-</span> <span class='ocrx_word' id='word_1_334' title='bbox 2121 3152 2165 3214; x_wconf 63' lang='grc' dir='ltr'><strong>Ο</strong></span> 
     </span>
    </p>
   </div>
   <div class='ocr_carea' id='block_1_48' title="bbox 486 3210 2091 3283">
    <p class='ocr_par' dir='ltr' id='par_1_48' title="bbox 486 3210 2091 3283">
     <span class='ocr_line' id='line_1_48' title="bbox 486 3210 2091 3283; baseline -0.001 -15"><span class='ocrx_word' id='word_1_335' title='bbox 486 3212 675 3283; x_wconf 86' lang='lat' dir='ltr'>digno,</span> <span class='ocrx_word' id='word_1_336' title='bbox 708 3212 924 3279; x_wconf 90' lang='lat' dir='ltr'>tradita,</span> <span class='ocrx_word' id='word_1_337' title='bbox 949 3210 1350 3267; x_wconf 87' lang='lat' dir='ltr'>interdicimus.</span> <span class='ocrx_word' id='word_1_338' title='bbox 1384 3213 1473 3277; x_wconf 88' lang='lat' dir='ltr'>Et,</span> <span class='ocrx_word' id='word_1_339' title='bbox 1500 3210 1607 3265; x_wconf 90' lang='lat' dir='ltr'>nisi</span> <span class='ocrx_word' id='word_1_340' title='bbox 1628 3226 1657 3263; x_wconf 90' lang='lat' dir='ltr'>a</span> <span class='ocrx_word' id='word_1_341' title='bbox 1679 3217 1892 3265; x_wconf 89' lang='lat' dir='ltr'>rectore</span> <span class='ocrx_word' id='word_1_342' title='bbox 1921 3210 2091 3282; x_wconf 90' lang='lat' dir='ltr'>ipsius</span> 
     </span>
    </p>
   </div>
   <div class='ocr_carea' id='block_1_49' title="bbox 488 3302 2094 3375">
    <p class='ocr_par' dir='ltr' id='par_1_49' title="bbox 488 3302 2094 3375">
     <span class='ocr_line' id='line_1_49' title="bbox 488 3302 2094 3375; baseline -0.001 -17"><span class='ocrx_word' id='word_1_343' title='bbox 488 3307 572 3359; x_wconf 87' lang='lat' dir='ltr'>tui</span> <span class='ocrx_word' id='word_1_344' title='bbox 603 3304 848 3375; x_wconf 69' lang='lat' dir='ltr'>praadicti</span> <span class='ocrx_word' id='word_1_345' title='bbox 888 3304 1213 3359; x_wconf 88' lang='lat' dir='ltr'>monasterii</span> <span class='ocrx_word' id='word_1_346' title='bbox 1257 3302 1421 3359; x_wconf 87' lang='lat' dir='ltr'>fuerit</span> <span class='ocrx_word' id='word_1_347' title='bbox 1458 3304 1737 3369; x_wconf 91' lang='lat' dir='ltr'>invitatus,</span> <span class='ocrx_word' id='word_1_348' title='bbox 1768 3319 1871 3358; x_wconf 91' lang='lat' dir='ltr'>nec</span> <span class='ocrx_word' id='word_1_349' title='bbox 1905 3303 2094 3358; x_wconf 90' lang='lat' dir='ltr'>missa-</span> 
     </span>
    </p>
   </div>
   <div class='ocr_carea' id='block_1_50' title="bbox 491 3396 2096 3469">
    <p class='ocr_par' dir='ltr' id='par_1_50' title="bbox 491 3396 2096 3469">
     <span class='ocr_line' id='line_1_50' title="bbox 491 3396 2096 3469; baseline -0.002 -15"><span class='ocrx_word' id='word_1_350' title='bbox 491 3413 620 3454; x_wconf 89' lang='lat' dir='ltr'>rum</span> <span class='ocrx_word' id='word_1_351' title='bbox 650 3397 1055 3454; x_wconf 86' lang='lat' dir='ltr'>solemnitatem</span> <span class='ocrx_word' id='word_1_352' title='bbox 1096 3396 1305 3453; x_wconf 88' lang='lat' dir='ltr'>ibidem</span> <span class='ocrx_word' id='word_1_353' title='bbox 1342 3398 1467 3469; x_wconf 91' lang='lat' dir='ltr'>quis</span> <span class='ocrx_word' id='word_1_354' title='bbox 1492 3414 1603 3453; x_wconf 89' lang='lat' dir='ltr'>non</span> <span class='ocrx_word' id='word_1_355' title='bbox 1632 3406 1928 3467; x_wconf 69' lang='lat' dir='ltr'>praesumat</span> <span class='ocrx_word' id='word_1_356' title='bbox 1956 3397 2096 3452; x_wconf 91' lang='lat' dir='ltr'>cele-</span> 
     </span>
    </p>
   </div>
   <div class='ocr_carea' id='block_1_51' title="bbox 489 3490 2093 3562">
    <p class='ocr_par' dir='ltr' id='par_1_51' title="bbox 489 3490 2093 3562">
     <span class='ocr_line' id='line_1_51' title="bbox 489 3490 2093 3562; baseline -0.002 -15"><span class='ocrx_word' id='word_1_357' title='bbox 489 3491 647 3547; x_wconf 87' lang='lat' dir='ltr'>brare</span> <span class='ocrx_word' id='word_1_358' title='bbox 692 3491 847 3547; x_wconf 89' lang='lat' dir='ltr'>omni</span> <span class='ocrx_word' id='word_1_359' title='bbox 890 3490 1078 3547; x_wconf 90' lang='lat' dir='ltr'>modo.</span> <span class='ocrx_word' id='word_1_360' title='bbox 1131 3492 1197 3545; x_wconf 88' lang='lat' dir='ltr'>Et</span> <span class='ocrx_word' id='word_1_361' title='bbox 1246 3491 1559 3562; x_wconf 84' lang='lat' dir='ltr'>ubicunque</span> <span class='ocrx_word' id='word_1_362' title='bbox 1589 3498 1643 3545; x_wconf 90' lang='lat' dir='ltr'>et</span> <span class='ocrx_word' id='word_1_363' title='bbox 1687 3508 1717 3545; x_wconf 92' lang='lat' dir='ltr'>a</span> <span class='ocrx_word' id='word_1_364' title='bbox 1766 3505 2093 3561; x_wconf 88' lang='lat' dir='ltr'>quocunque</span> 
     </span>
    </p>
   </div>
   <div class='ocr_carea' id='block_1_52' title="bbox 489 3583 2089 3655">
    <p class='ocr_par' dir='ltr' id='par_1_52' title="bbox 489 3583 2089 3655">
     <span class='ocr_line' id='line_1_52' title="bbox 489 3583 2089 3655; baseline -0.003 -16"><span class='ocrx_word' id='word_1_365' title='bbox 489 3585 747 3655; x_wconf 89' lang='lat' dir='ltr'>episcopo</span> <span class='ocrx_word' id='word_1_366' title='bbox 789 3586 1083 3639; x_wconf 88' lang='lat' dir='ltr'>servitores</span> <span class='ocrx_word' id='word_1_367' title='bbox 1115 3585 1193 3637; x_wconf 87' lang='lat' dir='ltr'>tui</span> <span class='ocrx_word' id='word_1_368' title='bbox 1224 3586 1497 3639; x_wconf 89' lang='lat' dir='ltr'>voluerint</span> <span class='ocrx_word' id='word_1_369' title='bbox 1526 3584 1770 3639; x_wconf 87' lang='lat' dir='ltr'>ordinari</span> <span class='ocrx_word' id='word_1_370' title='bbox 1798 3583 1865 3638; x_wconf 87' lang='lat' dir='ltr'>ad</span> <span class='ocrx_word' id='word_1_371' title='bbox 1907 3583 2089 3638; x_wconf 80' lang='lat' dir='ltr'>diver-</span> 
     </span>
    </p>
   </div>
   <div class='ocr_carea' id='block_1_53' title="bbox 487 3676 2092 3743">
    <p class='ocr_par' dir='ltr' id='par_1_53' title="bbox 487 3676 2092 3743">
     <span class='ocr_line' id='line_1_53' title="bbox 487 3676 2092 3743; baseline -0.001 -13"><span class='ocrx_word' id='word_1_372' title='bbox 487 3692 579 3730; x_wconf 90' lang='lat' dir='ltr'>sos</span> <span class='ocrx_word' id='word_1_373' title='bbox 609 3677 1002 3731; x_wconf 86' lang='lat' dir='ltr'>ecclesiasticos</span> <span class='ocrx_word' id='word_1_374' title='bbox 1032 3676 1277 3742; x_wconf 90' lang='lat' dir='ltr'>ordines,</span> <span class='ocrx_word' id='word_1_375' title='bbox 1320 3676 1400 3729; x_wconf 80' lang='lat' dir='ltr'>vel</span> <span class='ocrx_word' id='word_1_376' title='bbox 1438 3677 1625 3730; x_wconf 86' lang='lat' dir='ltr'>altaria</span> <span class='ocrx_word' id='word_1_377' title='bbox 1656 3677 1949 3743; x_wconf 70' lang='lat' dir='ltr'>mdiﬁcare,</span> <span class='ocrx_word' id='word_1_378' title='bbox 1981 3677 2092 3729; x_wconf 84' lang='lat' dir='ltr'>sive</span> 
     </span>
    </p>
   </div>
   <div class='ocr_carea' id='block_1_54' title="bbox 486 3767 2081 3838">
    <p class='ocr_par' dir='ltr' id='par_1_54' title="bbox 486 3767 2081 3838">
     <span class='ocr_line' id='line_1_54' title="bbox 486 3767 2081 3838; baseline -0.001 -15"><span class='ocrx_word' id='word_1_379' title='bbox 486 3767 729 3823; x_wconf 89' lang='lat' dir='ltr'>chrisma</span> <span class='ocrx_word' id='word_1_380' title='bbox 802 3770 1109 3838; x_wconf 90' lang='lat' dir='ltr'>suscipere,</span> <span class='ocrx_word' id='word_1_381' title='bbox 1160 3769 1385 3823; x_wconf 87' lang='lat' dir='ltr'>liberam</span> <span class='ocrx_word' id='word_1_382' title='bbox 1436 3768 1675 3823; x_wconf 86' lang='lat' dir='ltr'>habeant</span> <span class='ocrx_word' id='word_1_383' title='bbox 1736 3770 2081 3824; x_wconf 81' lang='lat' dir='ltr'>facultatem.</span> 
     </span>
    </p>
   </div>
   <div class='ocr_carea' id='block_1_55' title="bbox 490 3858 2091 3933">
    <p class='ocr_par' dir='ltr' id='par_1_55' title="bbox 490 3858 2091 3933">
     <span class='ocr_line' id='line_1_55' title="bbox 490 3858 2091 3933; baseline 0.001 -20"><span class='ocrx_word' id='word_1_384' title='bbox 490 3858 865 3916; x_wconf 89' lang='lat' dir='ltr'>Concedimus</span> <span class='ocrx_word' id='word_1_385' title='bbox 915 3862 1084 3916; x_wconf 87' lang='lat' dir='ltr'>etiam</span> <span class='ocrx_word' id='word_1_386' title='bbox 1138 3869 1247 3916; x_wconf 69' lang='lat' dir='ltr'>tua:</span> <span class='ocrx_word' id='word_1_387' title='bbox 1311 3870 1515 3916; x_wconf 73' lang='lat' dir='ltr'>sancta:</span> <span class='ocrx_word' id='word_1_388' title='bbox 1570 3864 1980 3933; x_wconf 85' lang='lat' dir='ltr'>congregationi</span> <span class='ocrx_word' id='word_1_389' title='bbox 2034 3870 2091 3915; x_wconf 92' lang='lat' dir='ltr'>ut</span> 
     </span>
    </p>
   </div>
   <div class='ocr_carea' id='block_1_56' title="bbox 486 3952 2089 4025">
    <p class='ocr_par' dir='ltr' id='par_1_56' title="bbox 486 3952 2089 4025">
     <span class='ocr_line' id='line_1_56' title="bbox 486 3952 2089 4025; baseline 0.001 -19"><span class='ocrx_word' id='word_1_390' title='bbox 486 3952 668 4007; x_wconf 89' lang='lat' dir='ltr'>nullus</span> <span class='ocrx_word' id='word_1_391' title='bbox 696 3953 982 4023; x_wconf 90' lang='lat' dir='ltr'>episcopus</span> <span class='ocrx_word' id='word_1_392' title='bbox 1020 3953 1215 4008; x_wconf 87' lang='lat' dir='ltr'>audeat</span> <span class='ocrx_word' id='word_1_393' title='bbox 1254 3970 1533 4025; x_wconf 84' lang='lat' dir='ltr'>quemque</span> <span class='ocrx_word' id='word_1_394' title='bbox 1576 3954 1976 4010; x_wconf 78' lang='lat' dir='ltr'>monachorum</span> <span class='ocrx_word' id='word_1_395' title='bbox 2007 3954 2089 4010; x_wconf 90' lang='lat' dir='ltr'>vel</span> 
     </span>
    </p>
   </div>
   <div class='ocr_carea' id='block_1_57' title="bbox 486 4045 2088 4118">
    <p class='ocr_par' dir='ltr' id='par_1_57' title="bbox 486 4045 2088 4118">
     <span class='ocr_line' id='line_1_57' title="bbox 486 4045 2088 4118; baseline 0 -14"><span class='ocrx_word' id='word_1_396' title='bbox 486 4048 836 4113; x_wconf 89' lang='lat' dir='ltr'>clericorum,</span> <span class='ocrx_word' id='word_1_397' title='bbox 868 4062 965 4118; x_wconf 91' lang='lat' dir='ltr'>per</span> <span class='ocrx_word' id='word_1_398' title='bbox 992 4045 1205 4102; x_wconf 89' lang='lat' dir='ltr'>diversa</span> <span class='ocrx_word' id='word_1_399' title='bbox 1236 4047 1374 4114; x_wconf 88' lang='lat' dir='ltr'>loca,</span> <span class='ocrx_word' id='word_1_400' title='bbox 1406 4048 1663 4102; x_wconf 90' lang='lat' dir='ltr'>ecclesias</span> <span class='ocrx_word' id='word_1_401' title='bbox 1699 4046 1883 4103; x_wconf 89' lang='lat' dir='ltr'>eidem</span> <span class='ocrx_word' id='word_1_402' title='bbox 1911 4064 2088 4104; x_wconf 87' lang='lat' dir='ltr'>sacra-</span> 
     </span>
    </p>
   </div>
   <div class='ocr_carea' id='block_1_58' title="bbox 483 4140 2085 4213">
    <p class='ocr_par' dir='ltr' id='par_1_58' title="bbox 483 4140 2085 4213">
     <span class='ocr_line' id='line_1_58' title="bbox 483 4140 2085 4213; baseline 0.002 -16"><span class='ocrx_word' id='word_1_403' title='bbox 483 4142 704 4198; x_wconf 89' lang='lat' dir='ltr'>tissimo</span> <span class='ocrx_word' id='word_1_404' title='bbox 748 4150 843 4195; x_wconf 94' lang='lat' dir='ltr'>tuo</span> <span class='ocrx_word' id='word_1_405' title='bbox 888 4141 1010 4195; x_wconf 92' lang='lat' dir='ltr'>loco</span> <span class='ocrx_word' id='word_1_406' title='bbox 1050 4140 1344 4213; x_wconf 86' lang='lat' dir='ltr'>subjectas,</span> <span class='ocrx_word' id='word_1_407' title='bbox 1381 4142 1877 4212; x_wconf 85' lang='lat' dir='ltr'>excommunicare,</span> <span class='ocrx_word' id='word_1_408' title='bbox 1908 4143 1988 4201; x_wconf 88' lang='lat' dir='ltr'>vel</span> <span class='ocrx_word' id='word_1_409' title='bbox 2018 4143 2085 4200; x_wconf 89' lang='lat' dir='ltr'>ad</span> 
     </span>
    </p>
   </div>
   <div class='ocr_carea' id='block_1_59' title="bbox 489 4233 1847 4308">
    <p class='ocr_par' dir='ltr' id='par_1_59' title="bbox 489 4233 1847 4308">
     <span class='ocr_line' id='line_1_59' title="bbox 489 4233 1847 4308; baseline 0.002 -17"><span class='ocrx_word' id='word_1_410' title='bbox 489 4233 771 4307; x_wconf 83' lang='lat' dir='ltr'>synodum</span> <span class='ocrx_word' id='word_1_411' title='bbox 794 4234 911 4290; x_wconf 92' lang='lat' dir='ltr'>sine</span> <span class='ocrx_word' id='word_1_412' title='bbox 935 4233 1153 4293; x_wconf 91' lang='lat' dir='ltr'>licentia</span> <span class='ocrx_word' id='word_1_413' title='bbox 1181 4236 1265 4291; x_wconf 93' lang='lat' dir='ltr'>sui</span> <span class='ocrx_word' id='word_1_414' title='bbox 1296 4236 1503 4307; x_wconf 71' lang='lat' dir='ltr'>prazlati</span> <span class='ocrx_word' id='word_1_415' title='bbox 1532 4252 1847 4308; x_wconf 86' lang='lat' dir='ltr'>provocare.</span> 
     </span>
    </p>
   </div>
   <div class='ocr_carea' id='block_1_60' title="bbox 488 4327 2084 4403">
    <p class='ocr_par' dir='ltr' id='par_1_60' title="bbox 488 4327 2084 4403">
     <span class='ocr_line' id='line_1_60' title="bbox 488 4327 2084 4403; baseline 0.003 -20"><span class='ocrx_word' id='word_1_416' title='bbox 488 4368 489 4371; x_wconf 59' lang='grc' dir='ltr'><strong>η</strong></span> <span class='ocrx_word' id='word_1_417' title='bbox 558 4330 829 4385; x_wconf 76' lang='lat' dir='ltr'>Prazterea</span> <span class='ocrx_word' id='word_1_418' title='bbox 861 4327 1218 4385; x_wconf 90' lang='lat' dir='ltr'>concedimus</span> <span class='ocrx_word' id='word_1_419' title='bbox 1243 4330 1424 4386; x_wconf 89' lang='lat' dir='ltr'>eidem</span> <span class='ocrx_word' id='word_1_420' title='bbox 1459 4332 1873 4403; x_wconf 88' lang='lat' dir='ltr'>congregationi</span> <span class='ocrx_word' id='word_1_421' title='bbox 1902 4348 2084 4388; x_wconf 90' lang='lat' dir='ltr'>sacra-</span> 
     </span>
    </p>
   </div>
   <div class='ocr_carea' id='block_1_61' title="bbox 483 4428 2081 4503">
    <p class='ocr_par' dir='ltr' id='par_1_61' title="bbox 483 4428 2081 4503">
     <span class='ocr_line' id='line_1_61' title="bbox 483 4428 2081 4503; baseline 0.001 -19"><span class='ocrx_word' id='word_1_422' title='bbox 483 4428 688 4484; x_wconf 83' lang='lat' dir='ltr'>tissimi</span> <span class='ocrx_word' id='word_1_423' title='bbox 742 4428 821 4484; x_wconf 85' lang='lat' dir='ltr'>tui</span> <span class='ocrx_word' id='word_1_424' title='bbox 859 4428 965 4484; x_wconf 88' lang='lat' dir='ltr'>loci</span> <span class='ocrx_word' id='word_1_425' title='bbox 997 4429 1263 4499; x_wconf 64' lang='lat' dir='ltr'>praedicti,</span> <span class='ocrx_word' id='word_1_426' title='bbox 1314 4428 1679 4499; x_wconf 85' lang='lat' dir='ltr'>omnibusque</span> <span class='ocrx_word' id='word_1_427' title='bbox 1730 4430 1865 4485; x_wconf 90' lang='lat' dir='ltr'>inibi</span> <span class='ocrx_word' id='word_1_428' title='bbox 1917 4432 2081 4503; x_wconf 81' lang='lat' dir='ltr'>Spiri-</span> 
     </span>
    </p>
   </div>
   <div class='ocr_carea' id='block_1_62' title="bbox 482 4525 2078 4597">
    <p class='ocr_par' dir='ltr' id='par_1_62' title="bbox 482 4525 2078 4597">
     <span class='ocr_line' id='line_1_62' title="bbox 482 4525 2078 4597; baseline 0.001 -17"><span class='ocrx_word' id='word_1_429' title='bbox 482 4528 702 4583; x_wconf 87' lang='lat' dir='ltr'>tualiter</span> <span class='ocrx_word' id='word_1_430' title='bbox 724 4526 1025 4583; x_wconf 89' lang='lat' dir='ltr'>secundum</span> <span class='ocrx_word' id='word_1_431' title='bbox 1060 4525 1327 4597; x_wconf 89' lang='lat' dir='ltr'>regulam,</span> <span class='ocrx_word' id='word_1_432' title='bbox 1357 4525 1567 4580; x_wconf 87' lang='lat' dir='ltr'>scilicet</span> <span class='ocrx_word' id='word_1_433' title='bbox 1600 4525 1743 4580; x_wconf 91' lang='lat' dir='ltr'>beati</span> <span class='ocrx_word' id='word_1_434' title='bbox 1780 4526 2078 4595; x_wconf 91' lang='lat' dir='ltr'>Benedicti,</span> 
     </span>
    </p>
   </div>
   <div class='ocr_carea' id='block_1_63' title="bbox 481 4622 2082 4696">
    <p class='ocr_par' dir='ltr' id='par_1_63' title="bbox 481 4622 2082 4696">
     <span class='ocr_line' id='line_1_63' title="bbox 481 4622 2082 4696; baseline 0.002 -19"><span class='ocrx_word' id='word_1_435' title='bbox 481 4622 763 4679; x_wconf 85' lang='lat' dir='ltr'>monachis</span> <span class='ocrx_word' id='word_1_436' title='bbox 794 4625 898 4680; x_wconf 90' lang='lat' dir='ltr'>tibi</span> <span class='ocrx_word' id='word_1_437' title='bbox 929 4623 1308 4687; x_wconf 86' lang='lat' dir='ltr'>servientibus,</span> <span class='ocrx_word' id='word_1_438' title='bbox 1339 4630 1670 4694; x_wconf 87' lang='lat' dir='ltr'>potestatem</span> <span class='ocrx_word' id='word_1_439' title='bbox 1708 4623 1947 4696; x_wconf 78' lang='lat' dir='ltr'>eligendi</span> <span class='ocrx_word' id='word_1_440' title='bbox 1972 4626 2082 4681; x_wconf 90' lang='lat' dir='ltr'>sibi</span> 
     </span>
    </p>
   </div>
   <div class='ocr_carea' id='block_1_64' title="bbox 479 4718 2079 4793">
    <p class='ocr_par' dir='ltr' id='par_1_64' title="bbox 479 4718 2079 4793">
     <span class='ocr_line' id='line_1_64' title="bbox 479 4718 2079 4793; baseline 0.001 -17"><span class='ocrx_word' id='word_1_441' title='bbox 479 4718 774 4790; x_wconf 83' lang='lat' dir='ltr'>specialem</span> <span class='ocrx_word' id='word_1_442' title='bbox 817 4728 1110 4791; x_wconf 89' lang='lat' dir='ltr'>rectorem,</span> <span class='ocrx_word' id='word_1_443' title='bbox 1154 4721 1270 4791; x_wconf 90' lang='lat' dir='ltr'>pari</span> <span class='ocrx_word' id='word_1_444' title='bbox 1311 4721 1479 4777; x_wconf 92' lang='lat' dir='ltr'>modo</span> <span class='ocrx_word' id='word_1_445' title='bbox 1518 4722 1917 4793; x_wconf 90' lang='lat' dir='ltr'>communique</span> <span class='ocrx_word' id='word_1_446' title='bbox 1945 4738 2079 4779; x_wconf 90' lang='lat' dir='ltr'>con-</span> 
     </span>
    </p>
   </div>
   <div class='ocr_carea' id='block_1_65' title="bbox 477 4819 2071 4892">
    <p class='ocr_par' dir='ltr' id='par_1_65' title="bbox 477 4819 2071 4892">
     <span class='ocr_line' id='line_1_65' title="bbox 477 4819 2071 4892; baseline 0.003 -16"><span class='ocrx_word' id='word_1_447' title='bbox 477 4820 625 4887; x_wconf 91' lang='lat' dir='ltr'>silio,</span> <span class='ocrx_word' id='word_1_448' title='bbox 654 4819 723 4875; x_wconf 78' lang='lat' dir='ltr'>ad</span> <span class='ocrx_word' id='word_1_449' title='bbox 751 4820 970 4876; x_wconf 90' lang='lat' dir='ltr'>laudem</span> <span class='ocrx_word' id='word_1_450' title='bbox 1000 4822 1102 4877; x_wconf 92' lang='lat' dir='ltr'>Dei</span> <span class='ocrx_word' id='word_1_451' title='bbox 1139 4831 1193 4877; x_wconf 91' lang='lat' dir='ltr'>et</span> <span class='ocrx_word' id='word_1_452' title='bbox 1218 4823 1456 4880; x_wconf 88' lang='lat' dir='ltr'>salutem</span> <span class='ocrx_word' id='word_1_453' title='bbox 1482 4840 1711 4881; x_wconf 90' lang='lat' dir='ltr'>suarum</span> <span class='ocrx_word' id='word_1_454' title='bbox 1740 4826 2071 4892; x_wconf 89' lang='lat' dir='ltr'>animarum,</span> 
     </span>
    </p>
   </div>
   <div class='ocr_carea' id='block_1_66' title="bbox 480 4916 2080 4994">
    <p class='ocr_par' dir='ltr' id='par_1_66' title="bbox 480 4916 2080 4994">
     <span class='ocr_line' id='line_1_66' title="bbox 480 4916 2080 4994; baseline 0.004 -20"><span class='ocrx_word' id='word_1_455' title='bbox 480 4934 547 4974; x_wconf 89' lang='lat' dir='ltr'>ex</span> <span class='ocrx_word' id='word_1_456' title='bbox 574 4918 767 4973; x_wconf 91' lang='lat' dir='ltr'>eadem</span> <span class='ocrx_word' id='word_1_457' title='bbox 797 4918 1048 4975; x_wconf 87' lang='lat' dir='ltr'>videlicet</span> <span class='ocrx_word' id='word_1_458' title='bbox 1074 4924 1522 4994; x_wconf 85' lang='lat' dir='ltr'>congregatione,</span> <span class='ocrx_word' id='word_1_459' title='bbox 1547 4916 1593 4979; x_wconf 72' lang='lat' dir='ltr'>Si</span> <span class='ocrx_word' id='word_1_460' title='bbox 1618 4925 1761 4979; x_wconf 88' lang='lat' dir='ltr'>inter</span> <span class='ocrx_word' id='word_1_461' title='bbox 1790 4939 1885 4980; x_wconf 89' lang='lat' dir='ltr'>eos</span> <span class='ocrx_word' id='word_1_462' title='bbox 1910 4924 2080 4980; x_wconf 82' lang='lat' dir='ltr'>fuerit</span> 
     </span>
    </p>
   </div>
   <div class='ocr_carea' id='block_1_67' title="bbox 478 5017 2077 5088">
    <p class='ocr_par' dir='ltr' id='par_1_67' title="bbox 478 5017 2077 5088">
     <span class='ocr_line' id='line_1_67' title="bbox 478 5017 2077 5088; baseline 0.004 -16"><span class='ocrx_word' id='word_1_463' title='bbox 478 5018 730 5073; x_wconf 88' lang='lat' dir='ltr'>inventus</span> <span class='ocrx_word' id='word_1_464' title='bbox 789 5017 882 5086; x_wconf 89' lang='lat' dir='ltr'>qui</span> <span class='ocrx_word' id='word_1_465' title='bbox 950 5018 1274 5088; x_wconf 65' lang='lat' dir='ltr'>praedictum</span> <span class='ocrx_word' id='word_1_466' title='bbox 1332 5022 1724 5076; x_wconf 89' lang='lat' dir='ltr'>monasterium</span> <span class='ocrx_word' id='word_1_467' title='bbox 1776 5022 2077 5079; x_wconf 87' lang='lat' dir='ltr'>secundum</span> 
     </span>
    </p>
   </div>
   <div class='ocr_carea' id='block_1_68' title="bbox 472 5114 2074 5186">
    <p class='ocr_par' dir='ltr' id='par_1_68' title="bbox 472 5114 2074 5186">
     <span class='ocr_line' id='line_1_68' title="bbox 472 5114 2074 5186; baseline 0.003 -15"><span class='ocrx_word' id='word_1_468' title='bbox 472 5117 664 5171; x_wconf 86' lang='lat' dir='ltr'>Deum</span> <span class='ocrx_word' id='word_1_469' title='bbox 699 5129 883 5186; x_wconf 88' lang='lat' dir='ltr'>regere</span> <span class='ocrx_word' id='word_1_470' title='bbox 922 5115 1117 5185; x_wconf 90' lang='lat' dir='ltr'>possit.</span> <span class='ocrx_word' id='word_1_471' title='bbox 1153 5114 1315 5182; x_wconf 85' lang='lat' dir='ltr'>Quod</span> <span class='ocrx_word' id='word_1_472' title='bbox 1358 5118 1399 5171; x_wconf 89' lang='lat' dir='ltr'>si</span> <span class='ocrx_word' id='word_1_473' title='bbox 1430 5118 1487 5171; x_wconf 90' lang='lat' dir='ltr'>in</span> <span class='ocrx_word' id='word_1_474' title='bbox 1515 5117 1713 5173; x_wconf 89' lang='lat' dir='ltr'>eodem</span> <span class='ocrx_word' id='word_1_475' title='bbox 1740 5122 2074 5177; x_wconf 90' lang='lat' dir='ltr'>monasterio</span> 
     </span>
    </p>
   </div>
   <div class='ocr_carea' id='block_1_69' title="bbox 479 5211 2074 5288">
    <p class='ocr_par' dir='ltr' id='par_1_69' title="bbox 479 5211 2074 5288">
     <span class='ocr_line' id='line_1_69' title="bbox 479 5211 2074 5288; baseline 0.004 -21"><span class='ocrx_word' id='word_1_476' title='bbox 479 5227 592 5267; x_wconf 89' lang='lat' dir='ltr'>non</span> <span class='ocrx_word' id='word_1_477' title='bbox 620 5211 785 5267; x_wconf 82' lang='lat' dir='ltr'>fuerit</span> <span class='ocrx_word' id='word_1_478' title='bbox 808 5213 1064 5266; x_wconf 88' lang='lat' dir='ltr'>inventus</span> <span class='ocrx_word' id='word_1_479' title='bbox 1085 5211 1220 5267; x_wconf 88' lang='lat' dir='ltr'>dicti</span> <span class='ocrx_word' id='word_1_480' title='bbox 1248 5212 1528 5284; x_wconf 83' lang='lat' dir='ltr'>regiminis</span> <span class='ocrx_word' id='word_1_481' title='bbox 1555 5214 1844 5285; x_wconf 88' lang='lat' dir='ltr'>quisquam</span> <span class='ocrx_word' id='word_1_482' title='bbox 1867 5220 2074 5288; x_wconf 84' lang='lat' dir='ltr'>specia-</span> 
     </span>
    </p>
   </div>
   <div class='ocr_carea' id='block_1_70' title="bbox 478 5307 2072 5391">
    <p class='ocr_par' dir='ltr' id='par_1_70' title="bbox 478 5307 2072 5391">
     <span class='ocr_line' id='line_1_70' title="bbox 478 5307 2072 5391; baseline 0.007 -30"><span class='ocrx_word' id='word_1_483' title='bbox 478 5307 549 5364; x_wconf 87' lang='lat' dir='ltr'>lis</span> <span class='ocrx_word' id='word_1_484' title='bbox 572 5307 825 5377; x_wconf 89' lang='lat' dir='ltr'>idoneus,</span> <span class='ocrx_word' id='word_1_485' title='bbox 853 5310 1026 5380; x_wconf 91' lang='lat' dir='ltr'>quod,</span> <span class='ocrx_word' id='word_1_486' title='bbox 1055 5316 1109 5365; x_wconf 89' lang='lat' dir='ltr'>te</span> <span class='ocrx_word' id='word_1_487' title='bbox 1132 5325 1263 5365; x_wconf 92' lang='lat' dir='ltr'>cum</span> <span class='ocrx_word' id='word_1_488' title='bbox 1294 5310 1555 5366; x_wconf 90' lang='lat' dir='ltr'>omnibus</span> <span class='ocrx_word' id='word_1_489' title='bbox 1587 5315 1793 5369; x_wconf 89' lang='lat' dir='ltr'>sanctis</span> <span class='ocrx_word' id='word_1_490' title='bbox 1829 5314 2072 5391; x_wconf 79' lang='lat' dir='ltr'>juvante,</span> 
     </span>
    </p>
   </div>
   <div class='ocr_carea' id='block_1_71' title="bbox 476 5416 2079 5479">
    <p class='ocr_par' dir='ltr' id='par_1_71' title="bbox 476 5416 2079 5479">
     <span class='ocr_line' id='line_1_71' title="bbox 476 5416 2079 5479; baseline 0.007 -19"><span class='ocrx_word' id='word_1_491' title='bbox 476 5420 755 5477; x_wconf 87' lang='lat' dir='ltr'>nunquam</span> <span class='ocrx_word' id='word_1_492' title='bbox 800 5416 1125 5465; x_wconf 89' lang='lat' dir='ltr'>eventurum</span> <span class='ocrx_word' id='word_1_493' title='bbox 1151 5423 1453 5479; x_wconf 89' lang='lat' dir='ltr'>speramus,</span> <span class='ocrx_word' id='word_1_494' title='bbox 1495 5417 1613 5466; x_wconf 89' lang='lat' dir='ltr'>tum</span> <span class='ocrx_word' id='word_1_495' title='bbox 1657 5426 1939 5470; x_wconf 87' lang='lat' dir='ltr'>successor</span> <span class='ocrx_word' id='word_1_496' title='bbox 1980 5431 2079 5471; x_wconf 81' lang='lat' dir='ltr'>DO-</span> 
     </span>
    </p>
   </div>
   <div class='ocr_carea' id='block_1_72' title="bbox 477 5505 2076 5577">
    <p class='ocr_par' dir='ltr' id='par_1_72' title="bbox 477 5505 2076 5577">
     <span class='ocr_line' id='line_1_72' title="bbox 477 5505 2076 5577; baseline 0.008 -21"><span class='ocrx_word' id='word_1_497' title='bbox 477 5509 613 5570; x_wconf 84' lang='lat' dir='ltr'>ster,</span> <span class='ocrx_word' id='word_1_498' title='bbox 661 5519 769 5560; x_wconf 92' lang='lat' dir='ltr'>una</span> <span class='ocrx_word' id='word_1_499' title='bbox 810 5521 938 5561; x_wconf 90' lang='lat' dir='ltr'>eum</span> <span class='ocrx_word' id='word_1_500' title='bbox 966 5506 1291 5577; x_wconf 90' lang='lat' dir='ltr'>specialibus</span> <span class='ocrx_word' id='word_1_501' title='bbox 1331 5505 1543 5564; x_wconf 84' lang='lat' dir='ltr'>clericis</span> <span class='ocrx_word' id='word_1_502' title='bbox 1581 5516 1636 5564; x_wconf 92' lang='lat' dir='ltr'>et</span> <span class='ocrx_word' id='word_1_503' title='bbox 1678 5509 1832 5568; x_wconf 85' lang='lat' dir='ltr'>laicis</span> <span class='ocrx_word' id='word_1_504' title='bbox 1877 5511 2076 5575; x_wconf 86' lang='lat' dir='ltr'>diversi</span> 
     </span>
    </p>
   </div>
   <div class='ocr_carea' id='block_1_73' title="bbox 478 5602 2073 5680">
    <p class='ocr_par' dir='ltr' id='par_1_73' title="bbox 478 5602 2073 5680">
     <span class='ocr_line' id='line_1_73' title="bbox 478 5602 2073 5680; baseline 0.006 -22"><span class='ocrx_word' id='word_1_505' title='bbox 478 5602 708 5672; x_wconf 88' lang='lat' dir='ltr'>ordinis,</span> <span class='ocrx_word' id='word_1_506' title='bbox 756 5602 825 5660; x_wconf 89' lang='lat' dir='ltr'>de</span> <span class='ocrx_word' id='word_1_507' title='bbox 881 5619 1207 5677; x_wconf 88' lang='lat' dir='ltr'>quocunque</span> <span class='ocrx_word' id='word_1_508' title='bbox 1249 5607 1370 5663; x_wconf 89' lang='lat' dir='ltr'>loco</span> <span class='ocrx_word' id='word_1_509' title='bbox 1414 5610 1683 5680; x_wconf 90' lang='lat' dir='ltr'>potuerit,</span> <span class='ocrx_word' id='word_1_510' title='bbox 1731 5610 1829 5666; x_wconf 91' lang='lat' dir='ltr'>tibi</span> <span class='ocrx_word' id='word_1_511' title='bbox 1883 5620 2073 5668; x_wconf 89' lang='lat' dir='ltr'>sancte</span> 
     </span>
    </p>
   </div>
   <div class='ocr_carea' id='block_1_74' title="bbox 475 5699 2070 5782">
    <p class='ocr_par' dir='ltr' id='par_1_74' title="bbox 475 5699 2070 5782">
     <span class='ocr_line' id='line_1_74' title="bbox 475 5699 2070 5782; baseline 0.007 -27"><span class='ocrx_word' id='word_1_512' title='bbox 475 5699 659 5772; x_wconf 91' lang='lat' dir='ltr'>Paule,</span> <span class='ocrx_word' id='word_1_513' title='bbox 708 5700 835 5759; x_wconf 91' lang='lat' dir='ltr'>duci</span> <span class='ocrx_word' id='word_1_514' title='bbox 885 5701 1180 5774; x_wconf 92' lang='lat' dir='ltr'>bonorum,</span> <span class='ocrx_word' id='word_1_515' title='bbox 1238 5705 1651 5782; x_wconf 84' lang='lat' dir='ltr'>fortissimoque</span> <span class='ocrx_word' id='word_1_516' title='bbox 1702 5709 2070 5781; x_wconf 62' lang='lat' dir='ltr'>pradicatori,</span> 
     </span>
    </p>
   </div>
   <div class='ocr_carea' id='block_1_75' title="bbox 547 5826 1623 5915">
    <p class='ocr_par' dir='ltr' id='par_1_75' title="bbox 547 5826 1623 5915">
     <span class='ocr_line' id='line_1_75' title="bbox 547 5826 1623 5915; baseline 0.007 -34"><span class='ocrx_word' id='word_1_517' title='bbox 547 5826 692 5895; x_wconf 78' lang='grc'><strong>(421)</strong></span> <span class='ocrx_word' id='word_1_518' title='bbox 716 5827 966 5888; x_wconf 83' lang='lat' dir='ltr'>Clausula</span> <span class='ocrx_word' id='word_1_519' title='bbox 992 5840 1246 5915; x_wconf 83' lang='lat' dir='ltr'>corrupta</span> <span class='ocrx_word' id='word_1_520' title='bbox 1274 5841 1374 5891; x_wconf 89' lang='lat' dir='ltr'>est.</span> <span class='ocrx_word' id='word_1_521' title='bbox 1407 5836 1623 5892; x_wconf 72' lang='lat' dir='ltr'>Jun.</span> 
     </span>
    </p>
   </div>
   <div class='ocr_carea' id='block_1_76' title="bbox 2202 1902 3804 1975">
    <p class='ocr_par' dir='ltr' id='par_1_76' title="bbox 2202 1902 3804 1975">
     <span class='ocr_line' id='line_1_76' title="bbox 2202 1902 3804 1975; baseline -0.001 -13"><span class='ocrx_word' id='word_1_522' title='bbox 2202 1905 2349 1962; x_wconf 89' lang='lat' dir='ltr'>omni</span> <span class='ocrx_word' id='word_1_523' title='bbox 2392 1903 2740 1970; x_wconf 90' lang='lat' dir='ltr'>conditione,</span> <span class='ocrx_word' id='word_1_524' title='bbox 2784 1904 3097 1975; x_wconf 86' lang='lat' dir='ltr'>gravamine</span> <span class='ocrx_word' id='word_1_525' title='bbox 3140 1903 3221 1959; x_wconf 91' lang='lat' dir='ltr'>vel</span> <span class='ocrx_word' id='word_1_526' title='bbox 3263 1902 3445 1959; x_wconf 87' lang='lat' dir='ltr'>reditu</span> <span class='ocrx_word' id='word_1_527' title='bbox 3485 1902 3804 1960; x_wconf 89' lang='lat' dir='ltr'>absolutum</span> 
     </span>
    </p>
   </div>
   <div class='ocr_carea' id='block_1_77' title="bbox 2203 1995 3806 2076">
    <p class='ocr_par' dir='ltr' id='par_1_77' title="bbox 2203 1995 3806 2076">
     <span class='ocr_line' id='line_1_77' title="bbox 2203 1995 3806 2076; baseline 0 -24"><span class='ocrx_word' id='word_1_528' title='bbox 2203 2007 2367 2070; x_wconf 91' lang='lat' dir='ltr'>atque</span> <span class='ocrx_word' id='word_1_529' title='bbox 2395 1998 2759 2066; x_wconf 90' lang='lat' dir='ltr'>liberrimum,</span> <span class='ocrx_word' id='word_1_530' title='bbox 2800 1996 3102 2053; x_wconf 87' lang='lat' dir='ltr'>secundum</span> <span class='ocrx_word' id='word_1_531' title='bbox 3140 1995 3457 2076; x_wconf 49' lang='lat' dir='ltr'>quod‘ipse,</span> <span class='ocrx_word' id='word_1_532' title='bbox 3487 1996 3806 2052; x_wconf 88' lang='lat' dir='ltr'>libertatem</span> 
     </span>
    </p>
   </div>
   <div class='ocr_carea' id='block_1_78' title="bbox 2203 2089 3806 2163">
    <p class='ocr_par' dir='ltr' id='par_1_78' title="bbox 2203 2089 3806 2163">
     <span class='ocr_line' id='line_1_78' title="bbox 2203 2089 3806 2163; baseline 0.001 -18"><span class='ocrx_word' id='word_1_533' title='bbox 2203 2101 2351 2147; x_wconf 88' lang='lat' dir='ltr'>tuam</span> <span class='ocrx_word' id='word_1_534' title='bbox 2403 2092 2594 2163; x_wconf 88' lang='lat' dir='ltr'>primis</span> <span class='ocrx_word' id='word_1_535' title='bbox 2669 2100 2801 2146; x_wconf 90' lang='lat' dir='ltr'>tunc</span> <span class='ocrx_word' id='word_1_536' title='bbox 2866 2090 3132 2162; x_wconf 90' lang='lat' dir='ltr'>apostolis</span> <span class='ocrx_word' id='word_1_537' title='bbox 3189 2106 3511 2162; x_wconf 68' lang='lat' dir='ltr'>comquans,</span> <span class='ocrx_word' id='word_1_538' title='bbox 3564 2089 3806 2163; x_wconf 86' lang='lat' dir='ltr'>gloriam</span> 
     </span>
    </p>
   </div>
   <div class='ocr_carea' id='block_1_79' title="bbox 2202 2183 3808 2256">
    <p class='ocr_par' dir='ltr' id='par_1_79' title="bbox 2202 2183 3808 2256">
     <span class='ocr_line' id='line_1_79' title="bbox 2202 2183 3808 2256; baseline -0.001 -15"><span class='ocrx_word' id='word_1_539' title='bbox 2202 2192 2355 2241; x_wconf 86' lang='lat' dir='ltr'>tuam</span> <span class='ocrx_word' id='word_1_540' title='bbox 2395 2199 2655 2240; x_wconf 89' lang='lat' dir='ltr'>evacuare</span> <span class='ocrx_word' id='word_1_541' title='bbox 2680 2184 3002 2255; x_wconf 87' lang='lat' dir='ltr'>cogentibus</span> <span class='ocrx_word' id='word_1_542' title='bbox 3032 2184 3370 2256; x_wconf 88' lang='lat' dir='ltr'>protestaris,</span> <span class='ocrx_word' id='word_1_543' title='bbox 3407 2183 3595 2240; x_wconf 88' lang='lat' dir='ltr'>dicens</span> <span class='ocrx_word' id='word_1_544' title='bbox 3638 2202 3654 2239; x_wconf 91' lang='lat'>:</span> <span class='ocrx_word' id='word_1_545' title='bbox 3683 2188 3808 2243; x_wconf 84' lang='lat' dir='ltr'>Non</span> 
     </span>
    </p>
   </div>
   <div class='ocr_carea' id='block_1_80' title="bbox 2201 2277 3807 2349">
    <p class='ocr_par' dir='ltr' id='par_1_80' title="bbox 2201 2277 3807 2349">
     <span class='ocr_line' id='line_1_80' title="bbox 2201 2277 3807 2349; baseline -0.001 -15"><span class='ocrx_word' id='word_1_546' title='bbox 2201 2294 2321 2334; x_wconf 86' lang='lat' dir='ltr'>sum</span> <span class='ocrx_word' id='word_1_547' title='bbox 2360 2279 2495 2332; x_wconf 76' lang='lat' dir='ltr'>liber</span> <span class='ocrx_word' id='word_1_548' title='bbox 2513 2282 2541 2333; x_wconf 85' lang='lat'><strong><em>?</em></strong></span> <span class='ocrx_word' id='word_1_549' title='bbox 2580 2295 2686 2332; x_wconf 88' lang='lat' dir='ltr'>non</span> <span class='ocrx_word' id='word_1_550' title='bbox 2722 2295 2840 2333; x_wconf 85' lang='lat' dir='ltr'>sum</span> <span class='ocrx_word' id='word_1_551' title='bbox 2882 2280 3151 2348; x_wconf 82' lang='lat' dir='ltr'>apostolus</span> <span class='ocrx_word' id='word_1_552' title='bbox 3172 2282 3199 2332; x_wconf 74' lang='grc' dir='ltr'>ἵ)</span> <span class='ocrx_word' id='word_1_553' title='bbox 3228 2277 3350 2349; x_wconf 92' lang='lat' dir='ltr'>plus</span> <span class='ocrx_word' id='word_1_554' title='bbox 3378 2277 3527 2333; x_wconf 92' lang='lat' dir='ltr'>enim</span> <span class='ocrx_word' id='word_1_555' title='bbox 3554 2280 3807 2333; x_wconf 77' lang='lat' dir='ltr'>omnibus</span> 
     </span>
    </p>
   </div>
   <div class='ocr_carea' id='block_1_81' title="bbox 2203 2362 3804 2443">
    <p class='ocr_par' dir='ltr' id='par_1_81' title="bbox 2203 2362 3804 2443">
     <span class='ocr_line' id='line_1_81' title="bbox 2203 2362 3804 2443; baseline 0.001 -18"><span class='ocrx_word' id='word_1_556' title='bbox 2203 2362 2460 2427; x_wconf 68' lang='lat' dir='ltr'>iaboravi.</span> <span class='ocrx_word' id='word_1_557' title='bbox 2505 2371 2667 2443; x_wconf 89' lang='lat' dir='ltr'>Quod</span> <span class='ocrx_word' id='word_1_558' title='bbox 2694 2372 2738 2426; x_wconf 90' lang='lat' dir='ltr'>si</span> <span class='ocrx_word' id='word_1_559' title='bbox 2783 2370 3070 2441; x_wconf 91' lang='lat' dir='ltr'>quisquam</span> <span class='ocrx_word' id='word_1_560' title='bbox 3113 2372 3457 2439; x_wconf 87' lang='lat' dir='ltr'>temerarius,</span> <span class='ocrx_word' id='word_1_561' title='bbox 3506 2373 3804 2443; x_wconf 89' lang='lat' dir='ltr'>parvipen-</span> 
     </span>
    </p>
   </div>
   <div class='ocr_carea' id='block_1_82' title="bbox 2199 2462 3807 2535">
    <p class='ocr_par' dir='ltr' id='par_1_82' title="bbox 2199 2462 3807 2535">
     <span class='ocr_line' id='line_1_82' title="bbox 2199 2462 3807 2535; baseline 0.001 -15"><span class='ocrx_word' id='word_1_562' title='bbox 2199 2464 2335 2520; x_wconf 89' lang='lat' dir='ltr'>dens</span> <span class='ocrx_word' id='word_1_563' title='bbox 2360 2464 2457 2520; x_wconf 86' lang='lat' dir='ltr'>Dei</span> <span class='ocrx_word' id='word_1_564' title='bbox 2483 2464 2832 2519; x_wconf 89' lang='lat' dir='ltr'>tremendum</span> <span class='ocrx_word' id='word_1_565' title='bbox 2853 2462 3157 2535; x_wconf 84' lang='lat' dir='ltr'>judicium,</span> <span class='ocrx_word' id='word_1_566' title='bbox 3188 2462 3294 2519; x_wconf 89' lang='lat' dir='ltr'>hoc</span> <span class='ocrx_word' id='word_1_567' title='bbox 3329 2472 3535 2520; x_wconf 63' lang='lat' dir='ltr'>nostra:</span> <span class='ocrx_word' id='word_1_568' title='bbox 3561 2466 3807 2521; x_wconf 88' lang='lat' dir='ltr'>auctori-</span> 
     </span>
    </p>
   </div>
   <div class='ocr_carea' id='block_1_83' title="bbox 2204 2557 3802 2630">
    <p class='ocr_par' dir='ltr' id='par_1_83' title="bbox 2204 2557 3802 2630">
     <span class='ocr_line' id='line_1_83' title="bbox 2204 2557 3802 2630; baseline 0.002 -18"><span class='ocrx_word' id='word_1_569' title='bbox 2204 2559 2330 2612; x_wconf 91' lang='lat' dir='ltr'>tatis</span> <span class='ocrx_word' id='word_1_570' title='bbox 2358 2575 2421 2613; x_wconf 92' lang='lat' dir='ltr'>ac</span> <span class='ocrx_word' id='word_1_571' title='bbox 2449 2557 2755 2613; x_wconf 90' lang='lat' dir='ltr'>dilectionis</span> <span class='ocrx_word' id='word_1_572' title='bbox 2785 2567 2839 2612; x_wconf 90' lang='lat' dir='ltr'>et</span> <span class='ocrx_word' id='word_1_573' title='bbox 2865 2557 3171 2613; x_wconf 91' lang='lat' dir='ltr'>devotionis</span> <span class='ocrx_word' id='word_1_574' title='bbox 3198 2573 3323 2629; x_wconf 88' lang='lat' dir='ltr'>erga</span> <span class='ocrx_word' id='word_1_575' title='bbox 3350 2566 3403 2613; x_wconf 90' lang='lat' dir='ltr'>te</span> <span class='ocrx_word' id='word_1_576' title='bbox 3432 2558 3802 2630; x_wconf 88' lang='lat' dir='ltr'>privilegium,</span> 
     </span>
    </p>
   </div>
   <div class='ocr_carea' id='block_1_84' title="bbox 2204 2650 3801 2722">
    <p class='ocr_par' dir='ltr' id='par_1_84' title="bbox 2204 2650 3801 2722">
     <span class='ocr_line' id='line_1_84' title="bbox 2204 2650 3801 2722; baseline 0.001 -17"><span class='ocrx_word' id='word_1_577' title='bbox 2204 2652 2284 2707; x_wconf 91' lang='lat' dir='ltr'>vel</span> <span class='ocrx_word' id='word_1_578' title='bbox 2325 2652 2674 2722; x_wconf 87' lang='lat' dir='ltr'>antiquorum</span> <span class='ocrx_word' id='word_1_579' title='bbox 2714 2660 3031 2707; x_wconf 91' lang='lat' dir='ltr'>nostrorum</span> <span class='ocrx_word' id='word_1_580' title='bbox 3065 2651 3527 2722; x_wconf 65' lang='lat' dir='ltr'>praedecessorum</span> <span class='ocrx_word' id='word_1_581' title='bbox 3550 2650 3801 2717; x_wconf 85' lang='lat' dir='ltr'>decreta,</span> 
     </span>
    </p>
   </div>
   <div class='ocr_carea' id='block_1_85' title="bbox 2203 2743 3803 2809">
    <p class='ocr_par' dir='ltr' id='par_1_85' title="bbox 2203 2743 3803 2809">
     <span class='ocr_line' id='line_1_85' title="bbox 2203 2743 3803 2809; baseline 0.002 -11"><span class='ocrx_word' id='word_1_582' title='bbox 2203 2745 2492 2809; x_wconf 92' lang='lat' dir='ltr'>minuerit,</span> <span class='ocrx_word' id='word_1_583' title='bbox 2536 2746 2617 2800; x_wconf 90' lang='lat' dir='ltr'>vel</span> <span class='ocrx_word' id='word_1_584' title='bbox 2666 2746 2962 2801; x_wconf 88' lang='lat' dir='ltr'>immutare</span> <span class='ocrx_word' id='word_1_585' title='bbox 3012 2744 3082 2800; x_wconf 89' lang='lat' dir='ltr'>ad</span> <span class='ocrx_word' id='word_1_586' title='bbox 3122 2743 3394 2801; x_wconf 87' lang='lat' dir='ltr'>damnum</span> <span class='ocrx_word' id='word_1_587' title='bbox 3438 2744 3664 2801; x_wconf 72' lang='lat' dir='ltr'>cmnobii</span> <span class='ocrx_word' id='word_1_588' title='bbox 3711 2747 3803 2801; x_wconf 87' lang='lat' dir='ltr'>tui</span> 
     </span>
    </p>
   </div>
   <div class='ocr_carea' id='block_1_86' title="bbox 2200 2837 3806 2911">
    <p class='ocr_par' dir='ltr' id='par_1_86' title="bbox 2200 2837 3806 2911">
     <span class='ocr_line' id='line_1_86' title="bbox 2200 2837 3806 2911; baseline 0.001 -19"><span class='ocrx_word' id='word_1_589' title='bbox 2200 2840 2628 2910; x_wconf 78' lang='lat' dir='ltr'>przesumpserit,</span> <span class='ocrx_word' id='word_1_590' title='bbox 2659 2838 2919 2893; x_wconf 91' lang='lat' dir='ltr'>omnibus</span> <span class='ocrx_word' id='word_1_591' title='bbox 2960 2838 3156 2905; x_wconf 87' lang='lat' dir='ltr'>modis,</span> <span class='ocrx_word' id='word_1_592' title='bbox 3189 2837 3339 2909; x_wconf 90' lang='lat' dir='ltr'>quod</span> <span class='ocrx_word' id='word_1_593' title='bbox 3372 2846 3565 2893; x_wconf 89' lang='lat' dir='ltr'>contra</span> <span class='ocrx_word' id='word_1_594' title='bbox 3604 2840 3806 2911; x_wconf 87' lang='lat' dir='ltr'>egerit,</span> 
     </span>
    </p>
   </div>
   <div class='ocr_carea' id='block_1_87' title="bbox 2201 2932 3811 3005">
    <p class='ocr_par' dir='ltr' id='par_1_87' title="bbox 2201 2932 3811 3005">
     <span class='ocr_line' id='line_1_87' title="bbox 2201 2932 3811 3005; baseline 0.001 -19"><span class='ocrx_word' id='word_1_595' title='bbox 2201 2942 2516 2999; x_wconf 88' lang='lat' dir='ltr'>evacuetur,</span> <span class='ocrx_word' id='word_1_596' title='bbox 2555 2941 2717 3004; x_wconf 89' lang='lat' dir='ltr'>atque</span> <span class='ocrx_word' id='word_1_597' title='bbox 2745 2932 3105 2987; x_wconf 88' lang='lat' dir='ltr'>anathematis</span> <span class='ocrx_word' id='word_1_598' title='bbox 3136 2932 3345 2987; x_wconf 90' lang='lat' dir='ltr'>ultione</span> <span class='ocrx_word' id='word_1_599' title='bbox 3378 2932 3639 2988; x_wconf 91' lang='lat' dir='ltr'>multatus</span> <span class='ocrx_word' id='word_1_600' title='bbox 3672 2949 3811 3005; x_wconf 87' lang='lat' dir='ltr'>par-</span> 
     </span>
    </p>
   </div>
   <div class='ocr_carea' id='block_1_88' title="bbox 2200 3024 3807 3097">
    <p class='ocr_par' dir='ltr' id='par_1_88' title="bbox 2200 3024 3807 3097">
     <span class='ocr_line' id='line_1_88' title="bbox 2200 3024 3807 3097; baseline 0.001 -16"><span class='ocrx_word' id='word_1_601' title='bbox 2200 3035 2315 3082; x_wconf 90' lang='lat' dir='ltr'>tem</span> <span class='ocrx_word' id='word_1_602' title='bbox 2358 3042 2485 3082; x_wconf 89' lang='lat' dir='ltr'>cum</span> <span class='ocrx_word' id='word_1_603' title='bbox 2526 3026 2669 3082; x_wconf 88' lang='lat' dir='ltr'>Juda</span> <span class='ocrx_word' id='word_1_604' title='bbox 2699 3026 2962 3082; x_wconf 90' lang='lat' dir='ltr'>traditore</span> <span class='ocrx_word' id='word_1_605' title='bbox 2998 3024 3219 3091; x_wconf 87' lang='lat' dir='ltr'>Christi,</span> <span class='ocrx_word' id='word_1_606' title='bbox 3255 3026 3363 3081; x_wconf 88' lang='lat' dir='ltr'>nisi</span> <span class='ocrx_word' id='word_1_607' title='bbox 3394 3026 3706 3097; x_wconf 88' lang='lat' dir='ltr'>resipuerit,</span> <span class='ocrx_word' id='word_1_608' title='bbox 3749 3028 3807 3082; x_wconf 91' lang='lat' dir='ltr'>in</span> 
     </span>
    </p>
   </div>
   <div class='ocr_carea' id='block_1_89' title="bbox 2202 3119 3806 3191">
    <p class='ocr_par' dir='ltr' id='par_1_89' title="bbox 2202 3119 3806 3191">
     <span class='ocr_line' id='line_1_89' title="bbox 2202 3119 3806 3191; baseline 0.002 -18"><span class='ocrx_word' id='word_1_609' title='bbox 2202 3119 2307 3175; x_wconf 88' lang='lat' dir='ltr'>ﬁne</span> <span class='ocrx_word' id='word_1_610' title='bbox 2335 3121 2567 3175; x_wconf 88' lang='lat' dir='ltr'>extremi</span> <span class='ocrx_word' id='word_1_611' title='bbox 2596 3121 2865 3175; x_wconf 85' lang='lat' dir='ltr'>examinis</span> <span class='ocrx_word' id='word_1_612' title='bbox 2903 3119 3132 3187; x_wconf 89' lang='lat' dir='ltr'>habeat;</span> <span class='ocrx_word' id='word_1_613' title='bbox 3174 3128 3230 3175; x_wconf 88' lang='lat' dir='ltr'>et</span> <span class='ocrx_word' id='word_1_614' title='bbox 3267 3135 3361 3191; x_wconf 90' lang='lat' dir='ltr'>per</span> <span class='ocrx_word' id='word_1_615' title='bbox 3389 3121 3806 3187; x_wconf 83' lang='lat' dir='ltr'>auctoritatem.</span> 
     </span>
    </p>
   </div>
   <div class='ocr_carea' id='block_1_90' title="bbox 2201 3213 3809 3285">
    <p class='ocr_par' dir='ltr' id='par_1_90' title="bbox 2201 3213 3809 3285">
     <span class='ocr_line' id='line_1_90' title="bbox 2201 3213 3809 3285; baseline 0.001 -17"><span class='ocrx_word' id='word_1_616' title='bbox 2201 3230 2367 3285; x_wconf 91' lang='lat' dir='ltr'>quam</span> <span class='ocrx_word' id='word_1_617' title='bbox 2394 3218 2543 3269; x_wconf 88' lang='lat' dir='ltr'>Deus</span> <span class='ocrx_word' id='word_1_618' title='bbox 2571 3214 2730 3269; x_wconf 86' lang='lat' dir='ltr'>beato</span> <span class='ocrx_word' id='word_1_619' title='bbox 2757 3214 2964 3269; x_wconf 88' lang='lat' dir='ltr'>scilicet</span> <span class='ocrx_word' id='word_1_620' title='bbox 2989 3216 3167 3281; x_wconf 89' lang='lat' dir='ltr'>Petro,</span> <span class='ocrx_word' id='word_1_621' title='bbox 3188 3213 3508 3283; x_wconf 89' lang='lat' dir='ltr'>coapostolo</span> <span class='ocrx_word' id='word_1_622' title='bbox 3530 3222 3648 3280; x_wconf 92' lang='lat' dir='ltr'>tuo,</span> <span class='ocrx_word' id='word_1_623' title='bbox 3674 3214 3809 3270; x_wconf 76' lang='lat' dir='ltr'>tibi-</span> 
     </span>
    </p>
   </div>
   <div class='ocr_carea' id='block_1_91' title="bbox 2200 3306 3807 3379">
    <p class='ocr_par' dir='ltr' id='par_1_91' title="bbox 2200 3306 3807 3379">
     <span class='ocr_line' id='line_1_91' title="bbox 2200 3306 3807 3379; baseline 0.001 -18"><span class='ocrx_word' id='word_1_624' title='bbox 2200 3323 2309 3379; x_wconf 90' lang='lat' dir='ltr'>que</span> <span class='ocrx_word' id='word_1_625' title='bbox 2357 3316 2408 3361; x_wconf 88' lang='lat' dir='ltr'>et</span> <span class='ocrx_word' id='word_1_626' title='bbox 2445 3309 2501 3361; x_wconf 90' lang='lat' dir='ltr'>in</span> <span class='ocrx_word' id='word_1_627' title='bbox 2530 3307 2670 3363; x_wconf 88' lang='lat' dir='ltr'>coelo</span> <span class='ocrx_word' id='word_1_628' title='bbox 2718 3316 2774 3362; x_wconf 91' lang='lat' dir='ltr'>et</span> <span class='ocrx_word' id='word_1_629' title='bbox 2804 3308 2861 3362; x_wconf 92' lang='lat' dir='ltr'>in</span> <span class='ocrx_word' id='word_1_630' title='bbox 2907 3315 3049 3362; x_wconf 91' lang='lat' dir='ltr'>terra</span> <span class='ocrx_word' id='word_1_631' title='bbox 3093 3306 3292 3376; x_wconf 84' lang='lat' dir='ltr'>ligandi</span> <span class='ocrx_word' id='word_1_632' title='bbox 3345 3315 3512 3379; x_wconf 87' lang='lat' dir='ltr'>atque</span> <span class='ocrx_word' id='word_1_633' title='bbox 3555 3306 3807 3363; x_wconf 87' lang='lat' dir='ltr'>solvendi</span> 
     </span>
    </p>
   </div>
   <div class='ocr_carea' id='block_1_92' title="bbox 2200 3398 3810 3472">
    <p class='ocr_par' dir='ltr' id='par_1_92' title="bbox 2200 3398 3810 3472">
     <span class='ocr_line' id='line_1_92' title="bbox 2200 3398 3810 3472; baseline 0.001 -19"><span class='ocrx_word' id='word_1_634' title='bbox 2200 3399 2413 3470; x_wconf 88' lang='lat' dir='ltr'>tribuit,</span> <span class='ocrx_word' id='word_1_635' title='bbox 2445 3402 2518 3455; x_wconf 92' lang='lat' dir='ltr'>sit</span> <span class='ocrx_word' id='word_1_636' title='bbox 2552 3417 2583 3455; x_wconf 89' lang='lat' dir='ltr'>a</span> <span class='ocrx_word' id='word_1_637' title='bbox 2621 3400 2896 3455; x_wconf 90' lang='lat' dir='ltr'>consortio</span> <span class='ocrx_word' id='word_1_638' title='bbox 2935 3401 3185 3455; x_wconf 90' lang='lat' dir='ltr'>omnium</span> <span class='ocrx_word' id='word_1_639' title='bbox 3212 3398 3453 3455; x_wconf 88' lang='lat' dir='ltr'>ﬁdelium</span> <span class='ocrx_word' id='word_1_640' title='bbox 3485 3402 3810 3472; x_wconf 83' lang='lat' dir='ltr'>perenniter</span> 
     </span>
    </p>
   </div>
   <div class='ocr_carea' id='block_1_93' title="bbox 2201 3492 3807 3564">
    <p class='ocr_par' dir='ltr' id='par_1_93' title="bbox 2201 3492 3807 3564">
     <span class='ocr_line' id='line_1_93' title="bbox 2201 3492 3807 3564; baseline 0.002 -17"><span class='ocrx_word' id='word_1_641' title='bbox 2201 3494 2488 3558; x_wconf 78' lang='lat' dir='ltr'>exclusus;</span> <span class='ocrx_word' id='word_1_642' title='bbox 2524 3495 2745 3564; x_wconf 87' lang='lat' dir='ltr'>insuper</span> <span class='ocrx_word' id='word_1_643' title='bbox 2773 3500 2829 3549; x_wconf 91' lang='lat' dir='ltr'>et</span> <span class='ocrx_word' id='word_1_644' title='bbox 2858 3501 3043 3548; x_wconf 92' lang='lat' dir='ltr'>nostro</span> <span class='ocrx_word' id='word_1_645' title='bbox 3075 3492 3273 3564; x_wconf 89' lang='lat' dir='ltr'>palatio</span> <span class='ocrx_word' id='word_1_646' title='bbox 3312 3501 3369 3548; x_wconf 91' lang='lat' dir='ltr'>et</span> <span class='ocrx_word' id='word_1_647' title='bbox 3395 3500 3490 3548; x_wconf 94' lang='lat' dir='ltr'>tuo</span> <span class='ocrx_word' id='word_1_648' title='bbox 3522 3502 3807 3551; x_wconf 81' lang='lat' dir='ltr'>monaste-</span> 
     </span>
    </p>
   </div>
   <div class='ocr_carea' id='block_1_94' title="bbox 2202 3587 3807 3659">
    <p class='ocr_par' dir='ltr' id='par_1_94' title="bbox 2202 3587 3807 3659">
     <span class='ocr_line' id='line_1_94' title="bbox 2202 3587 3807 3659; baseline 0.001 -17"><span class='ocrx_word' id='word_1_649' title='bbox 2202 3588 2283 3642; x_wconf 92' lang='lat' dir='ltr'>rio</span> <span class='ocrx_word' id='word_1_650' title='bbox 2322 3597 2538 3642; x_wconf 89' lang='lat' dir='ltr'>centum</span> <span class='ocrx_word' id='word_1_651' title='bbox 2568 3588 2732 3642; x_wconf 87' lang='lat' dir='ltr'>libras</span> <span class='ocrx_word' id='word_1_652' title='bbox 2764 3587 2982 3656; x_wconf 90' lang='lat' dir='ltr'>pretiosi</span> <span class='ocrx_word' id='word_1_653' title='bbox 3022 3587 3141 3641; x_wconf 90' lang='lat' dir='ltr'>auri</span> <span class='ocrx_word' id='word_1_654' title='bbox 3171 3603 3503 3657; x_wconf 91' lang='lat' dir='ltr'>componere</span> <span class='ocrx_word' id='word_1_655' title='bbox 3543 3596 3807 3659; x_wconf 87' lang='lat' dir='ltr'>cogatur,</span> 
     </span>
    </p>
   </div>
   <div class='ocr_carea' id='block_1_95' title="bbox 2199 3680 3809 3753">
    <p class='ocr_par' dir='ltr' id='par_1_95' title="bbox 2199 3680 3809 3753">
     <span class='ocr_line' id='line_1_95' title="bbox 2199 3680 3809 3753; baseline 0.002 -18"><span class='ocrx_word' id='word_1_656' title='bbox 2199 3690 2464 3753; x_wconf 85' lang='lat' dir='ltr'>quatenus</span> <span class='ocrx_word' id='word_1_657' title='bbox 2508 3681 2686 3735; x_wconf 89' lang='lat' dir='ltr'>honor</span> <span class='ocrx_word' id='word_1_658' title='bbox 2726 3681 2793 3735; x_wconf 91' lang='lat' dir='ltr'>ab</span> <span class='ocrx_word' id='word_1_659' title='bbox 2842 3681 2992 3736; x_wconf 91' lang='lat' dir='ltr'>omni</span> <span class='ocrx_word' id='word_1_660' title='bbox 3034 3680 3277 3736; x_wconf 84' lang='lat' dir='ltr'>Ecclesia</span> <span class='ocrx_word' id='word_1_661' title='bbox 3318 3681 3418 3735; x_wconf 90' lang='lat' dir='ltr'>tibi</span> <span class='ocrx_word' id='word_1_662' title='bbox 3454 3680 3692 3749; x_wconf 87' lang='lat' dir='ltr'>debitus,</span> <span class='ocrx_word' id='word_1_663' title='bbox 3724 3683 3809 3738; x_wconf 90' lang='lat' dir='ltr'>di-</span> 
     </span>
    </p>
   </div>
   <div class='ocr_carea' id='block_1_96' title="bbox 2202 3774 3809 3846">
    <p class='ocr_par' dir='ltr' id='par_1_96' title="bbox 2202 3774 3809 3846">
     <span class='ocr_line' id='line_1_96' title="bbox 2202 3774 3809 3846; baseline 0.004 -21"><span class='ocrx_word' id='word_1_664' title='bbox 2202 3775 2323 3829; x_wconf 80' lang='lat' dir='ltr'>vina</span> <span class='ocrx_word' id='word_1_665' title='bbox 2354 3774 2581 3846; x_wconf 90' lang='lat' dir='ltr'>juvante</span> <span class='ocrx_word' id='word_1_666' title='bbox 2605 3776 2799 3845; x_wconf 86' lang='lat' dir='ltr'>gratia,</span> <span class='ocrx_word' id='word_1_667' title='bbox 2837 3774 2894 3828; x_wconf 93' lang='lat' dir='ltr'>in</span> <span class='ocrx_word' id='word_1_668' title='bbox 2928 3774 3189 3829; x_wconf 89' lang='lat' dir='ltr'>omnibus</span> <span class='ocrx_word' id='word_1_669' title='bbox 3217 3774 3566 3840; x_wconf 87' lang='lat' dir='ltr'>exhibeatur,</span> <span class='ocrx_word' id='word_1_670' title='bbox 3598 3784 3656 3830; x_wconf 92' lang='lat' dir='ltr'>et</span> <span class='ocrx_word' id='word_1_671' title='bbox 3685 3776 3809 3831; x_wconf 86' lang='lat' dir='ltr'>laus</span> 
     </span>
    </p>
   </div>
   <div class='ocr_carea' id='block_1_97' title="bbox 2202 3867 3809 3938">
    <p class='ocr_par' dir='ltr' id='par_1_97' title="bbox 2202 3867 3809 3938">
     <span class='ocr_line' id='line_1_97' title="bbox 2202 3867 3809 3938; baseline 0.003 -17"><span class='ocrx_word' id='word_1_672' title='bbox 2202 3868 2298 3922; x_wconf 87' lang='lat' dir='ltr'>Dei</span> <span class='ocrx_word' id='word_1_673' title='bbox 2330 3867 2481 3923; x_wconf 91' lang='lat' dir='ltr'>omni</span> <span class='ocrx_word' id='word_1_674' title='bbox 2524 3876 2773 3938; x_wconf 91' lang='lat' dir='ltr'>tempore</span> <span class='ocrx_word' id='word_1_675' title='bbox 2819 3867 2877 3923; x_wconf 90' lang='lat' dir='ltr'>in</span> <span class='ocrx_word' id='word_1_676' title='bbox 2906 3877 3003 3923; x_wconf 92' lang='lat' dir='ltr'>tuo</span> <span class='ocrx_word' id='word_1_677' title='bbox 3053 3868 3419 3923; x_wconf 88' lang='lat' dir='ltr'>sacratissimo</span> <span class='ocrx_word' id='word_1_678' title='bbox 3466 3872 3809 3928; x_wconf 85' lang='lat' dir='ltr'>monasterio</span> 
     </span>
    </p>
   </div>
   <div class='ocr_carea' id='block_1_98' title="bbox 2202 3960 2892 4016">
    <p class='ocr_par' dir='ltr' id='par_1_98' title="bbox 2202 3960 2892 4016">
     <span class='ocr_line' id='line_1_98' title="bbox 2202 3960 2892 4016; baseline 0 -2"><span class='ocrx_word' id='word_1_679' title='bbox 2202 3960 2544 4016; x_wconf 88' lang='lat' dir='ltr'>laudabiliter</span> <span class='ocrx_word' id='word_1_680' title='bbox 2568 3960 2892 4016; x_wconf 90' lang='lat' dir='ltr'>celebretur.</span> 
     </span>
    </p>
   </div>
   <div class='ocr_carea' id='block_1_99' title="bbox 2268 4054 3804 4130">
    <p class='ocr_par' dir='ltr' id='par_1_99' title="bbox 2268 4054 3804 4130">
     <span class='ocr_line' id='line_1_99' title="bbox 2268 4054 3804 4130; baseline 0.003 -20"><span class='ocrx_word' id='word_1_681' title='bbox 2268 4055 2540 4126; x_wconf 89' lang='lat' dir='ltr'>Scriptum</span> <span class='ocrx_word' id='word_1_682' title='bbox 2580 4071 2674 4126; x_wconf 88' lang='lat' dir='ltr'>per</span> <span class='ocrx_word' id='word_1_683' title='bbox 2705 4071 2905 4110; x_wconf 83' lang='lat' dir='ltr'>manus</span> <span class='ocrx_word' id='word_1_684' title='bbox 2938 4054 3270 4125; x_wconf 88' lang='lat' dir='ltr'>Benjamini,</span> <span class='ocrx_word' id='word_1_685' title='bbox 3297 4056 3497 4112; x_wconf 91' lang='lat' dir='ltr'>notarii</span> <span class='ocrx_word' id='word_1_686' title='bbox 3531 4059 3669 4112; x_wconf 89' lang='lat' dir='ltr'>sacri</span> <span class='ocrx_word' id='word_1_687' title='bbox 3702 4075 3804 4130; x_wconf 83' lang='lat' dir='ltr'>pa-</span> 
     </span>
    </p>
   </div>
   <div class='ocr_carea' id='block_1_100' title="bbox 2199 4147 3701 4221">
    <p class='ocr_par' dir='ltr' id='par_1_100' title="bbox 2199 4147 3701 4221">
     <span class='ocr_line' id='line_1_100' title="bbox 2199 4147 3701 4221; baseline 0.001 -19"><span class='ocrx_word' id='word_1_688' title='bbox 2199 4148 2330 4217; x_wconf 90' lang='lat' dir='ltr'>latii,</span> <span class='ocrx_word' id='word_1_689' title='bbox 2354 4150 2408 4204; x_wconf 91' lang='lat' dir='ltr'>in</span> <span class='ocrx_word' id='word_1_690' title='bbox 2438 4165 2627 4205; x_wconf 90' lang='lat' dir='ltr'>mense</span> <span class='ocrx_word' id='word_1_691' title='bbox 2656 4149 2869 4215; x_wconf 85' lang='lat' dir='ltr'>Martio,</span> <span class='ocrx_word' id='word_1_692' title='bbox 2895 4148 2982 4204; x_wconf 91' lang='lat' dir='ltr'>die</span> <span class='ocrx_word' id='word_1_693' title='bbox 3008 4163 3149 4217; x_wconf 85' lang='lat' dir='ltr'>xm,</span> <span class='ocrx_word' id='word_1_694' title='bbox 3170 4147 3463 4206; x_wconf 90' lang='lat' dir='ltr'>indictione</span> <span class='ocrx_word' id='word_1_695' title='bbox 3484 4166 3504 4206; x_wconf 91' lang='grc' dir='ltr'>ι</span> <span class='ocrx_word' id='word_1_696' title='bbox 3530 4153 3701 4221; x_wconf 74' lang='grc'>(421).</span> 
     </span>
    </p>
   </div>
   <div class='ocr_carea' id='block_1_101' title="bbox 2864 4243 3126 4298">
    <p class='ocr_par' dir='ltr' id='par_1_101' title="bbox 2864 4243 3126 4298">
     <span class='ocr_line' id='line_1_101' title="bbox 2864 4243 3126 4298; baseline 0.011 -3"><span class='ocrx_word' id='word_1_697' title='bbox 2864 4243 3126 4298; x_wconf 81' lang='lat' dir='ltr'><strong>LXXIX.</strong></span> 
     </span>
    </p>
   </div>
   <div class='ocr_carea' id='block_1_102' title="bbox 2443 4318 3566 4406">
    <p class='ocr_par' dir='ltr' id='par_1_102' title="bbox 2443 4318 3566 4406">
     <span class='ocr_line' id='line_1_102' title="bbox 2443 4318 3566 4406; baseline 0.002 -14"><span class='ocrx_word' id='word_1_698' title='bbox 2443 4318 2790 4405; x_wconf 55' lang='lat' dir='ltr'>Privilegitim</span> <span class='ocrx_word' id='word_1_699' title='bbox 2803 4352 2905 4406; x_wconf 82' lang='lat' dir='ltr'>pro</span> <span class='ocrx_word' id='word_1_700' title='bbox 2923 4338 3137 4390; x_wconf 73' lang='lat' dir='ltr'>ecclesia</span> <span class='ocrx_word' id='word_1_701' title='bbox 3156 4338 3209 4393; x_wconf 89' lang='lat' dir='ltr'>S.</span> <span class='ocrx_word' id='word_1_702' title='bbox 3233 4336 3566 4394; x_wconf 71' lang='lat' dir='ltr'>Audomart&#39;.</span> 
     </span>
    </p>
   </div>
   <div class='ocr_carea' id='block_1_103' title="bbox 2742 4430 3238 4500">
    <p class='ocr_par' dir='ltr' id='par_1_103' title="bbox 2742 4430 3238 4500">
     <span class='ocr_line' id='line_1_103' title="bbox 2742 4430 3238 4500; baseline -0.006 -14"><span class='ocrx_word' id='word_1_703' title='bbox 2742 4434 2923 4487; x_wconf 80' lang='lat' dir='ltr'>(Anno</span> <span class='ocrx_word' id='word_1_704' title='bbox 2966 4430 3238 4500; x_wconf 84' lang='lat'>1077-85.)</span> 
     </span>
    </p>
   </div>
   <div class='ocr_carea' id='block_1_104' title="bbox 2520 4522 3473 4593">
    <p class='ocr_par' dir='ltr' id='par_1_104' title="bbox 2520 4522 3473 4593">
     <span class='ocr_line' id='line_1_104' title="bbox 2520 4522 3473 4593; baseline -0.001 -17"><span class='ocrx_word' id='word_1_705' title='bbox 2520 4522 2821 4591; x_wconf 63' lang='lat' dir='ltr'>[MIREUS,</span> <span class='ocrx_word' id='word_1_706' title='bbox 2856 4524 2992 4593; x_wconf 86' lang='lat' dir='ltr'>Opp.</span> <span class='ocrx_word' id='word_1_707' title='bbox 3022 4523 3243 4592; x_wconf 80' lang='lat' dir='ltr'>diplom.</span> <span class='ocrx_word' id='word_1_708' title='bbox 3273 4525 3362 4588; x_wconf 87' lang='lat' dir='ltr'>IV,</span> <span class='ocrx_word' id='word_1_709' title='bbox 3393 4526 3473 4592; x_wconf 87' lang='lat'>5.]</span> 
     </span>
    </p>
   </div>
   <div class='ocr_carea' id='block_1_105' title="bbox 2262 4615 3805 4693">
    <p class='ocr_par' dir='ltr' id='par_1_105' title="bbox 2262 4615 3805 4693">
     <span class='ocr_line' id='line_1_105' title="bbox 2262 4615 3805 4693; baseline 0.004 -22"><span class='ocrx_word' id='word_1_710' title='bbox 2262 4615 2594 4691; x_wconf 88' lang='lat' dir='ltr'>Licetbanc</span> <span class='ocrx_word' id='word_1_711' title='bbox 2637 4624 2884 4671; x_wconf 91' lang='lat' dir='ltr'>sanctam</span> <span class='ocrx_word' id='word_1_712' title='bbox 2913 4615 3213 4672; x_wconf 91' lang='lat' dir='ltr'>sedem.....</span> <span class='ocrx_word' id='word_1_713' title='bbox 3262 4618 3565 4673; x_wconf 85' lang='lat' dir='ltr'>Ecclesiam</span> <span class='ocrx_word' id='word_1_714' title='bbox 3609 4619 3805 4693; x_wconf 86' lang='lat' dir='ltr'>itaque</span> 
     </span>
    </p>
   </div>
   <div class='ocr_carea' id='block_1_106' title="bbox 2191 4694 3808 4784">
    <p class='ocr_par' dir='ltr' id='par_1_106' title="bbox 2191 4694 3808 4784">
     <span class='ocr_line' id='line_1_106' title="bbox 2191 4694 3808 4784; baseline 0.004 -19"><span class='ocrx_word' id='word_1_715' title='bbox 2191 4710 2333 4766; x_wconf 91' lang='lat' dir='ltr'>beati</span> <span class='ocrx_word' id='word_1_716' title='bbox 2380 4694 2687 4767; x_wconf 77' lang='lat' dir='ltr'>Audomari</span> <span class='ocrx_word' id='word_1_717' title='bbox 2742 4717 3151 4766; x_wconf 86' lang='lat' dir='ltr'>antecessorum</span> <span class='ocrx_word' id='word_1_718' title='bbox 3210 4719 3522 4767; x_wconf 90' lang='lat' dir='ltr'>nostrorum</span> <span class='ocrx_word' id='word_1_719' title='bbox 3574 4714 3808 4784; x_wconf 75' lang='lat' dir='ltr'>privile-</span> 
     </span>
    </p>
   </div>
   <div class='ocr_carea' id='block_1_107' title="bbox 2191 4803 3807 4877">
    <p class='ocr_par' dir='ltr' id='par_1_107' title="bbox 2191 4803 3807 4877">
     <span class='ocr_line' id='line_1_107' title="bbox 2191 4803 3807 4877; baseline 0.004 -19"><span class='ocrx_word' id='word_1_720' title='bbox 2191 4805 2291 4877; x_wconf 90' lang='lat' dir='ltr'>giis</span> <span class='ocrx_word' id='word_1_721' title='bbox 2320 4805 2593 4861; x_wconf 87' lang='lat' dir='ltr'>munitam</span> <span class='ocrx_word' id='word_1_722' title='bbox 2634 4813 2688 4860; x_wconf 92' lang='lat' dir='ltr'>et</span> <span class='ocrx_word' id='word_1_723' title='bbox 2724 4820 2941 4859; x_wconf 92' lang='lat' dir='ltr'>summe</span> <span class='ocrx_word' id='word_1_724' title='bbox 2969 4803 3407 4872; x_wconf 89' lang='lat' dir='ltr'>corroboratam,</span> <span class='ocrx_word' id='word_1_725' title='bbox 3448 4808 3807 4865; x_wconf 78' lang='lat' dir='ltr'>auctoritatis</span> 
     </span>
    </p>
   </div>
   <div class='ocr_carea' id='block_1_108' title="bbox 2188 4898 3804 4973">
    <p class='ocr_par' dir='ltr' id='par_1_108' title="bbox 2188 4898 3804 4973">
     <span class='ocr_line' id='line_1_108' title="bbox 2188 4898 3804 4973; baseline 0.003 -20"><span class='ocrx_word' id='word_1_726' title='bbox 2188 4898 2345 4954; x_wconf 88' lang='lat' dir='ltr'>etiam</span> <span class='ocrx_word' id='word_1_727' title='bbox 2370 4908 2573 4955; x_wconf 72' lang='lat' dir='ltr'>nostrae</span> <span class='ocrx_word' id='word_1_728' title='bbox 2600 4900 2885 4970; x_wconf 71' lang='lat' dir='ltr'>praesentia</span> <span class='ocrx_word' id='word_1_729' title='bbox 2925 4906 2980 4954; x_wconf 91' lang='lat' dir='ltr'>et</span> <span class='ocrx_word' id='word_1_730' title='bbox 3014 4899 3329 4970; x_wconf 66' lang='lat' dir='ltr'>apostolicae</span> <span class='ocrx_word' id='word_1_731' title='bbox 3355 4899 3634 4973; x_wconf 88' lang='lat' dir='ltr'>dignitatis</span> <span class='ocrx_word' id='word_1_732' title='bbox 3662 4918 3804 4958; x_wconf 80' lang='lat' dir='ltr'>cen-</span> 
     </span>
    </p>
   </div>
   <div class='ocr_carea' id='block_1_109' title="bbox 2186 4993 3810 5059">
    <p class='ocr_par' dir='ltr' id='par_1_109' title="bbox 2186 4993 3810 5059">
     <span class='ocr_line' id='line_1_109' title="bbox 2186 4993 3810 5059; baseline 0.004 -12"><span class='ocrx_word' id='word_1_733' title='bbox 2186 5008 2311 5047; x_wconf 91' lang='lat' dir='ltr'>sura</span> <span class='ocrx_word' id='word_1_734' title='bbox 2358 4993 2803 5059; x_wconf 90' lang='lat' dir='ltr'>corroboramus,</span> <span class='ocrx_word' id='word_1_735' title='bbox 2851 5000 2909 5047; x_wconf 88' lang='lat' dir='ltr'>et</span> <span class='ocrx_word' id='word_1_736' title='bbox 2947 4994 3354 5050; x_wconf 91' lang='lat' dir='ltr'>corroborando</span> <span class='ocrx_word' id='word_1_737' title='bbox 3399 4994 3698 5052; x_wconf 87' lang='lat' dir='ltr'>statuimus</span> <span class='ocrx_word' id='word_1_738' title='bbox 3738 5006 3810 5055; x_wconf 87' lang='lat' dir='ltr'>ut</span> 
     </span>
    </p>
   </div>
   <div class='ocr_carea' id='block_1_110' title="bbox 2189 5086 3800 5160">
    <p class='ocr_par' dir='ltr' id='par_1_110' title="bbox 2189 5086 3800 5160">
     <span class='ocr_line' id='line_1_110' title="bbox 2189 5086 3800 5160; baseline 0.004 -20"><span class='ocrx_word' id='word_1_739' title='bbox 2189 5087 2433 5158; x_wconf 86' lang='lat' dir='ltr'>ejusdem</span> <span class='ocrx_word' id='word_1_740' title='bbox 2475 5086 2730 5142; x_wconf 70' lang='lat' dir='ltr'>Ecclesia:</span> <span class='ocrx_word' id='word_1_741' title='bbox 2767 5086 2961 5143; x_wconf 80' lang='lat' dir='ltr'>fratres</span> <span class='ocrx_word' id='word_1_742' title='bbox 2996 5096 3051 5143; x_wconf 90' lang='lat' dir='ltr'>et</span> <span class='ocrx_word' id='word_1_743' title='bbox 3078 5088 3326 5144; x_wconf 90' lang='lat' dir='ltr'>canonici</span> <span class='ocrx_word' id='word_1_744' title='bbox 3375 5090 3800 5160; x_wconf 88' lang='lat' dir='ltr'>possessionum</span> 
     </span>
    </p>
   </div>
   <div class='ocr_carea' id='block_1_111' title="bbox 2182 5176 3806 5237">
    <p class='ocr_par' dir='ltr' id='par_1_111' title="bbox 2182 5176 3806 5237">
     <span class='ocr_line' id='line_1_111' title="bbox 2182 5176 3806 5237; baseline 0.003 -4"><span class='ocrx_word' id='word_1_745' title='bbox 2182 5194 2403 5233; x_wconf 89' lang='lat' dir='ltr'>suarum</span> <span class='ocrx_word' id='word_1_746' title='bbox 2434 5177 2661 5232; x_wconf 91' lang='lat' dir='ltr'>liberam</span> <span class='ocrx_word' id='word_1_747' title='bbox 2690 5176 3129 5233; x_wconf 90' lang='lat' dir='ltr'>dominationem</span> <span class='ocrx_word' id='word_1_748' title='bbox 3171 5178 3550 5235; x_wconf 91' lang='lat' dir='ltr'>obtineant....</span> <span class='ocrx_word' id='word_1_749' title='bbox 3581 5181 3806 5237; x_wconf 85' lang='lat' dir='ltr'>Statui-</span> 
     </span>
    </p>
   </div>
   <div class='ocr_carea' id='block_1_112' title="bbox 2183 5265 3802 5338">
    <p class='ocr_par' dir='ltr' id='par_1_112' title="bbox 2183 5265 3802 5338">
     <span class='ocr_line' id='line_1_112' title="bbox 2183 5265 3802 5338; baseline 0.002 -17"><span class='ocrx_word' id='word_1_750' title='bbox 2183 5282 2306 5322; x_wconf 91' lang='lat' dir='ltr'>mus</span> <span class='ocrx_word' id='word_1_751' title='bbox 2333 5274 2593 5337; x_wconf 73' lang='lat' dir='ltr'>praeterea</span> <span class='ocrx_word' id='word_1_752' title='bbox 2639 5266 2999 5335; x_wconf 70' lang='lat' dir='ltr'>praesentibus</span> <span class='ocrx_word' id='word_1_753' title='bbox 3046 5266 3317 5338; x_wconf 89' lang='lat' dir='ltr'>episcopis</span> <span class='ocrx_word' id='word_1_754' title='bbox 3352 5265 3648 5323; x_wconf 80' lang='lat' dir='ltr'>Gaulfrido</span> <span class='ocrx_word' id='word_1_755' title='bbox 3690 5270 3802 5324; x_wconf 82' lang='lat' dir='ltr'>Pa-</span> 
     </span>
    </p>
   </div>
   <div class='ocr_carea' id='block_1_113' title="bbox 2185 5354 3815 5423">
    <p class='ocr_par' dir='ltr' id='par_1_113' title="bbox 2185 5354 3815 5423">
     <span class='ocr_line' id='line_1_113' title="bbox 2185 5354 3815 5423; baseline 0.002 -12"><span class='ocrx_word' id='word_1_756' title='bbox 2185 5355 2420 5423; x_wconf 91' lang='lat' dir='ltr'>risiensi,</span> <span class='ocrx_word' id='word_1_757' title='bbox 2472 5354 2774 5410; x_wconf 79' lang='lat' dir='ltr'>Rabodone</span> <span class='ocrx_word' id='word_1_758' title='bbox 2824 5355 3195 5423; x_wconf 86' lang='lat' dir='ltr'>Noviomensi,</span> <span class='ocrx_word' id='word_1_759' title='bbox 3245 5355 3495 5413; x_wconf 88' lang='lat' dir='ltr'>Gerardo</span> <span class='ocrx_word' id='word_1_760' title='bbox 3538 5358 3815 5414; x_wconf 80' lang='lat' dir='ltr'>Camera-</span> 
     </span>
    </p>
   </div>
   <div class='ocr_carea' id='block_1_114' title="bbox 2184 5441 3811 5519">
    <p class='ocr_par' dir='ltr' id='par_1_114' title="bbox 2184 5441 3811 5519">
     <span class='ocr_line' id='line_1_114' title="bbox 2184 5441 3811 5519; baseline 0.003 -21"><span class='ocrx_word' id='word_1_761' title='bbox 2184 5442 2355 5505; x_wconf 89' lang='lat' dir='ltr'>censi,</span> <span class='ocrx_word' id='word_1_762' title='bbox 2389 5441 2683 5513; x_wconf 82' lang='lat' dir='ltr'>Arnulpho</span> <span class='ocrx_word' id='word_1_763' title='bbox 2707 5458 2923 5514; x_wconf 87' lang='lat' dir='ltr'>quoque</span> <span class='ocrx_word' id='word_1_764' title='bbox 2953 5443 3197 5515; x_wconf 91' lang='lat' dir='ltr'>ejusdem</span> <span class='ocrx_word' id='word_1_765' title='bbox 3218 5443 3473 5500; x_wconf 67' lang='lat' dir='ltr'>Ecclesiae</span> <span class='ocrx_word' id='word_1_766' title='bbox 3492 5446 3811 5519; x_wconf 66' lang='lat' dir='ltr'>praeposito</span> 
     </span>
    </p>
   </div>
   <div class='ocr_carea' id='block_1_115' title="bbox 2182 5528 3814 5600">
    <p class='ocr_par' dir='ltr' id='par_1_115' title="bbox 2182 5528 3814 5600">
     <span class='ocr_line' id='line_1_115' title="bbox 2182 5528 3814 5600; baseline 0.002 -14"><span class='ocrx_word' id='word_1_767' title='bbox 2182 5537 2239 5587; x_wconf 90' lang='lat' dir='ltr'>et</span> <span class='ocrx_word' id='word_1_768' title='bbox 2280 5532 2517 5597; x_wconf 91' lang='lat' dir='ltr'>Joanne,</span> <span class='ocrx_word' id='word_1_769' title='bbox 2569 5528 2767 5584; x_wconf 86' lang='lat' dir='ltr'>abbate</span> <span class='ocrx_word' id='word_1_770' title='bbox 2815 5529 2989 5586; x_wconf 90' lang='lat' dir='ltr'>sancti</span> <span class='ocrx_word' id='word_1_771' title='bbox 3036 5530 3263 5600; x_wconf 87' lang='lat' dir='ltr'>Bertini,</span> <span class='ocrx_word' id='word_1_772' title='bbox 3294 5539 3356 5587; x_wconf 91' lang='lat' dir='ltr'>ut</span> <span class='ocrx_word' id='word_1_773' title='bbox 3398 5532 3586 5589; x_wconf 88' lang='lat' dir='ltr'>nullus</span> <span class='ocrx_word' id='word_1_774' title='bbox 3634 5534 3814 5591; x_wconf 87' lang='lat' dir='ltr'>cieri-</span> 
     </span>
    </p>
   </div>
   <div class='ocr_carea' id='block_1_116' title="bbox 2179 5618 3811 5695">
    <p class='ocr_par' dir='ltr' id='par_1_116' title="bbox 2179 5618 3811 5695">
     <span class='ocr_line' id='line_1_116' title="bbox 2179 5618 3811 5695; baseline 0.002 -20"><span class='ocrx_word' id='word_1_775' title='bbox 2179 5634 2375 5675; x_wconf 89' lang='lat' dir='ltr'>corum</span> <span class='ocrx_word' id='word_1_776' title='bbox 2400 5626 2495 5674; x_wconf 91' lang='lat' dir='ltr'>aut</span> <span class='ocrx_word' id='word_1_777' title='bbox 2525 5618 2814 5687; x_wconf 91' lang='lat' dir='ltr'>Iaicorum,</span> <span class='ocrx_word' id='word_1_778' title='bbox 2840 5633 3037 5693; x_wconf 88' lang='lat' dir='ltr'>magna</span> <span class='ocrx_word' id='word_1_779' title='bbox 3076 5637 3174 5677; x_wconf 89' lang='lat' dir='ltr'>seu</span> <span class='ocrx_word' id='word_1_780' title='bbox 3200 5638 3367 5693; x_wconf 88' lang='lat' dir='ltr'>parva</span> <span class='ocrx_word' id='word_1_781' title='bbox 3399 5636 3661 5695; x_wconf 88' lang='lat' dir='ltr'>persona,</span> <span class='ocrx_word' id='word_1_782' title='bbox 3690 5623 3811 5678; x_wconf 79' lang='lat' dir='ltr'>Ec-</span> 
     </span>
    </p>
   </div>
   <div class='ocr_carea' id='block_1_117' title="bbox 2177 5709 3815 5784">
    <p class='ocr_par' dir='ltr' id='par_1_117' title="bbox 2177 5709 3815 5784">
     <span class='ocr_line' id='line_1_117' title="bbox 2177 5709 3815 5784; baseline 0.001 -18"><span class='ocrx_word' id='word_1_783' title='bbox 2177 5709 2358 5769; x_wconf 62' lang='lat' dir='ltr'>clesiae</span> <span class='ocrx_word' id='word_1_784' title='bbox 2407 5718 2732 5769; x_wconf 77' lang='lat' dir='ltr'>memorata:</span> <span class='ocrx_word' id='word_1_785' title='bbox 2777 5712 3061 5768; x_wconf 87' lang='lat' dir='ltr'>canonicis</span> <span class='ocrx_word' id='word_1_786' title='bbox 3108 5711 3424 5770; x_wconf 89' lang='lat' dir='ltr'>molestiam</span> <span class='ocrx_word' id='word_1_787' title='bbox 3444 5712 3687 5784; x_wconf 83' lang='lat' dir='ltr'>aliquam</span> <span class='ocrx_word' id='word_1_788' title='bbox 3717 5710 3815 5767; x_wconf 84' lang='lat' dir='ltr'>in—</span> 
     </span>
    </p>
   </div>
  </div>
