  <div class='ocr_page' id='page_1' title='image "/cluster/home/n/w/nwhite01/storage/ocr_20150623/148/hvd.32044054760061/370.png"; bbox 0 0 4044 6186; ppageno 0'>
   <div class='ocr_carea' id='block_1_1' title="bbox 281 261 2646 330">
    <p class='ocr_par' dir='ltr' id='par_1_1' title="bbox 281 261 2646 330">
     <span class='ocr_line' id='line_1_1' title="bbox 281 261 2646 330; baseline 0.006 -15"><span class='ocrx_word' id='word_1_1' title='bbox 281 261 375 315; x_wconf 80' lang='lat'><strong>7&#39;29</strong></span> <span class='ocrx_word' id='word_1_2' title='bbox 1210 267 1554 325; x_wconf 67' lang='lat' dir='ltr'><strong>EPISTOLE</strong></span> <span class='ocrx_word' id='word_1_3' title='bbox 1591 271 1815 328; x_wconf 81' lang='lat' dir='ltr'><strong>EXTRA</strong></span> <span class='ocrx_word' id='word_1_4' title='bbox 1854 273 2232 330; x_wconf 80' lang='lat' dir='ltr'><strong>REGISTRUM</strong></span> <span class='ocrx_word' id='word_1_5' title='bbox 2270 274 2646 330; x_wconf 81' lang='lat' dir='ltr'><strong>VAGANTES.</strong></span> 
     </span>
    </p>
   </div>
   <div class='ocr_carea' id='block_1_2' title="bbox 3393 244 3570 337">
    <p class='ocr_par' dir='ltr' id='par_1_2' title="bbox 3393 244 3570 337">
     <span class='ocr_line' id='line_1_2' title="bbox 3393 244 3570 337; baseline 0.011 -2"><span class='ocrx_word' id='word_1_6' title='bbox 3393 244 3401 245; x_wconf 20' lang='grc' dir='ltr'>ί</span> <span class='ocrx_word' id='word_1_7' title='bbox 3468 283 3570 337; x_wconf 86' lang='lat'><strong>730</strong></span> 
     </span>
    </p>
   </div>
   <div class='ocr_carea' id='block_1_3' title="bbox 276 383 3571 478">
    <p class='ocr_par' dir='ltr' id='par_1_3' title="bbox 276 383 3571 478">
     <span class='ocr_line' id='line_1_3' title="bbox 276 383 3571 478; baseline 0.007 -38"><span class='ocrx_word' id='word_1_8' title='bbox 276 385 412 441; x_wconf 83' lang='lat' dir='ltr'><strong>ferre</strong></span> <span class='ocrx_word' id='word_1_9' title='bbox 438 383 655 452; x_wconf 90' lang='lat' dir='ltr'><strong>audeat,</strong></span> <span class='ocrx_word' id='word_1_10' title='bbox 681 389 858 442; x_wconf 88' lang='lat' dir='ltr'><strong>autin</strong></span> <span class='ocrx_word' id='word_1_11' title='bbox 885 404 1079 446; x_wconf 91' lang='lat' dir='ltr'><strong>eorum</strong></span> <span class='ocrx_word' id='word_1_12' title='bbox 1122 395 1472 450; x_wconf 79' lang='lat' dir='ltr'><strong>monasteriis</strong></span> <span class='ocrx_word' id='word_1_13' title='bbox 1496 412 1696 451; x_wconf 89' lang='lat' dir='ltr'><strong>novam</strong></span> <span class='ocrx_word' id='word_1_14' title='bbox 1722 414 1855 454; x_wconf 82' lang='lat' dir='ltr'><strong>con-</strong></span> <span class='ocrx_word' id='word_1_15' title='bbox 1887 403 1942 466; x_wconf 78' lang='grc' dir='ltr'><strong>Α</strong></span> <span class='ocrx_word' id='word_1_16' title='bbox 1969 401 2026 455; x_wconf 93' lang='lat' dir='ltr'><strong>in</strong></span> <span class='ocrx_word' id='word_1_17' title='bbox 2045 399 2280 468; x_wconf 69' lang='lat' dir='ltr'><strong>Christof</strong></span> <span class='ocrx_word' id='word_1_18' title='bbox 2297 399 2446 456; x_wconf 78' lang='lat' dir='ltr'><strong>fratri</strong></span> <span class='ocrx_word' id='word_1_19' title='bbox 2470 400 2794 472; x_wconf 75' lang='lat' dir='ltr'><strong>Altmanno,</strong></span> <span class='ocrx_word' id='word_1_20' title='bbox 2814 401 3118 459; x_wconf 86' lang='lat' dir='ltr'><strong>Pataviensi</strong></span> <span class='ocrx_word' id='word_1_21' title='bbox 3135 403 3409 478; x_wconf 88' lang='lat' dir='ltr'><strong>episcopo,</strong></span> <span class='ocrx_word' id='word_1_22' title='bbox 3426 405 3571 465; x_wconf 84' lang='lat' dir='ltr'><strong>salu-</strong></span> 
     </span>
    </p>
   </div>
   <div class='ocr_carea' id='block_1_4' title="bbox 274 478 1855 549">
    <p class='ocr_par' dir='ltr' id='par_1_4' title="bbox 274 478 1855 549">
     <span class='ocr_line' id='line_1_4' title="bbox 274 478 1855 549; baseline 0.008 -13"><span class='ocrx_word' id='word_1_23' title='bbox 274 478 622 536; x_wconf 87' lang='lat' dir='ltr'><strong>suetudinem</strong></span> <span class='ocrx_word' id='word_1_24' title='bbox 670 489 863 538; x_wconf 88' lang='lat' dir='ltr'><strong>contra</strong></span> <span class='ocrx_word' id='word_1_25' title='bbox 911 482 1249 543; x_wconf 80' lang='lat' dir='ltr'><strong>voluntatem</strong></span> <span class='ocrx_word' id='word_1_26' title='bbox 1278 503 1472 544; x_wconf 90' lang='lat' dir='ltr'><strong>eorum</strong></span> <span class='ocrx_word' id='word_1_27' title='bbox 1515 491 1855 549; x_wconf 86' lang='lat' dir='ltr'><strong>inducat.....</strong></span> 
     </span>
    </p>
   </div>
   <div class='ocr_carea' id='block_1_5' title="bbox 951 581 1192 637">
    <p class='ocr_par' dir='ltr' id='par_1_5' title="bbox 951 581 1192 637">
     <span class='ocr_line' id='line_1_5' title="bbox 951 581 1192 637; baseline 0.008 -2"><span class='ocrx_word' id='word_1_28' title='bbox 951 581 1192 637; x_wconf 84' lang='lat' dir='ltr'><strong>LXXX.</strong></span> 
     </span>
    </p>
   </div>
   <div class='ocr_carea' id='block_1_6' title="bbox 272 672 1858 748">
    <p class='ocr_par' dir='ltr' id='par_1_6' title="bbox 272 672 1858 748">
     <span class='ocr_line' id='line_1_6' title="bbox 272 672 1858 748; baseline 0.006 -20"><span class='ocrx_word' id='word_1_29' title='bbox 272 672 589 748; x_wconf 61' lang='lat' dir='ltr'><strong>Gregorius:</strong></span> <span class='ocrx_word' id='word_1_30' title='bbox 637 673 744 728; x_wconf 83' lang='lat' dir='ltr'><strong>VII</strong></span> <span class='ocrx_word' id='word_1_31' title='bbox 779 675 1119 748; x_wconf 9' lang='lat' dir='ltr'><strong>rAltmanno,</strong></span> <span class='ocrx_word' id='word_1_32' title='bbox 1197 681 1433 748; x_wconf 75' lang='lat' dir='ltr'><strong>episcopo</strong></span> <span class='ocrx_word' id='word_1_33' title='bbox 1461 681 1473 707; x_wconf 91' lang='lat'><strong>&#39;</strong></span> <span class='ocrx_word' id='word_1_34' title='bbox 1499 683 1858 747; x_wconf 77' lang='lat' dir='ltr'><strong>Passaviensi,</strong></span> 
     </span>
    </p>
   </div>
   <div class='ocr_carea' id='block_1_7' title="bbox 346 745 1860 825">
    <p class='ocr_par' dir='ltr' id='par_1_7' title="bbox 346 745 1860 825">
     <span class='ocr_line' id='line_1_7' title="bbox 346 745 1860 825; baseline 0.011 -31"><span class='ocrx_word' id='word_1_35' title='bbox 346 761 373 825; x_wconf 54' lang='grc' dir='ltr'>ς</span> <span class='ocrx_word' id='word_1_36' title='bbox 399 745 680 825; x_wconf 55' lang='lat' dir='ltr'><strong>epistolam</strong></span> <span class='ocrx_word' id='word_1_37' title='bbox 706 747 896 825; x_wconf 47' lang='lat' dir='ltr'><strong>animi,</strong></span> <span class='ocrx_word' id='word_1_38' title='bbox 928 749 986 825; x_wconf 62' lang='lat' dir='ltr'><strong>in</strong></span> <span class='ocrx_word' id='word_1_39' title='bbox 1012 765 1121 825; x_wconf 83' lang='lat' dir='ltr'><strong>qua</strong></span> <span class='ocrx_word' id='word_1_40' title='bbox 1147 751 1199 802; x_wconf 74' lang='lat' dir='ltr'><strong>ei</strong></span> <span class='ocrx_word' id='word_1_41' title='bbox 1215 745 1450 818; x_wconf 61' lang='lat' dir='ltr'><strong>rigorem</strong></span> <span class='ocrx_word' id='word_1_42' title='bbox 1477 767 1739 808; x_wconf 83' lang='lat' dir='ltr'><strong>canonum</strong></span> <span class='ocrx_word' id='word_1_43' title='bbox 1757 745 1860 825; x_wconf 84' lang='lat' dir='ltr'><strong>pro</strong></span> 
     </span>
    </p>
   </div>
   <div class='ocr_carea' id='block_1_8' title="bbox 339 818 1147 886">
    <p class='ocr_par' dir='ltr' id='par_1_8' title="bbox 339 818 1147 886">
     <span class='ocr_line' id='line_1_8' title="bbox 339 818 1147 886; baseline 0.007 -19"><span class='ocrx_word' id='word_1_44' title='bbox 339 818 572 884; x_wconf 76' lang='lat' dir='ltr'><strong>tempore</strong></span> <span class='ocrx_word' id='word_1_45' title='bbox 606 818 748 883; x_wconf 75' lang='lat' dir='ltr'><strong>ﬂecti</strong></span> <span class='ocrx_word' id='word_1_46' title='bbox 783 820 1078 886; x_wconf 68' lang='lat' dir='ltr'><strong>permittit.</strong></span> <span class='ocrx_word' id='word_1_47' title='bbox 1118 838 1147 872; x_wconf 69' lang='grc' dir='ltr'><strong>ιι</strong></span> 
     </span>
    </p>
   </div>
   <div class='ocr_carea' id='block_1_9' title="bbox 810 912 1316 981">
    <p class='ocr_par' dir='ltr' id='par_1_9' title="bbox 810 912 1316 981">
     <span class='ocr_line' id='line_1_9' title="bbox 810 912 1316 981; baseline 0.006 -17"><span class='ocrx_word' id='word_1_48' title='bbox 810 912 1002 979; x_wconf 81' lang='lat' dir='ltr'><strong>(Anno</strong></span> <span class='ocrx_word' id='word_1_49' title='bbox 1043 917 1316 981; x_wconf 78' lang='lat'><strong>1073-85.)</strong></span> 
     </span>
    </p>
   </div>
   <div class='ocr_carea' id='block_1_10' title="bbox 269 999 1860 1085">
    <p class='ocr_par' dir='ltr' id='par_1_10' title="bbox 269 999 1860 1085">
     <span class='ocr_line' id='line_1_10' title="bbox 269 999 1860 1085; baseline 0.008 -30"><span class='ocrx_word' id='word_1_50' title='bbox 269 999 423 1072; x_wconf 78' lang='lat' dir='ltr'><strong>[Vita</strong></span> <span class='ocrx_word' id='word_1_51' title='bbox 468 1004 788 1068; x_wconf 83' lang='lat' dir='ltr'><strong>Altmanm&#39;,</strong></span> <span class='ocrx_word' id='word_1_52' title='bbox 818 1006 961 1060; x_wconf 82' lang='lat' dir='ltr'><strong>Acta</strong></span> <span class='ocrx_word' id='word_1_53' title='bbox 1001 1007 1097 1063; x_wconf 88' lang='lat' dir='ltr'><strong>SS.</strong></span> <span class='ocrx_word' id='word_1_54' title='bbox 1128 1009 1408 1074; x_wconf 78' lang='lat' dir='ltr'><strong>Bolland.,</strong></span> <span class='ocrx_word' id='word_1_55' title='bbox 1429 1014 1572 1082; x_wconf 76' lang='lat' dir='ltr'><strong>Aug.</strong></span> <span class='ocrx_word' id='word_1_56' title='bbox 1607 1014 1678 1078; x_wconf 92' lang='lat' dir='ltr'><strong>ll,</strong></span> <span class='ocrx_word' id='word_1_57' title='bbox 1711 1013 1860 1085; x_wconf 83' lang='lat'><strong>314.]</strong></span> 
     </span>
    </p>
   </div>
   <div class='ocr_carea' id='block_1_11' title="bbox 335 1096 1862 1174">
    <p class='ocr_par' dir='ltr' id='par_1_11' title="bbox 335 1096 1862 1174">
     <span class='ocr_line' id='line_1_11' title="bbox 335 1096 1862 1174; baseline 0.007 -23"><span class='ocrx_word' id='word_1_58' title='bbox 335 1096 692 1154; x_wconf 78' lang='lat' dir='ltr'><strong>Gnoomus</strong></span> <span class='ocrx_word' id='word_1_59' title='bbox 708 1097 1020 1171; x_wconf 86' lang='lat' dir='ltr'><strong>episcopus,</strong></span> <span class='ocrx_word' id='word_1_60' title='bbox 1035 1115 1224 1158; x_wconf 86' lang='lat' dir='ltr'><strong>servus</strong></span> <span class='ocrx_word' id='word_1_61' title='bbox 1237 1117 1518 1160; x_wconf 88' lang='lat' dir='ltr'><strong>servorum</strong></span> <span class='ocrx_word' id='word_1_62' title='bbox 1531 1104 1652 1174; x_wconf 87' lang='lat' dir='ltr'><strong>Dei,</strong></span> <span class='ocrx_word' id='word_1_63' title='bbox 1663 1105 1862 1162; x_wconf 87' lang='lat' dir='ltr'><strong>dilecto</strong></span> 
     </span>
    </p>
   </div>
   <div class='ocr_carea' id='block_1_12' title="bbox 1967 495 3064 568">
    <p class='ocr_par' dir='ltr' id='par_1_12' title="bbox 1967 495 3064 568">
     <span class='ocr_line' id='line_1_12' title="bbox 1967 495 3064 568; baseline 0.003 -18"><span class='ocrx_word' id='word_1_64' title='bbox 1967 503 2083 551; x_wconf 92' lang='lat' dir='ltr'><strong>tem</strong></span> <span class='ocrx_word' id='word_1_65' title='bbox 2124 503 2179 551; x_wconf 90' lang='lat' dir='ltr'><strong>et</strong></span> <span class='ocrx_word' id='word_1_66' title='bbox 2211 495 2572 568; x_wconf 78' lang='lat' dir='ltr'><strong>apostolicam</strong></span> <span class='ocrx_word' id='word_1_67' title='bbox 2603 495 3064 553; x_wconf 85' lang='lat' dir='ltr'><strong>benedictionem.</strong></span> 
     </span>
    </p>
   </div>
   <div class='ocr_carea' id='block_1_13' title="bbox 2039 636 3564 706">
    <p class='ocr_par' dir='ltr' id='par_1_13' title="bbox 2039 636 3564 706">
     <span class='ocr_line' id='line_1_13' title="bbox 2039 636 3564 706; baseline 0.007 -18"><span class='ocrx_word' id='word_1_68' title='bbox 2039 637 2123 689; x_wconf 83' lang='lat' dir='ltr'><strong>Ex</strong></span> <span class='ocrx_word' id='word_1_69' title='bbox 2147 651 2256 706; x_wconf 91' lang='lat' dir='ltr'><strong>quo</strong></span> <span class='ocrx_word' id='word_1_70' title='bbox 2284 651 2315 690; x_wconf 90' lang='lat' dir='ltr'><strong>a</strong></span> <span class='ocrx_word' id='word_1_71' title='bbox 2343 637 2504 692; x_wconf 90' lang='lat' dir='ltr'><strong>nobis</strong></span> <span class='ocrx_word' id='word_1_72' title='bbox 2530 636 2814 705; x_wconf 88' lang='lat' dir='ltr'><strong>dicessisti,</strong></span> <span class='ocrx_word' id='word_1_73' title='bbox 2852 636 3022 694; x_wconf 79' lang='lat' dir='ltr'><strong>frater</strong></span> <span class='ocrx_word' id='word_1_74' title='bbox 3067 637 3406 706; x_wconf 88' lang='lat' dir='ltr'><strong>charissime,</strong></span> <span class='ocrx_word' id='word_1_75' title='bbox 3459 639 3564 698; x_wconf 86' lang='lat' dir='ltr'><strong>ali-</strong></span> 
     </span>
    </p>
   </div>
   <div class='ocr_carea' id='block_1_14' title="bbox 1967 727 3561 802">
    <p class='ocr_par' dir='ltr' id='par_1_14' title="bbox 1967 727 3561 802">
     <span class='ocr_line' id='line_1_14' title="bbox 1967 727 3561 802; baseline 0.007 -22"><span class='ocrx_word' id='word_1_76' title='bbox 1967 727 2180 798; x_wconf 75' lang='lat' dir='ltr'><strong>quoties</strong></span> <span class='ocrx_word' id='word_1_77' title='bbox 2206 731 2412 800; x_wconf 85' lang='lat' dir='ltr'><strong>legatus</strong></span> <span class='ocrx_word' id='word_1_78' title='bbox 2434 745 2518 802; x_wconf 80' lang='lat' dir='ltr'><strong>ex</strong></span> <span class='ocrx_word' id='word_1_79' title='bbox 2558 738 2655 787; x_wconf 92' lang='lat' dir='ltr'><strong>tuo</strong></span> <span class='ocrx_word' id='word_1_80' title='bbox 2696 731 2921 790; x_wconf 82' lang='lat' dir='ltr'><strong>nomine</strong></span> <span class='ocrx_word' id='word_1_81' title='bbox 2953 732 3021 791; x_wconf 89' lang='lat' dir='ltr'><strong>ad</strong></span> <span class='ocrx_word' id='word_1_82' title='bbox 3059 747 3164 790; x_wconf 90' lang='lat' dir='ltr'><strong>nos</strong></span> <span class='ocrx_word' id='word_1_83' title='bbox 3209 734 3416 791; x_wconf 77' lang='lat' dir='ltr'><strong>venisse</strong></span> <span class='ocrx_word' id='word_1_84' title='bbox 3441 750 3561 793; x_wconf 83' lang='lat' dir='ltr'><strong>me-</strong></span> 
     </span>
    </p>
   </div>
   <div class='ocr_carea' id='block_1_15' title="bbox 1972 836 2300 878">
    <p class='ocr_par' dir='ltr' id='par_1_15' title="bbox 1972 836 2300 878">
     <span class='ocr_line' id='line_1_15' title="bbox 1972 836 2300 878; baseline -0.003 -2"><span class='ocrx_word' id='word_1_85' title='bbox 1972 836 2251 878; x_wconf 76' lang='lat' dir='ltr'><strong>minimus.</strong></span> <span class='ocrx_word' id='word_1_86' title='bbox 2265 865 2276 877; x_wconf 94' lang='lat'><strong>.</strong></span> <span class='ocrx_word' id='word_1_87' title='bbox 2289 863 2300 875; x_wconf 94' lang='lat'><strong>.</strong></span> 
     </span>
    </p>
   </div>
   <div class='ocr_carea' id='block_1_16' title="bbox 1709 1409 2108 1502">
    <p class='ocr_par' dir='ltr' id='par_1_16' title="bbox 1709 1409 2108 1502">
     <span class='ocr_line' id='line_1_16' title="bbox 1709 1409 2108 1502; baseline 0.003 -6"><span class='ocrx_word' id='word_1_88' title='bbox 1709 1409 2108 1502; x_wconf 84' lang='lat' dir='ltr'><strong>DUBIA.</strong></span> 
     </span>
    </p>
   </div>
   <div class='ocr_carea' id='block_1_17' title="bbox 924 1695 1196 1749">
    <p class='ocr_par' dir='ltr' id='par_1_17' title="bbox 924 1695 1196 1749">
     <span class='ocr_line' id='line_1_17' title="bbox 924 1695 1196 1749; baseline -0.004 -2"><span class='ocrx_word' id='word_1_89' title='bbox 924 1695 1196 1749; x_wconf 86' lang='lat' dir='ltr'><strong>LXXXI.</strong></span> 
     </span>
    </p>
   </div>
   <div class='ocr_carea' id='block_1_18' title="bbox 249 1798 1631 1874">
    <p class='ocr_par' dir='ltr' id='par_1_18' title="bbox 249 1798 1631 1874">
     <span class='ocr_line' id='line_1_18' title="bbox 249 1798 1631 1874; baseline 0.002 -17"><span class='ocrx_word' id='word_1_90' title='bbox 249 1798 498 1868; x_wconf 73' lang='lat' dir='ltr'><strong>Gregorii</strong></span> <span class='ocrx_word' id='word_1_91' title='bbox 575 1803 676 1858; x_wconf 85' lang='lat' dir='ltr'><strong>VII</strong></span> <span class='ocrx_word' id='word_1_92' title='bbox 724 1805 1075 1874; x_wconf 76' lang='lat' dir='ltr'><strong>privilegium</strong></span> <span class='ocrx_word' id='word_1_93' title='bbox 1141 1819 1242 1873; x_wconf 85' lang='lat' dir='ltr'><strong>pro</strong></span> <span class='ocrx_word' id='word_1_94' title='bbox 1311 1808 1631 1861; x_wconf 77' lang='lat' dir='ltr'><strong>monasterio</strong></span> 
     </span>
    </p>
   </div>
   <div class='ocr_carea' id='block_1_19' title="bbox 902 1873 1190 1930">
    <p class='ocr_par' dir='ltr' id='par_1_19' title="bbox 902 1873 1190 1930">
     <span class='ocr_line' id='line_1_19' title="bbox 902 1873 1190 1930; baseline -0.003 -2"><span class='ocrx_word' id='word_1_95' title='bbox 902 1873 1190 1930; x_wconf 75' lang='lat' dir='ltr'><strong>docinensz‘.</strong></span> 
     </span>
    </p>
   </div>
   <div class='ocr_carea' id='block_1_20' title="bbox 1715 1810 1844 1864">
    <p class='ocr_par' dir='ltr' id='par_1_20' title="bbox 1715 1810 1844 1864">
     <span class='ocr_line' id='line_1_20' title="bbox 1715 1810 1844 1864; baseline -0.016 -1"><span class='ocrx_word' id='word_1_96' title='bbox 1715 1810 1844 1864; x_wconf 76' lang='lat' dir='ltr'><strong>Vin-</strong></span> 
     </span>
    </p>
   </div>
   <div class='ocr_carea' id='block_1_21' title="bbox 800 1971 1296 2035">
    <p class='ocr_par' dir='ltr' id='par_1_21' title="bbox 800 1971 1296 2035">
     <span class='ocr_line' id='line_1_21' title="bbox 800 1971 1296 2035; baseline 0.002 -12"><span class='ocrx_word' id='word_1_97' title='bbox 800 1971 986 2034; x_wconf 84' lang='lat' dir='ltr'><strong>(Anno</strong></span> <span class='ocrx_word' id='word_1_98' title='bbox 1023 1973 1296 2035; x_wconf 46' lang='lat'><strong>1073.85.)</strong></span> 
     </span>
    </p>
   </div>
   <div class='ocr_carea' id='block_1_22' title="bbox 350 2062 1738 2136">
    <p class='ocr_par' dir='ltr' id='par_1_22' title="bbox 350 2062 1738 2136">
     <span class='ocr_line' id='line_1_22' title="bbox 350 2062 1738 2136; baseline 0.006 -21"><span class='ocrx_word' id='word_1_99' title='bbox 350 2062 636 2129; x_wconf 76' lang='lat' dir='ltr'><strong>[LAUNOII</strong></span> <span class='ocrx_word' id='word_1_100' title='bbox 671 2062 839 2132; x_wconf 92' lang='lat' dir='ltr'><strong>Opp.,</strong></span> <span class='ocrx_word' id='word_1_101' title='bbox 870 2071 1008 2117; x_wconf 90' lang='lat' dir='ltr'><strong>tom.</strong></span> <span class='ocrx_word' id='word_1_102' title='bbox 1050 2065 1150 2130; x_wconf 85' lang='lat' dir='ltr'><strong>IlI,</strong></span> <span class='ocrx_word' id='word_1_103' title='bbox 1190 2070 1329 2134; x_wconf 88' lang='lat' dir='ltr'><strong>part.</strong></span> <span class='ocrx_word' id='word_1_104' title='bbox 1359 2080 1398 2131; x_wconf 86' lang='grc' dir='ltr'><strong>ι,</strong></span> <span class='ocrx_word' id='word_1_105' title='bbox 1425 2080 1548 2136; x_wconf 86' lang='lat' dir='ltr'><strong>pag.</strong></span> <span class='ocrx_word' id='word_1_106' title='bbox 1590 2068 1738 2135; x_wconf 86' lang='lat'><strong>367.]</strong></span> 
     </span>
    </p>
   </div>
   <div class='ocr_carea' id='block_1_23' title="bbox 310 2167 1847 2240">
    <p class='ocr_par' dir='ltr' id='par_1_23' title="bbox 310 2167 1847 2240">
     <span class='ocr_line' id='line_1_23' title="bbox 310 2167 1847 2240; baseline 0.005 -18"><span class='ocrx_word' id='word_1_107' title='bbox 310 2167 674 2224; x_wconf 73' lang='lat' dir='ltr'><strong>Gnnoonws</strong></span> <span class='ocrx_word' id='word_1_108' title='bbox 703 2170 1008 2240; x_wconf 87' lang='lat' dir='ltr'><strong>episcopus,</strong></span> <span class='ocrx_word' id='word_1_109' title='bbox 1032 2185 1220 2226; x_wconf 90' lang='lat' dir='ltr'><strong>servus</strong></span> <span class='ocrx_word' id='word_1_110' title='bbox 1236 2186 1520 2226; x_wconf 90' lang='lat' dir='ltr'><strong>servorum</strong></span> <span class='ocrx_word' id='word_1_111' title='bbox 1541 2173 1663 2239; x_wconf 90' lang='lat' dir='ltr'><strong>Dei,</strong></span> <span class='ocrx_word' id='word_1_112' title='bbox 1693 2175 1847 2230; x_wconf 78' lang='lat' dir='ltr'><strong>Ona-</strong></span> 
     </span>
    </p>
   </div>
   <div class='ocr_carea' id='block_1_24' title="bbox 241 2262 1843 2331">
    <p class='ocr_par' dir='ltr' id='par_1_24' title="bbox 241 2262 1843 2331">
     <span class='ocr_line' id='line_1_24' title="bbox 241 2262 1843 2331; baseline 0.004 -15"><span class='ocrx_word' id='word_1_113' title='bbox 241 2276 397 2316; x_wconf 81' lang='lat' dir='ltr'><strong>BICO</strong></span> <span class='ocrx_word' id='word_1_114' title='bbox 429 2262 703 2331; x_wconf 89' lang='lat' dir='ltr'><strong>religioso,</strong></span> <span class='ocrx_word' id='word_1_115' title='bbox 736 2263 913 2318; x_wconf 83' lang='lat' dir='ltr'><strong>abbati</strong></span> <span class='ocrx_word' id='word_1_116' title='bbox 944 2264 1262 2320; x_wconf 87' lang='lat' dir='ltr'><strong>venerabilis</strong></span> <span class='ocrx_word' id='word_1_117' title='bbox 1289 2267 1602 2320; x_wconf 81' lang='lat' dir='ltr'><strong>monasterii</strong></span> <span class='ocrx_word' id='word_1_118' title='bbox 1633 2267 1843 2323; x_wconf 87' lang='lat' dir='ltr'><strong>Vindo-</strong></span> 
     </span>
    </p>
   </div>
   <div class='ocr_carea' id='block_1_25' title="bbox 237 2355 1839 2430">
    <p class='ocr_par' dir='ltr' id='par_1_25' title="bbox 237 2355 1839 2430">
     <span class='ocr_line' id='line_1_25' title="bbox 237 2355 1839 2430; baseline 0.004 -19"><span class='ocrx_word' id='word_1_119' title='bbox 237 2355 507 2422; x_wconf 89' lang='lat' dir='ltr'><strong>cinensis,</strong></span> <span class='ocrx_word' id='word_1_120' title='bbox 552 2357 866 2428; x_wconf 86' lang='lat' dir='ltr'><strong>cunctisque</strong></span> <span class='ocrx_word' id='word_1_121' title='bbox 911 2359 1313 2413; x_wconf 88' lang='lat' dir='ltr'><strong>successoribus</strong></span> <span class='ocrx_word' id='word_1_122' title='bbox 1358 2360 1474 2430; x_wconf 89' lang='lat' dir='ltr'><strong>ejus</strong></span> <span class='ocrx_word' id='word_1_123' title='bbox 1517 2359 1720 2416; x_wconf 88' lang='lat' dir='ltr'><strong>ibidem</strong></span> <span class='ocrx_word' id='word_1_124' title='bbox 1757 2378 1839 2417; x_wconf 88' lang='lat' dir='ltr'><strong>re-</strong></span> 
     </span>
    </p>
   </div>
   <div class='ocr_carea' id='block_1_26' title="bbox 235 2450 1373 2523">
    <p class='ocr_par' dir='ltr' id='par_1_26' title="bbox 235 2450 1373 2523">
     <span class='ocr_line' id='line_1_26' title="bbox 235 2450 1373 2523; baseline 0.005 -21"><span class='ocrx_word' id='word_1_125' title='bbox 235 2450 508 2521; x_wconf 88' lang='lat' dir='ltr'><strong>gulariter</strong></span> <span class='ocrx_word' id='word_1_126' title='bbox 534 2451 923 2519; x_wconf 82' lang='lat' dir='ltr'><strong>promovendis</strong></span> <span class='ocrx_word' id='word_1_127' title='bbox 948 2452 1002 2506; x_wconf 90' lang='lat' dir='ltr'><strong>in</strong></span> <span class='ocrx_word' id='word_1_128' title='bbox 1031 2462 1373 2523; x_wconf 85' lang='lat' dir='ltr'><strong>perpetuum.</strong></span> 
     </span>
    </p>
   </div>
   <div class='ocr_carea' id='block_1_27' title="bbox 299 2543 1839 2620">
    <p class='ocr_par' dir='ltr' id='par_1_27' title="bbox 299 2543 1839 2620">
     <span class='ocr_line' id='line_1_27' title="bbox 299 2543 1839 2620; baseline 0.003 -21"><span class='ocrx_word' id='word_1_129' title='bbox 299 2543 485 2599; x_wconf 74' lang='lat' dir='ltr'><strong>Iustis</strong></span> <span class='ocrx_word' id='word_1_130' title='bbox 515 2545 862 2614; x_wconf 86' lang='lat' dir='ltr'><strong>petitionibus</strong></span> <span class='ocrx_word' id='word_1_131' title='bbox 898 2554 952 2600; x_wconf 89' lang='lat' dir='ltr'><strong>et</strong></span> <span class='ocrx_word' id='word_1_132' title='bbox 979 2546 1148 2616; x_wconf 87' lang='lat' dir='ltr'><strong>quieti</strong></span> <span class='ocrx_word' id='word_1_133' title='bbox 1180 2562 1465 2602; x_wconf 90' lang='lat' dir='ltr'><strong>servorum</strong></span> <span class='ocrx_word' id='word_1_134' title='bbox 1498 2549 1598 2603; x_wconf 93' lang='lat' dir='ltr'><strong>Dei</strong></span> <span class='ocrx_word' id='word_1_135' title='bbox 1631 2551 1839 2620; x_wconf 86' lang='lat' dir='ltr'><strong>prospi-</strong></span> 
     </span>
    </p>
   </div>
   <div class='ocr_carea' id='block_1_28' title="bbox 233 2638 1835 2710">
    <p class='ocr_par' dir='ltr' id='par_1_28' title="bbox 233 2638 1835 2710">
     <span class='ocr_line' id='line_1_28' title="bbox 233 2638 1835 2710; baseline 0.004 -19"><span class='ocrx_word' id='word_1_136' title='bbox 233 2638 518 2692; x_wconf 89' lang='lat' dir='ltr'><strong>cientibus</strong></span> <span class='ocrx_word' id='word_1_137' title='bbox 567 2648 884 2710; x_wconf 91' lang='lat' dir='ltr'><strong>competens</strong></span> <span class='ocrx_word' id='word_1_138' title='bbox 930 2648 983 2693; x_wconf 91' lang='lat' dir='ltr'><strong>et</strong></span> <span class='ocrx_word' id='word_1_139' title='bbox 1057 2639 1227 2695; x_wconf 88' lang='lat' dir='ltr'><strong>facilis</strong></span> <span class='ocrx_word' id='word_1_140' title='bbox 1279 2641 1508 2697; x_wconf 86' lang='lat' dir='ltr'><strong>debetur</strong></span> <span class='ocrx_word' id='word_1_141' title='bbox 1565 2657 1835 2697; x_wconf 90' lang='lat' dir='ltr'><strong>assensus.</strong></span> 
     </span>
    </p>
   </div>
   <div class='ocr_carea' id='block_1_29' title="bbox 233 2733 1840 2803">
    <p class='ocr_par' dir='ltr' id='par_1_29' title="bbox 233 2733 1840 2803">
     <span class='ocr_line' id='line_1_29' title="bbox 233 2733 1840 2803; baseline 0.003 -18"><span class='ocrx_word' id='word_1_142' title='bbox 233 2733 589 2803; x_wconf 89' lang='lat' dir='ltr'><strong>Quapropter</strong></span> <span class='ocrx_word' id='word_1_143' title='bbox 630 2734 1026 2787; x_wconf 89' lang='lat' dir='ltr'><strong>monasterium</strong></span> <span class='ocrx_word' id='word_1_144' title='bbox 1069 2743 1271 2790; x_wconf 86' lang='lat' dir='ltr'><strong>sancta</strong></span> <span class='ocrx_word' id='word_1_145' title='bbox 1303 2744 1358 2790; x_wconf 88' lang='lat' dir='ltr'><strong>et</strong></span> <span class='ocrx_word' id='word_1_146' title='bbox 1403 2735 1694 2790; x_wconf 89' lang='lat' dir='ltr'><strong>individua</strong></span> <span class='ocrx_word' id='word_1_147' title='bbox 1717 2737 1840 2790; x_wconf 87' lang='lat' dir='ltr'><strong>Tri-</strong></span> 
     </span>
    </p>
   </div>
   <div class='ocr_carea' id='block_1_30' title="bbox 230 2824 1838 2900">
    <p class='ocr_par' dir='ltr' id='par_1_30' title="bbox 230 2824 1838 2900">
     <span class='ocr_line' id='line_1_30' title="bbox 230 2824 1838 2900; baseline 0.003 -21"><span class='ocrx_word' id='word_1_148' title='bbox 230 2824 442 2891; x_wconf 86' lang='lat' dir='ltr'><strong>nitatis,</strong></span> <span class='ocrx_word' id='word_1_149' title='bbox 498 2824 644 2894; x_wconf 83' lang='lat' dir='ltr'><strong>apud</strong></span> <span class='ocrx_word' id='word_1_150' title='bbox 691 2835 935 2881; x_wconf 89' lang='lat' dir='ltr'><strong>castrum</strong></span> <span class='ocrx_word' id='word_1_151' title='bbox 971 2827 1338 2882; x_wconf 88' lang='lat' dir='ltr'><strong>Vindocinum</strong></span> <span class='ocrx_word' id='word_1_152' title='bbox 1384 2829 1573 2893; x_wconf 91' lang='lat' dir='ltr'><strong>situm,</strong></span> <span class='ocrx_word' id='word_1_153' title='bbox 1622 2828 1769 2900; x_wconf 92' lang='lat' dir='ltr'><strong>quod</strong></span> <span class='ocrx_word' id='word_1_154' title='bbox 1809 2846 1838 2884; x_wconf 91' lang='lat' dir='ltr'><strong>a</strong></span> 
     </span>
    </p>
   </div>
   <div class='ocr_carea' id='block_1_31' title="bbox 228 2918 1837 2984">
    <p class='ocr_par' dir='ltr' id='par_1_31' title="bbox 228 2918 1837 2984">
     <span class='ocr_line' id='line_1_31' title="bbox 228 2918 1837 2984; baseline 0.002 -10"><span class='ocrx_word' id='word_1_155' title='bbox 228 2920 343 2974; x_wconf 90' lang='lat' dir='ltr'><strong>suis</strong></span> <span class='ocrx_word' id='word_1_156' title='bbox 415 2918 814 2984; x_wconf 86' lang='lat' dir='ltr'><strong>fundatoribus,</strong></span> <span class='ocrx_word' id='word_1_157' title='bbox 885 2921 1164 2977; x_wconf 87' lang='lat' dir='ltr'><strong>Gaufredo</strong></span> <span class='ocrx_word' id='word_1_158' title='bbox 1225 2922 1429 2978; x_wconf 90' lang='lat' dir='ltr'><strong>scilicet</strong></span> <span class='ocrx_word' id='word_1_159' title='bbox 1502 2923 1837 2978; x_wconf 87' lang='lat' dir='ltr'><strong>nobilissimo</strong></span> 
     </span>
    </p>
   </div>
   <div class='ocr_carea' id='block_1_32' title="bbox 227 3013 1838 3087">
    <p class='ocr_par' dir='ltr' id='par_1_32' title="bbox 227 3013 1838 3087">
     <span class='ocr_line' id='line_1_32' title="bbox 227 3013 1838 3087; baseline 0.002 -19"><span class='ocrx_word' id='word_1_160' title='bbox 227 3013 664 3085; x_wconf 77' lang='lat' dir='ltr'><strong>Andegavorum</strong></span> <span class='ocrx_word' id='word_1_161' title='bbox 707 3015 930 3077; x_wconf 90' lang='lat' dir='ltr'><strong>comite,</strong></span> <span class='ocrx_word' id='word_1_162' title='bbox 962 3023 1016 3068; x_wconf 94' lang='lat' dir='ltr'><strong>et</strong></span> <span class='ocrx_word' id='word_1_163' title='bbox 1057 3021 1267 3087; x_wconf 84' lang='lat' dir='ltr'><strong>Agnete</strong></span> <span class='ocrx_word' id='word_1_164' title='bbox 1296 3015 1628 3071; x_wconf 88' lang='lat' dir='ltr'><strong>nobilissima</strong></span> <span class='ocrx_word' id='word_1_165' title='bbox 1667 3017 1838 3072; x_wconf 86' lang='lat' dir='ltr'><strong>comi-</strong></span> 
     </span>
    </p>
   </div>
   <div class='ocr_carea' id='block_1_33' title="bbox 1882 1699 3555 1775">
    <p class='ocr_par' dir='ltr' id='par_1_33' title="bbox 1882 1699 3555 1775">
     <span class='ocr_line' id='line_1_33' title="bbox 1882 1699 3555 1775; baseline 0.005 -20"><span class='ocrx_word' id='word_1_166' title='bbox 1882 1706 1931 1767; x_wconf 86' lang='lat' dir='ltr'><strong>B</strong></span> <span class='ocrx_word' id='word_1_167' title='bbox 1961 1699 2028 1756; x_wconf 92' lang='lat' dir='ltr'><strong>de</strong></span> <span class='ocrx_word' id='word_1_168' title='bbox 2056 1709 2277 1758; x_wconf 90' lang='lat' dir='ltr'><strong>moneta</strong></span> <span class='ocrx_word' id='word_1_169' title='bbox 2324 1702 2572 1774; x_wconf 88' lang='lat' dir='ltr'><strong>ejusdem</strong></span> <span class='ocrx_word' id='word_1_170' title='bbox 2622 1704 2832 1775; x_wconf 85' lang='lat' dir='ltr'><strong>patria,</strong></span> <span class='ocrx_word' id='word_1_171' title='bbox 2885 1705 3024 1760; x_wconf 91' lang='lat' dir='ltr'><strong>sicut</strong></span> <span class='ocrx_word' id='word_1_172' title='bbox 3068 1712 3339 1762; x_wconf 89' lang='lat' dir='ltr'><strong>statutum</strong></span> <span class='ocrx_word' id='word_1_173' title='bbox 3393 1715 3479 1763; x_wconf 90' lang='lat' dir='ltr'><strong>est</strong></span> <span class='ocrx_word' id='word_1_174' title='bbox 3525 1724 3555 1763; x_wconf 85' lang='lat' dir='ltr'><strong>a</strong></span> 
     </span>
    </p>
   </div>
   <div class='ocr_carea' id='block_1_34' title="bbox 1957 1793 3556 1871">
    <p class='ocr_par' dir='ltr' id='par_1_34' title="bbox 1957 1793 3556 1871">
     <span class='ocr_line' id='line_1_34' title="bbox 1957 1793 3556 1871; baseline 0.006 -23"><span class='ocrx_word' id='word_1_175' title='bbox 1957 1793 2332 1851; x_wconf 87' lang='lat' dir='ltr'><strong>fundatoribus</strong></span> <span class='ocrx_word' id='word_1_176' title='bbox 2358 1797 2482 1866; x_wconf 87' lang='lat' dir='ltr'><strong>loci,</strong></span> <span class='ocrx_word' id='word_1_177' title='bbox 2513 1801 2575 1853; x_wconf 89' lang='lat' dir='ltr'><strong>B.</strong></span> <span class='ocrx_word' id='word_1_178' title='bbox 2620 1801 2782 1854; x_wconf 90' lang='lat' dir='ltr'><strong>Petro</strong></span> <span class='ocrx_word' id='word_1_179' title='bbox 2811 1798 2962 1855; x_wconf 89' lang='lat' dir='ltr'><strong>reddi</strong></span> <span class='ocrx_word' id='word_1_180' title='bbox 2985 1814 3082 1870; x_wconf 92' lang='lat' dir='ltr'><strong>per</strong></span> <span class='ocrx_word' id='word_1_181' title='bbox 3109 1815 3556 1871; x_wconf 86' lang='lat' dir='ltr'><strong>unumquemque</strong></span> 
     </span>
    </p>
   </div>
   <div class='ocr_carea' id='block_1_35' title="bbox 1955 1890 3554 1964">
    <p class='ocr_par' dir='ltr' id='par_1_35' title="bbox 1955 1890 3554 1964">
     <span class='ocr_line' id='line_1_35' title="bbox 1955 1890 3554 1964; baseline 0.005 -22"><span class='ocrx_word' id='word_1_182' title='bbox 1955 1904 2160 1943; x_wconf 90' lang='lat' dir='ltr'><strong>annum</strong></span> <span class='ocrx_word' id='word_1_183' title='bbox 2184 1890 2457 1946; x_wconf 88' lang='lat' dir='ltr'><strong>volumus.</strong></span> <span class='ocrx_word' id='word_1_184' title='bbox 2488 1891 2648 1960; x_wconf 88' lang='lat' dir='ltr'><strong>Quod</strong></span> <span class='ocrx_word' id='word_1_185' title='bbox 2679 1892 2722 1946; x_wconf 90' lang='lat' dir='ltr'><strong>si</strong></span> <span class='ocrx_word' id='word_1_186' title='bbox 2758 1890 2900 1947; x_wconf 89' lang='lat' dir='ltr'><strong>forte</strong></span> <span class='ocrx_word' id='word_1_187' title='bbox 2923 1893 3131 1964; x_wconf 87' lang='lat' dir='ltr'><strong>legatus</strong></span> <span class='ocrx_word' id='word_1_188' title='bbox 3156 1896 3429 1950; x_wconf 81' lang='lat' dir='ltr'><strong>Romana</strong></span> <span class='ocrx_word' id='word_1_189' title='bbox 3454 1896 3554 1950; x_wconf 83' lang='lat' dir='ltr'><strong>Eo-</strong></span> 
     </span>
    </p>
   </div>
   <div class='ocr_carea' id='block_1_36' title="bbox 1954 1982 3549 2055">
    <p class='ocr_par' dir='ltr' id='par_1_36' title="bbox 1954 1982 3549 2055">
     <span class='ocr_line' id='line_1_36' title="bbox 1954 1982 3549 2055; baseline 0.004 -19"><span class='ocrx_word' id='word_1_190' title='bbox 1954 1982 2131 2038; x_wconf 89' lang='lat' dir='ltr'><strong>clesia</strong></span> <span class='ocrx_word' id='word_1_191' title='bbox 2151 1983 2529 2054; x_wconf 88' lang='lat' dir='ltr'><strong>supradictum</strong></span> <span class='ocrx_word' id='word_1_192' title='bbox 2555 1987 2620 2039; x_wconf 92' lang='lat' dir='ltr'><strong>B.</strong></span> <span class='ocrx_word' id='word_1_193' title='bbox 2647 1985 2791 2040; x_wconf 86' lang='lat' dir='ltr'><strong>Petri</strong></span> <span class='ocrx_word' id='word_1_194' title='bbox 2821 1986 3006 2042; x_wconf 91' lang='lat' dir='ltr'><strong>locum</strong></span> <span class='ocrx_word' id='word_1_195' title='bbox 3037 1986 3254 2042; x_wconf 86' lang='lat' dir='ltr'><strong>visitare</strong></span> <span class='ocrx_word' id='word_1_196' title='bbox 3287 1988 3549 2055; x_wconf 89' lang='lat' dir='ltr'><strong>voluerit,</strong></span> 
     </span>
    </p>
   </div>
   <div class='ocr_carea' id='block_1_37' title="bbox 1953 2075 3553 2151">
    <p class='ocr_par' dir='ltr' id='par_1_37' title="bbox 1953 2075 3553 2151">
     <span class='ocr_line' id='line_1_37' title="bbox 1953 2075 3553 2151; baseline 0.004 -21"><span class='ocrx_word' id='word_1_197' title='bbox 1953 2075 2027 2130; x_wconf 88' lang='lat' dir='ltr'><strong>ibi</strong></span> <span class='ocrx_word' id='word_1_198' title='bbox 2056 2092 2182 2131; x_wconf 91' lang='lat' dir='ltr'><strong>cum</strong></span> <span class='ocrx_word' id='word_1_199' title='bbox 2211 2078 2477 2133; x_wconf 86' lang='lat' dir='ltr'><strong>cbaritate</strong></span> <span class='ocrx_word' id='word_1_200' title='bbox 2504 2079 2857 2150; x_wconf 89' lang='lat' dir='ltr'><strong>suscipiatur,</strong></span> <span class='ocrx_word' id='word_1_201' title='bbox 2897 2088 2954 2134; x_wconf 91' lang='lat' dir='ltr'><strong>et</strong></span> <span class='ocrx_word' id='word_1_202' title='bbox 2989 2095 3116 2151; x_wconf 89' lang='lat' dir='ltr'><strong>qua</strong></span> <span class='ocrx_word' id='word_1_203' title='bbox 3139 2081 3356 2151; x_wconf 83' lang='lat' dir='ltr'><strong>corpori</strong></span> <span class='ocrx_word' id='word_1_204' title='bbox 3385 2091 3553 2138; x_wconf 88' lang='lat' dir='ltr'><strong>erunt</strong></span> 
     </span>
    </p>
   </div>
   <div class='ocr_carea' id='block_1_38' title="bbox 1953 2170 3551 2243">
    <p class='ocr_par' dir='ltr' id='par_1_38' title="bbox 1953 2170 3551 2243">
     <span class='ocr_line' id='line_1_38' title="bbox 1953 2170 3551 2243; baseline 0.003 -19"><span class='ocrx_word' id='word_1_205' title='bbox 1953 2171 2253 2226; x_wconf 87' lang='lat' dir='ltr'><strong>necessaria</strong></span> <span class='ocrx_word' id='word_1_206' title='bbox 2291 2171 2339 2226; x_wconf 89' lang='lat' dir='ltr'><strong>ei</strong></span> <span class='ocrx_word' id='word_1_207' title='bbox 2380 2189 2412 2227; x_wconf 90' lang='lat' dir='ltr'><strong>a</strong></span> <span class='ocrx_word' id='word_1_208' title='bbox 2443 2170 2703 2227; x_wconf 86' lang='lat' dir='ltr'><strong>fratribus</strong></span> <span class='ocrx_word' id='word_1_209' title='bbox 2730 2171 3036 2243; x_wconf 90' lang='lat' dir='ltr'><strong>diligenter,</strong></span> <span class='ocrx_word' id='word_1_210' title='bbox 3077 2172 3220 2243; x_wconf 81' lang='lat' dir='ltr'><strong>juxta</strong></span> <span class='ocrx_word' id='word_1_211' title='bbox 3245 2171 3348 2228; x_wconf 91' lang='lat' dir='ltr'><strong>loci</strong></span> <span class='ocrx_word' id='word_1_212' title='bbox 3373 2174 3551 2243; x_wconf 88' lang='lat' dir='ltr'><strong>possi-</strong></span> 
     </span>
    </p>
   </div>
   <div class='ocr_carea' id='block_1_39' title="bbox 1952 2261 3551 2337">
    <p class='ocr_par' dir='ltr' id='par_1_39' title="bbox 1952 2261 3551 2337">
     <span class='ocr_line' id='line_1_39' title="bbox 1952 2261 3551 2337; baseline 0.004 -20"><span class='ocrx_word' id='word_1_213' title='bbox 1952 2261 2240 2330; x_wconf 89' lang='lat' dir='ltr'><strong>bilitatem,</strong></span> <span class='ocrx_word' id='word_1_214' title='bbox 2267 2265 2644 2322; x_wconf 81' lang='lat' dir='ltr'><strong>ministrentur</strong></span> <span class='ocrx_word' id='word_1_215' title='bbox 2673 2287 2690 2320; x_wconf 91' lang='lat'><strong><em>:</em></strong></span> <span class='ocrx_word' id='word_1_216' title='bbox 2719 2265 2837 2337; x_wconf 89' lang='lat' dir='ltr'><strong>ipse</strong></span> <span class='ocrx_word' id='word_1_217' title='bbox 2865 2281 2996 2321; x_wconf 90' lang='lat' dir='ltr'><strong>vero</strong></span> <span class='ocrx_word' id='word_1_218' title='bbox 3015 2265 3071 2320; x_wconf 92' lang='lat' dir='ltr'><strong>in</strong></span> <span class='ocrx_word' id='word_1_219' title='bbox 3097 2266 3294 2322; x_wconf 82' lang='lat' dir='ltr'><strong>eodem</strong></span> <span class='ocrx_word' id='word_1_220' title='bbox 3317 2267 3440 2322; x_wconf 84' lang='lat' dir='ltr'><strong>loco</strong></span> <span class='ocrx_word' id='word_1_221' title='bbox 3459 2267 3551 2323; x_wconf 86' lang='lat' dir='ltr'><strong>ni-</strong></span> 
     </span>
    </p>
   </div>
   <div class='ocr_carea' id='block_1_40' title="bbox 1951 2357 3550 2432">
    <p class='ocr_par' dir='ltr' id='par_1_40' title="bbox 1951 2357 3550 2432">
     <span class='ocr_line' id='line_1_40' title="bbox 1951 2357 3550 2432; baseline 0.003 -20"><span class='ocrx_word' id='word_1_222' title='bbox 1951 2357 2026 2412; x_wconf 90' lang='lat' dir='ltr'><strong>hil</strong></span> <span class='ocrx_word' id='word_1_223' title='bbox 2060 2374 2154 2429; x_wconf 91' lang='lat' dir='ltr'><strong>per</strong></span> <span class='ocrx_word' id='word_1_224' title='bbox 2191 2374 2249 2414; x_wconf 90' lang='lat' dir='ltr'><strong>se</strong></span> <span class='ocrx_word' id='word_1_225' title='bbox 2275 2360 2579 2431; x_wconf 82' lang='lat' dir='ltr'><strong>corrigere,</strong></span> <span class='ocrx_word' id='word_1_226' title='bbox 2610 2375 2787 2430; x_wconf 91' lang='lat' dir='ltr'><strong>neque</strong></span> <span class='ocrx_word' id='word_1_227' title='bbox 2829 2360 3113 2415; x_wconf 88' lang='lat' dir='ltr'><strong>occasione</strong></span> <span class='ocrx_word' id='word_1_228' title='bbox 3138 2359 3420 2432; x_wconf 76' lang='lat' dir='ltr'><strong>legationis</strong></span> <span class='ocrx_word' id='word_1_229' title='bbox 3457 2377 3550 2416; x_wconf 84' lang='lat' dir='ltr'><strong>re-</strong></span> 
     </span>
    </p>
   </div>
   <div class='ocr_carea' id='block_1_41' title="bbox 1950 2452 3547 2524">
    <p class='ocr_par' dir='ltr' id='par_1_41' title="bbox 1950 2452 3547 2524">
     <span class='ocr_line' id='line_1_41' title="bbox 1950 2452 3547 2524; baseline 0.003 -19"><span class='ocrx_word' id='word_1_230' title='bbox 1950 2459 2159 2507; x_wconf 91' lang='lat' dir='ltr'><strong>ctorem</strong></span> <span class='ocrx_word' id='word_1_231' title='bbox 2185 2452 2288 2508; x_wconf 92' lang='lat' dir='ltr'><strong>loci</strong></span> <span class='ocrx_word' id='word_1_232' title='bbox 2322 2453 2404 2508; x_wconf 88' lang='lat' dir='ltr'><strong>vel</strong></span> <span class='ocrx_word' id='word_1_233' title='bbox 2447 2453 2641 2508; x_wconf 84' lang='lat' dir='ltr'><strong>fratres</strong></span> <span class='ocrx_word' id='word_1_234' title='bbox 2670 2452 2962 2509; x_wconf 86' lang='lat' dir='ltr'><strong>molestare</strong></span> <span class='ocrx_word' id='word_1_235' title='bbox 3008 2461 3328 2524; x_wconf 83' lang='lat' dir='ltr'><strong>prasumat;</strong></span> <span class='ocrx_word' id='word_1_236' title='bbox 3379 2455 3474 2512; x_wconf 86' lang='lat' dir='ltr'><strong>sed</strong></span> <span class='ocrx_word' id='word_1_237' title='bbox 3501 2454 3547 2510; x_wconf 85' lang='lat' dir='ltr'><strong>si</strong></span> 
     </span>
    </p>
   </div>
   <div class='ocr_carea' id='block_1_42' title="bbox 1949 2544 3545 2620">
    <p class='ocr_par' dir='ltr' id='par_1_42' title="bbox 1949 2544 3545 2620">
     <span class='ocr_line' id='line_1_42' title="bbox 1949 2544 3545 2620; baseline 0.002 -21"><span class='ocrx_word' id='word_1_238' title='bbox 1949 2544 2086 2616; x_wconf 90' lang='lat' dir='ltr'><strong>quid</strong></span> <span class='ocrx_word' id='word_1_239' title='bbox 2110 2545 2300 2600; x_wconf 86' lang='lat' dir='ltr'><strong>viderit</strong></span> <span class='ocrx_word' id='word_1_240' title='bbox 2325 2547 2730 2619; x_wconf 86' lang='lat' dir='ltr'><strong>corrigendum,</strong></span> <span class='ocrx_word' id='word_1_241' title='bbox 2771 2562 2925 2618; x_wconf 89' lang='lat' dir='ltr'><strong>papa</strong></span> <span class='ocrx_word' id='word_1_242' title='bbox 2951 2545 3145 2620; x_wconf 86' lang='lat' dir='ltr'><strong>litteris</strong></span> <span class='ocrx_word' id='word_1_243' title='bbox 3198 2547 3453 2603; x_wconf 91' lang='lat' dir='ltr'><strong>intimare</strong></span> <span class='ocrx_word' id='word_1_244' title='bbox 3481 2548 3545 2603; x_wconf 94' lang='lat' dir='ltr'><strong>li-</strong></span> 
     </span>
    </p>
   </div>
   <div class='ocr_carea' id='block_1_43' title="bbox 1949 2637 3546 2704">
    <p class='ocr_par' dir='ltr' id='par_1_43' title="bbox 1949 2637 3546 2704">
     <span class='ocr_line' id='line_1_43' title="bbox 1949 2637 3546 2704; baseline 0.003 -13"><span class='ocrx_word' id='word_1_245' title='bbox 1949 2637 2111 2692; x_wconf 91' lang='lat' dir='ltr'><strong>cebit.</strong></span> <span class='ocrx_word' id='word_1_246' title='bbox 2142 2638 2284 2693; x_wconf 88' lang='lat' dir='ltr'><strong>Illud</strong></span> <span class='ocrx_word' id='word_1_247' title='bbox 2312 2640 2477 2695; x_wconf 89' lang='lat' dir='ltr'><strong>etiam</strong></span> <span class='ocrx_word' id='word_1_248' title='bbox 2502 2639 2911 2704; x_wconf 80' lang='lat' dir='ltr'><strong>confirmamus,</strong></span> <span class='ocrx_word' id='word_1_249' title='bbox 2945 2647 3006 2695; x_wconf 88' lang='lat' dir='ltr'><strong>ut</strong></span> <span class='ocrx_word' id='word_1_250' title='bbox 3042 2640 3196 2695; x_wconf 90' lang='lat' dir='ltr'><strong>locus</strong></span> <span class='ocrx_word' id='word_1_251' title='bbox 3225 2641 3408 2696; x_wconf 90' lang='lat' dir='ltr'><strong>Sancti</strong></span> <span class='ocrx_word' id='word_1_252' title='bbox 3436 2640 3546 2697; x_wconf 90' lang='lat' dir='ltr'><strong>Sal-</strong></span> 
     </span>
    </p>
   </div>
   <div class='ocr_carea' id='block_1_44' title="bbox 1948 2730 3544 2803">
    <p class='ocr_par' dir='ltr' id='par_1_44' title="bbox 1948 2730 3544 2803">
     <span class='ocr_line' id='line_1_44' title="bbox 1948 2730 3544 2803; baseline 0.004 -21"><span class='ocrx_word' id='word_1_253' title='bbox 1948 2730 2173 2796; x_wconf 89' lang='lat' dir='ltr'><strong>vatoris,</strong></span> <span class='ocrx_word' id='word_1_254' title='bbox 2223 2747 2390 2801; x_wconf 89' lang='lat' dir='ltr'><strong>pr0pe</strong></span> <span class='ocrx_word' id='word_1_255' title='bbox 2442 2747 2630 2786; x_wconf 90' lang='lat' dir='ltr'><strong>muros</strong></span> <span class='ocrx_word' id='word_1_256' title='bbox 2676 2731 2990 2803; x_wconf 83' lang='lat' dir='ltr'><strong>Andegavis</strong></span> <span class='ocrx_word' id='word_1_257' title='bbox 3033 2741 3399 2799; x_wconf 87' lang='lat' dir='ltr'><strong>constructus,</strong></span> <span class='ocrx_word' id='word_1_258' title='bbox 3441 2734 3544 2789; x_wconf 85' lang='lat' dir='ltr'><strong>sub</strong></span> 
     </span>
    </p>
   </div>
   <div class='ocr_carea' id='block_1_45' title="bbox 1947 2824 3545 2894">
    <p class='ocr_par' dir='ltr' id='par_1_45' title="bbox 1947 2824 3545 2894">
     <span class='ocr_line' id='line_1_45' title="bbox 1947 2824 3545 2894; baseline 0.003 -17"><span class='ocrx_word' id='word_1_259' title='bbox 1947 2825 2285 2878; x_wconf 89' lang='lat' dir='ltr'><strong>monasterio</strong></span> <span class='ocrx_word' id='word_1_260' title='bbox 2325 2824 2712 2884; x_wconf 86' lang='lat' dir='ltr'><strong>Vindocinensi</strong></span> <span class='ocrx_word' id='word_1_261' title='bbox 2752 2841 2972 2894; x_wconf 87' lang='lat' dir='ltr'><strong>semper</strong></span> <span class='ocrx_word' id='word_1_262' title='bbox 3015 2835 3257 2891; x_wconf 89' lang='lat' dir='ltr'><strong>maneat,</strong></span> <span class='ocrx_word' id='word_1_263' title='bbox 3294 2841 3396 2880; x_wconf 91' lang='lat' dir='ltr'><strong>nec</strong></span> <span class='ocrx_word' id='word_1_264' title='bbox 3447 2826 3545 2882; x_wconf 88' lang='lat' dir='ltr'><strong>ali-</strong></span> 
     </span>
    </p>
   </div>
   <div class='ocr_carea' id='block_1_46' title="bbox 1947 2914 3539 2989">
    <p class='ocr_par' dir='ltr' id='par_1_46' title="bbox 1947 2914 3539 2989">
     <span class='ocr_line' id='line_1_46' title="bbox 1947 2914 3539 2989; baseline 0.003 -20"><span class='ocrx_word' id='word_1_265' title='bbox 1947 2914 2169 2985; x_wconf 90' lang='lat' dir='ltr'><strong>quando</strong></span> <span class='ocrx_word' id='word_1_266' title='bbox 2203 2915 2274 2971; x_wconf 92' lang='lat' dir='ltr'><strong>ibi</strong></span> <span class='ocrx_word' id='word_1_267' title='bbox 2315 2915 2824 2987; x_wconf 76' lang='lat' dir='ltr'><strong>ordinetur&#39;aliquis</strong></span> <span class='ocrx_word' id='word_1_268' title='bbox 2858 2924 3038 2972; x_wconf 91' lang='lat' dir='ltr'><strong>rector</strong></span> <span class='ocrx_word' id='word_1_269' title='bbox 3086 2917 3165 2972; x_wconf 86' lang='lat' dir='ltr'><strong>vel</strong></span> <span class='ocrx_word' id='word_1_270' title='bbox 3215 2919 3539 2989; x_wconf 87' lang='lat' dir='ltr'><strong>prapositus</strong></span> 
     </span>
    </p>
   </div>
   <div class='ocr_carea' id='block_1_47' title="bbox 1943 3007 3542 3077">
    <p class='ocr_par' dir='ltr' id='par_1_47' title="bbox 1943 3007 3542 3077">
     <span class='ocr_line' id='line_1_47' title="bbox 1943 3007 3542 3077; baseline 0.005 -17"><span class='ocrx_word' id='word_1_271' title='bbox 1943 3007 2046 3062; x_wconf 91' lang='lat' dir='ltr'><strong>nisi</strong></span> <span class='ocrx_word' id='word_1_272' title='bbox 2071 3009 2345 3063; x_wconf 89' lang='lat' dir='ltr'><strong>voluntate</strong></span> <span class='ocrx_word' id='word_1_273' title='bbox 2374 3007 2589 3064; x_wconf 83' lang='lat' dir='ltr'><strong>abbatis</strong></span> <span class='ocrx_word' id='word_1_274' title='bbox 2614 3008 3052 3065; x_wconf 85' lang='lat' dir='ltr'><strong>Vindocinensis.</strong></span> <span class='ocrx_word' id='word_1_275' title='bbox 3085 3014 3206 3066; x_wconf 86' lang='lat' dir='ltr'><strong>Hoc</strong></span> <span class='ocrx_word' id='word_1_276' title='bbox 3227 3010 3416 3077; x_wconf 89' lang='lat' dir='ltr'><strong>etiam,</strong></span> <span class='ocrx_word' id='word_1_277' title='bbox 3450 3011 3542 3068; x_wconf 82' lang='lat' dir='ltr'><strong>di-</strong></span> 
     </span>
    </p>
   </div>
   <div class='ocr_carea' id='block_1_48' title="bbox 227 3085 3538 3178">
    <p class='ocr_par' dir='ltr' id='par_1_48' title="bbox 227 3085 3538 3178">
     <span class='ocr_line' id='line_1_48' title="bbox 227 3085 3538 3178; baseline 0.002 -24"><span class='ocrx_word' id='word_1_278' title='bbox 227 3108 386 3172; x_wconf 76' lang='lat' dir='ltr'><strong>tissa,</strong></span> <span class='ocrx_word' id='word_1_279' title='bbox 424 3107 657 3178; x_wconf 77' lang='lat' dir='ltr'><strong>conjuge</strong></span> <span class='ocrx_word' id='word_1_280' title='bbox 682 3108 816 3178; x_wconf 71' lang='lat' dir='ltr'><strong>ejus,</strong></span> <span class='ocrx_word' id='word_1_281' title='bbox 858 3085 1200 3164; x_wconf 17' lang='lat' dir='ltr'><strong>oblatum‘B,</strong></span> <span class='ocrx_word' id='word_1_282' title='bbox 1236 3112 1399 3164; x_wconf 69' lang='lat' dir='ltr'><strong>pen-0</strong></span> <span class='ocrx_word' id='word_1_283' title='bbox 1440 3115 1708 3166; x_wconf 57' lang='lat' dir='ltr'><strong>Romam};</strong></span> <span class='ocrx_word' id='word_1_284' title='bbox 1737 3111 1830 3166; x_wconf 79' lang='grc' dir='ltr'><strong>Εο.</strong></span> <span class='ocrx_word' id='word_1_285' title='bbox 1873 3085 1917 3148; x_wconf 86' lang='lat' dir='ltr'>C</span> <span class='ocrx_word' id='word_1_286' title='bbox 1947 3102 2067 3155; x_wconf 91' lang='lat' dir='ltr'><strong>vina</strong></span> <span class='ocrx_word' id='word_1_287' title='bbox 2100 3100 2219 3156; x_wconf 90' lang='lat' dir='ltr'><strong>fulti</strong></span> <span class='ocrx_word' id='word_1_288' title='bbox 2249 3102 2464 3171; x_wconf 85' lang='lat' dir='ltr'><strong>fiducia,</strong></span> <span class='ocrx_word' id='word_1_289' title='bbox 2490 3102 2787 3172; x_wconf 89' lang='lat' dir='ltr'><strong>apostolica</strong></span> <span class='ocrx_word' id='word_1_290' title='bbox 2817 3104 3135 3159; x_wconf 87' lang='lat' dir='ltr'><strong>auctoritate</strong></span> <span class='ocrx_word' id='word_1_291' title='bbox 3162 3104 3538 3175; x_wconf 85' lang='lat' dir='ltr'><strong>prohibemus,</strong></span> 
     </span>
    </p>
   </div>
   <div class='ocr_carea' id='block_1_49' title="bbox 227 3201 1838 3273">
    <p class='ocr_par' dir='ltr' id='par_1_49' title="bbox 227 3201 1838 3273">
     <span class='ocr_line' id='line_1_49' title="bbox 227 3201 1838 3273; baseline 0.002 -17"><span class='ocrx_word' id='word_1_292' title='bbox 227 3201 413 3256; x_wconf 82' lang='lat' dir='ltr'><strong>clesia</strong></span> <span class='ocrx_word' id='word_1_293' title='bbox 467 3201 524 3254; x_wconf 92' lang='lat' dir='ltr'><strong>in</strong></span> <span class='ocrx_word' id='word_1_294' title='bbox 567 3201 811 3256; x_wconf 91' lang='lat' dir='ltr'><strong>alodium</strong></span> <span class='ocrx_word' id='word_1_295' title='bbox 866 3211 919 3256; x_wconf 92' lang='lat' dir='ltr'><strong>et</strong></span> <span class='ocrx_word' id='word_1_296' title='bbox 965 3204 1359 3273; x_wconf 90' lang='lat' dir='ltr'><strong>patrimonium</strong></span> <span class='ocrx_word' id='word_1_297' title='bbox 1410 3204 1684 3272; x_wconf 91' lang='lat' dir='ltr'><strong>novimus,</strong></span> <span class='ocrx_word' id='word_1_298' title='bbox 1722 3213 1838 3260; x_wconf 84' lang='lat' dir='ltr'><strong>tam</strong></span> 
     </span>
    </p>
   </div>
   <div class='ocr_carea' id='block_1_50' title="bbox 219 3292 1837 3368">
    <p class='ocr_par' dir='ltr' id='par_1_50' title="bbox 219 3292 1837 3368">
     <span class='ocr_line' id='line_1_50' title="bbox 219 3292 1837 3368; baseline 0.003 -21"><span class='ocrx_word' id='word_1_299' title='bbox 219 3294 378 3363; x_wconf 85' lang='lat' dir='ltr'><strong>juxta</strong></span> <span class='ocrx_word' id='word_1_300' title='bbox 433 3302 622 3348; x_wconf 89' lang='lat' dir='ltr'><strong>votum</strong></span> <span class='ocrx_word' id='word_1_301' title='bbox 667 3292 1024 3350; x_wconf 88' lang='lat' dir='ltr'><strong>fundatorum</strong></span> <span class='ocrx_word' id='word_1_302' title='bbox 1074 3296 1243 3366; x_wconf 90' lang='lat' dir='ltr'><strong>ipsius</strong></span> <span class='ocrx_word' id='word_1_303' title='bbox 1289 3296 1414 3363; x_wconf 91' lang='lat' dir='ltr'><strong>loci,</strong></span> <span class='ocrx_word' id='word_1_304' title='bbox 1464 3313 1630 3368; x_wconf 89' lang='lat' dir='ltr'><strong>quam</strong></span> <span class='ocrx_word' id='word_1_305' title='bbox 1677 3298 1837 3352; x_wconf 88' lang='lat' dir='ltr'><strong>etiam</strong></span> 
     </span>
    </p>
   </div>
   <div class='ocr_carea' id='block_1_51' title="bbox 225 3387 1838 3458">
    <p class='ocr_par' dir='ltr' id='par_1_51' title="bbox 225 3387 1838 3458">
     <span class='ocr_line' id='line_1_51' title="bbox 225 3387 1838 3458; baseline 0.002 -16"><span class='ocrx_word' id='word_1_306' title='bbox 225 3388 496 3442; x_wconf 89' lang='lat' dir='ltr'><strong>omnibus</strong></span> <span class='ocrx_word' id='word_1_307' title='bbox 527 3387 685 3458; x_wconf 86' lang='lat' dir='ltr'><strong>hujus</strong></span> <span class='ocrx_word' id='word_1_308' title='bbox 731 3389 834 3443; x_wconf 86' lang='lat' dir='ltr'><strong>loci</strong></span> <span class='ocrx_word' id='word_1_309' title='bbox 875 3389 1165 3444; x_wconf 88' lang='lat' dir='ltr'><strong>abbatibus</strong></span> <span class='ocrx_word' id='word_1_310' title='bbox 1207 3391 1486 3444; x_wconf 87' lang='lat' dir='ltr'><strong>ecclesiam</strong></span> <span class='ocrx_word' id='word_1_311' title='bbox 1532 3395 1597 3445; x_wconf 90' lang='lat' dir='ltr'><strong>B.</strong></span> <span class='ocrx_word' id='word_1_312' title='bbox 1643 3392 1838 3446; x_wconf 84' lang='lat' dir='ltr'><strong>Prisca</strong></span> 
     </span>
    </p>
   </div>
   <div class='ocr_carea' id='block_1_52' title="bbox 223 3480 1838 3553">
    <p class='ocr_par' dir='ltr' id='par_1_52' title="bbox 223 3480 1838 3553">
     <span class='ocr_line' id='line_1_52' title="bbox 223 3480 1838 3553; baseline 0.002 -17"><span class='ocrx_word' id='word_1_313' title='bbox 223 3498 353 3537; x_wconf 88' lang='lat' dir='ltr'><strong>cum</strong></span> <span class='ocrx_word' id='word_1_314' title='bbox 380 3480 652 3552; x_wconf 85' lang='lat' dir='ltr'><strong>dignitate</strong></span> <span class='ocrx_word' id='word_1_315' title='bbox 676 3482 954 3549; x_wconf 84' lang='lat' dir='ltr'><strong>cardinali,</strong></span> <span class='ocrx_word' id='word_1_316' title='bbox 984 3483 1150 3538; x_wconf 88' lang='lat' dir='ltr'><strong>sancti</strong></span> <span class='ocrx_word' id='word_1_317' title='bbox 1175 3483 1624 3553; x_wconf 90' lang='lat' dir='ltr'><strong>Spiritusjudicio</strong></span> <span class='ocrx_word' id='word_1_318' title='bbox 1651 3485 1838 3540; x_wconf 89' lang='lat' dir='ltr'><strong>decer-</strong></span> 
     </span>
    </p>
   </div>
   <div class='ocr_carea' id='block_1_53' title="bbox 225 3576 1837 3648">
    <p class='ocr_par' dir='ltr' id='par_1_53' title="bbox 225 3576 1837 3648">
     <span class='ocr_line' id='line_1_53' title="bbox 225 3576 1837 3648; baseline 0.002 -20"><span class='ocrx_word' id='word_1_319' title='bbox 225 3583 447 3639; x_wconf 87' lang='lat' dir='ltr'><strong>nentes,</strong></span> <span class='ocrx_word' id='word_1_320' title='bbox 466 3583 530 3630; x_wconf 91' lang='lat' dir='ltr'><strong>ut</strong></span> <span class='ocrx_word' id='word_1_321' title='bbox 557 3576 701 3629; x_wconf 89' lang='lat' dir='ltr'><strong>nulla</strong></span> <span class='ocrx_word' id='word_1_322' title='bbox 721 3576 974 3646; x_wconf 83' lang='lat' dir='ltr'><strong>deinceps</strong></span> <span class='ocrx_word' id='word_1_323' title='bbox 986 3577 1343 3631; x_wconf 82' lang='lat' dir='ltr'><strong>ecclesiastica</strong></span> <span class='ocrx_word' id='word_1_324' title='bbox 1361 3577 1703 3632; x_wconf 87' lang='lat' dir='ltr'><strong>sacularisvc</strong></span> <span class='ocrx_word' id='word_1_325' title='bbox 1723 3595 1837 3648; x_wconf 88' lang='lat' dir='ltr'><strong>per-</strong></span> 
     </span>
    </p>
   </div>
   <div class='ocr_carea' id='block_1_54' title="bbox 223 3668 1836 3741">
    <p class='ocr_par' dir='ltr' id='par_1_54' title="bbox 223 3668 1836 3741">
     <span class='ocr_line' id='line_1_54' title="bbox 223 3668 1836 3741; baseline 0.001 -18"><span class='ocrx_word' id='word_1_326' title='bbox 223 3685 354 3723; x_wconf 88' lang='lat' dir='ltr'><strong>sona</strong></span> <span class='ocrx_word' id='word_1_327' title='bbox 377 3668 698 3738; x_wconf 83' lang='lat' dir='ltr'><strong>pradictam</strong></span> <span class='ocrx_word' id='word_1_328' title='bbox 714 3670 772 3722; x_wconf 87' lang='grc' dir='ltr'><strong>Β.</strong></span> <span class='ocrx_word' id='word_1_329' title='bbox 793 3669 987 3724; x_wconf 84' lang='lat' dir='ltr'><strong>Prisca</strong></span> <span class='ocrx_word' id='word_1_330' title='bbox 999 3671 1278 3726; x_wconf 85' lang='lat' dir='ltr'><strong>ecclesiam</strong></span> <span class='ocrx_word' id='word_1_331' title='bbox 1290 3686 1385 3725; x_wconf 89' lang='lat' dir='ltr'><strong>seu</strong></span> <span class='ocrx_word' id='word_1_332' title='bbox 1403 3670 1646 3726; x_wconf 89' lang='lat' dir='ltr'><strong>ecclesia</strong></span> <span class='ocrx_word' id='word_1_333' title='bbox 1662 3671 1836 3741; x_wconf 86' lang='lat' dir='ltr'><strong>digni-</strong></span> 
     </span>
    </p>
   </div>
   <div class='ocr_carea' id='block_1_55' title="bbox 222 3760 1835 3835">
    <p class='ocr_par' dir='ltr' id='par_1_55' title="bbox 222 3760 1835 3835">
     <span class='ocr_line' id='line_1_55' title="bbox 222 3760 1835 3835; baseline 0.002 -21"><span class='ocrx_word' id='word_1_334' title='bbox 222 3769 396 3816; x_wconf 89' lang='lat' dir='ltr'><strong>tatem</strong></span> <span class='ocrx_word' id='word_1_335' title='bbox 407 3762 490 3816; x_wconf 87' lang='lat' dir='ltr'><strong>eis</strong></span> <span class='ocrx_word' id='word_1_336' title='bbox 512 3760 722 3817; x_wconf 87' lang='lat' dir='ltr'><strong>auferre</strong></span> <span class='ocrx_word' id='word_1_337' title='bbox 740 3763 982 3832; x_wconf 89' lang='lat' dir='ltr'><strong>qualibet</strong></span> <span class='ocrx_word' id='word_1_338' title='bbox 1004 3764 1285 3818; x_wconf 88' lang='lat' dir='ltr'><strong>occasione</strong></span> <span class='ocrx_word' id='word_1_339' title='bbox 1306 3772 1620 3835; x_wconf 89' lang='lat' dir='ltr'><strong>prasumat.</strong></span> <span class='ocrx_word' id='word_1_340' title='bbox 1636 3764 1835 3819; x_wconf 86' lang='lat' dir='ltr'><strong>Statui-</strong></span> 
     </span>
    </p>
   </div>
   <div class='ocr_carea' id='block_1_56' title="bbox 221 3854 1835 3928">
    <p class='ocr_par' dir='ltr' id='par_1_56' title="bbox 221 3854 1835 3928">
     <span class='ocr_line' id='line_1_56' title="bbox 221 3854 1835 3928; baseline 0.002 -19"><span class='ocrx_word' id='word_1_341' title='bbox 221 3870 343 3911; x_wconf 86' lang='lat' dir='ltr'><strong>mus</strong></span> <span class='ocrx_word' id='word_1_342' title='bbox 374 3855 547 3910; x_wconf 84' lang='lat' dir='ltr'><strong>etiam</strong></span> <span class='ocrx_word' id='word_1_343' title='bbox 567 3863 648 3919; x_wconf 90' lang='lat' dir='ltr'><strong>ut,</strong></span> <span class='ocrx_word' id='word_1_344' title='bbox 675 3854 934 3911; x_wconf 88' lang='lat' dir='ltr'><strong>defuncto</strong></span> <span class='ocrx_word' id='word_1_345' title='bbox 956 3855 1150 3911; x_wconf 85' lang='lat' dir='ltr'><strong>abbate</strong></span> <span class='ocrx_word' id='word_1_346' title='bbox 1172 3856 1335 3928; x_wconf 89' lang='lat' dir='ltr'><strong>ipsius</strong></span> <span class='ocrx_word' id='word_1_347' title='bbox 1352 3858 1686 3925; x_wconf 83' lang='lat' dir='ltr'><strong>monasterii,</strong></span> <span class='ocrx_word' id='word_1_348' title='bbox 1713 3873 1835 3912; x_wconf 90' lang='lat' dir='ltr'><strong>suc-</strong></span> 
     </span>
    </p>
   </div>
   <div class='ocr_carea' id='block_1_57' title="bbox 221 3947 1835 4021">
    <p class='ocr_par' dir='ltr' id='par_1_57' title="bbox 221 3947 1835 4021">
     <span class='ocr_line' id='line_1_57' title="bbox 221 3947 1835 4021; baseline 0.001 -18"><span class='ocrx_word' id='word_1_349' title='bbox 221 3964 413 4003; x_wconf 88' lang='lat' dir='ltr'><strong>cessor</strong></span> <span class='ocrx_word' id='word_1_350' title='bbox 430 3947 478 4002; x_wconf 89' lang='lat' dir='ltr'><strong>ei</strong></span> <span class='ocrx_word' id='word_1_351' title='bbox 497 3948 726 4020; x_wconf 85' lang='lat' dir='ltr'><strong>eligatur</strong></span> <span class='ocrx_word' id='word_1_352' title='bbox 743 3948 810 4002; x_wconf 93' lang='lat' dir='ltr'><strong>de</strong></span> <span class='ocrx_word' id='word_1_353' title='bbox 832 3949 1019 4003; x_wconf 89' lang='lat' dir='ltr'><strong>eadem</strong></span> <span class='ocrx_word' id='word_1_354' title='bbox 1036 3951 1478 4021; x_wconf 78' lang='lat' dir='ltr'><strong>congregatione,</strong></span> <span class='ocrx_word' id='word_1_355' title='bbox 1497 3951 1538 4004; x_wconf 92' lang='lat' dir='ltr'><strong>si</strong></span> <span class='ocrx_word' id='word_1_356' title='bbox 1561 3959 1746 4004; x_wconf 88' lang='lat' dir='ltr'><strong>tamen</strong></span> <span class='ocrx_word' id='word_1_357' title='bbox 1762 3951 1835 4006; x_wconf 91' lang='lat' dir='ltr'><strong>di-</strong></span> 
     </span>
    </p>
   </div>
   <div class='ocr_carea' id='block_1_58' title="bbox 221 4041 1833 4113">
    <p class='ocr_par' dir='ltr' id='par_1_58' title="bbox 221 4041 1833 4113">
     <span class='ocr_line' id='line_1_58' title="bbox 221 4041 1833 4113; baseline 0.002 -17"><span class='ocrx_word' id='word_1_358' title='bbox 221 4057 361 4111; x_wconf 87' lang='lat' dir='ltr'><strong>gnus</strong></span> <span class='ocrx_word' id='word_1_359' title='bbox 382 4049 580 4095; x_wconf 87' lang='lat' dir='ltr'><strong>sancto</strong></span> <span class='ocrx_word' id='word_1_360' title='bbox 602 4041 863 4112; x_wconf 89' lang='lat' dir='ltr'><strong>regimine</strong></span> <span class='ocrx_word' id='word_1_361' title='bbox 882 4042 1205 4097; x_wconf 88' lang='lat' dir='ltr'><strong>inveniatur.</strong></span> <span class='ocrx_word' id='word_1_362' title='bbox 1231 4043 1389 4112; x_wconf 86' lang='lat' dir='ltr'><strong>Quod</strong></span> <span class='ocrx_word' id='word_1_363' title='bbox 1413 4044 1454 4097; x_wconf 91' lang='lat' dir='ltr'><strong>si</strong></span> <span class='ocrx_word' id='word_1_364' title='bbox 1477 4042 1673 4113; x_wconf 85' lang='lat' dir='ltr'><strong>dignus</strong></span> <span class='ocrx_word' id='word_1_365' title='bbox 1690 4043 1833 4113; x_wconf 88' lang='lat' dir='ltr'><strong>apud</strong></span> 
     </span>
    </p>
   </div>
   <div class='ocr_carea' id='block_1_59' title="bbox 219 4133 1831 4207">
    <p class='ocr_par' dir='ltr' id='par_1_59' title="bbox 219 4133 1831 4207">
     <span class='ocr_line' id='line_1_59' title="bbox 219 4133 1831 4207; baseline 0.002 -19"><span class='ocrx_word' id='word_1_366' title='bbox 219 4148 310 4188; x_wconf 87' lang='lat' dir='ltr'><strong>eos</strong></span> <span class='ocrx_word' id='word_1_367' title='bbox 328 4150 454 4188; x_wconf 90' lang='lat' dir='ltr'><strong>non</strong></span> <span class='ocrx_word' id='word_1_368' title='bbox 476 4133 643 4188; x_wconf 87' lang='lat' dir='ltr'><strong>fuerit</strong></span> <span class='ocrx_word' id='word_1_369' title='bbox 663 4135 936 4202; x_wconf 88' lang='lat' dir='ltr'><strong>inventus,</strong></span> <span class='ocrx_word' id='word_1_370' title='bbox 968 4135 1115 4207; x_wconf 91' lang='lat' dir='ltr'><strong>quod</strong></span> <span class='ocrx_word' id='word_1_371' title='bbox 1137 4135 1304 4189; x_wconf 87' lang='lat' dir='ltr'><strong>absit!</strong></span> <span class='ocrx_word' id='word_1_372' title='bbox 1329 4151 1357 4189; x_wconf 92' lang='lat' dir='ltr'><strong>a</strong></span> <span class='ocrx_word' id='word_1_373' title='bbox 1386 4135 1668 4203; x_wconf 90' lang='lat' dir='ltr'><strong>Cluniaco,</strong></span> <span class='ocrx_word' id='word_1_374' title='bbox 1690 4152 1781 4190; x_wconf 89' lang='lat' dir='ltr'><strong>seu</strong></span> <span class='ocrx_word' id='word_1_375' title='bbox 1801 4154 1831 4192; x_wconf 90' lang='lat' dir='ltr'><strong>a</strong></span> 
     </span>
    </p>
   </div>
   <div class='ocr_carea' id='block_1_60' title="bbox 220 4228 1830 4300">
    <p class='ocr_par' dir='ltr' id='par_1_60' title="bbox 220 4228 1830 4300">
     <span class='ocr_line' id='line_1_60' title="bbox 220 4228 1830 4300; baseline 0.002 -19"><span class='ocrx_word' id='word_1_376' title='bbox 220 4228 425 4299; x_wconf 82' lang='lat' dir='ltr'><strong>Majori</strong></span> <span class='ocrx_word' id='word_1_377' title='bbox 453 4228 810 4294; x_wconf 87' lang='lat' dir='ltr'><strong>Monasterio,</strong></span> <span class='ocrx_word' id='word_1_378' title='bbox 842 4228 920 4283; x_wconf 91' lang='lat' dir='ltr'><strong>vel</strong></span> <span class='ocrx_word' id='word_1_379' title='bbox 949 4229 1311 4300; x_wconf 88' lang='lat' dir='ltr'><strong>undecunque</strong></span> <span class='ocrx_word' id='word_1_380' title='bbox 1338 4229 1532 4283; x_wconf 90' lang='lat' dir='ltr'><strong>melius</strong></span> <span class='ocrx_word' id='word_1_381' title='bbox 1552 4238 1830 4299; x_wconf 86' lang='lat' dir='ltr'><strong>poterunt,</strong></span> 
     </span>
    </p>
   </div>
   <div class='ocr_carea' id='block_1_61' title="bbox 220 4320 1831 4388">
    <p class='ocr_par' dir='ltr' id='par_1_61' title="bbox 220 4320 1831 4388">
     <span class='ocr_line' id='line_1_61' title="bbox 220 4320 1831 4388; baseline 0.002 -14"><span class='ocrx_word' id='word_1_382' title='bbox 220 4329 525 4388; x_wconf 86' lang='lat' dir='ltr'><strong>procurent</strong></span> <span class='ocrx_word' id='word_1_383' title='bbox 572 4320 828 4375; x_wconf 89' lang='lat' dir='ltr'><strong>monachi</strong></span> <span class='ocrx_word' id='word_1_384' title='bbox 875 4320 979 4375; x_wconf 92' lang='lat' dir='ltr'><strong>sibi</strong></span> <span class='ocrx_word' id='word_1_385' title='bbox 1032 4324 1252 4376; x_wconf 89' lang='lat' dir='ltr'><strong>Patrem</strong></span> <span class='ocrx_word' id='word_1_386' title='bbox 1302 4321 1599 4378; x_wconf 90' lang='lat' dir='ltr'><strong>secundum</strong></span> <span class='ocrx_word' id='word_1_387' title='bbox 1653 4326 1831 4377; x_wconf 85' lang='lat' dir='ltr'><strong>Deum</strong></span> 
     </span>
    </p>
   </div>
   <div class='ocr_carea' id='block_1_62' title="bbox 1945 3195 3540 3269">
    <p class='ocr_par' dir='ltr' id='par_1_62' title="bbox 1945 3195 3540 3269">
     <span class='ocr_line' id='line_1_62' title="bbox 1945 3195 3540 3269; baseline 0.003 -20"><span class='ocrx_word' id='word_1_388' title='bbox 1945 3210 2012 3249; x_wconf 90' lang='lat' dir='ltr'><strong>ne</strong></span> <span class='ocrx_word' id='word_1_389' title='bbox 2043 3195 2098 3250; x_wconf 92' lang='lat' dir='ltr'><strong>in</strong></span> <span class='ocrx_word' id='word_1_390' title='bbox 2129 3195 2511 3252; x_wconf 87' lang='lat' dir='ltr'><strong>Vindocinensi</strong></span> <span class='ocrx_word' id='word_1_391' title='bbox 2538 3197 2809 3264; x_wconf 78' lang='lat' dir='ltr'><strong>canobio,</strong></span> <span class='ocrx_word' id='word_1_392' title='bbox 2842 3213 2936 3252; x_wconf 91' lang='lat' dir='ltr'><strong>seu</strong></span> <span class='ocrx_word' id='word_1_393' title='bbox 2982 3197 3036 3252; x_wconf 90' lang='lat' dir='ltr'><strong>in</strong></span> <span class='ocrx_word' id='word_1_394' title='bbox 3064 3197 3322 3269; x_wconf 90' lang='lat' dir='ltr'><strong>pradicta</strong></span> <span class='ocrx_word' id='word_1_395' title='bbox 3349 3199 3540 3254; x_wconf 86' lang='lat' dir='ltr'><strong>Sancti</strong></span> 
     </span>
    </p>
   </div>
   <div class='ocr_carea' id='block_1_63' title="bbox 1945 3288 3537 3362">
    <p class='ocr_par' dir='ltr' id='par_1_63' title="bbox 1945 3288 3537 3362">
     <span class='ocr_line' id='line_1_63' title="bbox 1945 3288 3537 3362; baseline 0.003 -19"><span class='ocrx_word' id='word_1_396' title='bbox 1945 3288 2241 3344; x_wconf 89' lang='lat' dir='ltr'><strong>Salvatoris</strong></span> <span class='ocrx_word' id='word_1_397' title='bbox 2278 3291 2526 3356; x_wconf 89' lang='lat' dir='ltr'><strong>ecclesia,</strong></span> <span class='ocrx_word' id='word_1_398' title='bbox 2559 3290 2694 3344; x_wconf 90' lang='lat' dir='ltr'><strong>nulli</strong></span> <span class='ocrx_word' id='word_1_399' title='bbox 2738 3307 2980 3361; x_wconf 89' lang='lat' dir='ltr'><strong>unquam</strong></span> <span class='ocrx_word' id='word_1_400' title='bbox 3011 3307 3259 3362; x_wconf 90' lang='lat' dir='ltr'><strong>persona</strong></span> <span class='ocrx_word' id='word_1_401' title='bbox 3301 3293 3404 3348; x_wconf 90' lang='lat' dir='ltr'><strong>nisi</strong></span> <span class='ocrx_word' id='word_1_402' title='bbox 3434 3294 3537 3349; x_wconf 89' lang='lat' dir='ltr'><strong>soli</strong></span> 
     </span>
    </p>
   </div>
   <div class='ocr_carea' id='block_1_64' title="bbox 1947 3382 3539 3456">
    <p class='ocr_par' dir='ltr' id='par_1_64' title="bbox 1947 3382 3539 3456">
     <span class='ocr_line' id='line_1_64' title="bbox 1947 3382 3539 3456; baseline 0.005 -21"><span class='ocrx_word' id='word_1_403' title='bbox 1947 3397 2099 3452; x_wconf 88' lang='lat' dir='ltr'><strong>papa</strong></span> <span class='ocrx_word' id='word_1_404' title='bbox 2124 3382 2279 3438; x_wconf 91' lang='lat' dir='ltr'><strong>liceat</strong></span> <span class='ocrx_word' id='word_1_405' title='bbox 2318 3389 2650 3454; x_wconf 87' lang='lat' dir='ltr'><strong>potestatem</strong></span> <span class='ocrx_word' id='word_1_406' title='bbox 2689 3384 2932 3456; x_wconf 89' lang='lat' dir='ltr'><strong>aliquam</strong></span> <span class='ocrx_word' id='word_1_407' title='bbox 2975 3393 3070 3440; x_wconf 89' lang='lat' dir='ltr'><strong>aut</strong></span> <span class='ocrx_word' id='word_1_408' title='bbox 3109 3385 3539 3443; x_wconf 88' lang='lat' dir='ltr'><strong>dominationem</strong></span> 
     </span>
    </p>
   </div>
   <div class='ocr_carea' id='block_1_65' title="bbox 1943 3478 3539 3546">
    <p class='ocr_par' dir='ltr' id='par_1_65' title="bbox 1943 3478 3539 3546">
     <span class='ocr_line' id='line_1_65' title="bbox 1943 3478 3539 3546; baseline 0.004 -17"><span class='ocrx_word' id='word_1_409' title='bbox 1943 3490 2214 3541; x_wconf 88' lang='lat' dir='ltr'><strong>exercere,</strong></span> <span class='ocrx_word' id='word_1_410' title='bbox 2239 3485 2331 3531; x_wconf 87' lang='lat' dir='ltr'><strong>aut</strong></span> <span class='ocrx_word' id='word_1_411' title='bbox 2351 3478 2824 3534; x_wconf 87' lang='lat' dir='ltr'><strong>excommunicare</strong></span> <span class='ocrx_word' id='word_1_412' title='bbox 2845 3494 2938 3533; x_wconf 91' lang='lat' dir='ltr'><strong>seu</strong></span> <span class='ocrx_word' id='word_1_413' title='bbox 2960 3478 3304 3546; x_wconf 89' lang='lat' dir='ltr'><strong>interdicere,</strong></span> <span class='ocrx_word' id='word_1_414' title='bbox 3322 3480 3539 3535; x_wconf 90' lang='lat' dir='ltr'><strong>etiamsi</strong></span> 
     </span>
    </p>
   </div>
   <div class='ocr_carea' id='block_1_66' title="bbox 1942 3571 3536 3642">
    <p class='ocr_par' dir='ltr' id='par_1_66' title="bbox 1942 3571 3536 3642">
     <span class='ocr_line' id='line_1_66' title="bbox 1942 3571 3536 3642; baseline 0.004 -18"><span class='ocrx_word' id='word_1_415' title='bbox 1942 3571 2291 3624; x_wconf 89' lang='lat' dir='ltr'><strong>Carnotensis</strong></span> <span class='ocrx_word' id='word_1_416' title='bbox 2319 3572 2398 3624; x_wconf 91' lang='lat' dir='ltr'><strong>vel</strong></span> <span class='ocrx_word' id='word_1_417' title='bbox 2438 3571 2842 3642; x_wconf 78' lang='lat' dir='ltr'><strong>Andegavensis</strong></span> <span class='ocrx_word' id='word_1_418' title='bbox 2872 3572 3040 3641; x_wconf 87' lang='lat' dir='ltr'><strong>patria</strong></span> <span class='ocrx_word' id='word_1_419' title='bbox 3065 3573 3536 3630; x_wconf 81' lang='lat' dir='ltr'><strong>excommunicata</strong></span> 
     </span>
    </p>
   </div>
   <div class='ocr_carea' id='block_1_67' title="bbox 1946 3662 3535 3731">
    <p class='ocr_par' dir='ltr' id='par_1_67' title="bbox 1946 3662 3535 3731">
     <span class='ocr_line' id='line_1_67' title="bbox 1946 3662 3535 3731; baseline 0.004 -15"><span class='ocrx_word' id='word_1_420' title='bbox 1946 3662 2106 3719; x_wconf 85' lang='lat' dir='ltr'><strong>fuerit</strong></span> <span class='ocrx_word' id='word_1_421' title='bbox 2133 3672 2227 3718; x_wconf 90' lang='lat' dir='ltr'><strong>aut</strong></span> <span class='ocrx_word' id='word_1_422' title='bbox 2255 3663 2560 3731; x_wconf 85' lang='lat' dir='ltr'><strong>interdicta;</strong></span> <span class='ocrx_word' id='word_1_423' title='bbox 2602 3666 3102 3721; x_wconf 86' lang='lat' dir='ltr'><strong>excommunicatos</strong></span> <span class='ocrx_word' id='word_1_424' title='bbox 3129 3673 3312 3721; x_wconf 91' lang='lat' dir='ltr'><strong>tamen</strong></span> <span class='ocrx_word' id='word_1_425' title='bbox 3341 3682 3535 3722; x_wconf 85' lang='lat' dir='ltr'><strong>mona-</strong></span> 
     </span>
    </p>
   </div>
   <div class='ocr_carea' id='block_1_68' title="bbox 1941 3757 3537 3830">
    <p class='ocr_par' dir='ltr' id='par_1_68' title="bbox 1941 3757 3537 3830">
     <span class='ocr_line' id='line_1_68' title="bbox 1941 3757 3537 3830; baseline 0.002 -18"><span class='ocrx_word' id='word_1_426' title='bbox 1941 3757 2028 3812; x_wconf 89' lang='lat' dir='ltr'><strong>chi</strong></span> <span class='ocrx_word' id='word_1_427' title='bbox 2059 3774 2172 3811; x_wconf 92' lang='lat' dir='ltr'><strong>non</strong></span> <span class='ocrx_word' id='word_1_428' title='bbox 2200 3758 2514 3829; x_wconf 89' lang='lat' dir='ltr'><strong>suscipiant.</strong></span> <span class='ocrx_word' id='word_1_429' title='bbox 2557 3760 2671 3814; x_wconf 87' lang='lat' dir='ltr'><strong>Nos</strong></span> <span class='ocrx_word' id='word_1_430' title='bbox 2693 3767 2874 3814; x_wconf 89' lang='lat' dir='ltr'><strong>autem</strong></span> <span class='ocrx_word' id='word_1_431' title='bbox 2901 3775 2960 3813; x_wconf 88' lang='lat' dir='ltr'><strong>ea</strong></span> <span class='ocrx_word' id='word_1_432' title='bbox 2999 3775 3121 3830; x_wconf 81' lang='lat' dir='ltr'><strong>qua</strong></span> <span class='ocrx_word' id='word_1_433' title='bbox 3147 3759 3214 3814; x_wconf 91' lang='lat' dir='ltr'><strong>ab</strong></span> <span class='ocrx_word' id='word_1_434' title='bbox 3245 3759 3378 3830; x_wconf 91' lang='lat' dir='ltr'><strong>ipsis</strong></span> <span class='ocrx_word' id='word_1_435' title='bbox 3413 3759 3537 3815; x_wconf 89' lang='lat' dir='ltr'><strong>fun-</strong></span> 
     </span>
    </p>
   </div>
   <div class='ocr_carea' id='block_1_69' title="bbox 1940 3851 3530 3923">
    <p class='ocr_par' dir='ltr' id='par_1_69' title="bbox 1940 3851 3530 3923">
     <span class='ocr_line' id='line_1_69' title="bbox 1940 3851 3530 3923; baseline 0.002 -17"><span class='ocrx_word' id='word_1_436' title='bbox 1940 3851 2222 3906; x_wconf 89' lang='lat' dir='ltr'><strong>datoribus</strong></span> <span class='ocrx_word' id='word_1_437' title='bbox 2260 3852 2338 3905; x_wconf 89' lang='lat' dir='ltr'><strong>vel</strong></span> <span class='ocrx_word' id='word_1_438' title='bbox 2384 3851 2455 3905; x_wconf 91' lang='lat' dir='ltr'><strong>ab</strong></span> <span class='ocrx_word' id='word_1_439' title='bbox 2495 3851 2615 3906; x_wconf 90' lang='lat' dir='ltr'><strong>aliis</strong></span> <span class='ocrx_word' id='word_1_440' title='bbox 2645 3852 2890 3922; x_wconf 91' lang='lat' dir='ltr'><strong>personis</strong></span> <span class='ocrx_word' id='word_1_441' title='bbox 2918 3869 3087 3923; x_wconf 91' lang='lat' dir='ltr'><strong>usque</strong></span> <span class='ocrx_word' id='word_1_442' title='bbox 3116 3853 3182 3908; x_wconf 91' lang='lat' dir='ltr'><strong>ad</strong></span> <span class='ocrx_word' id='word_1_443' title='bbox 3211 3853 3355 3907; x_wconf 90' lang='lat' dir='ltr'><strong>hunc</strong></span> <span class='ocrx_word' id='word_1_444' title='bbox 3384 3854 3530 3909; x_wconf 90' lang='lat' dir='ltr'><strong>diem</strong></span> 
     </span>
    </p>
   </div>
   <div class='ocr_carea' id='block_1_70' title="bbox 1941 3944 3532 4012">
    <p class='ocr_par' dir='ltr' id='par_1_70' title="bbox 1941 3944 3532 4012">
     <span class='ocr_line' id='line_1_70' title="bbox 1941 3944 3532 4012; baseline 0.003 -13"><span class='ocrx_word' id='word_1_445' title='bbox 1941 3944 2123 4000; x_wconf 90' lang='lat' dir='ltr'><strong>eidem</strong></span> <span class='ocrx_word' id='word_1_446' title='bbox 2150 3945 2271 4000; x_wconf 92' lang='lat' dir='ltr'><strong>loco</strong></span> <span class='ocrx_word' id='word_1_447' title='bbox 2299 3945 2483 4000; x_wconf 83' lang='lat' dir='ltr'><strong>oblata</strong></span> <span class='ocrx_word' id='word_1_448' title='bbox 2512 3954 2660 4012; x_wconf 90' lang='lat' dir='ltr'><strong>sunt,</strong></span> <span class='ocrx_word' id='word_1_449' title='bbox 2686 3954 2873 4000; x_wconf 90' lang='lat' dir='ltr'><strong>nostra</strong></span> <span class='ocrx_word' id='word_1_450' title='bbox 2894 3947 3218 4002; x_wconf 87' lang='lat' dir='ltr'><strong>auctoritate</strong></span> <span class='ocrx_word' id='word_1_451' title='bbox 3248 3946 3532 4003; x_wconf 81' lang='lat' dir='ltr'><strong>firmamus</strong></span> 
     </span>
    </p>
   </div>
   <div class='ocr_carea' id='block_1_71' title="bbox 1939 4039 3532 4111">
    <p class='ocr_par' dir='ltr' id='par_1_71' title="bbox 1939 4039 3532 4111">
     <span class='ocr_line' id='line_1_71' title="bbox 1939 4039 3532 4111; baseline 0.001 -17"><span class='ocrx_word' id='word_1_452' title='bbox 1939 4047 1994 4094; x_wconf 89' lang='lat' dir='ltr'><strong>et</strong></span> <span class='ocrx_word' id='word_1_453' title='bbox 2020 4039 2442 4094; x_wconf 87' lang='lat' dir='ltr'><strong>corroboramus</strong></span> <span class='ocrx_word' id='word_1_454' title='bbox 2471 4041 2528 4094; x_wconf 92' lang='lat' dir='ltr'><strong>in</strong></span> <span class='ocrx_word' id='word_1_455' title='bbox 2547 4049 2864 4111; x_wconf 89' lang='lat' dir='ltr'><strong>perpetuum</strong></span> <span class='ocrx_word' id='word_1_456' title='bbox 2887 4039 2998 4110; x_wconf 89' lang='lat' dir='ltr'><strong>juri</strong></span> <span class='ocrx_word' id='word_1_457' title='bbox 3024 4039 3268 4111; x_wconf 88' lang='lat' dir='ltr'><strong>ejusdem</strong></span> <span class='ocrx_word' id='word_1_458' title='bbox 3294 4041 3395 4096; x_wconf 92' lang='lat' dir='ltr'><strong>loci</strong></span> <span class='ocrx_word' id='word_1_459' title='bbox 3417 4041 3532 4096; x_wconf 89' lang='lat' dir='ltr'><strong>sine</strong></span> 
     </span>
    </p>
   </div>
   <div class='ocr_carea' id='block_1_72' title="bbox 1940 4133 3532 4205">
    <p class='ocr_par' dir='ltr' id='par_1_72' title="bbox 1940 4133 3532 4205">
     <span class='ocr_line' id='line_1_72' title="bbox 1940 4133 3532 4205; baseline 0.002 -18"><span class='ocrx_word' id='word_1_460' title='bbox 1940 4133 2301 4189; x_wconf 89' lang='lat' dir='ltr'><strong>diminutione</strong></span> <span class='ocrx_word' id='word_1_461' title='bbox 2345 4133 2428 4188; x_wconf 89' lang='lat' dir='ltr'><strong>vel</strong></span> <span class='ocrx_word' id='word_1_462' title='bbox 2461 4134 2706 4204; x_wconf 89' lang='lat' dir='ltr'><strong>qualibet</strong></span> <span class='ocrx_word' id='word_1_463' title='bbox 2733 4133 3067 4190; x_wconf 89' lang='lat' dir='ltr'><strong>detractione</strong></span> <span class='ocrx_word' id='word_1_464' title='bbox 3113 4133 3419 4205; x_wconf 90' lang='lat' dir='ltr'><strong>persistant.</strong></span> <span class='ocrx_word' id='word_1_465' title='bbox 3469 4138 3532 4190; x_wconf 90' lang='lat' dir='ltr'><strong>In</strong></span> 
     </span>
    </p>
   </div>
   <div class='ocr_carea' id='block_1_73' title="bbox 1941 4226 3532 4298">
    <p class='ocr_par' dir='ltr' id='par_1_73' title="bbox 1941 4226 3532 4298">
     <span class='ocr_line' id='line_1_73' title="bbox 1941 4226 3532 4298; baseline 0.002 -18"><span class='ocrx_word' id='word_1_466' title='bbox 1941 4227 2141 4296; x_wconf 92' lang='lat' dir='ltr'><strong>quibus</strong></span> <span class='ocrx_word' id='word_1_467' title='bbox 2176 4228 2293 4282; x_wconf 85' lang='lat' dir='ltr'><strong>hac</strong></span> <span class='ocrx_word' id='word_1_468' title='bbox 2324 4226 2554 4297; x_wconf 89' lang='lat' dir='ltr'><strong>propriis</strong></span> <span class='ocrx_word' id='word_1_469' title='bbox 2594 4227 2704 4281; x_wconf 91' lang='lat' dir='ltr'><strong>visa</strong></span> <span class='ocrx_word' id='word_1_470' title='bbox 2733 4237 2862 4281; x_wconf 90' lang='lat' dir='ltr'><strong>sunt</strong></span> <span class='ocrx_word' id='word_1_471' title='bbox 2901 4228 3251 4298; x_wconf 84' lang='lat' dir='ltr'><strong>exprimenda</strong></span> <span class='ocrx_word' id='word_1_472' title='bbox 3282 4228 3532 4284; x_wconf 89' lang='lat' dir='ltr'><strong>nomini-</strong></span> 
     </span>
    </p>
   </div>
   <div class='ocr_carea' id='block_1_74' title="bbox 1940 4320 3527 4390">
    <p class='ocr_par' dir='ltr' id='par_1_74' title="bbox 1940 4320 3527 4390">
     <span class='ocr_line' id='line_1_74' title="bbox 1940 4320 3527 4390; baseline 0.001 -14"><span class='ocrx_word' id='word_1_473' title='bbox 1940 4321 2044 4376; x_wconf 87' lang='lat' dir='ltr'><strong>bus</strong></span> <span class='ocrx_word' id='word_1_474' title='bbox 2082 4340 2096 4376; x_wconf 88' lang='lat'><strong>:</strong></span> <span class='ocrx_word' id='word_1_475' title='bbox 2129 4321 2365 4375; x_wconf 86' lang='lat' dir='ltr'><strong>Ecclesia</strong></span> <span class='ocrx_word' id='word_1_476' title='bbox 2385 4320 2558 4375; x_wconf 89' lang='lat' dir='ltr'><strong>sancti</strong></span> <span class='ocrx_word' id='word_1_477' title='bbox 2592 4320 2810 4390; x_wconf 88' lang='lat' dir='ltr'><strong>Georgii</strong></span> <span class='ocrx_word' id='word_1_478' title='bbox 2837 4320 3086 4375; x_wconf 91' lang='lat' dir='ltr'><strong>Oleronis</strong></span> <span class='ocrx_word' id='word_1_479' title='bbox 3109 4321 3164 4374; x_wconf 94' lang='lat' dir='ltr'><strong>in</strong></span> <span class='ocrx_word' id='word_1_480' title='bbox 3190 4321 3363 4376; x_wconf 89' lang='lat' dir='ltr'><strong>insula</strong></span> <span class='ocrx_word' id='word_1_481' title='bbox 3398 4338 3527 4377; x_wconf 91' lang='lat' dir='ltr'><strong>cum</strong></span> 
     </span>
    </p>
   </div>
   <div class='ocr_carea' id='block_1_75' title="bbox 217 4413 3530 4490">
    <p class='ocr_par' dir='ltr' id='par_1_75' title="bbox 217 4413 3530 4490">
     <span class='ocr_line' id='line_1_75' title="bbox 217 4413 3530 4490; baseline 0.001 -22"><span class='ocrx_word' id='word_1_482' title='bbox 217 4415 450 4486; x_wconf 87' lang='lat' dir='ltr'><strong>eligere,</strong></span> <span class='ocrx_word' id='word_1_483' title='bbox 492 4429 604 4469; x_wconf 92' lang='lat' dir='ltr'><strong>non</strong></span> <span class='ocrx_word' id='word_1_484' title='bbox 653 4422 839 4470; x_wconf 90' lang='lat' dir='ltr'><strong>tamen</strong></span> <span class='ocrx_word' id='word_1_485' title='bbox 892 4416 1009 4470; x_wconf 88' lang='lat' dir='ltr'><strong>sine</strong></span> <span class='ocrx_word' id='word_1_486' title='bbox 1059 4416 1230 4470; x_wconf 85' lang='lat' dir='ltr'><strong>trium</strong></span> <span class='ocrx_word' id='word_1_487' title='bbox 1278 4415 1536 4470; x_wconf 89' lang='lat' dir='ltr'><strong>abbatum</strong></span> <span class='ocrx_word' id='word_1_488' title='bbox 1581 4416 1828 4485; x_wconf 91' lang='lat' dir='ltr'><strong>consilio,</strong></span> <span class='ocrx_word' id='word_1_489' title='bbox 1857 4425 1907 4490; x_wconf 77' lang='grc' dir='ltr'><strong>ι)</strong></span> <span class='ocrx_word' id='word_1_490' title='bbox 1939 4430 2135 4486; x_wconf 87' lang='lat' dir='ltr'><strong>magna</strong></span> <span class='ocrx_word' id='word_1_491' title='bbox 2161 4421 2313 4484; x_wconf 90' lang='lat' dir='ltr'><strong>parte</strong></span> <span class='ocrx_word' id='word_1_492' title='bbox 2340 4413 2586 4485; x_wconf 90' lang='lat' dir='ltr'><strong>ejusdem</strong></span> <span class='ocrx_word' id='word_1_493' title='bbox 2620 4413 2832 4479; x_wconf 86' lang='lat' dir='ltr'><strong>insula,</strong></span> <span class='ocrx_word' id='word_1_494' title='bbox 2872 4413 3097 4468; x_wconf 90' lang='lat' dir='ltr'><strong>ecclesia</strong></span> <span class='ocrx_word' id='word_1_495' title='bbox 3125 4416 3312 4470; x_wconf 83' lang='lat' dir='ltr'><strong>Beata</strong></span> <span class='ocrx_word' id='word_1_496' title='bbox 3339 4416 3530 4470; x_wconf 81' lang='lat' dir='ltr'><strong>Maria</strong></span> 
     </span>
    </p>
   </div>
   <div class='ocr_carea' id='block_1_76' title="bbox 215 4507 1820 4579">
    <p class='ocr_par' dir='ltr' id='par_1_76' title="bbox 215 4507 1820 4579">
     <span class='ocr_line' id='line_1_76' title="bbox 215 4507 1820 4579; baseline 0.001 -18"><span class='ocrx_word' id='word_1_497' title='bbox 215 4523 355 4577; x_wconf 86' lang='lat' dir='ltr'><strong>quos</strong></span> <span class='ocrx_word' id='word_1_498' title='bbox 403 4507 776 4578; x_wconf 88' lang='lat' dir='ltr'><strong>religiosiores</strong></span> <span class='ocrx_word' id='word_1_499' title='bbox 818 4507 885 4563; x_wconf 91' lang='lat' dir='ltr'><strong>de</strong></span> <span class='ocrx_word' id='word_1_500' title='bbox 913 4508 1107 4563; x_wconf 86' lang='lat' dir='ltr'><strong>vicinis</strong></span> <span class='ocrx_word' id='word_1_501' title='bbox 1133 4508 1262 4563; x_wconf 84' lang='lat' dir='ltr'><strong>locis</strong></span> <span class='ocrx_word' id='word_1_502' title='bbox 1307 4508 1507 4564; x_wconf 89' lang='lat' dir='ltr'><strong>habere</strong></span> <span class='ocrx_word' id='word_1_503' title='bbox 1549 4517 1820 4579; x_wconf 89' lang='lat' dir='ltr'><strong>poterunt.</strong></span> 
     </span>
    </p>
   </div>
   <div class='ocr_carea' id='block_1_77' title="bbox 217 4600 1824 4673">
    <p class='ocr_par' dir='ltr' id='par_1_77' title="bbox 217 4600 1824 4673">
     <span class='ocr_line' id='line_1_77' title="bbox 217 4600 1824 4673; baseline 0.001 -18"><span class='ocrx_word' id='word_1_504' title='bbox 217 4600 449 4657; x_wconf 80' lang='lat' dir='ltr'><strong>Electus</strong></span> <span class='ocrx_word' id='word_1_505' title='bbox 488 4609 696 4666; x_wconf 90' lang='lat' dir='ltr'><strong>autem,</strong></span> <span class='ocrx_word' id='word_1_506' title='bbox 723 4617 791 4655; x_wconf 90' lang='lat' dir='ltr'><strong>ne</strong></span> <span class='ocrx_word' id='word_1_507' title='bbox 819 4602 1004 4658; x_wconf 88' lang='lat' dir='ltr'><strong>statim</strong></span> <span class='ocrx_word' id='word_1_508' title='bbox 1039 4604 1277 4656; x_wconf 81' lang='lat' dir='ltr'><strong>Romam</strong></span> <span class='ocrx_word' id='word_1_509' title='bbox 1317 4602 1501 4657; x_wconf 87' lang='lat' dir='ltr'><strong>venire</strong></span> <span class='ocrx_word' id='word_1_510' title='bbox 1544 4601 1824 4673; x_wconf 87' lang='lat' dir='ltr'><strong>fatigetur,</strong></span> 
     </span>
    </p>
   </div>
   <div class='ocr_carea' id='block_1_78' title="bbox 213 4695 1826 4767">
    <p class='ocr_par' dir='ltr' id='par_1_78' title="bbox 213 4695 1826 4767">
     <span class='ocr_line' id='line_1_78' title="bbox 213 4695 1826 4767; baseline 0.001 -18"><span class='ocrx_word' id='word_1_511' title='bbox 213 4711 242 4749; x_wconf 91' lang='lat' dir='ltr'><strong>a</strong></span> <span class='ocrx_word' id='word_1_512' title='bbox 271 4699 617 4767; x_wconf 86' lang='lat' dir='ltr'><strong>quocunque</strong></span> <span class='ocrx_word' id='word_1_513' title='bbox 659 4697 897 4751; x_wconf 87' lang='lat' dir='ltr'><strong>voluerit</strong></span> <span class='ocrx_word' id='word_1_514' title='bbox 943 4695 1217 4752; x_wconf 90' lang='lat' dir='ltr'><strong>catholico</strong></span> <span class='ocrx_word' id='word_1_515' title='bbox 1252 4696 1506 4766; x_wconf 90' lang='lat' dir='ltr'><strong>episcopo</strong></span> <span class='ocrx_word' id='word_1_516' title='bbox 1536 4713 1826 4752; x_wconf 91' lang='lat' dir='ltr'><strong>consecra-</strong></span> 
     </span>
    </p>
   </div>
   <div class='ocr_carea' id='block_1_79' title="bbox 213 4779 1828 4860">
    <p class='ocr_par' dir='ltr' id='par_1_79' title="bbox 213 4779 1828 4860">
     <span class='ocr_line' id='line_1_79' title="bbox 213 4779 1828 4860; baseline 0.002 -18"><span class='ocrx_word' id='word_1_517' title='bbox 213 4779 432 4845; x_wconf 83' lang='lat' dir='ltr'><strong>tionem</strong></span> <span class='ocrx_word' id='word_1_518' title='bbox 460 4789 718 4860; x_wconf 88' lang='lat' dir='ltr'><strong>suscipiat</strong></span> <span class='ocrx_word' id='word_1_519' title='bbox 750 4807 762 4842; x_wconf 92' lang='lat'>:</span> <span class='ocrx_word' id='word_1_520' title='bbox 791 4789 982 4844; x_wconf 82' lang='lat' dir='ltr'><strong>electio</strong></span> <span class='ocrx_word' id='word_1_521' title='bbox 1028 4805 1156 4844; x_wconf 90' lang='lat' dir='ltr'><strong>vero</strong></span> <span class='ocrx_word' id='word_1_522' title='bbox 1187 4790 1267 4844; x_wconf 93' lang='lat' dir='ltr'><strong>vel</strong></span> <span class='ocrx_word' id='word_1_523' title='bbox 1296 4789 1564 4845; x_wconf 86' lang='lat' dir='ltr'><strong>ordinatio</strong></span> <span class='ocrx_word' id='word_1_524' title='bbox 1592 4790 1828 4860; x_wconf 89' lang='lat' dir='ltr'><strong>qualiter</strong></span> 
     </span>
    </p>
   </div>
   <div class='ocr_carea' id='block_1_80' title="bbox 209 4881 1822 4956">
    <p class='ocr_par' dir='ltr' id='par_1_80' title="bbox 209 4881 1822 4956">
     <span class='ocr_line' id='line_1_80' title="bbox 209 4881 1822 4956; baseline 0.001 -18"><span class='ocrx_word' id='word_1_525' title='bbox 209 4881 351 4940; x_wconf 85' lang='lat' dir='ltr'><strong>facta</strong></span> <span class='ocrx_word' id='word_1_526' title='bbox 382 4883 557 4938; x_wconf 87' lang='lat' dir='ltr'><strong>fuerit</strong></span> <span class='ocrx_word' id='word_1_527' title='bbox 583 4883 836 4939; x_wconf 88' lang='lat' dir='ltr'><strong>studeant</strong></span> <span class='ocrx_word' id='word_1_528' title='bbox 864 4883 1113 4938; x_wconf 91' lang='lat' dir='ltr'><strong>monachi</strong></span> <span class='ocrx_word' id='word_1_529' title='bbox 1134 4883 1301 4956; x_wconf 90' lang='lat' dir='ltr'><strong>&#39;papa</strong></span> <span class='ocrx_word' id='word_1_530' title='bbox 1327 4883 1520 4939; x_wconf 90' lang='lat' dir='ltr'><strong>litteris</strong></span> <span class='ocrx_word' id='word_1_531' title='bbox 1550 4885 1822 4952; x_wconf 89' lang='lat' dir='ltr'><strong>intimare,</strong></span> 
     </span>
    </p>
   </div>
   <div class='ocr_carea' id='block_1_81' title="bbox 212 4975 1825 5048">
    <p class='ocr_par' dir='ltr' id='par_1_81' title="bbox 212 4975 1825 5048">
     <span class='ocr_line' id='line_1_81' title="bbox 212 4975 1825 5048; baseline 0.002 -17"><span class='ocrx_word' id='word_1_532' title='bbox 212 4986 271 5032; x_wconf 92' lang='lat' dir='ltr'><strong>ut</strong></span> <span class='ocrx_word' id='word_1_533' title='bbox 313 4986 418 5033; x_wconf 86' lang='lat' dir='ltr'><strong>aut</strong></span> <span class='ocrx_word' id='word_1_534' title='bbox 448 4975 728 5044; x_wconf 89' lang='lat' dir='ltr'><strong>emendet,</strong></span> <span class='ocrx_word' id='word_1_535' title='bbox 755 4977 798 5032; x_wconf 92' lang='lat' dir='ltr'><strong>si</strong></span> <span class='ocrx_word' id='word_1_536' title='bbox 825 4993 964 5048; x_wconf 91' lang='lat' dir='ltr'><strong>opus</strong></span> <span class='ocrx_word' id='word_1_537' title='bbox 985 4977 1148 5034; x_wconf 87' lang='lat' dir='ltr'><strong>fuerit</strong></span> <span class='ocrx_word' id='word_1_538' title='bbox 1191 4977 1621 5045; x_wconf 86' lang='lat' dir='ltr'><strong>emendandum,</strong></span> <span class='ocrx_word' id='word_1_539' title='bbox 1659 4988 1753 5034; x_wconf 90' lang='lat' dir='ltr'><strong>aut</strong></span> <span class='ocrx_word' id='word_1_540' title='bbox 1781 4980 1825 5035; x_wconf 91' lang='lat' dir='ltr'><strong>si</strong></span> 
     </span>
    </p>
   </div>
   <div class='ocr_carea' id='block_1_82' title="bbox 210 5069 1824 5129">
    <p class='ocr_par' dir='ltr' id='par_1_82' title="bbox 210 5069 1824 5129">
     <span class='ocr_line' id='line_1_82' title="bbox 210 5069 1824 5129; baseline 0.002 -3"><span class='ocrx_word' id='word_1_541' title='bbox 210 5069 382 5127; x_wconf 87' lang='lat' dir='ltr'><strong>fuerit</strong></span> <span class='ocrx_word' id='word_1_542' title='bbox 418 5071 721 5126; x_wconf 90' lang='lat' dir='ltr'><strong>secundum</strong></span> <span class='ocrx_word' id='word_1_543' title='bbox 758 5075 942 5126; x_wconf 89' lang='lat' dir='ltr'><strong>Deum</strong></span> <span class='ocrx_word' id='word_1_544' title='bbox 980 5081 1034 5127; x_wconf 91' lang='lat' dir='ltr'><strong>et</strong></span> <span class='ocrx_word' id='word_1_545' title='bbox 1071 5081 1321 5128; x_wconf 87' lang='lat' dir='ltr'><strong>nostrum</strong></span> <span class='ocrx_word' id='word_1_546' title='bbox 1361 5072 1643 5129; x_wconf 90' lang='lat' dir='ltr'><strong>decretum</strong></span> <span class='ocrx_word' id='word_1_547' title='bbox 1680 5073 1824 5129; x_wconf 82' lang='lat' dir='ltr'><strong>facta</strong></span> 
     </span>
    </p>
   </div>
   <div class='ocr_carea' id='block_1_83' title="bbox 209 5165 1824 5238">
    <p class='ocr_par' dir='ltr' id='par_1_83' title="bbox 209 5165 1824 5238">
     <span class='ocr_line' id='line_1_83' title="bbox 209 5165 1824 5238; baseline 0.001 -17"><span class='ocrx_word' id='word_1_548' title='bbox 209 5165 412 5221; x_wconf 86' lang='lat' dir='ltr'><strong>electio</strong></span> <span class='ocrx_word' id='word_1_549' title='bbox 458 5165 570 5219; x_wconf 88' lang='lat' dir='ltr'><strong>sive</strong></span> <span class='ocrx_word' id='word_1_550' title='bbox 605 5165 963 5233; x_wconf 88' lang='lat' dir='ltr'><strong>consecratio,</strong></span> <span class='ocrx_word' id='word_1_551' title='bbox 995 5165 1144 5220; x_wconf 91' lang='lat' dir='ltr'><strong>bono</strong></span> <span class='ocrx_word' id='word_1_552' title='bbox 1184 5165 1370 5222; x_wconf 90' lang='lat' dir='ltr'><strong>studio</strong></span> <span class='ocrx_word' id='word_1_553' title='bbox 1413 5169 1824 5238; x_wconf 89' lang='lat' dir='ltr'><strong>congratuletur</strong></span> 
     </span>
    </p>
   </div>
   <div class='ocr_carea' id='block_1_84' title="bbox 210 5257 1822 5329">
    <p class='ocr_par' dir='ltr' id='par_1_84' title="bbox 210 5257 1822 5329">
     <span class='ocr_line' id='line_1_84' title="bbox 210 5257 1822 5329; baseline 0.003 -17"><span class='ocrx_word' id='word_1_554' title='bbox 210 5265 268 5312; x_wconf 87' lang='lat' dir='ltr'><strong>et</strong></span> <span class='ocrx_word' id='word_1_555' title='bbox 293 5258 367 5313; x_wconf 85' lang='lat' dir='ltr'><strong>ab</strong></span> <span class='ocrx_word' id='word_1_556' title='bbox 412 5258 532 5329; x_wconf 88' lang='lat' dir='ltr'><strong>ipso</strong></span> <span class='ocrx_word' id='word_1_557' title='bbox 570 5257 947 5313; x_wconf 83' lang='lat' dir='ltr'><strong>conﬁrmetur.</strong></span> <span class='ocrx_word' id='word_1_558' title='bbox 991 5259 1345 5329; x_wconf 85' lang='lat' dir='ltr'><strong>Pracipimus</strong></span> <span class='ocrx_word' id='word_1_559' title='bbox 1372 5259 1536 5315; x_wconf 91' lang='lat' dir='ltr'><strong>etiam</strong></span> <span class='ocrx_word' id='word_1_560' title='bbox 1567 5268 1628 5315; x_wconf 93' lang='lat' dir='ltr'><strong>ut</strong></span> <span class='ocrx_word' id='word_1_561' title='bbox 1655 5261 1822 5317; x_wconf 88' lang='lat' dir='ltr'><strong>abbas</strong></span> 
     </span>
    </p>
   </div>
   <div class='ocr_carea' id='block_1_85' title="bbox 210 5350 1819 5424">
    <p class='ocr_par' dir='ltr' id='par_1_85' title="bbox 210 5350 1819 5424">
     <span class='ocr_line' id='line_1_85' title="bbox 210 5350 1819 5424; baseline 0.003 -19"><span class='ocrx_word' id='word_1_562' title='bbox 210 5351 330 5422; x_wconf 86' lang='lat' dir='ltr'><strong>ipse</strong></span> <span class='ocrx_word' id='word_1_563' title='bbox 359 5351 456 5423; x_wconf 90' lang='lat' dir='ltr'><strong>qui</strong></span> <span class='ocrx_word' id='word_1_564' title='bbox 481 5350 780 5407; x_wconf 88' lang='lat' dir='ltr'><strong>alodiarius</strong></span> <span class='ocrx_word' id='word_1_565' title='bbox 801 5353 1065 5407; x_wconf 82' lang='lat' dir='ltr'><strong>Romana</strong></span> <span class='ocrx_word' id='word_1_566' title='bbox 1090 5353 1344 5408; x_wconf 85' lang='lat' dir='ltr'><strong>Ecclesia</strong></span> <span class='ocrx_word' id='word_1_567' title='bbox 1364 5352 1720 5424; x_wconf 86' lang='lat' dir='ltr'><strong>dignoscitur,</strong></span> <span class='ocrx_word' id='word_1_568' title='bbox 1749 5354 1819 5410; x_wconf 90' lang='lat' dir='ltr'><strong>ab</strong></span> 
     </span>
    </p>
   </div>
   <div class='ocr_carea' id='block_1_86' title="bbox 208 5443 1819 5518">
    <p class='ocr_par' dir='ltr' id='par_1_86' title="bbox 208 5443 1819 5518">
     <span class='ocr_line' id='line_1_86' title="bbox 208 5443 1819 5518; baseline 0.003 -20"><span class='ocrx_word' id='word_1_569' title='bbox 208 5443 476 5516; x_wconf 83' lang='lat' dir='ltr'><strong>episcopo</strong></span> <span class='ocrx_word' id='word_1_570' title='bbox 523 5445 604 5500; x_wconf 90' lang='lat' dir='ltr'><strong>vel</strong></span> <span class='ocrx_word' id='word_1_571' title='bbox 634 5461 664 5500; x_wconf 90' lang='lat' dir='ltr'><strong>a</strong></span> <span class='ocrx_word' id='word_1_572' title='bbox 702 5444 945 5518; x_wconf 88' lang='lat' dir='ltr'><strong>quolibet</strong></span> <span class='ocrx_word' id='word_1_573' title='bbox 973 5445 1285 5516; x_wconf 85' lang='lat' dir='ltr'><strong>apostolica</strong></span> <span class='ocrx_word' id='word_1_574' title='bbox 1331 5446 1472 5502; x_wconf 82' lang='lat' dir='ltr'><strong>sedis</strong></span> <span class='ocrx_word' id='word_1_575' title='bbox 1518 5447 1719 5502; x_wconf 87' lang='lat' dir='ltr'><strong>vicario</strong></span> <span class='ocrx_word' id='word_1_576' title='bbox 1748 5448 1819 5504; x_wconf 89' lang='lat' dir='ltr'><strong>ad</strong></span> 
     </span>
    </p>
   </div>
   <div class='ocr_carea' id='block_1_87' title="bbox 208 5538 1814 5607">
    <p class='ocr_par' dir='ltr' id='par_1_87' title="bbox 208 5538 1814 5607">
     <span class='ocr_line' id='line_1_87' title="bbox 208 5538 1814 5607; baseline 0.003 -15"><span class='ocrx_word' id='word_1_577' title='bbox 208 5538 513 5594; x_wconf 89' lang='lat' dir='ltr'><strong>concilium</strong></span> <span class='ocrx_word' id='word_1_578' title='bbox 576 5553 688 5594; x_wconf 92' lang='lat' dir='ltr'><strong>non</strong></span> <span class='ocrx_word' id='word_1_579' title='bbox 757 5547 996 5607; x_wconf 85' lang='lat' dir='ltr'><strong>vocetur,</strong></span> <span class='ocrx_word' id='word_1_580' title='bbox 1050 5555 1151 5594; x_wconf 91' lang='lat' dir='ltr'><strong>nec</strong></span> <span class='ocrx_word' id='word_1_581' title='bbox 1191 5547 1416 5595; x_wconf 89' lang='lat' dir='ltr'><strong>coactus</strong></span> <span class='ocrx_word' id='word_1_582' title='bbox 1468 5541 1670 5607; x_wconf 89' lang='lat' dir='ltr'><strong>veniat,</strong></span> <span class='ocrx_word' id='word_1_583' title='bbox 1719 5540 1814 5597; x_wconf 90' lang='lat' dir='ltr'><strong>sed</strong></span> 
     </span>
    </p>
   </div>
   <div class='ocr_carea' id='block_1_88' title="bbox 206 5631 1812 5710">
    <p class='ocr_par' dir='ltr' id='par_1_88' title="bbox 206 5631 1812 5710">
     <span class='ocr_line' id='line_1_88' title="bbox 206 5631 1812 5710; baseline 0.003 -25"><span class='ocrx_word' id='word_1_584' title='bbox 206 5633 532 5686; x_wconf 79' lang='lat' dir='ltr'><strong>Romanam</strong></span> <span class='ocrx_word' id='word_1_585' title='bbox 606 5631 898 5688; x_wconf 84' lang='lat' dir='ltr'><strong>Ecclesiam</strong></span> <span class='ocrx_word' id='word_1_586' title='bbox 965 5647 1062 5703; x_wconf 89' lang='lat' dir='ltr'><strong>per</strong></span> <span class='ocrx_word' id='word_1_587' title='bbox 1119 5647 1178 5688; x_wconf 87' lang='lat' dir='ltr'><strong>se</strong></span> <span class='ocrx_word' id='word_1_588' title='bbox 1253 5639 1347 5687; x_wconf 90' lang='lat' dir='ltr'><strong>aut</strong></span> <span class='ocrx_word' id='word_1_589' title='bbox 1411 5648 1509 5710; x_wconf 72' lang='lat' dir='ltr'><strong>per</strong></span> <span class='ocrx_word' id='word_1_590' title='bbox 1568 5635 1812 5705; x_wconf 89' lang='lat' dir='ltr'><strong>legatum</strong></span> 
     </span>
    </p>
   </div>
   <div class='ocr_carea' id='block_1_89' title="bbox 207 5724 1812 5783">
    <p class='ocr_par' dir='ltr' id='par_1_89' title="bbox 207 5724 1812 5783">
     <span class='ocr_line' id='line_1_89' title="bbox 207 5724 1812 5783; baseline 0.004 -6"><span class='ocrx_word' id='word_1_591' title='bbox 207 5738 385 5779; x_wconf 85' lang='lat' dir='ltr'><strong>suum</strong></span> <span class='ocrx_word' id='word_1_592' title='bbox 410 5725 627 5781; x_wconf 85' lang='lat' dir='ltr'><strong>studeat</strong></span> <span class='ocrx_word' id='word_1_593' title='bbox 671 5725 908 5782; x_wconf 86' lang='lat' dir='ltr'><strong>visitare.</strong></span> <span class='ocrx_word' id='word_1_594' title='bbox 937 5726 1176 5783; x_wconf 88' lang='lat' dir='ltr'><strong>Censum</strong></span> <span class='ocrx_word' id='word_1_595' title='bbox 1199 5741 1328 5782; x_wconf 90' lang='lat' dir='ltr'><strong>vero</strong></span> <span class='ocrx_word' id='word_1_596' title='bbox 1363 5724 1430 5781; x_wconf 89' lang='lat' dir='ltr'><strong>ad</strong></span> <span class='ocrx_word' id='word_1_597' title='bbox 1480 5727 1812 5783; x_wconf 87' lang='lat' dir='ltr'><strong>memoriam</strong></span> 
     </span>
    </p>
   </div>
   <div class='ocr_carea' id='block_1_90' title="bbox 207 5818 1810 5892">
    <p class='ocr_par' dir='ltr' id='par_1_90' title="bbox 207 5818 1810 5892">
     <span class='ocr_line' id='line_1_90' title="bbox 207 5818 1810 5892; baseline 0.002 -20"><span class='ocrx_word' id='word_1_598' title='bbox 207 5824 264 5873; x_wconf 86' lang='lat' dir='ltr'><strong>et</strong></span> <span class='ocrx_word' id='word_1_599' title='bbox 320 5819 693 5890; x_wconf 74' lang='lat' dir='ltr'><strong>cognitionem</strong></span> <span class='ocrx_word' id='word_1_600' title='bbox 738 5818 1130 5892; x_wconf 80' lang='lat' dir='ltr'><strong>sempiternam</strong></span> <span class='ocrx_word' id='word_1_601' title='bbox 1174 5818 1462 5877; x_wconf 88' lang='lat' dir='ltr'><strong>duodecim</strong></span> <span class='ocrx_word' id='word_1_602' title='bbox 1504 5819 1810 5878; x_wconf 86' lang='lat' dir='ltr'><strong>solidorum</strong></span> 
     </span>
    </p>
   </div>
   <div class='ocr_carea' id='block_1_91' title="bbox 1876 4506 3527 4574">
    <p class='ocr_par' dir='ltr' id='par_1_91' title="bbox 1876 4506 3527 4574">
     <span class='ocr_line' id='line_1_91' title="bbox 1876 4506 3527 4574; baseline -0.001 -10"><span class='ocrx_word' id='word_1_603' title='bbox 1876 4540 1882 4548; x_wconf 75' lang='grc' dir='ltr'><em>ι</em></span> <span class='ocrx_word' id='word_1_604' title='bbox 1933 4508 2002 4564; x_wconf 92' lang='lat' dir='ltr'><strong>de</strong></span> <span class='ocrx_word' id='word_1_605' title='bbox 2031 4511 2222 4565; x_wconf 88' lang='lat' dir='ltr'><strong>Castro</strong></span> <span class='ocrx_word' id='word_1_606' title='bbox 2264 4507 2534 4574; x_wconf 88' lang='lat' dir='ltr'><strong>Oleronis,</strong></span> <span class='ocrx_word' id='word_1_607' title='bbox 2584 4506 2807 4562; x_wconf 89' lang='lat' dir='ltr'><strong>ecclesia</strong></span> <span class='ocrx_word' id='word_1_608' title='bbox 2834 4506 3006 4562; x_wconf 90' lang='lat' dir='ltr'><strong>sancti</strong></span> <span class='ocrx_word' id='word_1_609' title='bbox 3052 4506 3258 4561; x_wconf 80' lang='lat' dir='ltr'><strong>Nicolai</strong></span> <span class='ocrx_word' id='word_1_610' title='bbox 3285 4507 3353 4562; x_wconf 92' lang='lat' dir='ltr'><strong>de</strong></span> <span class='ocrx_word' id='word_1_611' title='bbox 3395 4509 3527 4563; x_wconf 91' lang='lat' dir='ltr'><strong>Ole-</strong></span> 
     </span>
    </p>
   </div>
   <div class='ocr_carea' id='block_1_92' title="bbox 1932 4600 3529 4671">
    <p class='ocr_par' dir='ltr' id='par_1_92' title="bbox 1932 4600 3529 4671">
     <span class='ocr_line' id='line_1_92' title="bbox 1932 4600 3529 4671; baseline 0.001 -14"><span class='ocrx_word' id='word_1_612' title='bbox 1932 4619 2084 4671; x_wconf 89' lang='lat' dir='ltr'><strong>rone,</strong></span> <span class='ocrx_word' id='word_1_613' title='bbox 2132 4603 2354 4658; x_wconf 91' lang='lat' dir='ltr'><strong>ecclesia</strong></span> <span class='ocrx_word' id='word_1_614' title='bbox 2393 4605 2575 4657; x_wconf 86' lang='lat' dir='ltr'><strong>Beata</strong></span> <span class='ocrx_word' id='word_1_615' title='bbox 2617 4601 2805 4656; x_wconf 89' lang='lat' dir='ltr'><strong>Maria</strong></span> <span class='ocrx_word' id='word_1_616' title='bbox 2856 4600 2925 4656; x_wconf 90' lang='lat' dir='ltr'><strong>de</strong></span> <span class='ocrx_word' id='word_1_617' title='bbox 2969 4600 3257 4671; x_wconf 91' lang='lat' dir='ltr'><strong>Surgeriis,</strong></span> <span class='ocrx_word' id='word_1_618' title='bbox 3304 4601 3529 4658; x_wconf 86' lang='lat' dir='ltr'><strong>ecclesia</strong></span> 
     </span>
    </p>
   </div>
   <div class='ocr_carea' id='block_1_93' title="bbox 1933 4694 3527 4768">
    <p class='ocr_par' dir='ltr' id='par_1_93' title="bbox 1933 4694 3527 4768">
     <span class='ocr_line' id='line_1_93' title="bbox 1933 4694 3527 4768; baseline 0.001 -17"><span class='ocrx_word' id='word_1_619' title='bbox 1933 4697 2112 4752; x_wconf 92' lang='lat' dir='ltr'><strong>Sancti</strong></span> <span class='ocrx_word' id='word_1_620' title='bbox 2142 4696 2386 4768; x_wconf 89' lang='lat' dir='ltr'><strong>Sepulcri</strong></span> <span class='ocrx_word' id='word_1_621' title='bbox 2428 4696 2497 4751; x_wconf 91' lang='lat' dir='ltr'><strong>de</strong></span> <span class='ocrx_word' id='word_1_622' title='bbox 2528 4695 2900 4765; x_wconf 87' lang='lat' dir='ltr'><strong>Balgentiaco,</strong></span> <span class='ocrx_word' id='word_1_623' title='bbox 2948 4694 3172 4750; x_wconf 86' lang='lat' dir='ltr'><strong>ecclesia</strong></span> <span class='ocrx_word' id='word_1_624' title='bbox 3203 4695 3527 4766; x_wconf 85' lang='lat' dir='ltr'><strong>parochialis</strong></span> 
     </span>
    </p>
   </div>
   <div class='ocr_carea' id='block_1_94' title="bbox 1936 4787 3526 4856">
    <p class='ocr_par' dir='ltr' id='par_1_94' title="bbox 1936 4787 3526 4856">
     <span class='ocr_line' id='line_1_94' title="bbox 1936 4787 3526 4856; baseline 0.001 -11"><span class='ocrx_word' id='word_1_625' title='bbox 1936 4789 2116 4845; x_wconf 88' lang='lat' dir='ltr'><strong>Sancti</strong></span> <span class='ocrx_word' id='word_1_626' title='bbox 2163 4789 2459 4844; x_wconf 89' lang='lat' dir='ltr'><strong>Clementis</strong></span> <span class='ocrx_word' id='word_1_627' title='bbox 2506 4787 2574 4844; x_wconf 91' lang='lat' dir='ltr'><strong>de</strong></span> <span class='ocrx_word' id='word_1_628' title='bbox 2618 4787 2889 4856; x_wconf 87' lang='lat' dir='ltr'><strong>Credone;</strong></span> <span class='ocrx_word' id='word_1_629' title='bbox 2943 4796 2998 4844; x_wconf 90' lang='lat' dir='ltr'><strong>et</strong></span> <span class='ocrx_word' id='word_1_630' title='bbox 3044 4803 3237 4844; x_wconf 89' lang='lat' dir='ltr'><strong>omnes</strong></span> <span class='ocrx_word' id='word_1_631' title='bbox 3285 4789 3526 4846; x_wconf 84' lang='lat' dir='ltr'><strong>ecclesia</strong></span> 
     </span>
    </p>
   </div>
   <div class='ocr_carea' id='block_1_95' title="bbox 1936 4881 3524 4953">
    <p class='ocr_par' dir='ltr' id='par_1_95' title="bbox 1936 4881 3524 4953">
     <span class='ocr_line' id='line_1_95' title="bbox 1936 4881 3524 4953; baseline 0.001 -16"><span class='ocrx_word' id='word_1_632' title='bbox 1936 4898 2058 4953; x_wconf 84' lang='lat' dir='ltr'><strong>qua</strong></span> <span class='ocrx_word' id='word_1_633' title='bbox 2089 4881 2225 4937; x_wconf 85' lang='lat' dir='ltr'><strong>infra</strong></span> <span class='ocrx_word' id='word_1_634' title='bbox 2279 4881 2442 4953; x_wconf 88' lang='lat' dir='ltr'><strong>hujus</strong></span> <span class='ocrx_word' id='word_1_635' title='bbox 2481 4881 2686 4937; x_wconf 81' lang='lat' dir='ltr'><strong>decreti</strong></span> <span class='ocrx_word' id='word_1_636' title='bbox 2724 4883 2921 4953; x_wconf 85' lang='lat' dir='ltr'><strong>pagina</strong></span> <span class='ocrx_word' id='word_1_637' title='bbox 2961 4883 3224 4950; x_wconf 90' lang='lat' dir='ltr'><strong>continet,</strong></span> <span class='ocrx_word' id='word_1_638' title='bbox 3269 4891 3382 4938; x_wconf 91' lang='lat' dir='ltr'><strong>tam</strong></span> <span class='ocrx_word' id='word_1_639' title='bbox 3428 4883 3524 4939; x_wconf 91' lang='lat' dir='ltr'><strong>tibi</strong></span> 
     </span>
    </p>
   </div>
   <div class='ocr_carea' id='block_1_96' title="bbox 1932 4975 3522 5048">
    <p class='ocr_par' dir='ltr' id='par_1_96' title="bbox 1932 4975 3522 5048">
     <span class='ocr_line' id='line_1_96' title="bbox 1932 4975 3522 5048; baseline 0.001 -17"><span class='ocrx_word' id='word_1_640' title='bbox 1932 4991 2100 5048; x_wconf 90' lang='lat' dir='ltr'><strong>quam</strong></span> <span class='ocrx_word' id='word_1_641' title='bbox 2147 4976 2356 5031; x_wconf 91' lang='lat' dir='ltr'><strong>cunctis</strong></span> <span class='ocrx_word' id='word_1_642' title='bbox 2385 4975 2477 5046; x_wconf 93' lang='lat' dir='ltr'><strong>qui</strong></span> <span class='ocrx_word' id='word_1_643' title='bbox 2505 4975 2560 5030; x_wconf 92' lang='lat' dir='ltr'><strong>in</strong></span> <span class='ocrx_word' id='word_1_644' title='bbox 2590 4990 2658 5030; x_wconf 91' lang='lat' dir='ltr'><strong>eo</strong></span> <span class='ocrx_word' id='word_1_645' title='bbox 2687 4990 2796 5046; x_wconf 92' lang='lat' dir='ltr'><strong>quo</strong></span> <span class='ocrx_word' id='word_1_646' title='bbox 2825 4991 2883 5031; x_wconf 89' lang='lat' dir='ltr'><strong>es</strong></span> <span class='ocrx_word' id='word_1_647' title='bbox 2918 4975 3109 5032; x_wconf 91' lang='lat' dir='ltr'><strong>ordine</strong></span> <span class='ocrx_word' id='word_1_648' title='bbox 3144 4977 3522 5042; x_wconf 88' lang='lat' dir='ltr'><strong>successerint,</strong></span> 
     </span>
    </p>
   </div>
   <div class='ocr_carea' id='block_1_97' title="bbox 1935 5068 3522 5142">
    <p class='ocr_par' dir='ltr' id='par_1_97' title="bbox 1935 5068 3522 5142">
     <span class='ocr_line' id='line_1_97' title="bbox 1935 5068 3522 5142; baseline 0 -17"><span class='ocrx_word' id='word_1_649' title='bbox 1935 5070 1994 5125; x_wconf 90' lang='lat' dir='ltr'><strong>in</strong></span> <span class='ocrx_word' id='word_1_650' title='bbox 2047 5079 2369 5142; x_wconf 89' lang='lat' dir='ltr'><strong>perpetuum</strong></span> <span class='ocrx_word' id='word_1_651' title='bbox 2417 5069 2679 5124; x_wconf 85' lang='lat' dir='ltr'><strong>servanda</strong></span> <span class='ocrx_word' id='word_1_652' title='bbox 2721 5068 3086 5125; x_wconf 88' lang='lat' dir='ltr'><strong>decernimus.</strong></span> <span class='ocrx_word' id='word_1_653' title='bbox 3134 5071 3191 5126; x_wconf 93' lang='lat' dir='ltr'><strong>Si</strong></span> <span class='ocrx_word' id='word_1_654' title='bbox 3232 5071 3352 5142; x_wconf 92' lang='lat' dir='ltr'><strong>quis</strong></span> <span class='ocrx_word' id='word_1_655' title='bbox 3393 5086 3522 5126; x_wconf 88' lang='lat' dir='ltr'><strong>vero</strong></span> 
     </span>
    </p>
   </div>
   <div class='ocr_carea' id='block_1_98' title="bbox 1931 5162 3526 5236">
    <p class='ocr_par' dir='ltr' id='par_1_98' title="bbox 1931 5162 3526 5236">
     <span class='ocr_line' id='line_1_98' title="bbox 1931 5162 3526 5236; baseline 0 -16"><span class='ocrx_word' id='word_1_656' title='bbox 1931 5179 2148 5236; x_wconf 88' lang='lat' dir='ltr'><strong>regum,</strong></span> <span class='ocrx_word' id='word_1_657' title='bbox 2175 5162 2542 5232; x_wconf 90' lang='lat' dir='ltr'><strong>sacerdotum,</strong></span> <span class='ocrx_word' id='word_1_658' title='bbox 2566 5162 2920 5231; x_wconf 88' lang='lat' dir='ltr'><strong>clericorum,</strong></span> <span class='ocrx_word' id='word_1_659' title='bbox 2940 5163 3210 5236; x_wconf 89' lang='lat' dir='ltr'><strong>judicum,</strong></span> <span class='ocrx_word' id='word_1_660' title='bbox 3237 5172 3331 5221; x_wconf 91' lang='lat' dir='ltr'><strong>aut</strong></span> <span class='ocrx_word' id='word_1_661' title='bbox 3354 5179 3526 5220; x_wconf 85' lang='lat' dir='ltr'><strong>sacu-</strong></span> 
     </span>
    </p>
   </div>
   <div class='ocr_carea' id='block_1_99' title="bbox 1930 5256 3518 5330">
    <p class='ocr_par' dir='ltr' id='par_1_99' title="bbox 1930 5256 3518 5330">
     <span class='ocr_line' id='line_1_99' title="bbox 1930 5256 3518 5330; baseline 0 -17"><span class='ocrx_word' id='word_1_662' title='bbox 1930 5258 2125 5313; x_wconf 88' lang='lat' dir='ltr'><strong>larium</strong></span> <span class='ocrx_word' id='word_1_663' title='bbox 2185 5273 2566 5329; x_wconf 91' lang='lat' dir='ltr'><strong>personarum,</strong></span> <span class='ocrx_word' id='word_1_664' title='bbox 2613 5256 2758 5313; x_wconf 90' lang='lat' dir='ltr'><strong>hanc</strong></span> <span class='ocrx_word' id='word_1_665' title='bbox 2802 5257 3204 5313; x_wconf 88' lang='lat' dir='ltr'><strong>constitutionis</strong></span> <span class='ocrx_word' id='word_1_666' title='bbox 3265 5258 3518 5330; x_wconf 87' lang='lat' dir='ltr'><strong>paginam</strong></span> 
     </span>
    </p>
   </div>
   <div class='ocr_carea' id='block_1_100' title="bbox 1929 5351 3521 5424">
    <p class='ocr_par' dir='ltr' id='par_1_100' title="bbox 1929 5351 3521 5424">
     <span class='ocr_line' id='line_1_100' title="bbox 1929 5351 3521 5424; baseline 0.001 -17"><span class='ocrx_word' id='word_1_667' title='bbox 1929 5366 2246 5424; x_wconf 89' lang='lat' dir='ltr'><strong>agnoscens,</strong></span> <span class='ocrx_word' id='word_1_668' title='bbox 2295 5359 2487 5407; x_wconf 88' lang='lat' dir='ltr'><strong>contra</strong></span> <span class='ocrx_word' id='word_1_669' title='bbox 2523 5366 2644 5406; x_wconf 90' lang='lat' dir='ltr'><strong>eam</strong></span> <span class='ocrx_word' id='word_1_670' title='bbox 2673 5351 2982 5418; x_wconf 89' lang='lat' dir='ltr'><strong>tentaverit,</strong></span> <span class='ocrx_word' id='word_1_671' title='bbox 3015 5351 3299 5422; x_wconf 86' lang='lat' dir='ltr'><strong>potestatis</strong></span> <span class='ocrx_word' id='word_1_672' title='bbox 3347 5351 3521 5408; x_wconf 92' lang='lat' dir='ltr'><strong>hono-</strong></span> 
     </span>
    </p>
   </div>
   <div class='ocr_carea' id='block_1_101' title="bbox 1925 5443 3518 5517">
    <p class='ocr_par' dir='ltr' id='par_1_101' title="bbox 1925 5443 3518 5517">
     <span class='ocr_line' id='line_1_101' title="bbox 1925 5443 3518 5517; baseline 0 -17"><span class='ocrx_word' id='word_1_673' title='bbox 1925 5445 2107 5514; x_wconf 89' lang='lat' dir='ltr'><strong>risque</strong></span> <span class='ocrx_word' id='word_1_674' title='bbox 2134 5445 2216 5500; x_wconf 89' lang='lat' dir='ltr'><strong>sui</strong></span> <span class='ocrx_word' id='word_1_675' title='bbox 2266 5444 2528 5517; x_wconf 88' lang='lat' dir='ltr'><strong>dignitate</strong></span> <span class='ocrx_word' id='word_1_676' title='bbox 2564 5453 2767 5512; x_wconf 87' lang='lat' dir='ltr'><strong>careat,</strong></span> <span class='ocrx_word' id='word_1_677' title='bbox 2804 5459 3069 5515; x_wconf 89' lang='lat' dir='ltr'><strong>renmque</strong></span> <span class='ocrx_word' id='word_1_678' title='bbox 3111 5459 3171 5500; x_wconf 88' lang='lat' dir='ltr'><strong>se</strong></span> <span class='ocrx_word' id='word_1_679' title='bbox 3210 5443 3396 5501; x_wconf 86' lang='lat' dir='ltr'><strong>divino</strong></span> <span class='ocrx_word' id='word_1_680' title='bbox 3433 5445 3518 5517; x_wconf 90' lang='lat' dir='ltr'><strong>ju-</strong></span> 
     </span>
    </p>
   </div>
   <div class='ocr_carea' id='block_1_102' title="bbox 1925 5536 3514 5611">
    <p class='ocr_par' dir='ltr' id='par_1_102' title="bbox 1925 5536 3514 5611">
     <span class='ocr_line' id='line_1_102' title="bbox 1925 5536 3514 5611; baseline 0 -18"><span class='ocrx_word' id='word_1_681' title='bbox 1925 5537 2064 5593; x_wconf 93' lang='lat' dir='ltr'><strong>dicio</strong></span> <span class='ocrx_word' id='word_1_682' title='bbox 2115 5536 2346 5594; x_wconf 80' lang='lat' dir='ltr'><strong>existere</strong></span> <span class='ocrx_word' id='word_1_683' title='bbox 2399 5538 2468 5594; x_wconf 88' lang='lat' dir='ltr'><strong>de</strong></span> <span class='ocrx_word' id='word_1_684' title='bbox 2533 5545 2838 5611; x_wconf 88' lang='lat' dir='ltr'><strong>perpetrata</strong></span> <span class='ocrx_word' id='word_1_685' title='bbox 2902 5537 3178 5609; x_wconf 89' lang='lat' dir='ltr'><strong>impietate</strong></span> <span class='ocrx_word' id='word_1_686' title='bbox 3231 5547 3514 5610; x_wconf 85' lang='lat' dir='ltr'><strong>agnoscat;</strong></span> 
     </span>
    </p>
   </div>
   <div class='ocr_carea' id='block_1_103' title="bbox 1923 5630 3514 5703">
    <p class='ocr_par' dir='ltr' id='par_1_103' title="bbox 1923 5630 3514 5703">
     <span class='ocr_line' id='line_1_103' title="bbox 1923 5630 3514 5703; baseline -0.002 -16"><span class='ocrx_word' id='word_1_687' title='bbox 1923 5639 1978 5687; x_wconf 90' lang='lat' dir='ltr'><strong>et</strong></span> <span class='ocrx_word' id='word_1_688' title='bbox 2004 5633 2106 5687; x_wconf 89' lang='lat' dir='ltr'><strong>nisi</strong></span> <span class='ocrx_word' id='word_1_689' title='bbox 2143 5632 2285 5688; x_wconf 88' lang='lat' dir='ltr'><strong>male</strong></span> <span class='ocrx_word' id='word_1_690' title='bbox 2310 5632 2489 5688; x_wconf 88' lang='lat' dir='ltr'><strong>ablata</strong></span> <span class='ocrx_word' id='word_1_691' title='bbox 2531 5632 2848 5699; x_wconf 84' lang='lat' dir='ltr'><strong>restituerit,</strong></span> <span class='ocrx_word' id='word_1_692' title='bbox 2880 5631 2960 5686; x_wconf 85' lang='lat' dir='ltr'><strong>vel</strong></span> <span class='ocrx_word' id='word_1_693' title='bbox 3010 5630 3170 5703; x_wconf 89' lang='lat' dir='ltr'><strong>digna</strong></span> <span class='ocrx_word' id='word_1_694' title='bbox 3201 5630 3514 5702; x_wconf 77' lang='lat' dir='ltr'><strong>pauitantia</strong></span> 
     </span>
    </p>
   </div>
   <div class='ocr_carea' id='block_1_104' title="bbox 1920 5724 3511 5795">
    <p class='ocr_par' dir='ltr' id='par_1_104' title="bbox 1920 5724 3511 5795">
     <span class='ocr_line' id='line_1_104' title="bbox 1920 5724 3511 5795; baseline -0.004 -13"><span class='ocrx_word' id='word_1_695' title='bbox 1920 5724 2198 5782; x_wconf 88' lang='lat' dir='ltr'><strong>defleverit</strong></span> <span class='ocrx_word' id='word_1_696' title='bbox 2223 5725 2367 5782; x_wconf 91' lang='lat' dir='ltr'><strong>illius</strong></span> <span class='ocrx_word' id='word_1_697' title='bbox 2393 5734 2534 5795; x_wconf 87' lang='lat' dir='ltr'><strong>acta,</strong></span> <span class='ocrx_word' id='word_1_698' title='bbox 2565 5741 2596 5781; x_wconf 91' lang='lat' dir='ltr'><strong>a</strong></span> <span class='ocrx_word' id='word_1_699' title='bbox 2635 5724 3002 5781; x_wconf 87' lang='lat' dir='ltr'><strong>sacratissimo</strong></span> <span class='ocrx_word' id='word_1_700' title='bbox 3038 5739 3266 5794; x_wconf 90' lang='lat' dir='ltr'><strong>corpore</strong></span> <span class='ocrx_word' id='word_1_701' title='bbox 3297 5732 3352 5778; x_wconf 90' lang='lat' dir='ltr'><strong>et</strong></span> <span class='ocrx_word' id='word_1_702' title='bbox 3385 5738 3511 5778; x_wconf 83' lang='lat' dir='ltr'><strong>san-</strong></span> 
     </span>
    </p>
   </div>
   <div class='ocr_carea' id='block_1_105' title="bbox 1919 5815 3512 5894">
    <p class='ocr_par' dir='ltr' id='par_1_105' title="bbox 1919 5815 3512 5894">
     <span class='ocr_line' id='line_1_105' title="bbox 1919 5815 3512 5894; baseline -0.003 -18"><span class='ocrx_word' id='word_1_703' title='bbox 1919 5820 2082 5894; x_wconf 85' lang='lat' dir='ltr'><strong>guine</strong></span> <span class='ocrx_word' id='word_1_704' title='bbox 2099 5819 2484 5892; x_wconf 80' lang='lat' dir='ltr'><strong>Redemptoris</strong></span> <span class='ocrx_word' id='word_1_705' title='bbox 2503 5819 2673 5875; x_wconf 90' lang='lat' dir='ltr'><strong>nostri</strong></span> <span class='ocrx_word' id='word_1_706' title='bbox 2690 5821 2720 5874; x_wconf 79' lang='grc' dir='ltr'><strong>,Ι</strong></span> <span class='ocrx_word' id='word_1_707' title='bbox 2725 5831 2819 5875; x_wconf 83' lang='lat' dir='ltr'><strong>esu</strong></span> <span class='ocrx_word' id='word_1_708' title='bbox 2837 5816 3039 5874; x_wconf 85' lang='lat' dir='ltr'><strong>Christi</strong></span> <span class='ocrx_word' id='word_1_709' title='bbox 3064 5815 3270 5872; x_wconf 84' lang='lat' dir='ltr'><strong>alienus</strong></span> <span class='ocrx_word' id='word_1_710' title='bbox 3291 5816 3406 5884; x_wconf 81' lang='lat' dir='ltr'><strong>ﬁat,</strong></span> <span class='ocrx_word' id='word_1_711' title='bbox 3429 5824 3512 5872; x_wconf 89' lang='lat' dir='ltr'><strong>at-</strong></span> 
     </span>
    </p>
   </div>
  </div>
