4044 6186
493 253 589 308 731

1435 245 1492 300 s.
1535 245 1852 304 cnsconu
1891 244 1982 302 vu
2023 242 2216 300 pars:
2257 219 2530 300 eranum
2565 241 2738 298 rans
2772 241 2835 298 ιι.

3676 239 3782 293 732

493 392 598 449 que
623 375 679 434 in
707 381 951 432 extremo
990 369 1242 428 examine
1266 369 1531 430 districta
1560 369 1758 428 ultioni
1788 368 2085 444 subjaceat.
2116 370 2168 438 Α
2196 366 2451 423 decessor
2499 364 2868 439 Leodegarius
2897 370 2951 419 et
2986 362 3072 418 alii
3105 361 3531 436 pradecessores
3571 361 3790 420 ﬁrmius

495 469 722 526 Cunctis
763 477 941 522 autem
973 463 1151 522 eidem
1179 464 1302 519 loco
1334 463 1485 536 justa
1516 463 1858 520 ervantibus
1888 463 1956 522 sit
1987 479 2088 536 pax

493 562 713 618 Domini
751 559 922 614 nostri
953 561 1083 612 Jesu
1131 557 1347 624 Christi,
1397 565 1455 610 ut
1503 556 1593 612 hic
1638 557 1882 612 fructum
1928 557 2090 612 bona

497 655 724 711 actionis
788 651 1108 722 percipiant,
1160 657 1215 705 et
1248 650 1397 721 apud
1460 651 1785 706 clementem
1837 650 2088 709 Iudicem

496 747 717 821 praemia
765 753 984 801 aterna
1033 745 1178 816 pacis
1219 745 1518 800 inveniant.

567 844 771 895 Datum
795 838 1068 903 Laterani,
1086 855 1178 910 per
1200 854 1395 893 manus
1411 839 1577 907 Petri,
1599 848 1805 895 sancta
1819 842 2089 894 Romana

498 933 754 992 Ecclesia
801 932 1101 1004 presbyteri
1142 931 1446 988 cardinalis.

1144 1045 1439 1099 LXXXII.

503 1159 846 1226 Conﬁrmatio
884 1160 1163 1226 primatus
1213 1157 1455 1209 Ecclesia:
1494 1157 1828 1218 Viennensis,
1877 1161 1929 1210 et
1974 1173 2091 1209 con.-

573 1231 733 1282 cessio
779 1229 1206 1296 pri-vilcgim'um,
1237 1230 1560 1295 confirmatis
1587 1230 1653 1279 iis
1684 1244 1799 1296 qua:
1825 1245 1858 1279 (ι
1878 1229 2088 1296 praede-

577 1301 866 1354 cessoribus
890 1300 1236 1368 pontiﬁcibus
1267 1300 1437 1352 eidem
1465 1313 1703 1352 concessa
1730 1304 1874 1353 sunt.

1045 1404 1227 1467 (Anno
1273 1400 1546 1470 1073-85.)

502 1512 958 1578 [COCQUELINES,
993 1511 1197 1565 Bullar.
1230 1515 1380 1634 Burgi
1405 1515 1557 1650 11mm.
1591 1511 1823 1578 Collect.,
1849 1519 1980 1568 tom.
2018 1514 2092 1580 Il,

1167 1596 1286 1650 pag.
1397 1621 1408 1633 .

1167 1596 1286 1650 pag.
1319 1596 1408 1634 41.

577 1693 930 1748 Ganeontus
961 1691 1264 1761 episcopus,
1293 1706 1478 1746 servus
1503 1707 1780 1748 servorum
1811 1693 1932 1759 Dei,
1959 1697 2096 1750 W4-

2195 461 2566 528 obtinuerunt,
2614 460 2689 518 ita
2728 458 2825 514 tibi
2867 457 3083 530 tuisque
3130 454 3535 514 successoribus
3581 453 3790 528 absque

2195 557 2303 612 ulla
2349 555 2737 628 inquietatione
2781 569 2878 608 seu
2927 551 3314 617 diminutione,
3356 548 3604 605 obtinere
3653 564 3788 603 con-

2195 651 2460 720 cedimus;
2517 647 2610 708 sed
2661 657 2715 704 et
2765 645 3039 703 abbatiam
3093 647 3155 700 S.
3217 644 3360 708 Petri
3406 643 3535 704 foris
3568 650 3792 718 portam

2200 746 2426 804 Vienna
2469 747 2652 810 sitam,
2679 751 2736 798 et
2763 739 2901 798 infra
2931 737 3180 797 eamdem
3221 738 3415 800 urbem
3449 740 3506 796 S.
3545 735 3794 796 Andreae

2197 840 2464 907 abbatias,
2494 852 2664 892 unam
2703 833 3104 890 monachorum
3133 842 3189 888 et
3215 832 3447 888 alteram
3482 831 3796 886 sanctimo-

2195 933 2440 997 nialium;
2471 946 2574 986 nec
2600 946 2710 985 non
2739 927 3014 984 abbatiam
3058 926 3228 983 sancti
3269 924 3584 990 Theuderii,
3618 939 3799 995 quam

2197 1026 2340 1082 idem
2371 1022 2702 1102 venerabilis
2730 1021 3012 1078 confessor
3035 1019 3342 1086 adiﬁcavit,
3369 1017 3477 1090 juri
3515 1018 3800 1072 Viennen-

2167 1120 2271 1176 -sis
2317 1117 2574 1176 Ecclesia
2617 1132 2714 1189 per
2741 1115 2922 1172 omnia
2951 1115 3221 1187 subjectae
3245 1128 3364 1170 esse
3393 1127 3506 1168 non
3554 1110 3804 1166 dubium

2199 1222 2298 1268 est.
2361 1216 2422 1267 In
2465 1210 2799 1267 Romanensi
2840 1224 3060 1282 quoque
3123 1206 3382 1274 Ecclesia,
3435 1206 3698 1276 quamvis
3746 1221 3803 1260 se

2199 1306 2391 1362 fulciat
2423 1313 2627 1360 nostra
2675 1303 2956 1369 libertatis,
2991 1301 3116 1357 visis
3158 1309 3344 1356 tamen
3396 1300 3804 1370 imperatorum

2201 1399 2508 1472 praceptis,
2559 1407 2669 1452 tam
2699 1398 2752 1451 in
2778 1395 3127 1452 sacnlaribus
3156 1409 3323 1466 quam
3353 1393 3409 1448 in
3456 1392 3806 1463 regularibus

2201 1493 2492 1558 canonicis,
2521 1508 2616 1564 per
2638 1491 2924 1546 consilium
2954 1489 3326 1544 vicariinostri
3361 1485 3608 1558 Hugonis
3632 1487 3806 1540 Dien-

2203 1588 2276 1642 sis
2318 1586 2570 1658 episc0pi,
2601 1584 2728 1639 inibi
2759 1583 3022 1638 ordinatis
3067 1581 3165 1636 tibi
3212 1582 3433 1652 tuisque
3471 1580 3809 1634 successori-

2203 1681 2325 1746 bus,
2356 1680 2413 1733 in
2442 1678 2701 1733 omnibus
2731 1692 2952 1732 omnem
2984 1683 3311 1750 potestatem
3342 1672 3542 1727 habere
3571 1680 3808 1743 aposto-

504 1800 805 1844 nunuuno
835 1783 1127 1842 venerabili
1156 1782 1328 1853 fratri,
1350 1784 1636 1842 Viennensi
1658 1786 2092 1859 archiepiscopo,
2129 1761 2174 1826 Β
2205 1775 2302 1829 “Ca
2352 1773 2674 1828 auctoritate
2703 1769 3074 1826 ἀθοθτυίωυεο
3123 1767 3398 1839 Quoniam
3430 1765 3615 1840 igitura
3665 1765 3812 1821 ἀίιθο

503 1888 557 1935 et
585 1895 681 1950 per
708 1895 836 1945 eum
865 1877 1033 1949 ipsius
1055 1878 1488 1947 successoribus,
1519 1887 1573 1938 et
1601 1880 1892 1942 Viennensi
1921 1883 2093 1940 eccle-

503 1973 621 2040 sia,
642 1973 696 2030 in
721 1979 1064 2044 perpetuum.

574 2067 716 2122 Cum
767 2081 834 2122 ex
865 2065 1178 2134 apostolica
1201 2065 1376 2132 sedis
1424 2065 1826 2136 moderamine,
1858 2068 1942 2126 cui
1981 2072 2101 2128 Deo

503 2166 728 2216 auctore
771 2157 1145 2228 prasidemus,
1203 2159 1456 2218 omnium
1510 2175 1634 2231 qua
1687 2176 1919 2231 usquam
1969 2171 2102 2222 sunt

505 2250 877 2308 Ecclesiarum
904 2267 1091 2310 curam
1111 2267 1321 2323 gerere,
1349 2260 1405 2307 et
1432 2260 1615 2310 tamen
1645 2253 1752 2314 illis
1772 2270 1875 2312 nos
1897 2271 2100 2316 CODVOv

503 2344 586 2400 nit
628 2344 923 2415 invigilare,
954 2351 1015 2402 ut
1049 2353 1104 2400 et
1131 2344 1200 2401 de
1230 2345 1470 2414 ipsarum
1494 2345 1715 2416 jnribus
1756 2347 1902 2418 quod
1933 2347 2102 2406 modo

503 2437 646 2494 forte
675 2436 1104 2504 diminutum—est
1129 2438 1185 2496 in
1212 2439 1480 2509 reliquum
1509 2440 1897 2498 inviolabiliter
1921 2451 2104 2499 custo-

448 2541 450 2544 '
506 2531 706 2598 diatur,
738 2547 964 2594 omnem
993 2539 1240 2590 nostram
1289 2532 1711 2590 sollicitudinem
1742 2534 1805 2590 iis
1852 2535 2106 2596 exhibere

513 2641 637 2696 qua
666 2625 997 2696 principales
1021 2641 1084 2680 ac
1123 2626 1382 2697 speciales
1412 2625 1534 2682 ﬁlia
1565 2636 1765 2684 sancta
1810 2629 1950 2686 sedis
1981 2645 2112 2696 apo-

513 2718 718 2780 stolica
768 2727 825 2776 et
868 2718 1208 2789 appellantur
1236 2727 1292 2774 et
1343 2720 1604 2788 existunt,
1638 2728 1690 2776 ct
1735 2721 1964 2778 aliarum
1994 2723 2111 2793 pri-

509 2821 720 2868 matum
766 2811 1046 2868 continent
1096 2812 1486 2870 Ecclesiarum.
1527 2815 1750 2872 Certum
1798 2816 2001 2886 quippe
2029 2825 2112 2874 est

510 2906 873 2962 Viennensem
921 2906 1226 2962 Ecclesium
1276 2905 1439 2978 hujus
1466 2905 1614 2964 sedis
1643 2909 1996 2966 concessione
2023 2926 2114 2968 su-

510 3015 605 3069 per
656 3009 870 3071 septcm
934 3000 1242 3072 provincias
1299 3000 1600 3071 primatum
1671 3010 1878 3068 tenere,
1941 3004 2115 3073 ipsam

509 3094 896 3166 Viennensem,
930 3094 1250 3160 Bituricam,
1277 3093 1662 3164 Burdegalam,
1686 3096 2118 3156 Auxioueusemt

512 3204 634 3258 qua
658 3189 959 3259 appellatur
977 3188 1510 3257 Novem~Populana,
1533 3187 1873 3253 Narbonem,
1897 3195 2112 3261 Aquen-

512 3297 627 3337 sem
668 3291 724 3337 et
752 3280 1139 3348 Ebrudunum,
1182 3281 1239 3338 in
1284 3281 1484 3352 quibus
1525 3280 1820 3340 Viennensi
1851 3283 2114 3356 archiepi-

513 3390 703 3445 scopo,
741 3375 900 3446 juxta
947 3375 1156 3432 Nicolai
1198 3373 1503 3445 decretum,
1549 3375 1791 3434 Romani
1835 3378 2114 3447 pontiﬁcis

516 3468 659 3525 vices
700 3485 882 3542 agere,
932 3478 1234 3528 conventus
1279 3469 1487 3526 scilicet
1523 3469 1813 3540 synodales
1854 3471 2110 3540 indicere,

515 3569 570 3618 et
591 3562 717 3632 jura
767 3563 1138 3621 ecclesiastica
1169 3562 1312 3633 justo
1351 3579 1416 3618 ac
1455 3563 1771 3633 regulariter
1817 3565 2114 3635 apostolica

517 3655 838 3710 auctoritate
887 3671 1212 3712 concessum
1251 3663 1333 3710 est
1376 3654 1626 3712 deﬁnire.
1667 3656 1788 3712 Hoc
1837 3658 2024 3728 utique
2063 3658 2117 3716 in

524 3745 814 3816 privilegiis
865 3747 1046 3804 eidem
1083 3747 1361 3804 Ecclesia
1407 3762 1438 3802 a
1500 3749 1850 3816 sanctissimis
1908 3750 2115 3820 prade-

521 3838 830 3894 ceseoribus
880 3840 1078 3896 nostris
1112 3839 1322 3894 collatis
1367 3839 1621 3906 habetur;
1652 3841 1755 3898 hoc
1802 3857 2022 3913 quoque
2066 3843 2120 3900 in

521 3929 800 4002 privilegio
844 3931 1017 3988 beata
1047 3932 1326 3988 memoria
1365 3932 1563 3987 Leonis
1613 3949 1762 4003 papa
1789 3935 2116 3992 continetur.

524 4027 600 4082 Ex
629 4039 738 4094 quo
769 4023 938 4094 liquet
965 4023 1266 4097 privilegio,
1293 4033 1347 4080 et
1363 4024 1486 4082 aliis
1514 4026 1930 4096 quampluribus
1951 4037 2008 4083 et
2037 4027 2121 4086 his

520 4117 869 4184 authenticis,
902 4117 1237 4188 supradictas
1281 4133 1360 4174 VII
1405 4117 1705 4188 provincias
1735 4118 1805 4176 ad
1847 4120 2117 4182 Viennen-

521 4212 596 4266 sis
626 4210 881 4268 Ecclesia
931 4211 1290 4282 privilegium,
1340 4219 1531 4282 utpote
1569 4229 1601 4268 a
1630 4212 1962 4274 beatissimis
1990 4231 2120 4286 apo-

523 4303 674 4363 stolis
717 4307 879 4362 Petro
907 4313 963 4362 et
990 4306 1158 4364 Paulo
1188 4304 1450 4373 fundata,
1477 4305 1623 4377 juste
1649 4315 1707 4362 et
1733 4308 2124 4376 rationabiliter

528 4397 814 4468 pertinere.
851 4401 917 4458 Et
955 4399 1024 4456 ad
1071 4408 1395 4472 potestatem
1435 4401 1681 4471 ejusdem
1725 4403 1990 4470 ecclesia,
2039 4419 2144 4460 se-.

525 4491 769 4548 cundum
814 4493 1100 4564 antiquam
1128 4495 1506 4552 auctoritatem
1536 4495 1764 4566 catalogi
1810 4513 1849 4552 χ
1879 4505 1931 4552 et
1981 4512 2115 4564 vm,
2146 4498 2196 4560 D

529 4587 857 4655 pertineant;
885 4587 1178 4646 deﬁnitum
1207 4596 1291 4645 est
1320 4597 1381 4645 ut
1406 4603 1496 4646 Vll
1517 4587 1716 4658 oppida
1746 4589 1826 4644 vel
1856 4589 2125 4656 civitates.

530 4679 940 4750 Gratianopolis
969 4681 1233 4746 videlicet,
1271 4681 1534 4748 Valentia,
1565 4690 1620 4738 et
1645 4681 1765 4750 Dia,
1804 4682 1938 4738 Alba
1971 4683 2128 4742 Viva-

529 4773 696 4838 rium,
754 4775 1085 4842 Tarentasia,
1131 4775 1374 4843 Geueva,
1430 4775 1771 4842 Manrienna,
1828 4776 2126 4836 Viennensi

530 4867 788 4924 Ecclesia
818 4868 1042 4926 interim
1072 4867 1329 4937 subjecta
1365 4877 1748 4939 permaneant,
1779 4867 1956 4928 donec
2001 4887 2125 4942 qua

535 4961 766 5020 residua
799 4968 948 5027 sunt,
980 4960 1184 5018 certius
1210 4959 1466 5018 discussa
1514 4971 1569 5020 et
1597 4963 1806 5034 plenius
1835 4963 2126 5031 ventilata,

533 5054 638 5110 sub
669 5060 932 5123 potestate
957 5052 1276 5114 Viennensis
1308 5053 1562 5114 Ecclesia
1590 5056 1934 5126 redigantur.
1959 5058 2127 5114 Porro

535 5145 907 5204 Tarentasiam
963 5145 1036 5204 ita
1092 5161 1309 5217 semper
1358 5147 1461 5206 sub
1507 5148 1752 5218 primatu
1805 5148 2130 5208 Viennensis

535 5237 787 5295 Ecclesia
817 5253 1139 5308 permanere
1166 5238 1532 5308 decernimus,
1560 5239 1705 5298 sicut
1733 5256 1763 5297 a
1790 5242 1994 5302 sanctis
2025 5245 2122 5302 Pa-

539 5330 714 5387 tribus
735 5334 919 5392 Leone
937 5342 994 5390 et
1019 5333 1248 5392 Nicolao
1274 5333 1518 5392 noscitur
1539 5335 1950 5394 conﬁrmatum.
1969 5339 2126 5396 Pia-

539 5431 685 5481 terea
729 5426 798 5484 de
846 5427 1265 5486 Salmariaceusi
1315 5427 1706 5487 archidiaconia
1760 5432 2129 5492 unumnobis

540 5517 826 5584 intimasti.
861 5521 1316 5580 Cousecrationes
1346 5522 1425 5580 vel
1459 5522 1854 5594 ordinationes,
1883 5533 1938 5580 et
1966 5525 2126 5597 quid-

540 5611 675 5683 quid
703 5613 772 5674 ad
797 5614 1104 5686 pontiﬁcale
1130 5615 1365 5687 pertinet
1380 5615 1644 5686 ofﬁcium.
1673 5618 1814 5680 sicut
1841 5626 1968 5684 tuus
1996 5635 2130 5691 pra-

609 5722 750 5787 (ωε)
779 5724 846 5778 In
873 5721 1468 5782 HistoriaViennensis
1493 5725 1753 5782 Ecclesia
1779 5727 1846 5783 C.
1877 5729 2127 5792 Gadﬂies,

541 5809 594 5866 p.
627 5800 715 5868 :20,
741 5794 857 5862 hac
887 5793 1113 5878 epistola
1174 5795 1386 5864 Gallico
1423 5794 1633 5870 reddita
1679 5812 1879 5866 nomen
1911 5799 2133 5880 praeter:

2199 1867 2437 1923 ctissime
2495 1865 2682 1932 frater,
2752 1863 2844 1935 qui
2899 1861 3082 1922 divina
3138 1860 3496 1932 dispositione
3550 1857 3812 1928 ejusdem

2208 1961 2463 2017 Ecclesia
2501 1958 2750 2031 regimini
2791 1973 2985 2030 praes,
3012 1964 3108 2016 tua
3139 1951 3444 2012 veneranda
3480 1952 3832 2024 religiositas‘

2208 2055 2277 2110 ab
2312 2054 2606 2128 apostolica
2641 2050 2767 2110 sede
2817 2049 3094 2110 humiliter
3138 2046 3432 2122 postulavit
3473 2054 3535 2106 ut
3578 2046 3816 2118 antiqua

2210 2147 2487 2221 privilegia
2539 2163 2567 2206 a
2598 2144 2795 2204 sanctis
2845 2141 3334 2218 pradecessoribus
3381 2140 3583 2194 nostris
3637 2155 3818 2196 sacra

2210 2240 2323 2297 sedi
2362 2240 2590 2297 Vienna
2631 2237 2830 2296 tradita
2882 2235 3356 2303 conﬁrmaremns;
3403 2233 3665 2308 quoniam
3727 2249 3818 2288 res

2212 2334 2371 2408 digna
2411 2333 2714 2406 petebatur,
2742 2332 2823 2388 tui
2855 2330 3147 2386 dilectione
3197 2344 3324 2384 cum
3349 2327 3591 2400 ejusdem
3622 2327 3821 2382 Eccle-

2212 2428 2309 2483 sia
2339 2427 2523 2483 debita
2573 2426 2836 2482 charitate
2881 2424 3112 2478 libenter
3140 2423 3456 2482 annuimus.
3510 2420 3818 2492 Privilegia

2216 2522 2379 2593 igitur
2419 2529 2475 2575 et
2529 2519 2753 2592 pradia,
2784 2519 2863 2574 vel
2906 2518 3046 2574 bona
3079 2532 3201 2589 qua
3251 2533 3283 2572 a
3330 2515 3489 2570 beato
3517 2513 3813 2580 Silvestro,

2217 2617 2403 2669 Leone
2429 2621 2484 2669 et
2511 2613 2756 2681 Nicolao,
2797 2620 2850 2666 et
2876 2610 2945 2670 ab
2983 2626 3174 2665 eorum
3206 2607 3628 2674 successoribus,
3664 2607 3758 2662 vel
3791 2623 3822 2660 a

2221 2710 2603 2762 Romanorum
2672 2704 3109 2776 imperatoribus,
3185 2719 3280 2758 seu
3338 2704 3668 2758 Francorum
3734 2699 3826 2755 vel

2222 2799 2552 2874 Burgundia
2604 2799 2844 2870 regibus,
2898 2797 3152 2854 Ecclesia
3205 2805 3315 2854 tua
3372 2803 3500 2852 sunt
3549 2793 3676 2850 data
3741 2795 3827 2850 vel

2222 2893 2448 2962 reddita,
2489 2893 2886 2950 conﬁrmamus
2922 2899 2976 2948 et
3003 2889 3298 2961 apostolica
3324 2888 3646 2945 auctoritate
3679 2904 3834 2960 pra-

2225 2987 2366 3042 senti
2425 2985 2694 3060 privilegio
2762 2984 3206 3049 corroboramus;
3260 2999 3323 3037 ex
3389 2991 3648 3056 parteque
3723 2983 3833 3037 Dei

2227 3079 2616 3151 omnipotentis
2661 3087 2715 3134 et
2754 3079 2902 3136 beati
2945 3076 3092 3132 Petri
3143 3075 3513 3150 apostolorum
3556 3074 3834 3150 principis

2217 3173 2570 3244 pracipimus
2600 3181 2662 3226 ut
2691 3170 2889 3226 futuris
2911 3170 3248 3242 temporibus
3276 3169 3536 3242 deinceps
3582 3168 3750 3223 ﬁrma
3779 3175 3834 3223 ct

2215 3251 2538 3320 inconvulsa
2593 3273 2954 3335 permaneant
3004 3273 3059 3319 et
3113 3257 3636 3320 incommutabilitcr
3693 3278 3833 3317 con-

2221 3358 2436 3414 sistant.
2475 3357 2529 3416 Si
2583 3359 2706 3432 quis
2757 3367 2942 3413 antem
2991 3357 3147 3430 hujus
3195 3356 3449 3427 privilegii
3481 3355 3653 3414 nostri
3700 3372 3836 3409 san-

2223 3452 2458 3507 ctionem
2500 3451 2800 3520 violaverit,
2842 3450 2943 3508 nisi
2986 3450 3269 3521 resipuerit
3304 3457 3358 3504 et
3396 3447 3557 3520 digna
3602 3447 3835 3504 satisfa-

2225 3547 2404 3602 ctione
2429 3545 2815 3614 emendaverit,
2833 3543 2901 3600 sit
2924 3544 3154 3599 extorris
3179 3560 3207 3598 a
3241 3559 3409 3616 regno
3439 3541 3560 3610 Dei,
3581 3551 3636 3596 et
3659 3541 3840 3613 digne

2226 3640 2790 3696 excommunicatione
2837 3637 3135 3696 damnatus
3177 3636 3244 3696 ab
3277 3636 3511 3692 Ecclesia
3556 3637 3654 3689 Dei
3707 3635 3837 3689 el‘ﬁ-

2227 3734 2398 3788 ciatur
2458 3741 2778 3800 extrancus,
2831 3739 3212 3808 perpetuaque
3265 3729 3541 3804 subjaceat
3599 3727 3840 3784 maledic

2227 3825 2419 3880 ctioni.

2298 3923 2439 3976 Data
2454 3935 2549 3990 per
2562 3935 2788 3974 manum
2811 3919 2956 3975 Petri
2979 3917 3306 3983 cancellarii,
3334 3933 3378 3972 ιι
3402 3917 3586 3971 Nonas
3613 3915 3837 3983 Martii,

2227 4031 2370 4070 anno
2392 4013 2612 4070 Domini
2638 4013 3025 4072 lncarnationis
3055 4020 3212 4082 1077,
3235 4011 3533 4084 indictione
3553 4025 3655 4082 xv,
3674 4024 3836 4063 anno

2228 4108 2578 4180 pontiﬁcatus
2607 4107 2813 4164 domini
2844 4107 3093 4179 Gregorii
3123 4110 3218 4162 Vll
3244 4109 3349 4161 PP.
3380 4121 3462 4160 IV.

2856 4207 3173 4264 LXXXIII.

2228 4305 2474 4374 Epistola
2521 4303 2763 4374 Gregorii
2794 4301 2897 4359 VII
2939 4301 3013 4374 ad
3053 4302 3246 4356 clerum
3283 4303 3344 4374 _c_t
3365 4299 3629 4374 paparium
3660 4299 3844 4374 ern-

2301 4377 2479 4428 nenst's
2501 4369 2759 4430 Ecclesiw.
2784 4401 2855 4411 ——
2883 4377 2959 4425 De
2991 4371 3322 4427 Warmundi
3340 4369 3585 4423 elatione
3605 4370 3662 4420 in
3688 4369 3847 4437 {pso—

2299 4461 2420 4498 rmn
2468 4445 2922 4512 archz'tmiseopum
2973 4443 3302 4511 gratulatur,
3356 4442 3732 4508 hortaturque
3783 4445 3851 4493 ut

2303 4529 2422 4570 eum
2447 4516 2708 4585 adjacent
2752 4518 2810 4570 in
2834 4515 3218 4583 recuperandis
3243 4513 3399 4573 potius
3437 4514 3734 4570 “emerui
3757 4527 3849 4568 ec-

2305 4589 2476 4643 clesia
2504 4587 2722 4643 ablatis.

2305 4590 2476 4643 etesia:
2504 4590 2722 4646 ablatis.

2731 4684 2916 4748 (Anno
2971 4682 3324 4744 1073-1085.)

2376 4779 2468 4846 [Β.
2501 4778 2813 4844 Βουρυιετ,
2837 4773 3070 4841 Recueil,
3099 4780 3238 4828 tom.
3265 4772 3421 4836 XIV,
3451 4785 3504 4840 p.
3533 4767 3684 4841 609.]

2308 4870 2666 4926 Gnnuontus
2690 4872 2834 4934 (422)
2854 4865 3160 4938 episeOpus,
3181 4878 3373 4921 servus
3391 4877 3678 4920 servorum
3707 4863 3858 4928 Dei,

2235 4962 2377 5022 clero
2429 4970 2484 5024 et
2536 4960 2735 5036 papula
2787 4958 3110 5020 Viennensis
3157 4957 3434 5024 Ecclesia,
3481 4955 3681 5030 quibus
3734 4970 3855 5026 pro

2235 5057 2446 5114 meritis
2463 5064 2519 5116 et
2543 5053 2830 5114 devotione
2852 5052 3104 5122 debetur,
3130 5050 3367 5112 salutem
3398 5057 3452 5108 et
3475 5047 3856 5124 apOStolicam

2235 5149 2693 5208 benedictionem.

2307 5246 2432 5302 Non
2459 5243 2642 5300 solum
2657 5241 2831 5308 vobis,
2858 5239 2956 5304 sed
2985 5248 3041 5298 et
3071 5235 3629 5314 omnipenelmundo
3653 5238 3858 5300 mani-

2235 5336 2524 5397 festissime
2565 5344 2760 5396 notum
2785 5344 2867 5392 est
2895 5333 3050 5406 quod
3074 5349 3172 5408 per
3215 5331 3390 5392 multa
3435 5331 3551 5404 jam
3584 5338 3858 5402 tempora

2237 5430 2544 5492 Simoniaca
2582 5428 2804 5490 baresis
2851 5429 3152 5490 Ecclesiam
3197 5427 3302 5486 Dei
3331 5425 3447 5484 suis
3467 5422 3678 5483 callidis
3708 5439 3860 5484 ma-

2235 5524 2640 5586 chinationibus
2687 5523 3037 5602 perturbavit,
3087 5529 3140 5580 et
3189 5521 3325 5578 adeo
3389 5519 3450 5588 in
3498 5533 3626 5594 eam
3679 5517 3856 5578 inva-

2236 5619 2338 5680 luit
2391 5619 2668 5686 violenter,
2722 5627 2786 5676 ut
2826 5615 2981 5691 quasi
3017 5613 3132 5678 fera
3154 5613 3332 5680 bellua
3361 5610 3532 5688 (quod
3576 5609 3862 5692 equidem

2239 5726 2534 5788 Alexandri
2561 5729 2629 5798 ll,
2673 5734 2730 5788 at
2753 5741 3061 5798 perperam.
3105 5730 3168 5782 ut
3191 5737 3326 5784 mox
3349 5736 3416 5778 ex
3449 5719 3688 5788 sinceris
3710 5732 3861 5782 mo-

2241 5799 2523 5868 numentis
2550 5797 2813 5868 dicemus.
2857 5797 2863 5798 “
3533 5847 3540 5854 .
