  <div class='ocr_page' id='page_1' title='image "/cluster/home/n/w/nwhite01/storage/ocr_20150623/148/hvd.32044054760061/372.png"; bbox 0 0 4044 6164; ppageno 0'>
   <div class='ocr_carea' id='block_1_1' title="bbox 185 252 284 308">
    <p class='ocr_par' dir='ltr' id='par_1_1' title="bbox 185 252 284 308">
     <span class='ocr_line' id='line_1_1' title="bbox 185 252 284 308; baseline -0.02 0"><span class='ocrx_word' id='word_1_1' title='bbox 185 252 284 308; x_wconf 82' lang='lat'><strong>733</strong></span> 
     </span>
    </p>
   </div>
   <div class='ocr_carea' id='block_1_2' title="bbox 1115 253 2548 319">
    <p class='ocr_par' dir='ltr' id='par_1_2' title="bbox 1115 253 2548 319">
     <span class='ocr_line' id='line_1_2' title="bbox 1115 253 2548 319; baseline 0.006 -11"><span class='ocrx_word' id='word_1_2' title='bbox 1115 253 1459 312; x_wconf 73' lang='lat' dir='ltr'><strong>EPISTOLE</strong></span> <span class='ocrx_word' id='word_1_3' title='bbox 1495 256 1718 316; x_wconf 75' lang='grc' dir='ltr'><strong>ΕΧΤΗΔ</strong></span> <span class='ocrx_word' id='word_1_4' title='bbox 1755 258 2139 319; x_wconf 79' lang='lat' dir='ltr'><strong>REGISTRUM</strong></span> <span class='ocrx_word' id='word_1_5' title='bbox 2172 261 2444 318; x_wconf 76' lang='lat' dir='ltr'><strong>VAGANT</strong></span> <span class='ocrx_word' id='word_1_6' title='bbox 2448 261 2548 318; x_wconf 83' lang='lat' dir='ltr'><strong>ES.</strong></span> 
     </span>
    </p>
   </div>
   <div class='ocr_carea' id='block_1_3' title="bbox 3372 269 3474 324">
    <p class='ocr_par' dir='ltr' id='par_1_3' title="bbox 3372 269 3474 324">
     <span class='ocr_line' id='line_1_3' title="bbox 3372 269 3474 324; baseline 0 0"><span class='ocrx_word' id='word_1_7' title='bbox 3372 269 3474 324; x_wconf 69' lang='grc' dir='ltr'><strong>πη</strong></span> 
     </span>
    </p>
   </div>
   <div class='ocr_carea' id='block_1_4' title="bbox 182 372 3476 460">
    <p class='ocr_par' dir='ltr' id='par_1_4' title="bbox 182 372 3476 460">
     <span class='ocr_line' id='line_1_4' title="bbox 182 372 3476 460; baseline 0.005 -29"><span class='ocrx_word' id='word_1_8' title='bbox 182 378 302 442; x_wconf 88' lang='lat' dir='ltr'><strong>est),</strong></span> <span class='ocrx_word' id='word_1_9' title='bbox 336 388 430 448; x_wconf 90' lang='lat' dir='ltr'><strong>per</strong></span> <span class='ocrx_word' id='word_1_10' title='bbox 456 372 706 432; x_wconf 85' lang='lat' dir='ltr'><strong>crudeles</strong></span> <span class='ocrx_word' id='word_1_11' title='bbox 732 389 864 434; x_wconf 88' lang='lat' dir='ltr'><strong>suos</strong></span> <span class='ocrx_word' id='word_1_12' title='bbox 903 375 1192 442; x_wconf 86' lang='lat' dir='ltr'><strong>ministros</strong></span> <span class='ocrx_word' id='word_1_13' title='bbox 1222 380 1339 436; x_wconf 84' lang='lat' dir='ltr'><strong>suis</strong></span> <span class='ocrx_word' id='word_1_14' title='bbox 1354 379 1472 452; x_wconf 84' lang='lat' dir='ltr'><strong>jam</strong></span> <span class='ocrx_word' id='word_1_15' title='bbox 1494 381 1771 439; x_wconf 77' lang='lat' dir='ltr'><strong>morsibus</strong></span> <span class='ocrx_word' id='word_1_16' title='bbox 1805 387 1859 455; x_wconf 76' lang='grc' dir='ltr'>Α</span> <span class='ocrx_word' id='word_1_17' title='bbox 1885 384 2014 441; x_wconf 91' lang='lat' dir='ltr'><strong>bulo</strong></span> <span class='ocrx_word' id='word_1_18' title='bbox 2039 394 2318 443; x_wconf 54' lang='lat' dir='ltr'><strong>tanta”...</strong></span> <span class='ocrx_word' id='word_1_19' title='bbox 2354 385 2653 451; x_wconf 84' lang='lat' dir='ltr'><strong>(ubertatis)</strong></span> <span class='ocrx_word' id='word_1_20' title='bbox 2677 385 2925 458; x_wconf 72' lang='lat' dir='ltr'><strong>saginata</strong></span> <span class='ocrx_word' id='word_1_21' title='bbox 2956 387 3316 460; x_wconf 87' lang='lat' dir='ltr'><strong>congaudeat.</strong></span> <span class='ocrx_word' id='word_1_22' title='bbox 3340 391 3476 460; x_wconf 85' lang='lat' dir='ltr'><strong>Quis</strong></span> 
     </span>
    </p>
   </div>
   <div class='ocr_carea' id='block_1_5' title="bbox 181 467 1774 545">
    <p class='ocr_par' dir='ltr' id='par_1_5' title="bbox 181 467 1774 545">
     <span class='ocr_line' id='line_1_5' title="bbox 181 467 1774 545; baseline 0.006 -22"><span class='ocrx_word' id='word_1_23' title='bbox 181 467 492 526; x_wconf 82' lang='lat' dir='ltr'><strong>dilaniando</strong></span> <span class='ocrx_word' id='word_1_24' title='bbox 545 482 715 542; x_wconf 80' lang='lat' dir='ltr'><strong>prope</strong></span> <span class='ocrx_word' id='word_1_25' title='bbox 758 469 1096 526; x_wconf 82' lang='lat' dir='ltr'><strong>contriverit.</strong></span> <span class='ocrx_word' id='word_1_26' title='bbox 1147 471 1310 529; x_wconf 85' lang='lat' dir='ltr'><strong>Unde</strong></span> <span class='ocrx_word' id='word_1_27' title='bbox 1360 489 1460 530; x_wconf 89' lang='lat' dir='ltr'><strong>nos</strong></span> <span class='ocrx_word' id='word_1_28' title='bbox 1505 476 1597 545; x_wconf 86' lang='lat' dir='ltr'><strong>qui</strong></span> <span class='ocrx_word' id='word_1_29' title='bbox 1635 484 1774 538; x_wconf 85' lang='lat' dir='ltr'><strong>nutu</strong></span> 
     </span>
    </p>
   </div>
   <div class='ocr_carea' id='block_1_6' title="bbox 180 561 1776 636">
    <p class='ocr_par' dir='ltr' id='par_1_6' title="bbox 180 561 1776 636">
     <span class='ocr_line' id='line_1_6' title="bbox 180 561 1776 636; baseline 0.004 -17"><span class='ocrx_word' id='word_1_30' title='bbox 180 563 380 620; x_wconf 66' lang='lat' dir='ltr'><strong>divite:</strong></span> <span class='ocrx_word' id='word_1_31' title='bbox 421 561 790 633; x_wconf 77' lang='lat' dir='ltr'><strong>dispositionis</strong></span> <span class='ocrx_word' id='word_1_32' title='bbox 828 578 893 620; x_wconf 88' lang='lat' dir='ltr'><strong>ac</strong></span> <span class='ocrx_word' id='word_1_33' title='bbox 933 564 1266 636; x_wconf 77' lang='lat' dir='ltr'><strong>providentia</strong></span> <span class='ocrx_word' id='word_1_34' title='bbox 1296 567 1492 628; x_wconf 73' lang='lat' dir='ltr'><strong>divinae</strong></span> <span class='ocrx_word' id='word_1_35' title='bbox 1531 570 1776 626; x_wconf 86' lang='lat' dir='ltr'><strong>clemen-</strong></span> 
     </span>
    </p>
   </div>
   <div class='ocr_carea' id='block_1_7' title="bbox 179 655 1776 728">
    <p class='ocr_par' dir='ltr' id='par_1_7' title="bbox 179 655 1776 728">
     <span class='ocr_line' id='line_1_7' title="bbox 179 655 1776 728; baseline 0.006 -16"><span class='ocrx_word' id='word_1_36' title='bbox 179 657 289 724; x_wconf 67' lang='lat' dir='ltr'><strong>tiae,</strong></span> <span class='ocrx_word' id='word_1_37' title='bbox 323 655 452 714; x_wconf 89' lang='lat' dir='ltr'><strong>licet</strong></span> <span class='ocrx_word' id='word_1_38' title='bbox 488 671 600 711; x_wconf 90' lang='lat' dir='ltr'><strong>non</strong></span> <span class='ocrx_word' id='word_1_39' title='bbox 639 655 841 712; x_wconf 78' lang='lat' dir='ltr'><strong>nostris</strong></span> <span class='ocrx_word' id='word_1_40' title='bbox 872 657 1102 728; x_wconf 76' lang='lat' dir='ltr'><strong>meritis,</strong></span> <span class='ocrx_word' id='word_1_41' title='bbox 1122 659 1178 716; x_wconf 89' lang='lat' dir='ltr'><strong>in</strong></span> <span class='ocrx_word' id='word_1_42' title='bbox 1209 661 1406 719; x_wconf 77' lang='lat' dir='ltr'><strong>vertice</strong></span> <span class='ocrx_word' id='word_1_43' title='bbox 1435 669 1622 720; x_wconf 84' lang='lat' dir='ltr'><strong>tamen</strong></span> <span class='ocrx_word' id='word_1_44' title='bbox 1651 664 1776 722; x_wconf 86' lang='lat' dir='ltr'><strong>uni-</strong></span> 
     </span>
    </p>
   </div>
   <div class='ocr_carea' id='block_1_8' title="bbox 180 750 1778 824">
    <p class='ocr_par' dir='ltr' id='par_1_8' title="bbox 180 750 1778 824">
     <span class='ocr_line' id='line_1_8' title="bbox 180 750 1778 824; baseline 0.007 -19"><span class='ocrx_word' id='word_1_45' title='bbox 180 751 403 808; x_wconf 84' lang='lat' dir='ltr'><strong>versalis</strong></span> <span class='ocrx_word' id='word_1_46' title='bbox 447 750 704 808; x_wconf 81' lang='lat' dir='ltr'><strong>Ecclesiae</strong></span> <span class='ocrx_word' id='word_1_47' title='bbox 750 753 1120 824; x_wconf 71' lang='lat' dir='ltr'><strong>speculatores</strong></span> <span class='ocrx_word' id='word_1_48' title='bbox 1153 754 1439 814; x_wconf 84' lang='lat' dir='ltr'><strong>existimus</strong></span> <span class='ocrx_word' id='word_1_49' title='bbox 1469 757 1539 814; x_wconf 89' lang='lat' dir='ltr'><strong>ad</strong></span> <span class='ocrx_word' id='word_1_50' title='bbox 1586 756 1778 816; x_wconf 79' lang='lat' dir='ltr'><strong>delen-</strong></span> 
     </span>
    </p>
   </div>
   <div class='ocr_carea' id='block_1_9' title="bbox 176 843 1774 923">
    <p class='ocr_par' dir='ltr' id='par_1_9' title="bbox 176 843 1774 923">
     <span class='ocr_line' id='line_1_9' title="bbox 176 843 1774 923; baseline 0.007 -22"><span class='ocrx_word' id='word_1_51' title='bbox 176 843 422 903; x_wconf 88' lang='lat' dir='ltr'><strong>dendam</strong></span> <span class='ocrx_word' id='word_1_52' title='bbox 445 845 756 904; x_wconf 86' lang='lat' dir='ltr'><strong>libertatem</strong></span> <span class='ocrx_word' id='word_1_53' title='bbox 784 847 976 904; x_wconf 84' lang='lat' dir='ltr'><strong>matris</strong></span> <span class='ocrx_word' id='word_1_54' title='bbox 1010 856 1214 908; x_wconf 63' lang='lat' dir='ltr'><strong>nostra</strong></span> <span class='ocrx_word' id='word_1_55' title='bbox 1248 860 1456 910; x_wconf 73' lang='lat' dir='ltr'><strong>sanctae</strong></span> <span class='ocrx_word' id='word_1_56' title='bbox 1491 852 1774 923; x_wconf 71' lang='lat' dir='ltr'><strong>Ecclesiae,</strong></span> 
     </span>
    </p>
   </div>
   <div class='ocr_carea' id='block_1_10' title="bbox 176 940 1775 1014">
    <p class='ocr_par' dir='ltr' id='par_1_10' title="bbox 176 940 1775 1014">
     <span class='ocr_line' id='line_1_10' title="bbox 176 940 1775 1014; baseline 0.006 -20"><span class='ocrx_word' id='word_1_57' title='bbox 176 957 278 996; x_wconf 89' lang='lat' dir='ltr'><strong>nec</strong></span> <span class='ocrx_word' id='word_1_58' title='bbox 315 940 584 998; x_wconf 86' lang='lat' dir='ltr'><strong>debemus</strong></span> <span class='ocrx_word' id='word_1_59' title='bbox 629 956 731 997; x_wconf 90' lang='lat' dir='ltr'><strong>nec</strong></span> <span class='ocrx_word' id='word_1_60' title='bbox 776 957 1068 1014; x_wconf 84' lang='lat' dir='ltr'><strong>possumus</strong></span> <span class='ocrx_word' id='word_1_61' title='bbox 1103 944 1354 1000; x_wconf 88' lang='lat' dir='ltr'><strong>animum</strong></span> <span class='ocrx_word' id='word_1_62' title='bbox 1392 945 1648 1004; x_wconf 86' lang='lat' dir='ltr'><strong>cohibere</strong></span> <span class='ocrx_word' id='word_1_63' title='bbox 1692 948 1775 1004; x_wconf 85' lang='lat' dir='ltr'><strong>vel</strong></span> 
     </span>
    </p>
   </div>
   <div class='ocr_carea' id='block_1_11' title="bbox 177 1034 1778 1109">
    <p class='ocr_par' dir='ltr' id='par_1_11' title="bbox 177 1034 1778 1109">
     <span class='ocr_line' id='line_1_11' title="bbox 177 1034 1778 1109; baseline 0.007 -23"><span class='ocrx_word' id='word_1_64' title='bbox 177 1034 447 1106; x_wconf 83' lang='lat' dir='ltr'><strong>linguam.</strong></span> <span class='ocrx_word' id='word_1_65' title='bbox 474 1034 752 1106; x_wconf 87' lang='lat' dir='ltr'><strong>Scriptum</strong></span> <span class='ocrx_word' id='word_1_66' title='bbox 772 1042 854 1090; x_wconf 88' lang='lat' dir='ltr'><strong>est</strong></span> <span class='ocrx_word' id='word_1_67' title='bbox 877 1035 1051 1102; x_wconf 88' lang='lat' dir='ltr'><strong>enim,</strong></span> <span class='ocrx_word' id='word_1_68' title='bbox 1079 1038 1396 1096; x_wconf 79' lang='lat' dir='ltr'><strong>Maledictus</strong></span> <span class='ocrx_word' id='word_1_69' title='bbox 1425 1041 1523 1109; x_wconf 83' lang='lat' dir='ltr'><strong>qui</strong></span> <span class='ocrx_word' id='word_1_70' title='bbox 1533 1041 1778 1109; x_wconf 79' lang='lat' dir='ltr'><strong>prohibet</strong></span> 
     </span>
    </p>
   </div>
   <div class='ocr_carea' id='block_1_12' title="bbox 177 1129 1779 1205">
    <p class='ocr_par' dir='ltr' id='par_1_12' title="bbox 177 1129 1779 1205">
     <span class='ocr_line' id='line_1_12' title="bbox 177 1129 1779 1205; baseline 0.007 -24"><span class='ocrx_word' id='word_1_71' title='bbox 177 1129 434 1196; x_wconf 76' lang='lat' dir='ltr'><strong>gladium</strong></span> <span class='ocrx_word' id='word_1_72' title='bbox 461 1143 617 1184; x_wconf 85' lang='lat' dir='ltr'><strong>suum</strong></span> <span class='ocrx_word' id='word_1_73' title='bbox 641 1144 675 1182; x_wconf 87' lang='lat' dir='ltr'><strong>a</strong></span> <span class='ocrx_word' id='word_1_74' title='bbox 702 1130 962 1198; x_wconf 79' lang='lat' dir='ltr'><strong>sanguine</strong></span> <span class='ocrx_word' id='word_1_75' title='bbox 991 1129 1120 1200; x_wconf 83' lang='lat' dir='ltr'><strong>(Jer.</strong></span> <span class='ocrx_word' id='word_1_76' title='bbox 1153 1136 1394 1201; x_wconf 76' lang='lat' dir='ltr'><strong>nvm),</strong></span> <span class='ocrx_word' id='word_1_77' title='bbox 1423 1132 1528 1188; x_wconf 86' lang='lat' dir='ltr'><strong>hoc</strong></span> <span class='ocrx_word' id='word_1_78' title='bbox 1551 1142 1654 1201; x_wconf 87' lang='lat' dir='ltr'><strong>est,</strong></span> <span class='ocrx_word' id='word_1_79' title='bbox 1683 1134 1779 1205; x_wconf 92' lang='lat' dir='ltr'><strong>qui</strong></span> 
     </span>
    </p>
   </div>
   <div class='ocr_carea' id='block_1_13' title="bbox 175 1219 1776 1295">
    <p class='ocr_par' dir='ltr' id='par_1_13' title="bbox 175 1219 1776 1295">
     <span class='ocr_line' id='line_1_13' title="bbox 175 1219 1776 1295; baseline 0.005 -21"><span class='ocrx_word' id='word_1_80' title='bbox 175 1219 437 1288; x_wconf 85' lang='lat' dir='ltr'><strong>prohibet</strong></span> <span class='ocrx_word' id='word_1_81' title='bbox 476 1220 718 1292; x_wconf 82' lang='lat' dir='ltr'><strong>linguam</strong></span> <span class='ocrx_word' id='word_1_82' title='bbox 763 1236 921 1278; x_wconf 87' lang='lat' dir='ltr'><strong>suam</strong></span> <span class='ocrx_word' id='word_1_83' title='bbox 977 1237 1009 1275; x_wconf 90' lang='lat' dir='ltr'><strong>a</strong></span> <span class='ocrx_word' id='word_1_84' title='bbox 1059 1223 1405 1295; x_wconf 86' lang='lat' dir='ltr'><strong>correptione</strong></span> <span class='ocrx_word' id='word_1_85' title='bbox 1453 1224 1776 1282; x_wconf 79' lang='lat' dir='ltr'><strong>carnalium.</strong></span> 
     </span>
    </p>
   </div>
   <div class='ocr_carea' id='block_1_14' title="bbox 173 1313 1780 1386">
    <p class='ocr_par' dir='ltr' id='par_1_14' title="bbox 173 1313 1780 1386">
     <span class='ocr_line' id='line_1_14' title="bbox 173 1313 1780 1386; baseline 0.002 -16"><span class='ocrx_word' id='word_1_86' title='bbox 173 1315 294 1370; x_wconf 84' lang='lat' dir='ltr'><strong>Nos</strong></span> <span class='ocrx_word' id='word_1_87' title='bbox 344 1313 565 1386; x_wconf 85' lang='lat' dir='ltr'><strong>quidem</strong></span> <span class='ocrx_word' id='word_1_88' title='bbox 603 1314 835 1379; x_wconf 84' lang='lat' dir='ltr'><strong>semina,</strong></span> <span class='ocrx_word' id='word_1_89' title='bbox 879 1315 1155 1385; x_wconf 87' lang='lat' dir='ltr'><strong>loquendo</strong></span> <span class='ocrx_word' id='word_1_90' title='bbox 1195 1316 1496 1386; x_wconf 83' lang='lat' dir='ltr'><strong>veritatem,</strong></span> <span class='ocrx_word' id='word_1_91' title='bbox 1535 1317 1588 1373; x_wconf 93' lang='lat' dir='ltr'><strong>iu</strong></span> <span class='ocrx_word' id='word_1_92' title='bbox 1619 1318 1780 1374; x_wconf 88' lang='lat' dir='ltr'><strong>terris</strong></span> 
     </span>
    </p>
   </div>
   <div class='ocr_carea' id='block_1_15' title="bbox 173 1407 1780 1482">
    <p class='ocr_par' dir='ltr' id='par_1_15' title="bbox 173 1407 1780 1482">
     <span class='ocr_line' id='line_1_15' title="bbox 173 1407 1780 1482; baseline 0.002 -18"><span class='ocrx_word' id='word_1_93' title='bbox 173 1407 429 1464; x_wconf 89' lang='lat' dir='ltr'><strong>cordium</strong></span> <span class='ocrx_word' id='word_1_94' title='bbox 462 1423 750 1466; x_wconf 84' lang='lat' dir='ltr'><strong>servorum</strong></span> <span class='ocrx_word' id='word_1_95' title='bbox 773 1408 873 1464; x_wconf 86' lang='lat' dir='ltr'><strong>Dei</strong></span> <span class='ocrx_word' id='word_1_96' title='bbox 895 1408 1104 1480; x_wconf 83' lang='lat' dir='ltr'><strong>jactare</strong></span> <span class='ocrx_word' id='word_1_97' title='bbox 1131 1409 1508 1479; x_wconf 80' lang='lat' dir='ltr'><strong>studebimus;</strong></span> <span class='ocrx_word' id='word_1_98' title='bbox 1540 1411 1654 1482; x_wconf 88' lang='lat' dir='ltr'><strong>ipse</strong></span> <span class='ocrx_word' id='word_1_99' title='bbox 1679 1427 1780 1468; x_wconf 85' lang='lat' dir='ltr'><strong>au-</strong></span> 
     </span>
    </p>
   </div>
   <div class='ocr_carea' id='block_1_16' title="bbox 172 1501 1782 1576">
    <p class='ocr_par' dir='ltr' id='par_1_16' title="bbox 172 1501 1782 1576">
     <span class='ocr_line' id='line_1_16' title="bbox 172 1501 1782 1576; baseline 0.004 -21"><span class='ocrx_word' id='word_1_100' title='bbox 172 1510 311 1569; x_wconf 88' lang='lat' dir='ltr'><strong>tem,</strong></span> <span class='ocrx_word' id='word_1_101' title='bbox 339 1501 437 1576; x_wconf 89' lang='lat' dir='ltr'><strong>qui</strong></span> <span class='ocrx_word' id='word_1_102' title='bbox 456 1501 669 1559; x_wconf 89' lang='lat' dir='ltr'><strong>Veritas</strong></span> <span class='ocrx_word' id='word_1_103' title='bbox 690 1511 792 1570; x_wconf 91' lang='lat' dir='ltr'><strong>est,</strong></span> <span class='ocrx_word' id='word_1_104' title='bbox 823 1517 1060 1560; x_wconf 86' lang='lat' dir='ltr'><strong>messem</strong></span> <span class='ocrx_word' id='word_1_105' title='bbox 1089 1503 1158 1560; x_wconf 91' lang='lat' dir='ltr'><strong>ad</strong></span> <span class='ocrx_word' id='word_1_106' title='bbox 1188 1501 1428 1574; x_wconf 80' lang='lat' dir='ltr'><strong>fructum</strong></span> <span class='ocrx_word' id='word_1_107' title='bbox 1447 1505 1782 1562; x_wconf 86' lang='lat' dir='ltr'><strong>maturitatis</strong></span> 
     </span>
    </p>
   </div>
   <div class='ocr_carea' id='block_1_17' title="bbox 171 1595 1779 1670">
    <p class='ocr_par' dir='ltr' id='par_1_17' title="bbox 171 1595 1779 1670">
     <span class='ocr_line' id='line_1_17' title="bbox 171 1595 1779 1670; baseline 0.004 -19"><span class='ocrx_word' id='word_1_108' title='bbox 171 1605 234 1651; x_wconf 92' lang='lat' dir='ltr'><strong>ut</strong></span> <span class='ocrx_word' id='word_1_109' title='bbox 260 1596 368 1654; x_wconf 86' lang='lat' dir='ltr'><strong>sibi</strong></span> <span class='ocrx_word' id='word_1_110' title='bbox 385 1595 562 1670; x_wconf 86' lang='lat' dir='ltr'><strong>placet</strong></span> <span class='ocrx_word' id='word_1_111' title='bbox 579 1597 830 1660; x_wconf 88' lang='lat' dir='ltr'><strong>enutriat.</strong></span> <span class='ocrx_word' id='word_1_112' title='bbox 869 1597 1033 1654; x_wconf 88' lang='lat' dir='ltr'><strong>Vobis</strong></span> <span class='ocrx_word' id='word_1_113' title='bbox 1061 1597 1307 1670; x_wconf 85' lang='lat' dir='ltr'><strong>quidem,</strong></span> <span class='ocrx_word' id='word_1_114' title='bbox 1335 1599 1614 1660; x_wconf 81' lang='lat' dir='ltr'><strong>modernis</strong></span> <span class='ocrx_word' id='word_1_115' title='bbox 1642 1608 1779 1657; x_wconf 88' lang='lat' dir='ltr'><strong>tem-</strong></span> 
     </span>
    </p>
   </div>
   <div class='ocr_carea' id='block_1_18' title="bbox 171 1690 1782 1762">
    <p class='ocr_par' dir='ltr' id='par_1_18' title="bbox 171 1690 1782 1762">
     <span class='ocr_line' id='line_1_18' title="bbox 171 1690 1782 1762; baseline 0.003 -17"><span class='ocrx_word' id='word_1_116' title='bbox 171 1691 428 1762; x_wconf 85' lang='lat' dir='ltr'><strong>poribus,</strong></span> <span class='ocrx_word' id='word_1_117' title='bbox 453 1690 590 1748; x_wconf 89' lang='lat' dir='ltr'><strong>adeo</strong></span> <span class='ocrx_word' id='word_1_118' title='bbox 620 1698 899 1747; x_wconf 87' lang='lat' dir='ltr'><strong>maturum</strong></span> <span class='ocrx_word' id='word_1_119' title='bbox 927 1707 990 1748; x_wconf 89' lang='lat' dir='ltr'><strong>ac</strong></span> <span class='ocrx_word' id='word_1_120' title='bbox 1019 1691 1350 1750; x_wconf 86' lang='lat' dir='ltr'><strong>laudabilem</strong></span> <span class='ocrx_word' id='word_1_121' title='bbox 1375 1692 1616 1749; x_wconf 82' lang='lat' dir='ltr'><strong>fructum</strong></span> <span class='ocrx_word' id='word_1_122' title='bbox 1644 1709 1782 1754; x_wconf 84' lang='lat' dir='ltr'><strong>con-</strong></span> 
     </span>
    </p>
   </div>
   <div class='ocr_carea' id='block_1_19' title="bbox 1881 478 3478 553">
    <p class='ocr_par' dir='ltr' id='par_1_19' title="bbox 1881 478 3478 553">
     <span class='ocr_line' id='line_1_19' title="bbox 1881 478 3478 553; baseline 0.006 -20"><span class='ocrx_word' id='word_1_123' title='bbox 1881 494 1997 536; x_wconf 88' lang='lat' dir='ltr'><strong>non</strong></span> <span class='ocrx_word' id='word_1_124' title='bbox 2040 481 2254 538; x_wconf 73' lang='lat' dir='ltr'><strong>lmtetur</strong></span> <span class='ocrx_word' id='word_1_125' title='bbox 2299 478 2562 536; x_wconf 90' lang='lat' dir='ltr'><strong>canonice</strong></span> <span class='ocrx_word' id='word_1_126' title='bbox 2592 487 2648 536; x_wconf 89' lang='lat' dir='ltr'><strong>et</strong></span> <span class='ocrx_word' id='word_1_127' title='bbox 2673 495 2766 550; x_wconf 89' lang='lat' dir='ltr'><strong>per</strong></span> <span class='ocrx_word' id='word_1_128' title='bbox 2809 481 3014 548; x_wconf 88' lang='lat' dir='ltr'><strong>omnia,</strong></span> <span class='ocrx_word' id='word_1_129' title='bbox 3037 481 3194 553; x_wconf 84' lang='lat' dir='ltr'><strong>juxta</strong></span> <span class='ocrx_word' id='word_1_130' title='bbox 3221 498 3478 544; x_wconf 83' lang='lat' dir='ltr'><strong>normam</strong></span> 
     </span>
    </p>
   </div>
   <div class='ocr_carea' id='block_1_20' title="bbox 1879 572 3475 637">
    <p class='ocr_par' dir='ltr' id='par_1_20' title="bbox 1879 572 3475 637">
     <span class='ocr_line' id='line_1_20' title="bbox 1879 572 3475 637; baseline 0.003 -9"><span class='ocrx_word' id='word_1_131' title='bbox 1879 574 2257 631; x_wconf 78' lang='lat' dir='ltr'><strong>ecclesiasticae</strong></span> <span class='ocrx_word' id='word_1_132' title='bbox 2281 572 2662 637; x_wconf 84' lang='lat' dir='ltr'><strong>institutionis,</strong></span> <span class='ocrx_word' id='word_1_133' title='bbox 2695 573 2750 629; x_wconf 90' lang='lat' dir='ltr'><strong>in</strong></span> <span class='ocrx_word' id='word_1_134' title='bbox 2775 574 3011 630; x_wconf 86' lang='lat' dir='ltr'><strong>Ecclesia</strong></span> <span class='ocrx_word' id='word_1_135' title='bbox 3044 575 3146 630; x_wconf 86' lang='lat' dir='ltr'><strong>Dei</strong></span> <span class='ocrx_word' id='word_1_136' title='bbox 3179 577 3360 633; x_wconf 88' lang='lat' dir='ltr'><strong>virum</strong></span> <span class='ocrx_word' id='word_1_137' title='bbox 3384 593 3475 632; x_wconf 88' lang='lat' dir='ltr'><strong>re-</strong></span> 
     </span>
    </p>
   </div>
   <div class='ocr_carea' id='block_1_21' title="bbox 1879 665 3476 741">
    <p class='ocr_par' dir='ltr' id='par_1_21' title="bbox 1879 665 3476 741">
     <span class='ocr_line' id='line_1_21' title="bbox 1879 665 3476 741; baseline 0.002 -19"><span class='ocrx_word' id='word_1_138' title='bbox 1879 667 2135 738; x_wconf 87' lang='lat' dir='ltr'><strong>ligiosum</strong></span> <span class='ocrx_word' id='word_1_139' title='bbox 2172 675 2336 740; x_wconf 84' lang='lat' dir='ltr'><strong>atque</strong></span> <span class='ocrx_word' id='word_1_140' title='bbox 2365 665 2693 738; x_wconf 85' lang='lat' dir='ltr'><strong>prudentem</strong></span> <span class='ocrx_word' id='word_1_141' title='bbox 2720 665 2963 722; x_wconf 88' lang='lat' dir='ltr'><strong>ordinari</strong></span> <span class='ocrx_word' id='word_1_142' title='bbox 2993 667 3346 741; x_wconf 77' lang='lat' dir='ltr'><strong>episcopum?</strong></span> <span class='ocrx_word' id='word_1_143' title='bbox 3373 669 3476 725; x_wconf 81' lang='lat' dir='ltr'><strong>Ha-</strong></span> 
     </span>
    </p>
   </div>
   <div class='ocr_carea' id='block_1_22' title="bbox 1882 756 3474 834">
    <p class='ocr_par' dir='ltr' id='par_1_22' title="bbox 1882 756 3474 834">
     <span class='ocr_line' id='line_1_22' title="bbox 1882 756 3474 834; baseline 0.003 -20"><span class='ocrx_word' id='word_1_144' title='bbox 1882 759 2018 817; x_wconf 88' lang='lat' dir='ltr'><strong>betis</strong></span> <span class='ocrx_word' id='word_1_145' title='bbox 2064 759 2286 834; x_wconf 88' lang='lat' dir='ltr'><strong>quidem</strong></span> <span class='ocrx_word' id='word_1_146' title='bbox 2308 777 2372 828; x_wconf 83' lang='lat' dir='ltr'><strong>ex</strong></span> <span class='ocrx_word' id='word_1_147' title='bbox 2403 760 2549 816; x_wconf 91' lang='lat' dir='ltr'><strong>dono</strong></span> <span class='ocrx_word' id='word_1_148' title='bbox 2581 756 2772 817; x_wconf 67' lang='lat' dir='ltr'><strong>divinae</strong></span> <span class='ocrx_word' id='word_1_149' title='bbox 2806 760 3212 832; x_wconf 88' lang='lat' dir='ltr'><strong>propitiationis</strong></span> <span class='ocrx_word' id='word_1_150' title='bbox 3251 762 3474 819; x_wconf 88' lang='lat' dir='ltr'><strong>ordina-</strong></span> 
     </span>
    </p>
   </div>
   <div class='ocr_carea' id='block_1_23' title="bbox 1881 852 3475 927">
    <p class='ocr_par' dir='ltr' id='par_1_23' title="bbox 1881 852 3475 927">
     <span class='ocr_line' id='line_1_23' title="bbox 1881 852 3475 927; baseline 0.001 -19"><span class='ocrx_word' id='word_1_151' title='bbox 1881 861 2000 908; x_wconf 89' lang='lat' dir='ltr'><strong>tum</strong></span> <span class='ocrx_word' id='word_1_152' title='bbox 2017 852 2430 912; x_wconf 86' lang='lat' dir='ltr'><strong>Warmundum</strong></span> <span class='ocrx_word' id='word_1_153' title='bbox 2451 855 2599 921; x_wconf 79' lang='lat'><strong>(423)</strong></span> <span class='ocrx_word' id='word_1_154' title='bbox 2618 854 2826 910; x_wconf 89' lang='lat' dir='ltr'><strong>bonum</strong></span> <span class='ocrx_word' id='word_1_155' title='bbox 2842 854 3117 924; x_wconf 84' lang='lat' dir='ltr'><strong>etjustum</strong></span> <span class='ocrx_word' id='word_1_156' title='bbox 3137 857 3475 927; x_wconf 87' lang='lat' dir='ltr'><strong>episcopum.</strong></span> 
     </span>
    </p>
   </div>
   <div class='ocr_carea' id='block_1_24' title="bbox 1883 945 3476 1019">
    <p class='ocr_par' dir='ltr' id='par_1_24' title="bbox 1883 945 3476 1019">
     <span class='ocr_line' id='line_1_24' title="bbox 1883 945 3476 1019; baseline 0.001 -17"><span class='ocrx_word' id='word_1_157' title='bbox 1883 947 2107 1003; x_wconf 90' lang='lat' dir='ltr'><strong>Studete</strong></span> <span class='ocrx_word' id='word_1_158' title='bbox 2149 963 2277 1019; x_wconf 86' lang='lat' dir='ltr'><strong>ergo</strong></span> <span class='ocrx_word' id='word_1_159' title='bbox 2303 947 2379 1004; x_wconf 88' lang='lat' dir='ltr'><strong>sic</strong></span> <span class='ocrx_word' id='word_1_160' title='bbox 2405 947 2506 1005; x_wconf 85' lang='lat' dir='ltr'><strong>sibi</strong></span> <span class='ocrx_word' id='word_1_161' title='bbox 2536 947 2592 1001; x_wconf 91' lang='lat' dir='ltr'><strong>in</strong></span> <span class='ocrx_word' id='word_1_162' title='bbox 2620 945 2896 1004; x_wconf 87' lang='lat' dir='ltr'><strong>omnibus.</strong></span> <span class='ocrx_word' id='word_1_163' title='bbox 2921 947 3286 1004; x_wconf 83' lang='lat' dir='ltr'><strong>obedientiam</strong></span> <span class='ocrx_word' id='word_1_164' title='bbox 3324 948 3476 1004; x_wconf 84' lang='lat' dir='ltr'><strong>exhi-</strong></span> 
     </span>
    </p>
   </div>
   <div class='ocr_carea' id='block_1_25' title="bbox 1883 1039 3476 1114">
    <p class='ocr_par' dir='ltr' id='par_1_25' title="bbox 1883 1039 3476 1114">
     <span class='ocr_line' id='line_1_25' title="bbox 1883 1039 3476 1114; baseline 0.001 -17"><span class='ocrx_word' id='word_1_165' title='bbox 1883 1041 2011 1098; x_wconf 88' lang='lat' dir='ltr'><strong>bere</strong></span> <span class='ocrx_word' id='word_1_166' title='bbox 2041 1050 2096 1098; x_wconf 90' lang='lat' dir='ltr'><strong>et</strong></span> <span class='ocrx_word' id='word_1_167' title='bbox 2121 1058 2216 1112; x_wconf 90' lang='lat' dir='ltr'><strong>pro</strong></span> <span class='ocrx_word' id='word_1_168' title='bbox 2249 1041 2444 1098; x_wconf 86' lang='lat' dir='ltr'><strong>timore</strong></span> <span class='ocrx_word' id='word_1_169' title='bbox 2470 1039 2635 1096; x_wconf 83' lang='lat' dir='ltr'><strong>divini</strong></span> <span class='ocrx_word' id='word_1_170' title='bbox 2665 1041 2908 1096; x_wconf 88' lang='lat' dir='ltr'><strong>nominis</strong></span> <span class='ocrx_word' id='word_1_171' title='bbox 2939 1049 2994 1098; x_wconf 90' lang='lat' dir='ltr'><strong>et</strong></span> <span class='ocrx_word' id='word_1_172' title='bbox 3021 1041 3321 1098; x_wconf 85' lang='lat' dir='ltr'><strong>reverentia</strong></span> <span class='ocrx_word' id='word_1_173' title='bbox 3340 1058 3476 1114; x_wconf 92' lang='lat' dir='ltr'><strong>apo-</strong></span> 
     </span>
    </p>
   </div>
   <div class='ocr_carea' id='block_1_26' title="bbox 1886 1134 3478 1206">
    <p class='ocr_par' dir='ltr' id='par_1_26' title="bbox 1886 1134 3478 1206">
     <span class='ocr_line' id='line_1_26' title="bbox 1886 1134 3478 1206; baseline 0.001 -15"><span class='ocrx_word' id='word_1_174' title='bbox 1886 1134 2091 1191; x_wconf 74' lang='lat' dir='ltr'><strong>stolica:</strong></span> <span class='ocrx_word' id='word_1_175' title='bbox 2121 1135 2280 1202; x_wconf 87' lang='lat' dir='ltr'><strong>sedis,</strong></span> <span class='ocrx_word' id='word_1_176' title='bbox 2312 1135 2470 1206; x_wconf 90' lang='lat' dir='ltr'><strong>cuju</strong></span> <span class='ocrx_word' id='word_1_177' title='bbox 2498 1134 2820 1190; x_wconf 87' lang='lat' dir='ltr'><strong>auctoritate</strong></span> <span class='ocrx_word' id='word_1_178' title='bbox 2845 1140 2987 1200; x_wconf 81' lang='lat'><strong>(424)</strong></span> <span class='ocrx_word' id='word_1_179' title='bbox 3018 1134 3124 1190; x_wconf 89' lang='lat' dir='ltr'><strong>hoc</strong></span> <span class='ocrx_word' id='word_1_180' title='bbox 3160 1144 3343 1192; x_wconf 88' lang='lat' dir='ltr'><strong>actum</strong></span> <span class='ocrx_word' id='word_1_181' title='bbox 3374 1144 3478 1206; x_wconf 88' lang='lat' dir='ltr'><strong>est,</strong></span> 
     </span>
    </p>
   </div>
   <div class='ocr_carea' id='block_1_27' title="bbox 1884 1228 3480 1300">
    <p class='ocr_par' dir='ltr' id='par_1_27' title="bbox 1884 1228 3480 1300">
     <span class='ocr_line' id='line_1_27' title="bbox 1884 1228 3480 1300; baseline 0.002 -17"><span class='ocrx_word' id='word_1_182' title='bbox 1884 1237 2080 1283; x_wconf 90' lang='lat' dir='ltr'><strong>cuncta</strong></span> <span class='ocrx_word' id='word_1_183' title='bbox 2110 1243 2230 1299; x_wconf 68' lang='lat' dir='ltr'><strong>quae</strong></span> <span class='ocrx_word' id='word_1_184' title='bbox 2245 1228 2385 1300; x_wconf 84' lang='lat' dir='ltr'><strong>juris</strong></span> <span class='ocrx_word' id='word_1_185' title='bbox 2411 1237 2541 1288; x_wconf 89' lang='lat' dir='ltr'><strong>sunt</strong></span> <span class='ocrx_word' id='word_1_186' title='bbox 2563 1228 2817 1286; x_wconf 82' lang='lat' dir='ltr'><strong>Ecclesiae</strong></span> <span class='ocrx_word' id='word_1_187' title='bbox 2844 1236 3059 1291; x_wconf 69' lang='lat' dir='ltr'><strong>vestrae,</strong></span> <span class='ocrx_word' id='word_1_188' title='bbox 3077 1229 3222 1286; x_wconf 90' lang='lat' dir='ltr'><strong>sicut</strong></span> <span class='ocrx_word' id='word_1_189' title='bbox 3246 1230 3356 1300; x_wconf 90' lang='lat' dir='ltr'><strong>ipsa</strong></span> <span class='ocrx_word' id='word_1_190' title='bbox 3377 1232 3480 1286; x_wconf 83' lang='lat' dir='ltr'><strong>Ec-</strong></span> 
     </span>
    </p>
   </div>
   <div class='ocr_carea' id='block_1_28' title="bbox 1884 1321 3483 1394">
    <p class='ocr_par' dir='ltr' id='par_1_28' title="bbox 1884 1321 3483 1394">
     <span class='ocr_line' id='line_1_28' title="bbox 1884 1321 3483 1394; baseline 0 -16"><span class='ocrx_word' id='word_1_191' title='bbox 1884 1322 2043 1378; x_wconf 89' lang='lat' dir='ltr'><strong>clesia</strong></span> <span class='ocrx_word' id='word_1_192' title='bbox 2103 1321 2401 1392; x_wconf 88' lang='lat' dir='ltr'><strong>antiquitus</strong></span> <span class='ocrx_word' id='word_1_193' title='bbox 2452 1322 2647 1390; x_wconf 85' lang='lat' dir='ltr'><strong>tenuit,</strong></span> <span class='ocrx_word' id='word_1_194' title='bbox 2701 1330 2908 1389; x_wconf 88' lang='lat' dir='ltr'><strong>tenere,</strong></span> <span class='ocrx_word' id='word_1_195' title='bbox 2951 1329 3007 1378; x_wconf 89' lang='lat' dir='ltr'><strong>et</strong></span> <span class='ocrx_word' id='word_1_196' title='bbox 3053 1337 3175 1394; x_wconf 76' lang='lat' dir='ltr'><strong>quae</strong></span> <span class='ocrx_word' id='word_1_197' title='bbox 3219 1323 3483 1380; x_wconf 87' lang='lat' dir='ltr'><strong>violenter</strong></span> 
     </span>
    </p>
   </div>
   <div class='ocr_carea' id='block_1_29' title="bbox 1895 1414 3484 1488">
    <p class='ocr_par' dir='ltr' id='par_1_29' title="bbox 1895 1414 3484 1488">
     <span class='ocr_line' id='line_1_29' title="bbox 1895 1414 3484 1488; baseline 0.004 -18"><span class='ocrx_word' id='word_1_198' title='bbox 1895 1414 1995 1470; x_wconf 84' lang='lat' dir='ltr'><strong>sibi</strong></span> <span class='ocrx_word' id='word_1_199' title='bbox 2025 1414 2204 1480; x_wconf 84' lang='lat' dir='ltr'><strong>ablata</strong></span> <span class='ocrx_word' id='word_1_200' title='bbox 2235 1423 2386 1481; x_wconf 87' lang='lat' dir='ltr'><strong>sunt,</strong></span> <span class='ocrx_word' id='word_1_201' title='bbox 2415 1430 2542 1472; x_wconf 87' lang='lat' dir='ltr'><strong>eum</strong></span> <span class='ocrx_word' id='word_1_202' title='bbox 2571 1430 2894 1488; x_wconf 87' lang='lat' dir='ltr'><strong>recuperare</strong></span> <span class='ocrx_word' id='word_1_203' title='bbox 2911 1415 3126 1487; x_wconf 89' lang='lat' dir='ltr'><strong>juvare,</strong></span> <span class='ocrx_word' id='word_1_204' title='bbox 3155 1416 3484 1476; x_wconf 80' lang='lat' dir='ltr'><strong>nominatim</strong></span> 
     </span>
    </p>
   </div>
   <div class='ocr_carea' id='block_1_30' title="bbox 1885 1507 3484 1582">
    <p class='ocr_par' dir='ltr' id='par_1_30' title="bbox 1885 1507 3484 1582">
     <span class='ocr_line' id='line_1_30' title="bbox 1885 1507 3484 1582; baseline 0 -16"><span class='ocrx_word' id='word_1_205' title='bbox 1885 1516 2070 1566; x_wconf 89' lang='lat' dir='ltr'><strong>autem</strong></span> <span class='ocrx_word' id='word_1_206' title='bbox 2097 1507 2374 1566; x_wconf 80' lang='lat' dir='ltr'><strong>abbatiam.</strong></span> <span class='ocrx_word' id='word_1_207' title='bbox 2397 1511 2455 1564; x_wconf 94' lang='lat' dir='ltr'><strong>S.</strong></span> <span class='ocrx_word' id='word_1_208' title='bbox 2486 1508 2773 1574; x_wconf 89' lang='lat' dir='ltr'><strong>Bernardi,</strong></span> <span class='ocrx_word' id='word_1_209' title='bbox 2804 1516 3073 1582; x_wconf 85' lang='lat' dir='ltr'><strong>quatenus</strong></span> <span class='ocrx_word' id='word_1_210' title='bbox 3100 1509 3282 1580; x_wconf 87' lang='lat' dir='ltr'><strong>ipsum</strong></span> <span class='ocrx_word' id='word_1_211' title='bbox 3303 1512 3484 1566; x_wconf 89' lang='lat' dir='ltr'><strong>Deum</strong></span> 
     </span>
    </p>
   </div>
   <div class='ocr_carea' id='block_1_31' title="bbox 1888 1600 3468 1674">
    <p class='ocr_par' dir='ltr' id='par_1_31' title="bbox 1888 1600 3468 1674">
     <span class='ocr_line' id='line_1_31' title="bbox 1888 1600 3468 1674; baseline 0.002 -18"><span class='ocrx_word' id='word_1_212' title='bbox 1888 1602 2108 1672; x_wconf 88' lang='lat' dir='ltr'><strong>possitis</strong></span> <span class='ocrx_word' id='word_1_213' title='bbox 2136 1601 2333 1674; x_wconf 74' lang='lat' dir='ltr'><strong>exinde</strong></span> <span class='ocrx_word' id='word_1_214' title='bbox 2363 1600 2561 1658; x_wconf 85' lang='lat' dir='ltr'><strong>habere</strong></span> <span class='ocrx_word' id='word_1_215' title='bbox 2586 1601 2902 1674; x_wconf 88' lang='lat' dir='ltr'><strong>propitium,</strong></span> <span class='ocrx_word' id='word_1_216' title='bbox 2931 1611 2985 1658; x_wconf 89' lang='lat' dir='ltr'><strong>et</strong></span> <span class='ocrx_word' id='word_1_217' title='bbox 3014 1603 3076 1658; x_wconf 89' lang='lat' dir='ltr'><strong>B.</strong></span> <span class='ocrx_word' id='word_1_218' title='bbox 3115 1604 3342 1672; x_wconf 84' lang='lat' dir='ltr'><strong>Petrum</strong></span> <span class='ocrx_word' id='word_1_219' title='bbox 3370 1619 3468 1659; x_wconf 92' lang='lat' dir='ltr'><strong>vo—</strong></span> 
     </span>
    </p>
   </div>
   <div class='ocr_carea' id='block_1_32' title="bbox 1890 1693 3481 1768">
    <p class='ocr_par' dir='ltr' id='par_1_32' title="bbox 1890 1693 3481 1768">
     <span class='ocr_line' id='line_1_32' title="bbox 1890 1693 3481 1768; baseline 0.003 -21"><span class='ocrx_word' id='word_1_220' title='bbox 1890 1693 1973 1748; x_wconf 92' lang='lat' dir='ltr'><strong>bis</strong></span> <span class='ocrx_word' id='word_1_221' title='bbox 2000 1694 2301 1752; x_wconf 87' lang='lat' dir='ltr'><strong>debitorem</strong></span> <span class='ocrx_word' id='word_1_222' title='bbox 2332 1693 2564 1763; x_wconf 85' lang='lat' dir='ltr'><strong>faciatis,</strong></span> <span class='ocrx_word' id='word_1_223' title='bbox 2603 1703 2664 1749; x_wconf 88' lang='lat' dir='ltr'><strong>ut</strong></span> <span class='ocrx_word' id='word_1_224' title='bbox 2691 1695 2748 1752; x_wconf 89' lang='lat' dir='ltr'><strong>in</strong></span> <span class='ocrx_word' id='word_1_225' title='bbox 2793 1695 3046 1768; x_wconf 80' lang='lat' dir='ltr'><strong>praesenti</strong></span> <span class='ocrx_word' id='word_1_226' title='bbox 3085 1703 3141 1750; x_wconf 91' lang='lat' dir='ltr'><strong>et</strong></span> <span class='ocrx_word' id='word_1_227' title='bbox 3160 1693 3346 1752; x_wconf 73' lang='lat' dir='ltr'><strong>futura</strong></span> <span class='ocrx_word' id='word_1_228' title='bbox 3375 1695 3481 1752; x_wconf 85' lang='lat' dir='ltr'><strong>vita</strong></span> 
     </span>
    </p>
   </div>
   <div class='ocr_carea' id='block_1_33' title="bbox 172 1776 3120 1862">
    <p class='ocr_par' dir='ltr' id='par_1_33' title="bbox 172 1776 3120 1862">
     <span class='ocr_line' id='line_1_33' title="bbox 172 1776 3120 1862; baseline 0.001 -22"><span class='ocrx_word' id='word_1_229' title='bbox 172 1785 367 1853; x_wconf 86' lang='lat' dir='ltr'><strong>cessit,</strong></span> <span class='ocrx_word' id='word_1_230' title='bbox 389 1793 454 1839; x_wconf 89' lang='lat' dir='ltr'><strong>ut</strong></span> <span class='ocrx_word' id='word_1_231' title='bbox 476 1800 589 1842; x_wconf 89' lang='lat' dir='ltr'><strong>non</strong></span> <span class='ocrx_word' id='word_1_232' title='bbox 608 1784 790 1842; x_wconf 88' lang='lat' dir='ltr'><strong>solum</strong></span> <span class='ocrx_word' id='word_1_233' title='bbox 810 1800 932 1854; x_wconf 88' lang='lat' dir='ltr'><strong>nos,</strong></span> <span class='ocrx_word' id='word_1_234' title='bbox 962 1784 1062 1842; x_wconf 88' lang='lat' dir='ltr'><strong>sed</strong></span> <span class='ocrx_word' id='word_1_235' title='bbox 1101 1785 1352 1844; x_wconf 85' lang='lat' dir='ltr'><strong>universa</strong></span> <span class='ocrx_word' id='word_1_236' title='bbox 1388 1787 1653 1856; x_wconf 82' lang='lat' dir='ltr'><strong>Ecclesia,</strong></span> <span class='ocrx_word' id='word_1_237' title='bbox 1682 1802 1778 1858; x_wconf 49' lang='lat' dir='ltr'><strong>pa.</strong></span> <span class='ocrx_word' id='word_1_238' title='bbox 1812 1776 1859 1842; x_wconf 88' lang='grc' dir='ltr'>Β</span> <span class='ocrx_word' id='word_1_239' title='bbox 1891 1803 2054 1858; x_wconf 86' lang='lat' dir='ltr'><strong>suum</strong></span> <span class='ocrx_word' id='word_1_240' title='bbox 2086 1787 2237 1846; x_wconf 89' lang='lat' dir='ltr'><strong>vobis</strong></span> <span class='ocrx_word' id='word_1_241' title='bbox 2265 1788 2532 1846; x_wconf 79' lang='lat' dir='ltr'><strong>auxilium</strong></span> <span class='ocrx_word' id='word_1_242' title='bbox 2553 1788 2819 1859; x_wconf 85' lang='lat' dir='ltr'><strong>impertiri</strong></span> <span class='ocrx_word' id='word_1_243' title='bbox 2849 1787 3120 1862; x_wconf 78' lang='lat' dir='ltr'><strong>dignetur.</strong></span> 
     </span>
    </p>
   </div>
   <div class='ocr_carea' id='block_1_34' title="bbox 434 2043 3232 2139">
    <p class='ocr_par' dir='ltr' id='par_1_34' title="bbox 434 2043 3232 2139">
     <span class='ocr_line' id='line_1_34' title="bbox 434 2043 3232 2139; baseline 0.001 -5"><span class='ocrx_word' id='word_1_244' title='bbox 434 2043 1067 2137; x_wconf 63' lang='lat' dir='ltr'><strong>EPISTOLIE</strong></span> <span class='ocrx_word' id='word_1_245' title='bbox 1134 2045 1931 2139; x_wconf 83' lang='lat' dir='ltr'><strong>DIVERSORUM</strong></span> <span class='ocrx_word' id='word_1_246' title='bbox 1996 2045 2154 2136; x_wconf 85' lang='lat' dir='ltr'><strong>AD</strong></span> <span class='ocrx_word' id='word_1_247' title='bbox 2225 2043 2954 2138; x_wconf 83' lang='lat' dir='ltr'><strong>GREGORIUM</strong></span> <span class='ocrx_word' id='word_1_248' title='bbox 3020 2046 3232 2139; x_wconf 87' lang='lat' dir='ltr'><strong>VII.</strong></span> 
     </span>
    </p>
   </div>
   <div class='ocr_carea' id='block_1_35' title="bbox 963 2295 1010 2352">
    <p class='ocr_par' dir='ltr' id='par_1_35' title="bbox 963 2295 1010 2352">
     <span class='ocr_line' id='line_1_35' title="bbox 963 2295 1010 2352; baseline 0 0"><span class='ocrx_word' id='word_1_249' title='bbox 963 2295 1010 2352; x_wconf 83' lang='grc' dir='ltr'><strong>ῐ.</strong></span> 
     </span>
    </p>
   </div>
   <div class='ocr_carea' id='block_1_36' title="bbox 175 2397 1784 2471">
    <p class='ocr_par' dir='ltr' id='par_1_36' title="bbox 175 2397 1784 2471">
     <span class='ocr_line' id='line_1_36' title="bbox 175 2397 1784 2471; baseline -0.002 -14"><span class='ocrx_word' id='word_1_250' title='bbox 175 2401 503 2467; x_wconf 77' lang='lat' dir='ltr'><strong>Lanfrancz,</strong></span> <span class='ocrx_word' id='word_1_251' title='bbox 572 2397 964 2471; x_wconf 78' lang='lat' dir='ltr'><strong>archiepiscopi</strong></span> <span class='ocrx_word' id='word_1_252' title='bbox 1002 2399 1423 2466; x_wconf 71' lang='lat' dir='ltr'><strong>Cantuariensis,</strong></span> <span class='ocrx_word' id='word_1_253' title='bbox 1473 2403 1546 2456; x_wconf 84' lang='lat' dir='ltr'><strong>ad</strong></span> <span class='ocrx_word' id='word_1_254' title='bbox 1591 2401 1784 2457; x_wconf 79' lang='lat' dir='ltr'><strong>Hilde-</strong></span> 
     </span>
    </p>
   </div>
   <div class='ocr_carea' id='block_1_37' title="bbox 251 2471 1787 2538">
    <p class='ocr_par' dir='ltr' id='par_1_37' title="bbox 251 2471 1787 2538">
     <span class='ocr_line' id='line_1_37' title="bbox 251 2471 1787 2538; baseline 0.003 -13"><span class='ocrx_word' id='word_1_255' title='bbox 251 2471 544 2538; x_wconf 76' lang='lat' dir='ltr'><strong>brandum,</strong></span> <span class='ocrx_word' id='word_1_256' title='bbox 594 2475 845 2527; x_wconf 76' lang='grc' dir='ltr'><strong>Βοτηαηω</strong></span> <span class='ocrx_word' id='word_1_257' title='bbox 896 2474 1138 2528; x_wconf 78' lang='lat' dir='ltr'><strong>Ecclesiae</strong></span> <span class='ocrx_word' id='word_1_258' title='bbox 1188 2475 1648 2530; x_wconf 77' lang='lat' dir='ltr'><strong>archidiaconum.</strong></span> <span class='ocrx_word' id='word_1_259' title='bbox 1715 2503 1787 2514; x_wconf 90' lang='lat'><strong>—-</strong></span> 
     </span>
    </p>
   </div>
   <div class='ocr_carea' id='block_1_38' title="bbox 253 2544 1786 2614">
    <p class='ocr_par' dir='ltr' id='par_1_38' title="bbox 253 2544 1786 2614">
     <span class='ocr_line' id='line_1_38' title="bbox 253 2544 1786 2614; baseline 0.001 -16"><span class='ocrx_word' id='word_1_260' title='bbox 253 2547 332 2598; x_wconf 82' lang='lat' dir='ltr'><strong>De</strong></span> <span class='ocrx_word' id='word_1_261' title='bbox 357 2559 462 2598; x_wconf 84' lang='lat' dir='ltr'><strong>sua</strong></span> <span class='ocrx_word' id='word_1_262' title='bbox 487 2545 544 2596; x_wconf 73' lang='lat' dir='ltr'><strong>in</strong></span> <span class='ocrx_word' id='word_1_263' title='bbox 563 2544 717 2598; x_wconf 78' lang='lat' dir='ltr'><strong>illum</strong></span> <span class='ocrx_word' id='word_1_264' title='bbox 751 2545 1106 2600; x_wconf 76' lang='lat' dir='ltr'><strong>benevolentia</strong></span> <span class='ocrx_word' id='word_1_265' title='bbox 1122 2547 1424 2614; x_wconf 70' lang='lat' dir='ltr'><strong>praefatus,</strong></span> <span class='ocrx_word' id='word_1_266' title='bbox 1477 2547 1624 2600; x_wconf 81' lang='lat' dir='ltr'><strong>docet</strong></span> <span class='ocrx_word' id='word_1_267' title='bbox 1650 2547 1786 2602; x_wconf 83' lang='lat' dir='ltr'><strong>Ebo-</strong></span> 
     </span>
    </p>
   </div>
   <div class='ocr_carea' id='block_1_39' title="bbox 252 2618 1785 2686">
    <p class='ocr_par' dir='ltr' id='par_1_39' title="bbox 252 2618 1785 2686">
     <span class='ocr_line' id='line_1_39' title="bbox 252 2618 1785 2686; baseline 0.003 -19"><span class='ocrx_word' id='word_1_268' title='bbox 252 2630 530 2668; x_wconf 78' lang='lat' dir='ltr'><strong>racensem</strong></span> <span class='ocrx_word' id='word_1_269' title='bbox 579 2619 988 2686; x_wconf 76' lang='lat' dir='ltr'><strong>controversiam</strong></span> <span class='ocrx_word' id='word_1_270' title='bbox 1024 2618 1195 2684; x_wconf 75' lang='lat' dir='ltr'><strong>fuisse</strong></span> <span class='ocrx_word' id='word_1_271' title='bbox 1235 2620 1609 2686; x_wconf 77' lang='lat' dir='ltr'><strong>compositam,</strong></span> <span class='ocrx_word' id='word_1_272' title='bbox 1655 2618 1785 2671; x_wconf 73' lang='lat' dir='ltr'><strong>mis-</strong></span> 
     </span>
    </p>
   </div>
   <div class='ocr_carea' id='block_1_40' title="bbox 251 2683 1785 2757">
    <p class='ocr_par' dir='ltr' id='par_1_40' title="bbox 251 2683 1785 2757">
     <span class='ocr_line' id='line_1_40' title="bbox 251 2683 1785 2757; baseline 0.002 -19"><span class='ocrx_word' id='word_1_273' title='bbox 251 2701 483 2754; x_wconf 81' lang='lat' dir='ltr'><strong>sumque</strong></span> <span class='ocrx_word' id='word_1_274' title='bbox 516 2683 591 2739; x_wconf 84' lang='lat' dir='ltr'><strong>ad</strong></span> <span class='ocrx_word' id='word_1_275' title='bbox 636 2687 811 2740; x_wconf 80' lang='lat' dir='ltr'><strong>sedem</strong></span> <span class='ocrx_word' id='word_1_276' title='bbox 845 2687 1195 2756; x_wconf 79' lang='lat' dir='ltr'><strong>apostolicam</strong></span> <span class='ocrx_word' id='word_1_277' title='bbox 1240 2683 1519 2757; x_wconf 48' lang='lat' dir='ltr'><strong>rei—gestia</strong></span> <span class='ocrx_word' id='word_1_278' title='bbox 1566 2689 1785 2742; x_wconf 82' lang='lat' dir='ltr'><strong>relatio-</strong></span> 
     </span>
    </p>
   </div>
   <div class='ocr_carea' id='block_1_41' title="bbox 253 2758 1167 2829">
    <p class='ocr_par' dir='ltr' id='par_1_41' title="bbox 253 2758 1167 2829">
     <span class='ocr_line' id='line_1_41' title="bbox 253 2758 1167 2829; baseline 0.004 -20"><span class='ocrx_word' id='word_1_279' title='bbox 253 2771 400 2820; x_wconf 79' lang='lat' dir='ltr'><strong>nem,</strong></span> <span class='ocrx_word' id='word_1_280' title='bbox 422 2758 570 2826; x_wconf 80' lang='lat' dir='ltr'><strong>quod</strong></span> <span class='ocrx_word' id='word_1_281' title='bbox 600 2758 667 2812; x_wconf 86' lang='lat' dir='ltr'><strong>ab</strong></span> <span class='ocrx_word' id='word_1_282' title='bbox 690 2761 802 2827; x_wconf 74' lang='lat' dir='ltr'><strong>ipso</strong></span> <span class='ocrx_word' id='word_1_283' title='bbox 833 2760 936 2827; x_wconf 79' lang='lat' dir='ltr'><strong>legi</strong></span> <span class='ocrx_word' id='word_1_284' title='bbox 966 2761 1167 2829; x_wconf 77' lang='lat' dir='ltr'><strong>cupiat.</strong></span> 
     </span>
    </p>
   </div>
   <div class='ocr_carea' id='block_1_42' title="bbox 539 2851 1395 2922">
    <p class='ocr_par' dir='ltr' id='par_1_42' title="bbox 539 2851 1395 2922">
     <span class='ocr_line' id='line_1_42' title="bbox 539 2851 1395 2922; baseline -0.018 -4"><span class='ocrx_word' id='word_1_285' title='bbox 539 2885 550 2895; x_wconf 57' lang='grc' dir='ltr'><em>κ</em></span> <span class='ocrx_word' id='word_1_286' title='bbox 582 2853 602 2917; x_wconf 71' lang='grc' dir='ltr'><strong>ἶ</strong></span> <span class='ocrx_word' id='word_1_287' title='bbox 629 2852 766 2920; x_wconf 78' lang='lat' dir='ltr'><strong>Opp.</strong></span> <span class='ocrx_word' id='word_1_288' title='bbox 800 2854 1115 2919; x_wconf 80' lang='lat' dir='ltr'><strong>Lanfranci,</strong></span> <span class='ocrx_word' id='word_1_289' title='bbox 1165 2866 1217 2922; x_wconf 92' lang='lat' dir='ltr'><strong>p.</strong></span> <span class='ocrx_word' id='word_1_290' title='bbox 1250 2851 1395 2920; x_wconf 83' lang='lat'><strong>304.)</strong></span> 
     </span>
    </p>
   </div>
   <div class='ocr_carea' id='block_1_43' title="bbox 254 2949 1787 3008">
    <p class='ocr_par' dir='ltr' id='par_1_43' title="bbox 254 2949 1787 3008">
     <span class='ocr_line' id='line_1_43' title="bbox 254 2949 1787 3008; baseline 0 -2"><span class='ocrx_word' id='word_1_291' title='bbox 254 2950 508 3006; x_wconf 88' lang='lat' dir='ltr'><strong>Domino</strong></span> <span class='ocrx_word' id='word_1_292' title='bbox 552 2959 753 3007; x_wconf 76' lang='lat' dir='ltr'><strong>sanctae</strong></span> <span class='ocrx_word' id='word_1_293' title='bbox 801 2955 1066 3008; x_wconf 73' lang='lat' dir='ltr'><strong>Romana:</strong></span> <span class='ocrx_word' id='word_1_294' title='bbox 1103 2951 1360 3007; x_wconf 85' lang='lat' dir='ltr'><strong>Ecclesiae</strong></span> <span class='ocrx_word' id='word_1_295' title='bbox 1399 2949 1787 3007; x_wconf 85' lang='lat' dir='ltr'><strong>archidiacono</strong></span> 
     </span>
    </p>
   </div>
   <div class='ocr_carea' id='block_1_44' title="bbox 176 3044 1790 3117">
    <p class='ocr_par' dir='ltr' id='par_1_44' title="bbox 176 3044 1790 3117">
     <span class='ocr_line' id='line_1_44' title="bbox 176 3044 1790 3117; baseline 0 -16"><span class='ocrx_word' id='word_1_296' title='bbox 176 3047 645 3102; x_wconf 68' lang='lat' dir='ltr'><strong>Hnnnnnmno</strong></span> <span class='ocrx_word' id='word_1_297' title='bbox 673 3045 1086 3102; x_wconf 62' lang='lat' dir='ltr'><strong>Laurnancus</strong></span> <span class='ocrx_word' id='word_1_298' title='bbox 1110 3061 1240 3102; x_wconf 89' lang='lat' dir='ltr'><strong>suus</strong></span> <span class='ocrx_word' id='word_1_299' title='bbox 1277 3047 1479 3101; x_wconf 87' lang='lat' dir='ltr'><strong>sanctis</strong></span> <span class='ocrx_word' id='word_1_300' title='bbox 1512 3044 1790 3117; x_wconf 82' lang='lat' dir='ltr'><strong>principiis</strong></span> 
     </span>
    </p>
   </div>
   <div class='ocr_carea' id='block_1_45' title="bbox 173 3139 1002 3211">
    <p class='ocr_par' dir='ltr' id='par_1_45' title="bbox 173 3139 1002 3211">
     <span class='ocr_line' id='line_1_45' title="bbox 173 3139 1002 3211; baseline -0.001 -16"><span class='ocrx_word' id='word_1_301' title='bbox 173 3148 445 3195; x_wconf 81' lang='lat' dir='ltr'><strong>sanctum</strong></span> <span class='ocrx_word' id='word_1_302' title='bbox 461 3139 795 3211; x_wconf 85' lang='lat' dir='ltr'><strong>conjungere</strong></span> <span class='ocrx_word' id='word_1_303' title='bbox 813 3139 1002 3195; x_wconf 84' lang='lat' dir='ltr'><strong>ﬁnem.</strong></span> 
     </span>
    </p>
   </div>
   <div class='ocr_carea' id='block_1_46' title="bbox 249 3229 1790 3305">
    <p class='ocr_par' dir='ltr' id='par_1_46' title="bbox 249 3229 1790 3305">
     <span class='ocr_line' id='line_1_46' title="bbox 249 3229 1790 3305; baseline 0 -16"><span class='ocrx_word' id='word_1_304' title='bbox 249 3229 557 3304; x_wconf 83' lang='lat' dir='ltr'><strong>Explicare</strong></span> <span class='ocrx_word' id='word_1_305' title='bbox 594 3233 789 3288; x_wconf 85' lang='lat' dir='ltr'><strong>litteris</strong></span> <span class='ocrx_word' id='word_1_306' title='bbox 841 3248 1002 3288; x_wconf 89' lang='lat' dir='ltr'><strong>mens</strong></span> <span class='ocrx_word' id='word_1_307' title='bbox 1028 3247 1150 3288; x_wconf 89' lang='lat' dir='ltr'><strong>mea</strong></span> <span class='ocrx_word' id='word_1_308' title='bbox 1201 3248 1316 3288; x_wconf 92' lang='lat' dir='ltr'><strong>non</strong></span> <span class='ocrx_word' id='word_1_309' title='bbox 1357 3241 1536 3304; x_wconf 84' lang='lat' dir='ltr'><strong>potest</strong></span> <span class='ocrx_word' id='word_1_310' title='bbox 1589 3242 1790 3305; x_wconf 89' lang='lat' dir='ltr'><strong>quanta</strong></span> 
     </span>
    </p>
   </div>
   <div class='ocr_carea' id='block_1_47' title="bbox 176 3325 1794 3399">
    <p class='ocr_par' dir='ltr' id='par_1_47' title="bbox 176 3325 1794 3399">
     <span class='ocr_line' id='line_1_47' title="bbox 176 3325 1794 3399; baseline 0.001 -17"><span class='ocrx_word' id='word_1_311' title='bbox 176 3325 485 3382; x_wconf 87' lang='lat' dir='ltr'><strong>dilectione</strong></span> <span class='ocrx_word' id='word_1_312' title='bbox 528 3334 718 3383; x_wconf 88' lang='lat' dir='ltr'><strong>vestrae</strong></span> <span class='ocrx_word' id='word_1_313' title='bbox 759 3327 1048 3383; x_wconf 88' lang='lat' dir='ltr'><strong>sinceritati</strong></span> <span class='ocrx_word' id='word_1_314' title='bbox 1077 3327 1442 3394; x_wconf 84' lang='lat' dir='ltr'><strong>connectitur,</strong></span> <span class='ocrx_word' id='word_1_315' title='bbox 1483 3336 1794 3399; x_wconf 83' lang='lat' dir='ltr'><strong>quantaque</strong></span> 
     </span>
    </p>
   </div>
   <div class='ocr_carea' id='block_1_48' title="bbox 177 3418 1792 3491">
    <p class='ocr_par' dir='ltr' id='par_1_48' title="bbox 177 3418 1792 3491">
     <span class='ocr_line' id='line_1_48' title="bbox 177 3418 1792 3491; baseline 0.001 -16"><span class='ocrx_word' id='word_1_316' title='bbox 177 3418 489 3476; x_wconf 82' lang='lat' dir='ltr'><strong>dulcedine</strong></span> <span class='ocrx_word' id='word_1_317' title='bbox 542 3420 838 3491; x_wconf 82' lang='lat' dir='ltr'><strong>gratiarum</strong></span> <span class='ocrx_word' id='word_1_318' title='bbox 899 3429 1227 3486; x_wconf 87' lang='lat' dir='ltr'><strong>vestrarum,</strong></span> <span class='ocrx_word' id='word_1_319' title='bbox 1293 3436 1430 3490; x_wconf 88' lang='lat' dir='ltr'><strong>quas</strong></span> <span class='ocrx_word' id='word_1_320' title='bbox 1484 3421 1618 3475; x_wconf 90' lang='lat' dir='ltr'><strong>mihi</strong></span> <span class='ocrx_word' id='word_1_321' title='bbox 1679 3429 1792 3476; x_wconf 88' lang='lat' dir='ltr'><strong>tam</strong></span> 
     </span>
    </p>
   </div>
   <div class='ocr_carea' id='block_1_49' title="bbox 176 3513 1794 3586">
    <p class='ocr_par' dir='ltr' id='par_1_49' title="bbox 176 3513 1794 3586">
     <span class='ocr_line' id='line_1_49' title="bbox 176 3513 1794 3586; baseline -0.001 -15"><span class='ocrx_word' id='word_1_322' title='bbox 176 3513 454 3586; x_wconf 73' lang='lat' dir='ltr'><strong>praesenti</strong></span> <span class='ocrx_word' id='word_1_323' title='bbox 497 3529 668 3586; x_wconf 88' lang='lat' dir='ltr'><strong>quam</strong></span> <span class='ocrx_word' id='word_1_324' title='bbox 728 3513 936 3569; x_wconf 87' lang='lat' dir='ltr'><strong>absenti</strong></span> <span class='ocrx_word' id='word_1_325' title='bbox 995 3513 1300 3584; x_wconf 81' lang='lat' dir='ltr'><strong>benignitas</strong></span> <span class='ocrx_word' id='word_1_326' title='bbox 1356 3522 1529 3569; x_wconf 89' lang='lat' dir='ltr'><strong>vestra</strong></span> <span class='ocrx_word' id='word_1_327' title='bbox 1577 3530 1794 3586; x_wconf 82' lang='lat' dir='ltr'><strong>semper</strong></span> 
     </span>
    </p>
   </div>
   <div class='ocr_carea' id='block_1_50' title="bbox 179 3608 1788 3680">
    <p class='ocr_par' dir='ltr' id='par_1_50' title="bbox 179 3608 1788 3680">
     <span class='ocr_line' id='line_1_50' title="bbox 179 3608 1788 3680; baseline 0 -15"><span class='ocrx_word' id='word_1_328' title='bbox 179 3610 474 3676; x_wconf 82' lang='lat' dir='ltr'><strong>exhibuit,</strong></span> <span class='ocrx_word' id='word_1_329' title='bbox 511 3609 878 3665; x_wconf 86' lang='lat' dir='ltr'><strong>indesinenter</strong></span> <span class='ocrx_word' id='word_1_330' title='bbox 930 3608 1322 3665; x_wconf 85' lang='lat' dir='ltr'><strong>reminiscitur.</strong></span> <span class='ocrx_word' id='word_1_331' title='bbox 1370 3612 1660 3680; x_wconf 82' lang='lat' dir='ltr'><strong>Propterea</strong></span> <span class='ocrx_word' id='word_1_332' title='bbox 1724 3611 1788 3679; x_wconf 89' lang='lat' dir='ltr'><strong>si,</strong></span> 
     </span>
    </p>
   </div>
   <div class='ocr_carea' id='block_1_51' title="bbox 180 3699 1792 3775">
    <p class='ocr_par' dir='ltr' id='par_1_51' title="bbox 180 3699 1792 3775">
     <span class='ocr_line' id='line_1_51' title="bbox 180 3699 1792 3775; baseline 0.001 -17"><span class='ocrx_word' id='word_1_333' title='bbox 180 3703 436 3759; x_wconf 87' lang='lat' dir='ltr'><strong>donante</strong></span> <span class='ocrx_word' id='word_1_334' title='bbox 459 3707 600 3768; x_wconf 87' lang='lat' dir='ltr'><strong>Deo,</strong></span> <span class='ocrx_word' id='word_1_335' title='bbox 622 3703 678 3757; x_wconf 91' lang='lat' dir='ltr'><strong>in</strong></span> <span class='ocrx_word' id='word_1_336' title='bbox 703 3699 1040 3774; x_wconf 85' lang='lat' dir='ltr'><strong>quibuslibet</strong></span> <span class='ocrx_word' id='word_1_337' title='bbox 1063 3717 1247 3758; x_wconf 89' lang='lat' dir='ltr'><strong>rerum</strong></span> <span class='ocrx_word' id='word_1_338' title='bbox 1280 3703 1571 3775; x_wconf 84' lang='lat' dir='ltr'><strong>generibus</strong></span> <span class='ocrx_word' id='word_1_339' title='bbox 1592 3704 1792 3775; x_wconf 88' lang='lat' dir='ltr'><strong>aliquid</strong></span> 
     </span>
    </p>
   </div>
   <div class='ocr_carea' id='block_1_52' title="bbox 178 3796 1792 3869">
    <p class='ocr_par' dir='ltr' id='par_1_52' title="bbox 178 3796 1792 3869">
     <span class='ocr_line' id='line_1_52' title="bbox 178 3796 1792 3869; baseline 0 -16"><span class='ocrx_word' id='word_1_340' title='bbox 178 3797 328 3853; x_wconf 87' lang='lat' dir='ltr'><strong>boni</strong></span> <span class='ocrx_word' id='word_1_341' title='bbox 357 3796 525 3863; x_wconf 77' lang='lat' dir='ltr'><strong>facio,</strong></span> <span class='ocrx_word' id='word_1_342' title='bbox 552 3796 786 3852; x_wconf 79' lang='lat' dir='ltr'><strong>salutem</strong></span> <span class='ocrx_word' id='word_1_343' title='bbox 815 3805 1052 3852; x_wconf 88' lang='lat' dir='ltr'><strong>vestram</strong></span> <span class='ocrx_word' id='word_1_344' title='bbox 1087 3804 1200 3851; x_wconf 88' lang='lat' dir='ltr'><strong>tam</strong></span> <span class='ocrx_word' id='word_1_345' title='bbox 1241 3796 1598 3868; x_wconf 74' lang='lat' dir='ltr'><strong>temporalem</strong></span> <span class='ocrx_word' id='word_1_346' title='bbox 1625 3813 1792 3869; x_wconf 90' lang='lat' dir='ltr'><strong>quam</strong></span> 
     </span>
    </p>
   </div>
   <div class='ocr_carea' id='block_1_53' title="bbox 181 3889 1792 3963">
    <p class='ocr_par' dir='ltr' id='par_1_53' title="bbox 181 3889 1792 3963">
     <span class='ocr_line' id='line_1_53' title="bbox 181 3889 1792 3963; baseline -0.001 -15"><span class='ocrx_word' id='word_1_347' title='bbox 181 3899 450 3963; x_wconf 82' lang='lat' dir='ltr'><strong>tempore</strong></span> <span class='ocrx_word' id='word_1_348' title='bbox 489 3897 772 3946; x_wconf 72' lang='lat' dir='ltr'><strong>carentem</strong></span> <span class='ocrx_word' id='word_1_349' title='bbox 815 3889 1028 3946; x_wconf 83' lang='lat' dir='ltr'><strong>tradere</strong></span> <span class='ocrx_word' id='word_1_350' title='bbox 1067 3889 1328 3945; x_wconf 83' lang='lat' dir='ltr'><strong>oblivioni</strong></span> <span class='ocrx_word' id='word_1_351' title='bbox 1363 3906 1480 3946; x_wconf 91' lang='lat' dir='ltr'><strong>non</strong></span> <span class='ocrx_word' id='word_1_352' title='bbox 1508 3892 1681 3948; x_wconf 86' lang='lat' dir='ltr'><strong>valeo.</strong></span> <span class='ocrx_word' id='word_1_353' title='bbox 1728 3893 1792 3947; x_wconf 83' lang='lat' dir='ltr'><strong>Et</strong></span> 
     </span>
    </p>
   </div>
   <div class='ocr_carea' id='block_1_54' title="bbox 181 3985 1791 4057">
    <p class='ocr_par' dir='ltr' id='par_1_54' title="bbox 181 3985 1791 4057">
     <span class='ocr_line' id='line_1_54' title="bbox 181 3985 1791 4057; baseline 0 -15"><span class='ocrx_word' id='word_1_354' title='bbox 181 3988 296 4044; x_wconf 86' lang='lat' dir='ltr'><strong>hoc</strong></span> <span class='ocrx_word' id='word_1_355' title='bbox 335 4002 442 4042; x_wconf 89' lang='lat' dir='ltr'><strong>oro</strong></span> <span class='ocrx_word' id='word_1_356' title='bbox 479 3987 917 4057; x_wconf 82' lang='lat' dir='ltr'><strong>omnipotentem</strong></span> <span class='ocrx_word' id='word_1_357' title='bbox 954 3987 1156 4052; x_wconf 87' lang='lat' dir='ltr'><strong>Deum,</strong></span> <span class='ocrx_word' id='word_1_358' title='bbox 1189 3993 1456 4056; x_wconf 80' lang='lat' dir='ltr'><strong>quatenus</strong></span> <span class='ocrx_word' id='word_1_359' title='bbox 1486 3985 1652 4042; x_wconf 89' lang='lat' dir='ltr'><strong>vitam</strong></span> <span class='ocrx_word' id='word_1_360' title='bbox 1699 4002 1791 4042; x_wconf 90' lang='lat' dir='ltr'><strong>ve-</strong></span> 
     </span>
    </p>
   </div>
   <div class='ocr_carea' id='block_1_55' title="bbox 174 4079 1794 4138">
    <p class='ocr_par' dir='ltr' id='par_1_55' title="bbox 174 4079 1794 4138">
     <span class='ocr_line' id='line_1_55' title="bbox 174 4079 1794 4138; baseline -0.001 0"><span class='ocrx_word' id='word_1_361' title='bbox 174 4090 370 4138; x_wconf 82' lang='lat' dir='ltr'><strong>stram</strong></span> <span class='ocrx_word' id='word_1_362' title='bbox 401 4079 473 4135; x_wconf 90' lang='lat' dir='ltr'><strong>ad</strong></span> <span class='ocrx_word' id='word_1_363' title='bbox 503 4080 767 4135; x_wconf 87' lang='lat' dir='ltr'><strong>honorem</strong></span> <span class='ocrx_word' id='word_1_364' title='bbox 790 4087 844 4135; x_wconf 89' lang='lat' dir='ltr'><strong>et</strong></span> <span class='ocrx_word' id='word_1_365' title='bbox 873 4079 1283 4134; x_wconf 88' lang='lat' dir='ltr'><strong>ﬁrmamentum</strong></span> <span class='ocrx_word' id='word_1_366' title='bbox 1310 4087 1516 4134; x_wconf 63' lang='lat' dir='ltr'><strong>sancta:</strong></span> <span class='ocrx_word' id='word_1_367' title='bbox 1541 4080 1794 4136; x_wconf 69' lang='lat' dir='ltr'><strong>Ecclesiae</strong></span> 
     </span>
    </p>
   </div>
   <div class='ocr_carea' id='block_1_56' title="bbox 177 4169 1792 4247">
    <p class='ocr_par' dir='ltr' id='par_1_56' title="bbox 177 4169 1792 4247">
     <span class='ocr_line' id='line_1_56' title="bbox 177 4169 1792 4247; baseline -0.004 -14"><span class='ocrx_word' id='word_1_368' title='bbox 177 4191 305 4233; x_wconf 65' lang='lat' dir='ltr'><strong>me</strong></span> <span class='ocrx_word' id='word_1_369' title='bbox 331 4174 609 4247; x_wconf 74' lang='lat' dir='ltr'><strong>prolixam</strong></span> <span class='ocrx_word' id='word_1_370' title='bbox 645 4173 705 4228; x_wconf 90' lang='lat' dir='ltr'><strong>in</strong></span> <span class='ocrx_word' id='word_1_371' title='bbox 735 4171 841 4228; x_wconf 83' lang='lat' dir='ltr'><strong>hoc</strong></span> <span class='ocrx_word' id='word_1_372' title='bbox 867 4172 1072 4229; x_wconf 65' lang='lat' dir='ltr'><strong>smeulo</strong></span> <span class='ocrx_word' id='word_1_373' title='bbox 1101 4169 1286 4239; x_wconf 81' lang='lat' dir='ltr'><strong>faciat,</strong></span> <span class='ocrx_word' id='word_1_374' title='bbox 1313 4172 1792 4228; x_wconf 82' lang='lat' dir='ltr'><strong>incontaminatam</strong></span> 
     </span>
    </p>
   </div>
   <div class='ocr_carea' id='block_1_57' title="bbox 175 4265 1792 4338">
    <p class='ocr_par' dir='ltr' id='par_1_57' title="bbox 175 4265 1792 4338">
     <span class='ocr_line' id='line_1_57' title="bbox 175 4265 1792 4338; baseline -0.004 -11"><span class='ocrx_word' id='word_1_375' title='bbox 175 4271 254 4327; x_wconf 76' lang='lat' dir='ltr'><strong>ab</strong></span> <span class='ocrx_word' id='word_1_376' title='bbox 303 4267 466 4324; x_wconf 78' lang='lat' dir='ltr'><strong>omni</strong></span> <span class='ocrx_word' id='word_1_377' title='bbox 506 4265 708 4338; x_wconf 78' lang='lat' dir='ltr'><strong>peccati</strong></span> <span class='ocrx_word' id='word_1_378' title='bbox 763 4266 1085 4338; x_wconf 73' lang='lat' dir='ltr'><strong>contagione</strong></span> <span class='ocrx_word' id='word_1_379' title='bbox 1133 4265 1433 4333; x_wconf 84' lang='lat' dir='ltr'><strong>custodiat,</strong></span> <span class='ocrx_word' id='word_1_380' title='bbox 1480 4275 1536 4321; x_wconf 88' lang='lat' dir='ltr'><strong>et</strong></span> <span class='ocrx_word' id='word_1_381' title='bbox 1599 4267 1656 4320; x_wconf 89' lang='lat' dir='ltr'><strong>in</strong></span> <span class='ocrx_word' id='word_1_382' title='bbox 1711 4265 1792 4321; x_wconf 78' lang='lat' dir='ltr'><strong>l‘u-</strong></span> 
     </span>
    </p>
   </div>
   <div class='ocr_carea' id='block_1_58' title="bbox 175 4359 1793 4434">
    <p class='ocr_par' dir='ltr' id='par_1_58' title="bbox 175 4359 1793 4434">
     <span class='ocr_line' id='line_1_58' title="bbox 175 4359 1793 4434; baseline -0.004 -13"><span class='ocrx_word' id='word_1_383' title='bbox 175 4375 318 4421; x_wconf 82' lang='lat' dir='ltr'><strong>turo</strong></span> <span class='ocrx_word' id='word_1_384' title='bbox 357 4362 739 4434; x_wconf 71' lang='lat' dir='ltr'><strong>centuplicatis</strong></span> <span class='ocrx_word' id='word_1_385' title='bbox 765 4362 1025 4434; x_wconf 86' lang='lat' dir='ltr'><strong>operibus</strong></span> <span class='ocrx_word' id='word_1_386' title='bbox 1058 4362 1252 4417; x_wconf 83' lang='lat' dir='ltr'><strong>vestris</strong></span> <span class='ocrx_word' id='word_1_387' title='bbox 1279 4362 1449 4420; x_wconf 87' lang='lat' dir='ltr'><strong>vitam</strong></span> <span class='ocrx_word' id='word_1_388' title='bbox 1479 4359 1632 4417; x_wconf 85' lang='lat' dir='ltr'><strong>vobis</strong></span> <span class='ocrx_word' id='word_1_389' title='bbox 1674 4375 1793 4431; x_wconf 83' lang='lat' dir='ltr'><strong>per-</strong></span> 
     </span>
    </p>
   </div>
   <div class='ocr_carea' id='block_1_59' title="bbox 176 4455 1515 4529">
    <p class='ocr_par' dir='ltr' id='par_1_59' title="bbox 176 4455 1515 4529">
     <span class='ocr_line' id='line_1_59' title="bbox 176 4455 1515 4529; baseline -0.005 -12"><span class='ocrx_word' id='word_1_390' title='bbox 176 4465 523 4516; x_wconf 79' lang='lat' dir='ltr'><strong>manentem</strong></span> <span class='ocrx_word' id='word_1_391' title='bbox 549 4457 808 4529; x_wconf 83' lang='lat' dir='ltr'><strong>copious</strong></span> <span class='ocrx_word' id='word_1_392' title='bbox 825 4464 1210 4513; x_wconf 85' lang='lat' dir='ltr'><strong>remunerator</strong></span> <span class='ocrx_word' id='word_1_393' title='bbox 1230 4455 1515 4512; x_wconf 86' lang='lat' dir='ltr'><strong>retribuat.</strong></span> 
     </span>
    </p>
   </div>
   <div class='ocr_carea' id='block_1_60' title="bbox 253 4549 1792 4622">
    <p class='ocr_par' dir='ltr' id='par_1_60' title="bbox 253 4549 1792 4622">
     <span class='ocr_line' id='line_1_60' title="bbox 253 4549 1792 4622; baseline -0.003 -13"><span class='ocrx_word' id='word_1_394' title='bbox 253 4556 447 4609; x_wconf 73' lang='lat' dir='ltr'><strong>Porro</strong></span> <span class='ocrx_word' id='word_1_395' title='bbox 491 4549 768 4606; x_wconf 84' lang='lat' dir='ltr'><strong>calumnia</strong></span> <span class='ocrx_word' id='word_1_396' title='bbox 804 4563 973 4622; x_wconf 89' lang='lat' dir='ltr'><strong>quam</strong></span> <span class='ocrx_word' id='word_1_397' title='bbox 999 4549 1362 4605; x_wconf 82' lang='lat' dir='ltr'><strong>Eboracensis</strong></span> <span class='ocrx_word' id='word_1_398' title='bbox 1400 4549 1660 4606; x_wconf 83' lang='lat' dir='ltr'><strong>Ecclesiae</strong></span> <span class='ocrx_word' id='word_1_399' title='bbox 1695 4565 1792 4604; x_wconf 87' lang='lat' dir='ltr'><strong>an-</strong></span> 
     </span>
    </p>
   </div>
   <div class='ocr_carea' id='block_1_61' title="bbox 173 4641 1794 4714">
    <p class='ocr_par' dir='ltr' id='par_1_61' title="bbox 173 4641 1794 4714">
     <span class='ocr_line' id='line_1_61' title="bbox 173 4641 1794 4714; baseline -0.002 -12"><span class='ocrx_word' id='word_1_400' title='bbox 173 4647 360 4704; x_wconf 79' lang='lat' dir='ltr'><strong>tistes</strong></span> <span class='ocrx_word' id='word_1_401' title='bbox 381 4643 676 4700; x_wconf 79' lang='lat' dir='ltr'><strong>adversum</strong></span> <span class='ocrx_word' id='word_1_402' title='bbox 705 4659 797 4700; x_wconf 88' lang='lat' dir='ltr'><strong>me</strong></span> <span class='ocrx_word' id='word_1_403' title='bbox 820 4643 990 4699; x_wconf 84' lang='lat' dir='ltr'><strong>movit</strong></span> <span class='ocrx_word' id='word_1_404' title='bbox 1010 4643 1076 4699; x_wconf 87' lang='lat' dir='ltr'><strong>dc</strong></span> <span class='ocrx_word' id='word_1_405' title='bbox 1115 4643 1350 4714; x_wconf 87' lang='lat' dir='ltr'><strong>primatu</strong></span> <span class='ocrx_word' id='word_1_406' title='bbox 1374 4650 1428 4697; x_wconf 81' lang='lat' dir='ltr'><strong>et</strong></span> <span class='ocrx_word' id='word_1_407' title='bbox 1454 4641 1794 4714; x_wconf 81' lang='lat' dir='ltr'><strong>subjectione</strong></span> 
     </span>
    </p>
   </div>
   <div class='ocr_carea' id='block_1_62' title="bbox 170 4734 1794 4814">
    <p class='ocr_par' dir='ltr' id='par_1_62' title="bbox 170 4734 1794 4814">
     <span class='ocr_line' id='line_1_62' title="bbox 170 4734 1794 4814; baseline -0.003 -18"><span class='ocrx_word' id='word_1_408' title='bbox 170 4737 579 4814; x_wconf 78' lang='lat' dir='ltr'><strong>quorumdam</strong></span> <span class='ocrx_word' id='word_1_409' title='bbox 621 4739 1024 4809; x_wconf 83' lang='lat' dir='ltr'><strong>episcoporum,</strong></span> <span class='ocrx_word' id='word_1_410' title='bbox 1091 4734 1393 4792; x_wconf 86' lang='lat' dir='ltr'><strong>secundum</strong></span> <span class='ocrx_word' id='word_1_411' title='bbox 1457 4745 1794 4808; x_wconf 67' lang='lat' dir='ltr'><strong>praereptum</strong></span> 
     </span>
    </p>
   </div>
   <div class='ocr_carea' id='block_1_63' title="bbox 169 4828 1798 4908">
    <p class='ocr_par' dir='ltr' id='par_1_63' title="bbox 169 4828 1798 4908">
     <span class='ocr_line' id='line_1_63' title="bbox 169 4828 1798 4908; baseline -0.003 -19"><span class='ocrx_word' id='word_1_412' title='bbox 169 4833 522 4908; x_wconf 73' lang='lat' dir='ltr'><strong>apostolicae</strong></span> <span class='ocrx_word' id='word_1_413' title='bbox 566 4830 710 4887; x_wconf 87' lang='lat' dir='ltr'><strong>sedis</strong></span> <span class='ocrx_word' id='word_1_414' title='bbox 756 4828 938 4887; x_wconf 85' lang='lat' dir='ltr'><strong>audita</strong></span> <span class='ocrx_word' id='word_1_415' title='bbox 987 4838 1043 4885; x_wconf 80' lang='lat' dir='ltr'><strong>et</strong></span> <span class='ocrx_word' id='word_1_416' title='bbox 1080 4829 1440 4886; x_wconf 79' lang='lat' dir='ltr'><strong>determinata</strong></span> <span class='ocrx_word' id='word_1_417' title='bbox 1484 4837 1584 4883; x_wconf 87' lang='lat' dir='ltr'><strong>est.</strong></span> <span class='ocrx_word' id='word_1_418' title='bbox 1630 4829 1798 4901; x_wconf 84' lang='lat' dir='ltr'><strong>Cujus</strong></span> 
     </span>
    </p>
   </div>
   <div class='ocr_carea' id='block_1_64' title="bbox 171 4922 1794 5003">
    <p class='ocr_par' dir='ltr' id='par_1_64' title="bbox 171 4922 1794 5003">
     <span class='ocr_line' id='line_1_64' title="bbox 171 4922 1794 5003; baseline -0.004 -18"><span class='ocrx_word' id='word_1_419' title='bbox 171 4927 404 5002; x_wconf 80' lang='lat' dir='ltr'><strong>negotii</strong></span> <span class='ocrx_word' id='word_1_420' title='bbox 451 4925 753 4998; x_wconf 86' lang='lat' dir='ltr'><strong>gestionem</strong></span> <span class='ocrx_word' id='word_1_421' title='bbox 793 4923 1028 4980; x_wconf 91' lang='lat' dir='ltr'><strong>breviter</strong></span> <span class='ocrx_word' id='word_1_422' title='bbox 1071 4939 1134 4980; x_wconf 80' lang='lat' dir='ltr'><strong>ex</strong></span> <span class='ocrx_word' id='word_1_423' title='bbox 1165 4923 1356 5003; x_wconf 86' lang='lat' dir='ltr'><strong>ordine</strong></span> <span class='ocrx_word' id='word_1_424' title='bbox 1383 4922 1637 4993; x_wconf 87' lang='lat' dir='ltr'><strong>scriptam</strong></span> <span class='ocrx_word' id='word_1_425' title='bbox 1683 4925 1794 4978; x_wconf 87' lang='lat' dir='ltr'><strong>Do-</strong></span> 
     </span>
    </p>
   </div>
   <div class='ocr_carea' id='block_1_65' title="bbox 172 5015 1796 5091">
    <p class='ocr_par' dir='ltr' id='par_1_65' title="bbox 172 5015 1796 5091">
     <span class='ocr_line' id='line_1_65' title="bbox 172 5015 1796 5091; baseline -0.006 -10"><span class='ocrx_word' id='word_1_426' title='bbox 172 5025 354 5081; x_wconf 87' lang='lat' dir='ltr'><strong>mino</strong></span> <span class='ocrx_word' id='word_1_427' title='bbox 386 5027 581 5078; x_wconf 88' lang='lat' dir='ltr'><strong>nostro</strong></span> <span class='ocrx_word' id='word_1_428' title='bbox 609 5017 770 5091; x_wconf 82' lang='lat' dir='ltr'><strong>Papae</strong></span> <span class='ocrx_word' id='word_1_429' title='bbox 807 5015 1103 5087; x_wconf 88' lang='lat' dir='ltr'><strong>transmisi,</strong></span> <span class='ocrx_word' id='word_1_430' title='bbox 1145 5032 1308 5090; x_wconf 89' lang='lat' dir='ltr'><strong>quam</strong></span> <span class='ocrx_word' id='word_1_431' title='bbox 1352 5015 1473 5072; x_wconf 90' lang='lat' dir='ltr'><strong>volo</strong></span> <span class='ocrx_word' id='word_1_432' title='bbox 1509 5019 1564 5072; x_wconf 87' lang='lat' dir='ltr'><strong>et</strong></span> <span class='ocrx_word' id='word_1_433' title='bbox 1602 5032 1735 5090; x_wconf 85' lang='lat' dir='ltr'><strong>rogo</strong></span> <span class='ocrx_word' id='word_1_434' title='bbox 1765 5033 1796 5072; x_wconf 91' lang='lat' dir='ltr'><strong>a</strong></span> 
     </span>
    </p>
   </div>
   <div class='ocr_carea' id='block_1_66' title="bbox 253 5237 1805 5320">
    <p class='ocr_par' dir='ltr' id='par_1_66' title="bbox 253 5237 1805 5320">
     <span class='ocr_line' id='line_1_66' title="bbox 253 5237 1805 5320; baseline -0.005 -18"><span class='ocrx_word' id='word_1_435' title='bbox 253 5245 429 5320; x_wconf 79' lang='lat'><strong>(423)</strong></span> <span class='ocrx_word' id='word_1_436' title='bbox 457 5238 832 5320; x_wconf 54' lang='lat' dir='ltr'><strong>“(armandas</strong></span> <span class='ocrx_word' id='word_1_437' title='bbox 848 5255 944 5296; x_wconf 89' lang='lat' dir='ltr'><strong>seu</strong></span> <span class='ocrx_word' id='word_1_438' title='bbox 962 5237 1388 5320; x_wconf 77' lang='lat' dir='ltr'><strong>Guarmundus,_</strong></span> <span class='ocrx_word' id='word_1_439' title='bbox 1405 5237 1578 5320; x_wconf 76' lang='lat' dir='ltr'><strong>abbas</strong></span> <span class='ocrx_word' id='word_1_440' title='bbox 1600 5239 1805 5320; x_wconf 72' lang='lat' dir='ltr'><strong>Dolen-</strong></span> 
     </span>
    </p>
   </div>
   <div class='ocr_carea' id='block_1_67' title="bbox 171 5307 1806 5383">
    <p class='ocr_par' dir='ltr' id='par_1_67' title="bbox 171 5307 1806 5383">
     <span class='ocr_line' id='line_1_67' title="bbox 171 5307 1806 5383; baseline -0.015 -3"><span class='ocrx_word' id='word_1_441' title='bbox 171 5307 282 5378; x_wconf 46' lang='lat' dir='ltr'><strong>sis‘</strong></span> <span class='ocrx_word' id='word_1_442' title='bbox 297 5307 571 5380; x_wconf 63' lang='lat' dir='ltr'><strong>canobii,</strong></span> <span class='ocrx_word' id='word_1_443' title='bbox 601 5328 744 5370; x_wconf 87' lang='lat' dir='ltr'><strong>anno</strong></span> <span class='ocrx_word' id='word_1_444' title='bbox 779 5320 876 5370; x_wconf 79' lang='lat'><strong>107</strong></span> <span class='ocrx_word' id='word_1_445' title='bbox 885 5320 912 5368; x_wconf 83' lang='lat'><strong>7</strong></span> <span class='ocrx_word' id='word_1_446' title='bbox 953 5311 1235 5368; x_wconf 73' lang='lat' dir='ltr'><strong>ordinatus</strong></span> <span class='ocrx_word' id='word_1_447' title='bbox 1260 5315 1335 5366; x_wconf 81' lang='lat' dir='ltr'><strong>est</strong></span> <span class='ocrx_word' id='word_1_448' title='bbox 1366 5314 1422 5383; x_wconf 67' lang='lat' dir='ltr'><strong>in</strong></span> <span class='ocrx_word' id='word_1_449' title='bbox 1447 5307 1806 5383; x_wconf 66' lang='lat' dir='ltr'><strong>archiepisco—</strong></span> 
     </span>
    </p>
   </div>
   <div class='ocr_carea' id='block_1_68' title="bbox 363 5381 1803 5448">
    <p class='ocr_par' dir='ltr' id='par_1_68' title="bbox 363 5381 1803 5448">
     <span class='ocr_line' id='line_1_68' title="bbox 363 5381 1803 5448; baseline -0.004 -4"><span class='ocrx_word' id='word_1_450' title='bbox 363 5385 741 5448; x_wconf 73' lang='lat' dir='ltr'><strong>Viesmensem,</strong></span> <span class='ocrx_word' id='word_1_451' title='bbox 762 5400 829 5438; x_wconf 79' lang='lat' dir='ltr'><strong>ex</strong></span> <span class='ocrx_word' id='word_1_452' title='bbox 859 5383 1128 5440; x_wconf 84' lang='lat' dir='ltr'><strong>Chronico</strong></span> <span class='ocrx_word' id='word_1_453' title='bbox 1158 5381 1405 5447; x_wconf 87' lang='lat' dir='ltr'><strong>Dolensi,</strong></span> <span class='ocrx_word' id='word_1_454' title='bbox 1430 5390 1585 5437; x_wconf 86' lang='lat' dir='ltr'><strong>tomo</strong></span> <span class='ocrx_word' id='word_1_455' title='bbox 1610 5381 1803 5438; x_wconf 85' lang='lat' dir='ltr'><strong>nostro</strong></span> 
     </span>
    </p>
   </div>
   <div class='ocr_carea' id='block_1_69' title="bbox 247 5451 1802 5530">
    <p class='ocr_par' dir='ltr' id='par_1_69' title="bbox 247 5451 1802 5530">
     <span class='ocr_line' id='line_1_69' title="bbox 247 5451 1802 5530; baseline -0.003 -15"><span class='ocrx_word' id='word_1_456' title='bbox 247 5463 342 5524; x_wconf 82' lang='grc' dir='ltr'><strong>ιι.</strong></span> <span class='ocrx_word' id='word_1_457' title='bbox 364 5475 418 5530; x_wconf 91' lang='lat' dir='ltr'><strong>p.</strong></span> <span class='ocrx_word' id='word_1_458' title='bbox 450 5463 588 5522; x_wconf 73' lang='lat'><strong>455;</strong></span> <span class='ocrx_word' id='word_1_459' title='bbox 617 5455 745 5530; x_wconf 83' lang='lat' dir='ltr'><strong>etin</strong></span> <span class='ocrx_word' id='word_1_460' title='bbox 765 5453 1046 5530; x_wconf 68' lang='lat' dir='ltr'><strong>Cl&#39;ironicg</strong></span> <span class='ocrx_word' id='word_1_461' title='bbox 1056 5451 1367 5530; x_wconf 74' lang='lat' dir='ltr'><strong>antistitum</strong></span> <span class='ocrx_word' id='word_1_462' title='bbox 1389 5453 1802 5530; x_wconf 77' lang='lat' dir='ltr'><strong>Viennensium,</strong></span> 
     </span>
    </p>
   </div>
   <div class='ocr_carea' id='block_1_70' title="bbox 167 5521 1803 5610">
    <p class='ocr_par' dir='ltr' id='par_1_70' title="bbox 167 5521 1803 5610">
     <span class='ocr_line' id='line_1_70' title="bbox 167 5521 1803 5610; baseline -0.004 -21"><span class='ocrx_word' id='word_1_463' title='bbox 167 5521 340 5590; x_wconf 71' lang='lat' dir='ltr'><strong>ibid.</strong></span> <span class='ocrx_word' id='word_1_464' title='bbox 461 5521 590 5610; x_wconf 64' lang='lat'><strong>346,</strong></span> <span class='ocrx_word' id='word_1_465' title='bbox 618 5527 815 5610; x_wconf 72' lang='lat' dir='ltr'><strong>legitur</strong></span> <span class='ocrx_word' id='word_1_466' title='bbox 856 5547 878 5610; x_wconf 59' lang='grc' dir='ltr'><strong>ί</strong></span> <span class='ocrx_word' id='word_1_467' title='bbox 928 5549 960 5610; x_wconf 69' lang='lat' dir='ltr'><strong>c_</strong></span> <span class='ocrx_word' id='word_1_468' title='bbox 1003 5521 1380 5610; x_wconf 75' lang='lat' dir='ltr'><strong>warmundus</strong></span> <span class='ocrx_word' id='word_1_469' title='bbox 1407 5523 1555 5610; x_wconf 68' lang='lat' dir='ltr'><strong>circa</strong></span> <span class='ocrx_word' id='word_1_470' title='bbox 1596 5521 1803 5583; x_wconf 84' lang='lat' dir='ltr'><strong>annum</strong></span> 
     </span>
    </p>
   </div>
   <div class='ocr_carea' id='block_1_71' title="bbox 173 5594 1800 5664">
    <p class='ocr_par' dir='ltr' id='par_1_71' title="bbox 173 5594 1800 5664">
     <span class='ocr_line' id='line_1_71' title="bbox 173 5594 1800 5664; baseline -0.005 -2"><span class='ocrx_word' id='word_1_471' title='bbox 173 5610 298 5664; x_wconf 80' lang='lat'><strong>107</strong></span> <span class='ocrx_word' id='word_1_472' title='bbox 317 5610 341 5658; x_wconf 88' lang='lat' dir='ltr'><strong>l</strong></span> <span class='ocrx_word' id='word_1_473' title='bbox 369 5594 655 5660; x_wconf 54' lang='lat' dir='ltr'><strong>&quot;mnoniee</strong></span> <span class='ocrx_word' id='word_1_474' title='bbox 671 5594 804 5656; x_wconf 59' lang='lat' dir='ltr'><strong>&#39;fuit</strong></span> <span class='ocrx_word' id='word_1_475' title='bbox 833 5596 1038 5654; x_wconf 83' lang='lat' dir='ltr'><strong>electus</strong></span> <span class='ocrx_word' id='word_1_476' title='bbox 1076 5597 1137 5654; x_wconf 89' lang='lat' dir='ltr'><strong>in</strong></span> <span class='ocrx_word' id='word_1_477' title='bbox 1179 5597 1366 5664; x_wconf 84' lang='lat' dir='ltr'><strong>sedem</strong></span> <span class='ocrx_word' id='word_1_478' title='bbox 1407 5594 1800 5664; x_wconf 80' lang='lat' dir='ltr'><strong>Viennensem,</strong></span> 
     </span>
    </p>
   </div>
   <div class='ocr_carea' id='block_1_72' title="bbox 169 5663 1806 5750">
    <p class='ocr_par' dir='ltr' id='par_1_72' title="bbox 169 5663 1806 5750">
     <span class='ocr_line' id='line_1_72' title="bbox 169 5663 1806 5750; baseline -0.001 -22"><span class='ocrx_word' id='word_1_479' title='bbox 169 5663 446 5750; x_wconf 49' lang='lat' dir='ltr'><strong>aptent:</strong></span> <span class='ocrx_word' id='word_1_480' title='bbox 459 5671 528 5750; x_wconf 65' lang='lat' dir='ltr'><strong>iis</strong></span> <span class='ocrx_word' id='word_1_481' title='bbox 544 5671 640 5744; x_wconf 83' lang='lat' dir='ltr'><strong>qui</strong></span> <span class='ocrx_word' id='word_1_482' title='bbox 655 5686 779 5750; x_wconf 79' lang='lat' dir='ltr'><strong>eam</strong></span> <span class='ocrx_word' id='word_1_483' title='bbox 804 5668 1108 5750; x_wconf 66' lang='lat' dir='ltr'><strong>Simoniace</strong></span> <span class='ocrx_word' id='word_1_484' title='bbox 1133 5663 1514 5750; x_wconf 60' lang='lat' dir='ltr'><strong>administrare</strong></span> <span class='ocrx_word' id='word_1_485' title='bbox 1531 5667 1806 5750; x_wconf 81' lang='lat' dir='ltr'><strong>conaban-</strong></span> 
     </span>
    </p>
   </div>
   <div class='ocr_carea' id='block_1_73' title="bbox 172 5735 1806 5814">
    <p class='ocr_par' dir='ltr' id='par_1_73' title="bbox 172 5735 1806 5814">
     <span class='ocr_line' id='line_1_73' title="bbox 172 5735 1806 5814; baseline -0.003 -12"><span class='ocrx_word' id='word_1_486' title='bbox 172 5735 319 5812; x_wconf 64' lang='lat' dir='ltr'><strong>me,</strong></span> <span class='ocrx_word' id='word_1_487' title='bbox 354 5752 410 5798; x_wconf 89' lang='lat' dir='ltr'><strong>et</strong></span> <span class='ocrx_word' id='word_1_488' title='bbox 433 5759 463 5798; x_wconf 92' lang='lat' dir='ltr'><strong>a</strong></span> <span class='ocrx_word' id='word_1_489' title='bbox 489 5735 753 5814; x_wconf 73' lang='lat' dir='ltr'><strong>Gr&#39;egorio</strong></span> <span class='ocrx_word' id='word_1_490' title='bbox 783 5737 1055 5814; x_wconf 80' lang='lat' dir='ltr'><strong>pontiﬁce,</strong></span> <span class='ocrx_word' id='word_1_491' title='bbox 1081 5739 1170 5811; x_wconf 91' lang='lat' dir='ltr'><strong>qui</strong></span> <span class='ocrx_word' id='word_1_492' title='bbox 1195 5755 1324 5797; x_wconf 89' lang='lat' dir='ltr'><strong>eum</strong></span> <span class='ocrx_word' id='word_1_493' title='bbox 1357 5735 1570 5795; x_wconf 85' lang='lat' dir='ltr'><strong>ﬁdelem</strong></span> <span class='ocrx_word' id='word_1_494' title='bbox 1595 5747 1651 5797; x_wconf 85' lang='lat' dir='ltr'><strong>et</strong></span> <span class='ocrx_word' id='word_1_495' title='bbox 1678 5756 1806 5812; x_wconf 78' lang='lat' dir='ltr'><strong>pru-</strong></span> 
     </span>
    </p>
   </div>
   <div class='ocr_carea' id='block_1_74' title="bbox 173 5811 1302 5880">
    <p class='ocr_par' dir='ltr' id='par_1_74' title="bbox 173 5811 1302 5880">
     <span class='ocr_line' id='line_1_74' title="bbox 173 5811 1302 5880; baseline -0.012 -3"><span class='ocrx_word' id='word_1_496' title='bbox 173 5811 433 5877; x_wconf 78' lang='lat' dir='ltr'><strong>dentem</strong></span> <span class='ocrx_word' id='word_1_497' title='bbox 465 5811 710 5880; x_wconf 74' lang='lat' dir='ltr'><strong>noverat,</strong></span> <span class='ocrx_word' id='word_1_498' title='bbox 731 5811 1115 5878; x_wconf 90' lang='lat' dir='ltr'><strong>conﬁrmatus,</strong></span> <span class='ocrx_word' id='word_1_499' title='bbox 1144 5819 1247 5865; x_wconf 89' lang='lat' dir='ltr'><strong>etc.</strong></span> <span class='ocrx_word' id='word_1_500' title='bbox 1277 5833 1302 5857; x_wconf 72' lang='grc' dir='ltr'><strong>ι</strong></span> 
     </span>
    </p>
   </div>
   <div class='ocr_carea' id='block_1_75' title="bbox 1827 4972 1878 5033">
    <p class='ocr_par' dir='ltr' id='par_1_75' title="bbox 1827 4972 1878 5033">
     <span class='ocr_line' id='line_1_75' title="bbox 1827 4972 1878 5033; baseline 0 0"><span class='ocrx_word' id='word_1_501' title='bbox 1827 4972 1878 5033; x_wconf 85' lang='grc' dir='ltr'><strong>Ι)</strong></span> 
     </span>
    </p>
   </div>
   <div class='ocr_carea' id='block_1_76' title="bbox 1889 2295 3477 2368">
    <p class='ocr_par' dir='ltr' id='par_1_76' title="bbox 1889 2295 3477 2368">
     <span class='ocr_line' id='line_1_76' title="bbox 1889 2295 3477 2368; baseline 0.001 -18"><span class='ocrx_word' id='word_1_502' title='bbox 1889 2296 2043 2353; x_wconf 89' lang='lat' dir='ltr'><strong>vobis</strong></span> <span class='ocrx_word' id='word_1_503' title='bbox 2088 2295 2420 2368; x_wconf 89' lang='lat' dir='ltr'><strong>competenti</strong></span> <span class='ocrx_word' id='word_1_504' title='bbox 2451 2295 2733 2366; x_wconf 84' lang='lat' dir='ltr'><strong>diligentia</strong></span> <span class='ocrx_word' id='word_1_505' title='bbox 2761 2296 2884 2366; x_wconf 90' lang='lat' dir='ltr'><strong>legi,</strong></span> <span class='ocrx_word' id='word_1_506' title='bbox 2929 2303 3200 2366; x_wconf 89' lang='lat' dir='ltr'><strong>quatenus</strong></span> <span class='ocrx_word' id='word_1_507' title='bbox 3239 2295 3477 2352; x_wconf 84' lang='lat' dir='ltr'><strong>charitas</strong></span> 
     </span>
    </p>
   </div>
   <div class='ocr_carea' id='block_1_77' title="bbox 1891 2388 3484 2460">
    <p class='ocr_par' dir='ltr' id='par_1_77' title="bbox 1891 2388 3484 2460">
     <span class='ocr_line' id='line_1_77' title="bbox 1891 2388 3484 2460; baseline -0.001 -15"><span class='ocrx_word' id='word_1_508' title='bbox 1891 2397 2067 2446; x_wconf 86' lang='lat' dir='ltr'><strong>vestra</strong></span> <span class='ocrx_word' id='word_1_509' title='bbox 2116 2390 2485 2446; x_wconf 84' lang='lat' dir='ltr'><strong>certissimum</strong></span> <span class='ocrx_word' id='word_1_510' title='bbox 2534 2395 2716 2445; x_wconf 89' lang='lat' dir='ltr'><strong>teneat</strong></span> <span class='ocrx_word' id='word_1_511' title='bbox 2757 2388 2892 2460; x_wconf 89' lang='lat' dir='ltr'><strong>quid</strong></span> <span class='ocrx_word' id='word_1_512' title='bbox 2937 2388 3066 2443; x_wconf 88' lang='lat' dir='ltr'><strong>mihi</strong></span> <span class='ocrx_word' id='word_1_513' title='bbox 3121 2388 3484 2460; x_wconf 76' lang='lat' dir='ltr'><strong>Ecclesiaeque</strong></span> 
     </span>
    </p>
   </div>
   <div class='ocr_carea' id='block_1_78' title="bbox 1892 2481 3484 2554">
    <p class='ocr_par' dir='ltr' id='par_1_78' title="bbox 1892 2481 3484 2554">
     <span class='ocr_line' id='line_1_78' title="bbox 1892 2481 3484 2554; baseline -0.001 -16"><span class='ocrx_word' id='word_1_514' title='bbox 1892 2499 2030 2540; x_wconf 79' lang='lat' dir='ltr'><strong>meae</strong></span> <span class='ocrx_word' id='word_1_515' title='bbox 2102 2485 2260 2540; x_wconf 87' lang='lat' dir='ltr'><strong>sedes</strong></span> <span class='ocrx_word' id='word_1_516' title='bbox 2336 2483 2636 2554; x_wconf 90' lang='lat' dir='ltr'><strong>apostolica</strong></span> <span class='ocrx_word' id='word_1_517' title='bbox 2712 2482 3090 2537; x_wconf 88' lang='lat' dir='ltr'><strong>conﬁrmando</strong></span> <span class='ocrx_word' id='word_1_518' title='bbox 3162 2481 3484 2549; x_wconf 88' lang='lat' dir='ltr'><strong>concedere,</strong></span> 
     </span>
    </p>
   </div>
   <div class='ocr_carea' id='block_1_79' title="bbox 1892 2569 3482 2647">
    <p class='ocr_par' dir='ltr' id='par_1_79' title="bbox 1892 2569 3482 2647">
     <span class='ocr_line' id='line_1_79' title="bbox 1892 2569 3482 2647; baseline -0.001 -15"><span class='ocrx_word' id='word_1_519' title='bbox 1892 2585 1947 2632; x_wconf 89' lang='lat' dir='ltr'><strong>et</strong></span> <span class='ocrx_word' id='word_1_520' title='bbox 1980 2576 2331 2633; x_wconf 88' lang='lat' dir='ltr'><strong>concedendo</strong></span> <span class='ocrx_word' id='word_1_521' title='bbox 2373 2575 2702 2631; x_wconf 89' lang='lat' dir='ltr'><strong>conﬁrmare</strong></span> <span class='ocrx_word' id='word_1_522' title='bbox 2734 2591 2832 2646; x_wconf 85' lang='lat' dir='ltr'><strong>per</strong></span> <span class='ocrx_word' id='word_1_523' title='bbox 2872 2569 3220 2647; x_wconf 82' lang='lat' dir='ltr'><strong>privilegium</strong></span> <span class='ocrx_word' id='word_1_524' title='bbox 3268 2575 3482 2632; x_wconf 86' lang='lat' dir='ltr'><strong>debeat.</strong></span> 
     </span>
    </p>
   </div>
   <div class='ocr_carea' id='block_1_80' title="bbox 2653 2694 2721 2746">
    <p class='ocr_par' dir='ltr' id='par_1_80' title="bbox 2653 2694 2721 2746">
     <span class='ocr_line' id='line_1_80' title="bbox 2653 2694 2721 2746; baseline 0 0"><span class='ocrx_word' id='word_1_525' title='bbox 2653 2694 2721 2746; x_wconf 85' lang='lat' dir='ltr'><strong>II.</strong></span> 
     </span>
    </p>
   </div>
   <div class='ocr_carea' id='block_1_81' title="bbox 1895 2802 3479 2870">
    <p class='ocr_par' dir='ltr' id='par_1_81' title="bbox 1895 2802 3479 2870">
     <span class='ocr_line' id='line_1_81' title="bbox 1895 2802 3479 2870; baseline -0.004 -10"><span class='ocrx_word' id='word_1_526' title='bbox 1895 2803 2262 2860; x_wconf 72' lang='lat' dir='ltr'><strong>Il&#39;t&#39;ldebrandi</strong></span> <span class='ocrx_word' id='word_1_527' title='bbox 2288 2804 2360 2856; x_wconf 85' lang='lat' dir='ltr'><strong>ad</strong></span> <span class='ocrx_word' id='word_1_528' title='bbox 2390 2805 2780 2870; x_wconf 78' lang='lat' dir='ltr'><strong>Lanfrancum.</strong></span> <span class='ocrx_word' id='word_1_529' title='bbox 2811 2803 3020 2856; x_wconf 86' lang='lat' dir='ltr'><strong>—1deo</strong></span> <span class='ocrx_word' id='word_1_530' title='bbox 3049 2803 3294 2869; x_wconf 75' lang='lat' dir='ltr'><strong>pallium,</strong></span> <span class='ocrx_word' id='word_1_531' title='bbox 3337 2802 3479 2870; x_wconf 79' lang='lat' dir='ltr'><strong>quod</strong></span> 
     </span>
    </p>
   </div>
   <div class='ocr_carea' id='block_1_82' title="bbox 1964 2871 3492 2942">
    <p class='ocr_par' dir='ltr' id='par_1_82' title="bbox 1964 2871 3492 2942">
     <span class='ocr_line' id='line_1_82' title="bbox 1964 2871 3492 2942; baseline -0.004 -14"><span class='ocrx_word' id='word_1_532' title='bbox 1964 2875 2078 2942; x_wconf 85' lang='lat' dir='ltr'><strong>ejus</strong></span> <span class='ocrx_word' id='word_1_533' title='bbox 2121 2877 2284 2942; x_wconf 75' lang='lat' dir='ltr'><strong>legati</strong></span> <span class='ocrx_word' id='word_1_534' title='bbox 2305 2875 2584 2942; x_wconf 81' lang='lat' dir='ltr'><strong>petebant,</strong></span> <span class='ocrx_word' id='word_1_535' title='bbox 2616 2876 2846 2926; x_wconf 69' lang='lat' dir='ltr'><strong>missum</strong></span> <span class='ocrx_word' id='word_1_536' title='bbox 2876 2887 2980 2924; x_wconf 75' lang='lat' dir='ltr'><strong>non</strong></span> <span class='ocrx_word' id='word_1_537' title='bbox 3010 2874 3200 2936; x_wconf 73' lang='lat' dir='ltr'><strong>fuisse,</strong></span> <span class='ocrx_word' id='word_1_538' title='bbox 3232 2873 3377 2939; x_wconf 80' lang='lat' dir='ltr'><strong>quod</strong></span> <span class='ocrx_word' id='word_1_539' title='bbox 3397 2871 3492 2923; x_wconf 85' lang='lat' dir='ltr'><strong>ab-</strong></span> 
     </span>
    </p>
   </div>
   <div class='ocr_carea' id='block_1_83' title="bbox 1965 2943 3488 2999">
    <p class='ocr_par' dir='ltr' id='par_1_83' title="bbox 1965 2943 3488 2999">
     <span class='ocr_line' id='line_1_83' title="bbox 1965 2943 3488 2999; baseline -0.001 0"><span class='ocrx_word' id='word_1_540' title='bbox 1965 2947 2204 2999; x_wconf 78' lang='lat' dir='ltr'><strong>sentibus</strong></span> <span class='ocrx_word' id='word_1_541' title='bbox 2252 2947 2399 2998; x_wconf 70' lang='lat' dir='ltr'><strong>mitti</strong></span> <span class='ocrx_word' id='word_1_542' title='bbox 2452 2960 2557 2998; x_wconf 80' lang='lat' dir='ltr'><strong>non</strong></span> <span class='ocrx_word' id='word_1_543' title='bbox 2604 2944 2785 2999; x_wconf 79' lang='lat' dir='ltr'><strong>soleat.</strong></span> <span class='ocrx_word' id='word_1_544' title='bbox 2835 2943 3066 2999; x_wconf 75' lang='lat' dir='ltr'><strong>Proinde</strong></span> <span class='ocrx_word' id='word_1_545' title='bbox 3135 2944 3488 2997; x_wconf 72' lang='lat' dir='ltr'><strong>necessarium</strong></span> 
     </span>
    </p>
   </div>
   <div class='ocr_carea' id='block_1_84' title="bbox 1966 3019 2634 3074">
    <p class='ocr_par' dir='ltr' id='par_1_84' title="bbox 1966 3019 2634 3074">
     <span class='ocr_line' id='line_1_84' title="bbox 1966 3019 2634 3074; baseline -0.003 -4"><span class='ocrx_word' id='word_1_546' title='bbox 1966 3032 2076 3072; x_wconf 81' lang='lat' dir='ltr'><strong>esse</strong></span> <span class='ocrx_word' id='word_1_547' title='bbox 2105 3024 2164 3072; x_wconf 82' lang='lat' dir='ltr'><strong>ut</strong></span> <span class='ocrx_word' id='word_1_548' title='bbox 2183 3021 2408 3074; x_wconf 78' lang='lat' dir='ltr'><strong>Romam</strong></span> <span class='ocrx_word' id='word_1_549' title='bbox 2435 3019 2634 3072; x_wconf 65' lang='lat' dir='ltr'><strong>veri-tat.</strong></span> 
     </span>
    </p>
   </div>
   <div class='ocr_carea' id='block_1_85' title="bbox 2598 3118 2786 3191">
    <p class='ocr_par' dir='ltr' id='par_1_85' title="bbox 2598 3118 2786 3191">
     <span class='ocr_line' id='line_1_85' title="bbox 2598 3118 2786 3191; baseline -0.011 -17"><span class='ocrx_word' id='word_1_550' title='bbox 2598 3118 2786 3191; x_wconf 62' lang='lat' dir='ltr'><strong>[ista]</strong></span> 
     </span>
    </p>
   </div>
   <div class='ocr_carea' id='block_1_86' title="bbox 1967 3229 3489 3302">
    <p class='ocr_par' dir='ltr' id='par_1_86' title="bbox 1967 3229 3489 3302">
     <span class='ocr_line' id='line_1_86' title="bbox 1967 3229 3489 3302; baseline -0.003 -12"><span class='ocrx_word' id='word_1_551' title='bbox 1967 3236 2344 3291; x_wconf 64' lang='lat' dir='ltr'><strong>Laurnanco</strong></span> <span class='ocrx_word' id='word_1_552' title='bbox 2373 3233 2662 3289; x_wconf 86' lang='lat' dir='ltr'><strong>venerabili</strong></span> <span class='ocrx_word' id='word_1_553' title='bbox 2691 3231 3108 3290; x_wconf 87' lang='lat' dir='ltr'><strong>Cantuariorum</strong></span> <span class='ocrx_word' id='word_1_554' title='bbox 3135 3229 3489 3302; x_wconf 85' lang='lat' dir='ltr'><strong>archiepisco-</strong></span> 
     </span>
    </p>
   </div>
   <div class='ocr_carea' id='block_1_87' title="bbox 1901 3323 3488 3400">
    <p class='ocr_par' dir='ltr' id='par_1_87' title="bbox 1901 3323 3488 3400">
     <span class='ocr_line' id='line_1_87' title="bbox 1901 3323 3488 3400; baseline -0.003 -16"><span class='ocrx_word' id='word_1_555' title='bbox 1901 3345 1970 3400; x_wconf 93' lang='lat' dir='ltr'><strong>po</strong></span> <span class='ocrx_word' id='word_1_556' title='bbox 1993 3334 2194 3384; x_wconf 71' lang='lat' dir='ltr'><strong>sancta)</strong></span> <span class='ocrx_word' id='word_1_557' title='bbox 2216 3331 2486 3384; x_wconf 80' lang='lat' dir='ltr'><strong>Romanae</strong></span> <span class='ocrx_word' id='word_1_558' title='bbox 2512 3327 2769 3384; x_wconf 80' lang='lat' dir='ltr'><strong>Ecclesiae</strong></span> <span class='ocrx_word' id='word_1_559' title='bbox 2795 3330 3285 3383; x_wconf 73' lang='lat' dir='ltr'><strong>llrnnennarvnus</strong></span> <span class='ocrx_word' id='word_1_560' title='bbox 3313 3323 3488 3380; x_wconf 87' lang='lat' dir='ltr'><strong>archi-</strong></span> 
     </span>
    </p>
   </div>
   <div class='ocr_carea' id='block_1_88' title="bbox 1900 3422 2798 3478">
    <p class='ocr_par' dir='ltr' id='par_1_88' title="bbox 1900 3422 2798 3478">
     <span class='ocr_line' id='line_1_88' title="bbox 1900 3422 2798 3478; baseline -0.001 -1"><span class='ocrx_word' id='word_1_561' title='bbox 1900 3422 2163 3478; x_wconf 86' lang='lat' dir='ltr'><strong>diaconus</strong></span> <span class='ocrx_word' id='word_1_562' title='bbox 2182 3423 2421 3477; x_wconf 84' lang='lat' dir='ltr'><strong>salutem</strong></span> <span class='ocrx_word' id='word_1_563' title='bbox 2450 3424 2502 3476; x_wconf 90' lang='lat' dir='ltr'><strong>in</strong></span> <span class='ocrx_word' id='word_1_564' title='bbox 2538 3422 2798 3476; x_wconf 89' lang='lat' dir='ltr'><strong>Domino.</strong></span> 
     </span>
    </p>
   </div>
   <div class='ocr_carea' id='block_1_89' title="bbox 1972 3513 3492 3587">
    <p class='ocr_par' dir='ltr' id='par_1_89' title="bbox 1972 3513 3492 3587">
     <span class='ocr_line' id='line_1_89' title="bbox 1972 3513 3492 3587; baseline -0.003 -17"><span class='ocrx_word' id='word_1_565' title='bbox 1972 3515 2150 3570; x_wconf 88' lang='lat' dir='ltr'><strong>Verba</strong></span> <span class='ocrx_word' id='word_1_566' title='bbox 2175 3517 2480 3587; x_wconf 83' lang='lat' dir='ltr'><strong>legatorum</strong></span> <span class='ocrx_word' id='word_1_567' title='bbox 2498 3523 2801 3569; x_wconf 89' lang='lat' dir='ltr'><strong>vestrorum</strong></span> <span class='ocrx_word' id='word_1_568' title='bbox 2821 3513 3055 3586; x_wconf 82' lang='lat' dir='ltr'><strong>graviter</strong></span> <span class='ocrx_word' id='word_1_569' title='bbox 3076 3515 3172 3579; x_wconf 78' lang='grc' dir='ltr'><strong>[αἱ.</strong></span> <span class='ocrx_word' id='word_1_570' title='bbox 3195 3513 3492 3583; x_wconf 79' lang='lat' dir='ltr'><strong>gratanter]</strong></span> 
     </span>
    </p>
   </div>
   <div class='ocr_carea' id='block_1_90' title="bbox 1901 3605 3492 3680">
    <p class='ocr_par' dir='ltr' id='par_1_90' title="bbox 1901 3605 3492 3680">
     <span class='ocr_line' id='line_1_90' title="bbox 1901 3605 3492 3680; baseline -0.003 -16"><span class='ocrx_word' id='word_1_571' title='bbox 1901 3609 2231 3680; x_wconf 74' lang='lat' dir='ltr'><strong>accepimus,</strong></span> <span class='ocrx_word' id='word_1_572' title='bbox 2253 3606 2349 3663; x_wconf 89' lang='lat' dir='ltr'><strong>sed</strong></span> <span class='ocrx_word' id='word_1_573' title='bbox 2366 3607 2512 3679; x_wconf 90' lang='lat' dir='ltr'><strong>quod</strong></span> <span class='ocrx_word' id='word_1_574' title='bbox 2534 3607 2802 3661; x_wconf 89' lang='lat' dir='ltr'><strong>voluntati</strong></span> <span class='ocrx_word' id='word_1_575' title='bbox 2821 3614 3010 3661; x_wconf 81' lang='lat' dir='ltr'><strong>vestrae</strong></span> <span class='ocrx_word' id='word_1_576' title='bbox 3026 3606 3078 3660; x_wconf 92' lang='lat' dir='ltr'><strong>in</strong></span> <span class='ocrx_word' id='word_1_577' title='bbox 3107 3605 3371 3661; x_wconf 88' lang='lat' dir='ltr'><strong>mittendo</strong></span> <span class='ocrx_word' id='word_1_578' title='bbox 3399 3605 3492 3661; x_wconf 82' lang='lat' dir='ltr'><strong>ab-</strong></span> 
     </span>
    </p>
   </div>
   <div class='ocr_carea' id='block_1_91' title="bbox 1896 3698 3494 3774">
    <p class='ocr_par' dir='ltr' id='par_1_91' title="bbox 1896 3698 3494 3774">
     <span class='ocr_line' id='line_1_91' title="bbox 1896 3698 3494 3774; baseline -0.001 -18"><span class='ocrx_word' id='word_1_579' title='bbox 1896 3703 2032 3756; x_wconf 87' lang='lat' dir='ltr'><strong>senti</strong></span> <span class='ocrx_word' id='word_1_580' title='bbox 2056 3715 2304 3774; x_wconf 77' lang='lat' dir='ltr'><strong>persona:</strong></span> <span class='ocrx_word' id='word_1_581' title='bbox 2340 3711 2532 3757; x_wconf 68' lang='lat' dir='ltr'><strong>vestrae</strong></span> <span class='ocrx_word' id='word_1_582' title='bbox 2555 3699 2857 3772; x_wconf 86' lang='lat' dir='ltr'><strong>privilegio,</strong></span> <span class='ocrx_word' id='word_1_583' title='bbox 2888 3707 2948 3755; x_wconf 89' lang='lat' dir='ltr'><strong>ut</strong></span> <span class='ocrx_word' id='word_1_584' title='bbox 2986 3700 3057 3754; x_wconf 91' lang='lat' dir='ltr'><strong>illi</strong></span> <span class='ocrx_word' id='word_1_585' title='bbox 3087 3699 3364 3770; x_wconf 87' lang='lat' dir='ltr'><strong>petebant,</strong></span> <span class='ocrx_word' id='word_1_586' title='bbox 3391 3698 3494 3754; x_wconf 81' lang='lat' dir='ltr'><strong>rite</strong></span> 
     </span>
    </p>
   </div>
   <div class='ocr_carea' id='block_1_92' title="bbox 1899 3777 3496 3867">
    <p class='ocr_par' dir='ltr' id='par_1_92' title="bbox 1899 3777 3496 3867">
     <span class='ocr_line' id='line_1_92' title="bbox 1899 3777 3496 3867; baseline -0.001 -17"><span class='ocrx_word' id='word_1_587' title='bbox 1899 3811 2008 3851; x_wconf 90' lang='lat' dir='ltr'><strong>non</strong></span> <span class='ocrx_word' id='word_1_588' title='bbox 2048 3795 2323 3867; x_wconf 89' lang='lat' dir='ltr'><strong>potuimus</strong></span> <span class='ocrx_word' id='word_1_589' title='bbox 2360 3795 2694 3862; x_wconf 77' lang='lat' dir='ltr'><strong>satisfacere,</strong></span> <span class='ocrx_word' id='word_1_590' title='bbox 2728 3792 2883 3849; x_wconf 87' lang='lat' dir='ltr'><strong>valde</strong></span> <span class='ocrx_word' id='word_1_591' title='bbox 2907 3790 3214 3860; x_wconf 76' lang='lat' dir='ltr'><strong>doluimus;</strong></span> <span class='ocrx_word' id='word_1_592' title='bbox 3245 3805 3418 3863; x_wconf 86' lang='lat' dir='ltr'><strong>neque</strong></span> <span class='ocrx_word' id='word_1_593' title='bbox 3441 3777 3496 3848; x_wconf 87' lang='lat' dir='ltr'><strong>id</strong></span> 
     </span>
    </p>
   </div>
   <div class='ocr_carea' id='block_1_93' title="bbox 1901 3884 3496 3961">
    <p class='ocr_par' dir='ltr' id='par_1_93' title="bbox 1901 3884 3496 3961">
     <span class='ocr_line' id='line_1_93' title="bbox 1901 3884 3496 3961; baseline -0.003 -17"><span class='ocrx_word' id='word_1_594' title='bbox 1901 3888 2203 3961; x_wconf 75' lang='lat' dir='ltr'><strong>aegre&#39;ferat</strong></span> <span class='ocrx_word' id='word_1_595' title='bbox 2227 3897 2408 3944; x_wconf 86' lang='lat' dir='ltr'><strong>vestra</strong></span> <span class='ocrx_word' id='word_1_596' title='bbox 2439 3888 2748 3960; x_wconf 85' lang='lat' dir='ltr'><strong>prudentia,</strong></span> <span class='ocrx_word' id='word_1_597' title='bbox 2779 3886 3036 3959; x_wconf 85' lang='lat' dir='ltr'><strong>quoniam</strong></span> <span class='ocrx_word' id='word_1_598' title='bbox 3065 3885 3109 3941; x_wconf 90' lang='lat' dir='ltr'><strong>si</strong></span> <span class='ocrx_word' id='word_1_599' title='bbox 3136 3885 3292 3941; x_wconf 88' lang='lat' dir='ltr'><strong>alicui</strong></span> <span class='ocrx_word' id='word_1_600' title='bbox 3320 3884 3496 3941; x_wconf 86' lang='lat' dir='ltr'><strong>archi-</strong></span> 
     </span>
    </p>
   </div>
   <div class='ocr_carea' id='block_1_94' title="bbox 1901 3979 3494 4054">
    <p class='ocr_par' dir='ltr' id='par_1_94' title="bbox 1901 3979 3494 4054">
     <span class='ocr_line' id='line_1_94' title="bbox 1901 3979 3494 4054; baseline -0.003 -16"><span class='ocrx_word' id='word_1_601' title='bbox 1901 3983 2279 4054; x_wconf 87' lang='lat' dir='ltr'><strong>episcoporum</strong></span> <span class='ocrx_word' id='word_1_602' title='bbox 2303 3983 2495 4038; x_wconf 87' lang='lat' dir='ltr'><strong>vestris</strong></span> <span class='ocrx_word' id='word_1_603' title='bbox 2521 3982 2860 4053; x_wconf 89' lang='lat' dir='ltr'><strong>temporibus</strong></span> <span class='ocrx_word' id='word_1_604' title='bbox 2889 3979 3095 4036; x_wconf 87' lang='lat' dir='ltr'><strong>absenti</strong></span> <span class='ocrx_word' id='word_1_605' title='bbox 3129 3979 3236 4034; x_wconf 85' lang='lat' dir='ltr'><strong>hoc</strong></span> <span class='ocrx_word' id='word_1_606' title='bbox 3271 3991 3494 4034; x_wconf 87' lang='lat' dir='ltr'><strong>conces-</strong></span> 
     </span>
    </p>
   </div>
   <div class='ocr_carea' id='block_1_95' title="bbox 1901 4073 3496 4146">
    <p class='ocr_par' dir='ltr' id='par_1_95' title="bbox 1901 4073 3496 4146">
     <span class='ocr_line' id='line_1_95' title="bbox 1901 4073 3496 4146; baseline -0.002 -14"><span class='ocrx_word' id='word_1_607' title='bbox 1901 4093 2025 4132; x_wconf 91' lang='lat' dir='ltr'><strong>sum</strong></span> <span class='ocrx_word' id='word_1_608' title='bbox 2068 4076 2237 4132; x_wconf 85' lang='lat' dir='ltr'><strong>fuisse</strong></span> <span class='ocrx_word' id='word_1_609' title='bbox 2297 4076 2640 4143; x_wconf 85' lang='lat' dir='ltr'><strong>vidissemus,</strong></span> <span class='ocrx_word' id='word_1_610' title='bbox 2703 4074 2949 4146; x_wconf 86' lang='lat' dir='ltr'><strong>profecto</strong></span> <span class='ocrx_word' id='word_1_611' title='bbox 2998 4073 3249 4144; x_wconf 86' lang='lat' dir='ltr'><strong>religioni</strong></span> <span class='ocrx_word' id='word_1_612' title='bbox 3303 4080 3496 4129; x_wconf 73' lang='lat' dir='ltr'><strong>vestra:</strong></span> 
     </span>
    </p>
   </div>
   <div class='ocr_carea' id='block_1_96' title="bbox 1899 4167 3497 4243">
    <p class='ocr_par' dir='ltr' id='par_1_96' title="bbox 1899 4167 3497 4243">
     <span class='ocr_line' id='line_1_96' title="bbox 1899 4167 3497 4243; baseline -0.004 -16"><span class='ocrx_word' id='word_1_613' title='bbox 1899 4172 2315 4243; x_wconf 89' lang='lat' dir='ltr'><strong>promptissima</strong></span> <span class='ocrx_word' id='word_1_614' title='bbox 2361 4169 2624 4227; x_wconf 87' lang='lat' dir='ltr'><strong>charitate</strong></span> <span class='ocrx_word' id='word_1_615' title='bbox 2653 4169 2918 4224; x_wconf 82' lang='lat' dir='ltr'><strong>honorem</strong></span> <span class='ocrx_word' id='word_1_616' title='bbox 2974 4167 3121 4223; x_wconf 85' lang='lat' dir='ltr'><strong>hunc</strong></span> <span class='ocrx_word' id='word_1_617' title='bbox 3155 4167 3359 4238; x_wconf 89' lang='lat' dir='ltr'><strong>absque</strong></span> <span class='ocrx_word' id='word_1_618' title='bbox 3383 4182 3497 4220; x_wconf 13' lang='lat' dir='ltr'><strong>ive-</strong></span> 
     </span>
    </p>
   </div>
   <div class='ocr_carea' id='block_1_97' title="bbox 1902 4260 3524 4335">
    <p class='ocr_par' dir='ltr' id='par_1_97' title="bbox 1902 4260 3524 4335">
     <span class='ocr_line' id='line_1_97' title="bbox 1902 4260 3524 4335; baseline -0.003 -16"><span class='ocrx_word' id='word_1_619' title='bbox 1902 4273 2014 4320; x_wconf 88' lang='lat' dir='ltr'><strong>stra</strong></span> <span class='ocrx_word' id='word_1_620' title='bbox 2054 4264 2373 4335; x_wconf 87' lang='lat' dir='ltr'><strong>fatigatione</strong></span> <span class='ocrx_word' id='word_1_621' title='bbox 2415 4261 2857 4332; x_wconf 86' lang='lat' dir='ltr'><strong>impenderemus</strong></span> <span class='ocrx_word' id='word_1_622' title='bbox 2891 4279 2902 4313; x_wconf 91' lang='lat'><strong>:</strong></span> <span class='ocrx_word' id='word_1_623' title='bbox 2950 4260 3100 4315; x_wconf 91' lang='lat' dir='ltr'><strong>unde</strong></span> <span class='ocrx_word' id='word_1_624' title='bbox 3128 4260 3524 4315; x_wconf 83' lang='lat' dir='ltr'><strong>necessarium&#39;</strong></span> 
     </span>
    </p>
   </div>
   <div class='ocr_carea' id='block_1_98' title="bbox 1902 4353 3494 4425">
    <p class='ocr_par' dir='ltr' id='par_1_98' title="bbox 1902 4353 3494 4425">
     <span class='ocr_line' id='line_1_98' title="bbox 1902 4353 3494 4425; baseline -0.004 -13"><span class='ocrx_word' id='word_1_625' title='bbox 1902 4357 2062 4412; x_wconf 89' lang='lat' dir='ltr'><strong>nobis</strong></span> <span class='ocrx_word' id='word_1_626' title='bbox 2098 4357 2306 4411; x_wconf 89' lang='lat' dir='ltr'><strong>videtur</strong></span> <span class='ocrx_word' id='word_1_627' title='bbox 2340 4371 2436 4410; x_wconf 90' lang='lat' dir='ltr'><strong>vos</strong></span> <span class='ocrx_word' id='word_1_628' title='bbox 2476 4356 2852 4425; x_wconf 86' lang='lat' dir='ltr'><strong>apostolorum</strong></span> <span class='ocrx_word' id='word_1_629' title='bbox 2884 4354 3069 4409; x_wconf 87' lang='lat' dir='ltr'><strong>limina</strong></span> <span class='ocrx_word' id='word_1_630' title='bbox 3098 4353 3330 4418; x_wconf 91' lang='lat' dir='ltr'><strong>visitare,</strong></span> <span class='ocrx_word' id='word_1_631' title='bbox 3363 4369 3494 4424; x_wconf 82' lang='lat' dir='ltr'><strong>qua-</strong></span> 
     </span>
    </p>
   </div>
   <div class='ocr_carea' id='block_1_99' title="bbox 1904 4443 3495 4506">
    <p class='ocr_par' dir='ltr' id='par_1_99' title="bbox 1904 4443 3495 4506">
     <span class='ocr_line' id='line_1_99' title="bbox 1904 4443 3495 4506; baseline -0.004 0"><span class='ocrx_word' id='word_1_632' title='bbox 1904 4461 2066 4506; x_wconf 88' lang='lat' dir='ltr'><strong>tenus</strong></span> <span class='ocrx_word' id='word_1_633' title='bbox 2116 4450 2185 4506; x_wconf 89' lang='lat' dir='ltr'><strong>de</strong></span> <span class='ocrx_word' id='word_1_634' title='bbox 2237 4450 2343 4506; x_wconf 85' lang='lat' dir='ltr'><strong>hoc</strong></span> <span class='ocrx_word' id='word_1_635' title='bbox 2389 4457 2444 4505; x_wconf 89' lang='lat' dir='ltr'><strong>et</strong></span> <span class='ocrx_word' id='word_1_636' title='bbox 2482 4447 2843 4504; x_wconf 54' lang='lat' dir='ltr'><strong>caeteris-una</strong></span> <span class='ocrx_word' id='word_1_637' title='bbox 2885 4445 3174 4502; x_wconf 88' lang='lat' dir='ltr'><strong>nobiscum</strong></span> <span class='ocrx_word' id='word_1_638' title='bbox 3217 4443 3495 4500; x_wconf 85' lang='lat' dir='ltr'><strong>efﬁcacius</strong></span> 
     </span>
    </p>
   </div>
   <div class='ocr_carea' id='block_1_100' title="bbox 1903 4541 3490 4618">
    <p class='ocr_par' dir='ltr' id='par_1_100' title="bbox 1903 4541 3490 4618">
     <span class='ocr_line' id='line_1_100' title="bbox 1903 4541 3490 4618; baseline -0.005 -17"><span class='ocrx_word' id='word_1_639' title='bbox 1903 4545 2054 4618; x_wconf 87' lang='lat' dir='ltr'><strong>quod</strong></span> <span class='ocrx_word' id='word_1_640' title='bbox 2083 4545 2388 4617; x_wconf 86' lang='lat' dir='ltr'><strong>oportuerit</strong></span> <span class='ocrx_word' id='word_1_641' title='bbox 2421 4543 2708 4598; x_wconf 84' lang='lat' dir='ltr'><strong>consulere</strong></span> <span class='ocrx_word' id='word_1_642' title='bbox 2734 4541 3015 4596; x_wconf 82' lang='lat' dir='ltr'><strong>valeamus</strong></span> <span class='ocrx_word' id='word_1_643' title='bbox 3037 4548 3204 4611; x_wconf 80' lang='lat' dir='ltr'><strong>atque</strong></span> <span class='ocrx_word' id='word_1_644' title='bbox 3230 4547 3490 4594; x_wconf 83' lang='lat' dir='ltr'><strong>statuere.</strong></span> 
     </span>
    </p>
   </div>
   <div class='ocr_carea' id='block_1_101' title="bbox 1906 4629 3492 4710">
    <p class='ocr_par' dir='ltr' id='par_1_101' title="bbox 1906 4629 3492 4710">
     <span class='ocr_line' id='line_1_101' title="bbox 1906 4629 3492 4710; baseline -0.005 -15"><span class='ocrx_word' id='word_1_645' title='bbox 1906 4644 1988 4695; x_wconf 89' lang='lat' dir='ltr'><strong>De</strong></span> <span class='ocrx_word' id='word_1_646' title='bbox 2011 4648 2211 4695; x_wconf 57' lang='lat' dir='ltr'><strong>caetero</strong></span> <span class='ocrx_word' id='word_1_647' title='bbox 2236 4639 2285 4694; x_wconf 89' lang='lat' dir='ltr'><strong>si</strong></span> <span class='ocrx_word' id='word_1_648' title='bbox 2313 4641 2521 4710; x_wconf 84' lang='lat' dir='ltr'><strong>legatos</strong></span> <span class='ocrx_word' id='word_1_649' title='bbox 2561 4643 2782 4691; x_wconf 84' lang='lat' dir='ltr'><strong>nostros</strong></span> <span class='ocrx_word' id='word_1_650' title='bbox 2804 4633 2874 4689; x_wconf 85' lang='lat' dir='ltr'><strong>ad</strong></span> <span class='ocrx_word' id='word_1_651' title='bbox 2907 4648 3002 4688; x_wconf 86' lang='lat' dir='ltr'><strong>vos</strong></span> <span class='ocrx_word' id='word_1_652' title='bbox 3041 4631 3226 4688; x_wconf 79' lang='lat' dir='ltr'><strong>venire</strong></span> <span class='ocrx_word' id='word_1_653' title='bbox 3249 4629 3492 4704; x_wconf 74' lang='lat' dir='ltr'><strong>cuntige-</strong></span> 
     </span>
    </p>
   </div>
   <div class='ocr_carea' id='block_1_102' title="bbox 1905 4725 3493 4800">
    <p class='ocr_par' dir='ltr' id='par_1_102' title="bbox 1905 4725 3493 4800">
     <span class='ocr_line' id='line_1_102' title="bbox 1905 4725 3493 4800; baseline -0.005 -12"><span class='ocrx_word' id='word_1_654' title='bbox 1905 4735 1996 4800; x_wconf 90' lang='lat' dir='ltr'><strong>rit,</strong></span> <span class='ocrx_word' id='word_1_655' title='bbox 2037 4734 2191 4787; x_wconf 90' lang='lat' dir='ltr'><strong>solita</strong></span> <span class='ocrx_word' id='word_1_656' title='bbox 2229 4732 2489 4787; x_wconf 86' lang='lat' dir='ltr'><strong>charitate</strong></span> <span class='ocrx_word' id='word_1_657' title='bbox 2517 4729 2765 4800; x_wconf 91' lang='lat' dir='ltr'><strong>recipite,</strong></span> <span class='ocrx_word' id='word_1_658' title='bbox 2797 4728 2894 4799; x_wconf 90' lang='lat' dir='ltr'><strong>qui</strong></span> <span class='ocrx_word' id='word_1_659' title='bbox 2927 4726 3049 4799; x_wconf 75' lang='lat' dir='ltr'><strong>[ai.,</strong></span> <span class='ocrx_word' id='word_1_660' title='bbox 3093 4734 3149 4782; x_wconf 88' lang='lat' dir='ltr'><strong>et</strong></span> <span class='ocrx_word' id='word_1_661' title='bbox 3177 4729 3319 4797; x_wconf 71' lang='lat' dir='ltr'><strong>quae]</strong></span> <span class='ocrx_word' id='word_1_662' title='bbox 3342 4725 3493 4781; x_wconf 86' lang='lat' dir='ltr'><strong>vobis</strong></span> 
     </span>
    </p>
   </div>
   <div class='ocr_carea' id='block_1_103' title="bbox 1904 4821 3495 4896">
    <p class='ocr_par' dir='ltr' id='par_1_103' title="bbox 1904 4821 3495 4896">
     <span class='ocr_line' id='line_1_103' title="bbox 1904 4821 3495 4896; baseline -0.006 -13"><span class='ocrx_word' id='word_1_663' title='bbox 1904 4829 1958 4883; x_wconf 91' lang='lat' dir='ltr'><strong>in</strong></span> <span class='ocrx_word' id='word_1_664' title='bbox 1985 4839 2118 4882; x_wconf 87' lang='lat' dir='ltr'><strong>aure</strong></span> <span class='ocrx_word' id='word_1_665' title='bbox 2143 4825 2396 4891; x_wconf 83' lang='lat' dir='ltr'><strong>dixerint,</strong></span> <span class='ocrx_word' id='word_1_666' title='bbox 2423 4831 2593 4896; x_wconf 86' lang='lat' dir='ltr'><strong>prout</strong></span> <span class='ocrx_word' id='word_1_667' title='bbox 2623 4821 3004 4877; x_wconf 80' lang='lat' dir='ltr'><strong>charissimum</strong></span> <span class='ocrx_word' id='word_1_668' title='bbox 3033 4829 3240 4878; x_wconf 70' lang='lat' dir='ltr'><strong>sanctae</strong></span> <span class='ocrx_word' id='word_1_669' title='bbox 3282 4823 3495 4875; x_wconf 72' lang='lat' dir='ltr'><strong>Roma-</strong></span> 
     </span>
    </p>
   </div>
   <div class='ocr_carea' id='block_1_104' title="bbox 1905 4914 3496 4990">
    <p class='ocr_par' dir='ltr' id='par_1_104' title="bbox 1905 4914 3496 4990">
     <span class='ocr_line' id='line_1_104' title="bbox 1905 4914 3496 4990; baseline -0.006 -14"><span class='ocrx_word' id='word_1_670' title='bbox 1905 4937 1990 4977; x_wconf 72' lang='lat' dir='ltr'><strong>nm</strong></span> <span class='ocrx_word' id='word_1_671' title='bbox 2029 4919 2282 4977; x_wconf 71' lang='lat' dir='ltr'><strong>Ecclesia:</strong></span> <span class='ocrx_word' id='word_1_672' title='bbox 2312 4918 2511 4985; x_wconf 90' lang='lat' dir='ltr'><strong>ﬁlium,</strong></span> <span class='ocrx_word' id='word_1_673' title='bbox 2540 4925 2594 4974; x_wconf 88' lang='lat' dir='ltr'><strong>et</strong></span> <span class='ocrx_word' id='word_1_674' title='bbox 2613 4916 2931 4990; x_wconf 86' lang='lat' dir='ltr'><strong>religiosum</strong></span> <span class='ocrx_word' id='word_1_675' title='bbox 2961 4914 3114 4971; x_wconf 83' lang='lat' dir='ltr'><strong>decet</strong></span> <span class='ocrx_word' id='word_1_676' title='bbox 3137 4914 3496 4981; x_wconf 87' lang='lat' dir='ltr'><strong>sacerdotem,</strong></span> 
     </span>
    </p>
   </div>
   <div class='ocr_carea' id='block_1_105' title="bbox 1909 5009 2460 5090">
    <p class='ocr_par' dir='ltr' id='par_1_105' title="bbox 1909 5009 2460 5090">
     <span class='ocr_line' id='line_1_105' title="bbox 1909 5009 2460 5090; baseline -0.009 -18"><span class='ocrx_word' id='word_1_677' title='bbox 1909 5030 2201 5090; x_wconf 82' lang='lat' dir='ltr'><strong>procurare</strong></span> <span class='ocrx_word' id='word_1_678' title='bbox 2225 5009 2460 5070; x_wconf 82' lang='lat' dir='ltr'><strong>Studete.</strong></span> 
     </span>
    </p>
   </div>
   <div class='ocr_carea' id='block_1_106' title="bbox 1971 5232 3503 5311">
    <p class='ocr_par' dir='ltr' id='par_1_106' title="bbox 1971 5232 3503 5311">
     <span class='ocr_line' id='line_1_106' title="bbox 1971 5232 3503 5311; baseline -0.008 -13"><span class='ocrx_word' id='word_1_679' title='bbox 1971 5239 2128 5311; x_wconf 72' lang='lat'><strong>.(424)</strong></span> <span class='ocrx_word' id='word_1_680' title='bbox 2152 5243 2520 5296; x_wconf 79' lang='lat' dir='ltr'><strong>Exauctorato</strong></span> <span class='ocrx_word' id='word_1_681' title='bbox 2544 5234 2805 5311; x_wconf 82' lang='lat' dir='ltr'><strong>nimirum</strong></span> <span class='ocrx_word' id='word_1_682' title='bbox 2831 5233 3186 5311; x_wconf 65' lang='lat' dir='ltr'><strong>Heriipanno,</strong></span> <span class='ocrx_word' id='word_1_683' title='bbox 3215 5232 3284 5290; x_wconf 91' lang='lat' dir='ltr'><strong>de</strong></span> <span class='ocrx_word' id='word_1_684' title='bbox 3309 5247 3422 5303; x_wconf 92' lang='lat' dir='ltr'><strong>quo</strong></span> <span class='ocrx_word' id='word_1_685' title='bbox 3448 5233 3503 5311; x_wconf 73' lang='lat' dir='ltr'><strong>in</strong></span> 
     </span>
    </p>
   </div>
   <div class='ocr_carea' id='block_1_107' title="bbox 1911 5305 3506 5376">
    <p class='ocr_par' dir='ltr' id='par_1_107' title="bbox 1911 5305 3506 5376">
     <span class='ocr_line' id='line_1_107' title="bbox 1911 5305 3506 5376; baseline -0.007 -6"><span class='ocrx_word' id='word_1_686' title='bbox 1911 5305 2142 5370; x_wconf 82' lang='lat' dir='ltr'><strong>concilio</strong></span> <span class='ocrx_word' id='word_1_687' title='bbox 2172 5316 2422 5368; x_wconf 68' lang='lat' dir='ltr'><strong>Romano</strong></span> <span class='ocrx_word' id='word_1_688' title='bbox 2451 5305 2577 5366; x_wconf 87' lang='lat' dir='ltr'><strong>anni</strong></span> <span class='ocrx_word' id='word_1_689' title='bbox 2607 5313 2762 5369; x_wconf 83' lang='lat'><strong>1076,</strong></span> <span class='ocrx_word' id='word_1_690' title='bbox 2792 5305 2938 5376; x_wconf 88' lang='lat' dir='ltr'><strong>apud</strong></span> <span class='ocrx_word' id='word_1_691' title='bbox 2972 5305 3255 5362; x_wconf 84' lang='lat' dir='ltr'><strong>Labbcum</strong></span> <span class='ocrx_word' id='word_1_692' title='bbox 3282 5313 3418 5360; x_wconf 85' lang='lat' dir='ltr'><strong>tum.</strong></span> <span class='ocrx_word' id='word_1_693' title='bbox 3448 5305 3506 5376; x_wconf 75' lang='grc' dir='ltr'>Χ</span> 
     </span>
    </p>
   </div>
   <div class='ocr_carea' id='block_1_108' title="bbox 1912 5375 3503 5448">
    <p class='ocr_par' dir='ltr' id='par_1_108' title="bbox 1912 5375 3503 5448">
     <span class='ocr_line' id='line_1_108' title="bbox 1912 5375 3503 5448; baseline -0.006 -9"><span class='ocrx_word' id='word_1_694' title='bbox 1912 5382 2126 5439; x_wconf 81' lang='lat' dir='ltr'><strong>Concil.</strong></span> <span class='ocrx_word' id='word_1_695' title='bbox 2173 5381 2275 5438; x_wconf 90' lang='lat' dir='ltr'><strong>col.</strong></span> <span class='ocrx_word' id='word_1_696' title='bbox 2323 5387 2427 5436; x_wconf 82' lang='lat'><strong>356</strong></span> <span class='ocrx_word' id='word_1_697' title='bbox 2466 5400 2480 5448; x_wconf 67' lang='grc' dir='ltr'><strong>ς</strong></span> <span class='ocrx_word' id='word_1_698' title='bbox 2528 5404 2553 5428; x_wconf 83' lang='grc'><strong>‹‹</strong></span> <span class='ocrx_word' id='word_1_699' title='bbox 2595 5375 2961 5434; x_wconf 80' lang='lat' dir='ltr'><strong>VienneuSem</strong></span> <span class='ocrx_word' id='word_1_700' title='bbox 2989 5377 3302 5448; x_wconf 83' lang='lat' dir='ltr'><strong>episcopum</strong></span> <span class='ocrx_word' id='word_1_701' title='bbox 3334 5375 3503 5448; x_wconf 74' lang='lat' dir='ltr'><strong>ﬂeri-</strong></span> 
     </span>
    </p>
   </div>
   <div class='ocr_carea' id='block_1_109' title="bbox 1913 5446 3505 5527">
    <p class='ocr_par' dir='ltr' id='par_1_109' title="bbox 1913 5446 3505 5527">
     <span class='ocr_line' id='line_1_109' title="bbox 1913 5446 3505 5527; baseline -0.006 -17"><span class='ocrx_word' id='word_1_702' title='bbox 1913 5471 2206 5527; x_wconf 75' lang='lat' dir='ltr'><strong>manuum,</strong></span> <span class='ocrx_word' id='word_1_703' title='bbox 2248 5454 2394 5524; x_wconf 87' lang='lat' dir='ltr'><strong>juste</strong></span> <span class='ocrx_word' id='word_1_704' title='bbox 2421 5446 2758 5527; x_wconf 71' lang='lat' dir='ltr'><strong>depositum,</strong></span> <span class='ocrx_word' id='word_1_705' title='bbox 2796 5465 2891 5527; x_wconf 70' lang='lat' dir='ltr'><strong>pro</strong></span> <span class='ocrx_word' id='word_1_706' title='bbox 2933 5446 3505 5527; x_wconf 75' lang='lat' dir='ltr'><strong>Simonta,_perjuriis,</strong></span> 
     </span>
    </p>
   </div>
   <div class='ocr_carea' id='block_1_110' title="bbox 1909 5519 3562 5598">
    <p class='ocr_par' dir='ltr' id='par_1_110' title="bbox 1909 5519 3562 5598">
     <span class='ocr_line' id='line_1_110' title="bbox 1909 5519 3562 5598; baseline -0.002 -18"><span class='ocrx_word' id='word_1_707' title='bbox 1909 5519 2231 5598; x_wconf 78' lang='lat' dir='ltr'><strong>sacrilegiis,</strong></span> <span class='ocrx_word' id='word_1_708' title='bbox 2249 5519 2316 5579; x_wconf 55' lang='lat' dir='ltr'><strong>&#39;et</strong></span> <span class='ocrx_word' id='word_1_709' title='bbox 2337 5519 2628 5598; x_wconf 73' lang='lat' dir='ltr'><strong>apostasia,</strong></span> <span class='ocrx_word' id='word_1_710' title='bbox 2669 5519 2794 5592; x_wconf 87' lang='lat' dir='ltr'><strong>quia</strong></span> <span class='ocrx_word' id='word_1_711' title='bbox 2815 5519 3178 5598; x_wconf 74' lang='lat' dir='ltr'><strong>Viennensem</strong></span> <span class='ocrx_word' id='word_1_712' title='bbox 3211 5519 3507 5598; x_wconf 65' lang='lat' dir='ltr'><strong>Ecclesia!!!</strong></span> <span class='ocrx_word' id='word_1_713' title='bbox 3557 5555 3562 5560; x_wconf 87' lang='grc'><strong><em>-</em></strong></span> 
     </span>
    </p>
   </div>
   <div class='ocr_carea' id='block_1_111' title="bbox 1910 5589 3508 5658">
    <p class='ocr_par' dir='ltr' id='par_1_111' title="bbox 1910 5589 3508 5658">
     <span class='ocr_line' id='line_1_111' title="bbox 1910 5589 3508 5658; baseline -0.006 -5"><span class='ocrx_word' id='word_1_714' title='bbox 1910 5589 2170 5654; x_wconf 63' lang='lat' dir='ltr'><strong>infestare</strong></span> <span class='ocrx_word' id='word_1_715' title='bbox 2216 5589 2330 5652; x_wconf 88' lang='lat' dir='ltr'><strong>non</strong></span> <span class='ocrx_word' id='word_1_716' title='bbox 2371 5589 2628 5658; x_wconf 48' lang='lat' dir='ltr'><strong>-desistit,</strong></span> <span class='ocrx_word' id='word_1_717' title='bbox 2677 5589 3240 5650; x_wconf 82' lang='lat' dir='ltr'><strong>éxcommunicamus.</strong></span> <span class='ocrx_word' id='word_1_718' title='bbox 3286 5611 3318 5658; x_wconf 16' lang='grc' dir='ltr'><strong>ί»</strong></span> <span class='ocrx_word' id='word_1_719' title='bbox 3361 5589 3508 5646; x_wconf 78' lang='lat' dir='ltr'><strong>Hinc</strong></span> 
     </span>
    </p>
   </div>
   <div class='ocr_carea' id='block_1_112' title="bbox 1910 5657 3508 5739">
    <p class='ocr_par' dir='ltr' id='par_1_112' title="bbox 1910 5657 3508 5739">
     <span class='ocr_line' id='line_1_112' title="bbox 1910 5657 3508 5739; baseline -0.004 -15"><span class='ocrx_word' id='word_1_720' title='bbox 1910 5677 2182 5739; x_wconf 82' lang='lat' dir='ltr'><strong>quantum</strong></span> <span class='ocrx_word' id='word_1_721' title='bbox 2231 5674 2415 5739; x_wconf 78' lang='lat' dir='ltr'><strong>errant</strong></span> <span class='ocrx_word' id='word_1_722' title='bbox 2449 5665 2541 5737; x_wconf 87' lang='lat' dir='ltr'><strong>qui</strong></span> <span class='ocrx_word' id='word_1_723' title='bbox 2594 5657 2954 5739; x_wconf 65' lang='lat' dir='ltr'><strong>Herimapum</strong></span> <span class='ocrx_word' id='word_1_724' title='bbox 2993 5657 3508 5739; x_wconf 72' lang='lat' dir='ltr'><strong>Warmundumque</strong></span> 
     </span>
    </p>
   </div>
   <div class='ocr_carea' id='block_1_113' title="bbox 1912 5734 3062 5812">
    <p class='ocr_par' dir='ltr' id='par_1_113' title="bbox 1912 5734 3062 5812">
     <span class='ocr_line' id='line_1_113' title="bbox 1912 5734 3062 5812; baseline -0.01 -14"><span class='ocrx_word' id='word_1_725' title='bbox 1912 5734 2080 5798; x_wconf 74' lang='lat' dir='ltr'><strong>tinam</strong></span> <span class='ocrx_word' id='word_1_726' title='bbox 2104 5734 2784 5812; x_wconf 60' lang='lat' dir='ltr'><strong>eamdemque&#39;personam</strong></span> <span class='ocrx_word' id='word_1_727' title='bbox 2801 5735 3016 5804; x_wconf 85' lang='lat' dir='ltr'><strong>ﬁngunt</strong></span> <span class='ocrx_word' id='word_1_728' title='bbox 3050 5734 3062 5786; x_wconf 90' lang='lat'>!</span> 
     </span>
    </p>
   </div>
  </div>
