4044 6186
515 257 620 312 735

1245 377 1342 430 111.

517 496 816 563 Lanfranci
832 492 908 547 ad
952 489 1265 563 Gregorium
1323 487 1440 563 VIIf
1497 515 1565 525 —
1611 489 1820 563 Purgat
1852 482 1996 563 quo_d
2025 482 2111 563 ob-

582 554 782 636 jectum
801 565 984 630 fuerat
1010 554 1340 636 apontiﬂce,
1361 559 1539 636 minus
1577 572 1631 636 se
1666 557 1737 610 ab
1773 572 1829 636 eo
1858 560 1907 608 et
1929 554 2109 636 Eccle-

589 625 730 691 sium
756 625 1050 705 Romanam
1069 625 1207 699 'post
1228 625 1496 699 adeptum
1535 632 1896 705 episcopatum
1929 625 2110 705 diligi,

587 721 752 776 quam
783 703 1005 768 solebat;
1061 717 1295 776 amorem
1326 705 1540 776 contra
1580 700 1856 776 pontiﬁcis
1920 700 2109 776 remis-

586 770 780 831 siorem
808 777 889 828 ait
925 790 1054 842 erga
1079 788 1134 827 se
1155 773 1349 826 videri.
1379 773 1444 827 Se
1472 774 1606 839 regi,
1649 770 1793 840 quod
1831 784 1931 838 per
1961 770 2114 835 lega-

590 851 705 902 tum
727 851 1078 915 suggesserat,
1099 846 1358 905 suasisse,
1381 844 1474 898 sed
1501 858 1605 896 non
1623 842 1974 911 persuasisse.

910 940 1066 1009 [0pp.
1097 939 1436 1005 Lanfranci,
1477 953 1530 1008 p.
1572 938 1718 1002 304.]

589 1040 910 1098 Reverendo
956 1049 1158 1097 sancta
1221 1038 1536 1095 universalis
1586 1036 1840 1093 Ecclesia
1893 1050 2112 1091 summo

515 1137 721 1210 pastori
739 1138 1064 1194 Gnnoonto
1088 1144 1361 1208 peccator,
1382 1133 1702 1205 etindignus
1723 1133 1951 1188 antistes
1971 1133 2113 1185 LAN-

519 1246 803 1288 ruaucus
831 1230 1115 1286 servitium
1144 1246 1273 1285 cum
1297 1228 1482 1284 debita
1503 1227 1861 1299 subjectione.

590 1326 831 1381 Litteras
872 1324 1206 1380 excellentia
1250 1331 1447 1378 vestra
1487 1337 1580 1393 per
1627 1320 1942 1376 Hubertum
1978 1317 2113 1374 sacri

521 1419 687 1474 vestri
740 1417 921 1488 palatii
979 1416 1379 1473 subdiaconum
1422 1423 1719 1486 porrectas,
1772 1429 1880 1484 qua
1932 1412 2114 1468 decuit

520 1511 854 1578 humilitate,
904 1510 1118 1582 suscepi
1170 1527 1186 1567 :
1225 1510 1280 1564 in
1321 1524 1555 1581 quarum
1602 1506 1717 1563 fere
1759 1507 1913 1562 omni
1982 1522 2114 1561 con-

518 1613 674 1661 textu
704 1613 930 1676 paterna
957 1620 1051 1660 me
1069 1603 1359 1660 dulcedine
1383 1601 1779 1674 reprehendere
1806 1600 2110 1667 studuistis,

522 1696 672 1770 quod
703 1699 763 1752 in
791 1698 1084 1770 episcopali
1122 1697 1332 1753 honore
1371 1697 1579 1768 positus
1620 1704 1871 1751 sanctam
1911 1699 2127 1750 Roma--

519 1807 651 1847 nam
697 1791 995 1848 Ecclesiam
1033 1806 1240 1862 vosque
1267 1791 1338 1846 ob
1379 1791 1496 1860 ejus
1532 1789 1891 1845 reverentiam
1929 1789 2113 1843 minus

523 1884 747 1957 diligam
795 1902 959 1958 quam
1002 1894 1130 1941 ante
1196 1884 1426 1940 honoris
1490 1884 1661 1956 ipsius
1708 1882 2114 1954 susceptionem

519 1976 741 2050 (iligere
769 1979 1051 2050 quondam
1093 1978 1357 2046 solebam,
1398 1978 1705 2049 prasertim
1733 1992 1861 2032 cum
1887 1984 2114 2047 aposto-

522 2071 640 2129 lica
666 2071 812 2127 sedis
850 2072 1172 2127 auctoritate
1211 2072 1277 2127 ad
1309 2072 1473 2142 ipsius
1501 2072 1713 2142 apicem
1755 2070 1985 2124 honoris
2026 2085 2115 2123 me

523 2165 835 2234 pervenisse
879 2180 991 2220 non
1031 2163 1304 2233 dubitem,
1350 2180 1451 2219 nec
1492 2179 1829 2251 quemquam
1866 2163 2115 2219 dubitare

521 2257 852 2313 existimem.

596 2353 669 2406 Et
710 2349 953 2423 quidem,
983 2349 1495 2418 venerande'Pater,
1541 2350 1720 2406 verbis
1762 2350 1868 2405 tuis
1905 2351 2113 2404 calum-

528 2445 682 2500 niam
727 2444 969 2516 ingerere
1026 2460 1129 2500 nec
1179 2444 1303 2498 volo
1350 2460 1451 2499 nec
1491 2443 1693 2512 debeo;
1744 2460 1844 2516 ego
1889 2433 2114 2510 tamen,

525 2546 668 2594 teste
694 2539 1032 2594 conscientia
1069 2553 1217 2606 mea,
1247 2538 1303 2593 in
1323 2538 1646 2610 memetipso
1684 2537 1979 2610 intelligere
2003 2553 2116 2592 non

526 2647 754 2702 possum
792 2631 922 2703 quid
964 2633 1047 2687 vel
1092 2631 1389 2702 corporalis
1433 2631 1702 2699 absentia,
1747 2632 1830 2686 vel
1868 2633 2114 2686 locorum

525 2733 674 2780 tanta
705 2725 1068 2796 intercapedo,
1111 2733 1208 2780 aut
1253 2725 1367 2796 ipsa
1418 2725 1808 2796 qualiscunque
1838 2725 2116 2780 honorum

527 2817 849 2886 sublimitas,
896 2819 950 2873 in
1001 2818 1105 2873 hac
1149 2825 1303 2888 parte
1348 2817 1628 2875 vindicare
1667 2817 1765 2873 sibi
1819 2817 2116 2889 quidquam

526 2912 842 2982 pravaleat,
875 2911 1007 2984 quin
1037 2926 1194 2967 mens
1220 2927 1346 2967 mea
1376 2912 1660 2983 praeceptis
1692 2912 1883 2967 vestris
1909 2912 1964 2966 in
1992 2927 2116 2966 om-

528 3005 692 3060 nibus
716 3013 770 3060 et
799 3021 893 3076 per
916 3006 1123 3073 omnia,
1155 3005 1455 3060 secundum
1500 3021 1782 3060 canonum
1825 3013 2114 3076 pracepta,

528 3098 830 3170 subjaceat;
874 3107 930 3154 et
956 3099 1024 3167 si,
1066 3107 1358 3170 prastante
1399 3101 1539 3162 Deo,
1586 3114 1827 3169 prasens
1865 3098 2119 3168 praseuti

1465 249 1520 303 S.
1562 243 1881 301 GREGORU
1920 243 2008 297 γη
2046 241 2240 296 ΡΑΡΛΕ
2275 238 2548 295 OPERUM
2585 239 2757 294 PARS
2793 240 2855 295 ll.

2136 371 2189 434 Α
2216 381 2281 422 eo
2309 365 2457 438 quod
2487 364 2748 421 omnibus
2775 372 2833 421 et
2861 363 3220 436 legationibus
3264 373 3320 421 et
3355 365 3660 423 rationibus
3700 383 3808 422 no-

3703 245 3802 298 736

2215 461 2364 530 stris,
2413 475 2550 532 quas
2591 459 2661 514 ad
2687 458 2873 515 sedem
2915 458 3275 530 apostolicam
3317 458 3634 529 direximus,
3663 479 3810 519 sem-

2217 571 2315 627 per
2354 553 2547 610 dexter
2601 554 2850 622 stetistis,
2899 561 2958 609 et
3000 554 3055 609 in
3096 569 3260 610 omne
3316 554 3707 628 disceptatione
3756 565 3813 613 et

2218 649 2440 722 negotio
2480 664 2699 721 semper
2735 655 2919 720 partes
2962 657 3175 705 nostras
3222 651 3504 722 sapientia
3552 657 3606 706 et
3650 651 3814 709 bona

2219 745 2517 800 voluntatis
2560 751 2752 800 vestra
2797 751 2954 799 scuto
2983 741 3320 801 defendistis.
3352 745 3591 801 Proinde
3615 748 3813 802 multi-

2221 840 2389 912 plices
2425 840 2671 909 primum
2726 838 2883 894 vobis
2925 847 3108 910 grates
3160 837 3479 906 referimus;
3508 840 3714 896 deinde
3757 849 3817 896 ut

2129 955 2137 964 -
2220 933 2553 1006 quandoque
2595 932 2811 988 occasio
2863 933 3146 988 subluceat
3184 949 3292 1004 qua
3328 934 3486 990 vobis
3513 935 3689 990 vicem
3729 934 3816 989 di-

2220 1029 2469 1084 lectionis
2509 1027 2806 1099 rependere
2846 1029 3147 1098 possimus,
3200 1027 3547 1083 vehementer
3589 1038 3818 1100 exopta-

2221 1137 2362 1178 mus.
2407 1123 2564 1177 Licet
2612 1123 2786 1186 enim,
2838 1122 2983 1177 inter
3021 1121 3351 1178 multimoda
3385 1123 3658 1190 Ecclesia,
3690 1139 3819 1195 qua

2221 1215 2468 1287 quotidie
2496 1216 2744 1286 portatis,
2775 1216 3015 1287 negotia,
3039 1215 3173 1270 nihil
3204 1216 3310 1271 nisi
3344 1217 3439 1272 Dei
3464 1217 3703 1289 gratiam
3736 1233 3819 1272 re-

2221 1310 2462 1380 quiratis,
2490 1325 2667 1380 neque
2693 1309 2761 1364 de
2786 1309 3017 1364 terrenis
3061 1308 3226 1364 rebus
3252 1309 3570 1381 quidquam,
3601 1311 3714 1366 nisi
3750 1311 3820 1368 ad

2221 1401 2586 1458 ordinandum
2617 1402 2801 1472 potius
2820 1419 2988 1474 quam
3016 1401 3086 1457 ad
3110 1401 3520 1474 possidendum,
3543 1405 3822 1475 attingere

2221 1496 2426 1562 velitis;
2471 1504 2678 1562 tamen,
2710 1499 2832 1567 quia
2861 1495 3092 1551 hilarem
3142 1495 3414 1566 datorem,
3447 1507 3510 1552 ut
3561 1513 3663 1569 pro
3695 1502 3821 1554 Deo

2222 1590 2396 1646 multa
2437 1590 2604 1662 possit
2645 1589 2794 1657 dare,
2829 1605 3049 1645 necesse
3077 1597 3161 1645 est
3205 1591 3377 1646 multa
3398 1591 3544 1663 juste
3589 1590 3820 1659 habere,

2222 1682 2547 1740 mandamus
2588 1691 2781 1743 vestra
2833 1682 3112 1739 dilectioni
3157 1691 3237 1748 ut,
3288 1684 3333 1739 si
3382 1684 3510 1757 quid
3559 1694 3821 1741 nostrum

2146 1769 2192 1830 Β
2223 1787 2304 1835 est
2333 1777 2478 1849 quod
2504 1785 2685 1833 vestro
2738 1776 2926 1833 sedeat
2964 1777 3332 1848 beneplacito,
3389 1779 3436 1832 si
3477 1777 3636 1834 nobis
3678 1781 3823 1835 scire

2221 1873 2403 1941 detur,
2449 1871 2640 1927 statim
2688 1879 2933 1926 vestrum
2973 1870 3064 1925 liet
3106 1886 3170 1925 ex
3215 1878 3429 1927 nostro.
3487 1871 3622 1939 Quis
3663 1875 3818 1928 enim

2222 1973 2434 2021 tantum
2457 1966 2639 2020 virum
2667 1965 2841 2035 possit
2862 1979 2975 2020 non
2994 1963 3253 2037 diligere?
3275 1964 3411 2033 Quis
3436 1965 3486 2020 ei
3510 1964 3822 2038 quidquam

2221 2059 2419 2115 audeat
2447 2057 2718 2130 denegare
2733 2058 2762 2112 ‘P

2294 2155 2579 2224 Rogamus
2603 2160 2791 2207 autem
2830 2150 3174 2207 dulcedinem
3213 2159 3407 2206 vestra
3433 2151 3723 2209 charitatis
3763 2162 3826 2209 ut

2226 2264 2322 2320 per
2351 2263 2448 2302 vos
2478 2245 2731 2317 legationi
2760 2252 2984 2311 nostra,
3016 2260 3184 2316 quam
3212 2261 3357 2300 nunc
3386 2244 3455 2300 ad
3483 2262 3696 2302 sacram
3730 2263 3825 2303 se-

2229 2341 2356 2397 dem
2408 2339 2764 2411 apostolicam
2811 2338 3120 2408 dirigimus,
3165 2337 3344 2394 aditus
3394 2347 3590 2410 pateat,
3644 2349 3700 2394 et
3756 2340 3825 2396 de

2225 2435 2311 2491 his
2339 2450 2462 2506 qua
2500 2432 2837 2504 postulamus
2881 2439 3060 2486 vestra
3101 2446 3205 2502 ope
3239 2431 3502 2488 effectum
3547 2433 3824 2501 obtineas,

2225 2529 2428 2585 scilicet
2454 2535 2515 2582 ut
2542 2527 2613 2582 ad
2636 2525 2912 2598 synodum
2942 2541 3108 2596 quam
3137 2540 3304 2596 super
3338 2525 3634 2581 rebellibus
3657 2527 3825 2581 Thu-

2225 2623 2394 2692 ringis
2432 2637 2530 2692 pro
2577 2619 3036 2674 decimationibus
3100 2619 3445 2675 decrevimus
3511 2618 3825 2688 celebrare,

2225 2717 2467 2772 domnus
2504 2713 2836 2785 apostolicus
2873 2713 2942 2768 de
2973 2713 3138 2767 latere
3179 2729 3279 2768 suo
3308 2713 3562 2785 dignetur
3592 2713 3828 2771 mittere

2227 2811 2316 2881 qui
2359 2818 2414 2864 et
2449 2807 2660 2880 synodo
2687 2808 2930 2878 praesint,
2961 2814 3016 2860 et
3041 2807 3367 2862 auctoritate
3408 2807 3531 2878 ejus
3558 2805 3829 2863 determi-

2226 2911 2362 2959 nent
2390 2918 2453 2958 ea
2483 2915 2806 2973 quacunque
2825 2899 3243 2955 determinanda
3261 2899 3618 2956 occurrerint.
3655 2900 3827 2971 Quod

2226 2998 2272 3051 si
2308 2996 2413 3050 hoc
2451 2995 2568 3049 ﬁeri
2603 2993 2813 3064 nequit,
2841 2993 3033 3048 saltem
3063 2993 3281 3065 scriptis
3305 2992 3670 3049 beatitudinis
3697 2993 3828 3064 ejus

2230 3088 2478 3161 synodus
2505 3096 2690 3142 nostra
2738 3086 3049 3155 roboretur,
3101 3096 3158 3141 et
3195 3086 3491 3142 rebellium
3535 3087 3830 3142 temeritas

528 3149 830 3170 -τ-..η-νη
879 3149 928 3154 --
956 3149 1024 3167 —-,
1066 3149 1354 3170 ,ρ-π-π--ν
1400 3149 1539 3162 νη,
1586 3149 1823 3169 τ--ηη
1865 3149 2119 3168 τ-ν-ηην-
2258 3149 2276 3161 .
3029 3149 3044 3155 -

526 3191 676 3264 loqui
716 3191 1043 3264 quandoque
1076 3191 1338 3262 valerem,
1363 3207 1452 3246 me
1481 3192 1718 3247 amando
1743 3191 1996 3256 crevisse,
2025 3206 2121 3248 vos
2151 3149 2195 3211 C
2228 3183 2326 3238 tali
2373 3189 2597 3236 auctore
2625 3181 3042 3248 comprimatur.
3093 3178 3387 3235 Adnitatur
3438 3195 3569 3250 ergo
3597 3180 3830 3235 dilectio

527 3301 656 3340 vero
682 3291 700 3351 (
725 3285 871 3357 quod
900 3300 1035 3357 pace
1061 3293 1240 3340 vestra
1261 3286 1470 3341 dictum
1510 3285 1606 3357 sit)
1631 3302 1661 3341 a
1682 3285 1912 3358 pristino
1932 3300 2121 3340 amore

526 3379 788 3435 nonnulla
829 3394 894 3434 ex
943 3388 1094 3450 parte
1122 3377 1400 3446 defecisse,
1440 3396 1552 3435 non
1590 3388 1704 3435 tam
1743 3379 1924 3436 verbis
1952 3395 2119 3451 quam

523 3472 691 3529 rebus
731 3473 859 3544 ipsis
908 3473 1273 3528 ostenderem.
1353 3473 1529 3529 Verba
1582 3474 1865 3546 legationis
1927 3482 2122 3529 vestra

527 3583 656 3623 cum
692 3565 921 3637 prafato
951 3568 1125 3638 legato
1171 3575 1353 3622 vestro
1389 3576 1553 3638 prout
1579 3569 1781 3624 melius
1823 3569 1978 3638 potui
2006 3572 2120 3624 Do-

526 3661 680 3714 mino
724 3675 847 3714 meo
891 3661 1007 3731 regi
1053 3661 1324 3731 suggessi;
1358 3660 1525 3727 suasi,
1564 3659 1660 3716 sed
1706 3677 1818 3716 non
1857 3662 2119 3732 persuasi.

529 3753 669 3807 Cum
704 3752 825 3817 [al.,
873 3755 989 3818 cur]
1023 3760 1208 3808 autem
1238 3751 1502 3806 voluntati
1533 3759 1728 3807 vestra
1765 3753 2125 3809 omnifariam

539 3858 652 3899 non
692 3846 1000 3911 assenserit,
1031 3844 1267 3916 ipsemet
1302 3843 1459 3900 vobis
1487 3852 1606 3900 tam
1633 3845 1814 3902 verbis
1842 3862 2008 3916 quam
2037 3847 2124 3902 lit-

530 3937 660 3992 teris
690 3937 1006 3992 innotescit.

1278 4040 1375 4094 IV.

532 4149 799 4220 Sigefridi
838 4152 1147 4218 Moguntini
1172 4153 1404 4221 episcopi
1437 4152 1511 4205 ad
1541 4152 1989 4218 Hildebrandum,
2035 4160 2132 4213 ΒΟ·

707 4237 878 4278 mante
905 4222 1150 4278 Ecclesia
1193 4223 1657 4290 archidiaconum,
1705 4226 1948 4294 epistola.

925 4318 942 4383 [
968 4317 1181 4384 MANSI,
1209 4317 1404 4372 Concii.
1432 4319 1568 4386 XX,
1606 4323 1694 4373 53.
1725 4321 1742 4386 ]

606 4420 983 4477 Slsnrnlnns
1005 4421 1387 4492 Moguntinus,
1420 4421 1476 4476 id
1507 4421 1656 4492 quod
1684 4430 1784 4478 est.
1817 4423 1921 4479 Dei
1943 4423 2132 4495 gratia,

2227 3284 2404 3332 vestra
2435 3282 2494 3330 ut
2522 3273 2625 3330 hoc
2652 3273 2898 3329 obtinere
2924 3273 3099 3329 valeat
3122 3273 3310 3346 petitio
3340 3281 3551 3328 nostra.

2989 3385 3056 3440 V.

2231 3500 2496 3569 Sigifredi
2522 3499 2826 3566 Moguntini
2851 3495 3242 3569 archiepiscopi
3262 3496 3336 3550 ad
3364 3495 3683 3562 Gregorium
3716 3497 3837 3550 VII

2812 3568 3035 3636 epistola
3055 3571 3225 3634 (425).

2621 3663 2867 3729 [Mus],
2886 3663 3082 3718 Concil.
3109 3662 3244 3726 XX,
3271 3659 3419 3731 390.]

2305 3764 2780 3822 Reverentissimo
2800 3763 2970 3830 Patri,
2987 3762 3198 3818 noviter
3219 3761 3519 3817 sacerdotio
3539 3763 3744 3834 prima
3758 3778 3836 3818 se-

2234 3861 2319 3917 dis
2359 3858 2671 3930 apostolica
2723 3856 2967 3924 infidato,
3013 3858 3070 3913 S.
3111 3857 3451 3928 Moguntina
3477 3853 3835 3926 dispensator

2234 3954 2510 4019 Ecclesia,
2539 3952 2787 4008 sedulam
2815 3950 3205 4007 benevolentia
3223 3950 3565 4017 servitutem,
3595 3957 3650 4004 et
3667 3949 3837 4005 debi-

2238 4056 2353 4104 tam
2377 4046 2698 4103 obedientia
2727 4045 3148 4116 subjectionem.

2310 4144 2535 4212 Semper
2547 4139 2770 4211 quidem
2788 4137 3059 4195 desiderio
3075 4136 3528 4193 desiderabamus
3547 4151 3674 4192 eum
3689 4151 3838 4208 apo-

2238 4237 2447 4292 stolica
2491 4234 2638 4290 sedis
2683 4232 2974 4304 prasulem
3011 4247 3147 4297 esse,
3187 4231 3280 4302 qui
3323 4231 3432 4285 vita
3457 4239 3513 4285 et
3560 4231 3836 4298 moribus,

2239 4329 2432 4391 verbis,
2481 4326 2750 4396 exemplis
2779 4324 2848 4380 ad
2887 4323 3122 4379 salutem
3166 4331 3423 4395 praesset
3450 4331 3505 4378 et
3544 4321 3843 4393 prodesset

2240 4429 2443 4477 sancta
2475 4421 2577 4476 Dei
2615 4418 2889 4474 Ecclesia.
2929 4421 3088 4473 Nunc
3121 4433 3248 4472 vero
3274 4415 3552 4486 quomodo
3580 4416 3841 4472 melliﬂui

532 4518 987 4572 Hinnanamno
1008 4522 1210 4572 sancta
1222 4513 1692 4586 apostolicasedis
1709 4516 2124 4585 archidiacono,
2160 4527 2209 4590 ι)
2238 4515 2370 4572 facti
2399 4521 2529 4570 sunt
2556 4513 2701 4579 cali,
2721 4511 2884 4568 solito
2910 4511 3119 4567 dulcius
3141 4509 3463 4566 distillantes
3483 4524 3674 4565 rorem
3703 4526 3841 4582 gra-

533 4616 588 4662 et
617 4607 1109 4678 archicancellario,
1155 4610 1390 4666 salutem
1439 4617 1495 4665 et
1537 4608 1789 4666 fraterna
1818 4609 2158 4690 dilectionis‘
2238 4612 2332 4665 tia
2359 4608 2482 4674 Dei,
2505 4606 2689 4663 divina
2716 4606 3000 4661 miseratio
3029 4606 3170 4660 votis
3197 4604 3402 4660 nostris
3439 4603 3606 4660 solito
3627 4610 3842 4661 cumu-

535 4701 808 4772 integram
843 4703 1153 4759 veritatem.

603 4795 917 4852 Plurimum
957 4797 1148 4869 gratia
1191 4804 1382 4853 vestra
1410 4795 1696 4852 referimus
1730 4797 1997 4868 charitati,
2031 4815 2129 4871 pro

609 4951 754 5021 (425)
782 4948 1136 5021 Episcopatus
1154 4947 1422 5021 Moravia
1444 4949 1638 5003 Joanni
1682 4950 1934 5021 episcopo
1965 4966 2122 5006 com—

536 5020 692 5091 missi
716 5035 746 5073 a
773 5018 1030 5091 Pragensi
1055 5018 1378 5072 divisionem
1406 5034 1538 5091 cum
1585 5018 1947 5088 proventuum
1980 5037 2123 5091 quo-

533 5088 790 5145 rumdam
843 5089 1185 5160 episcopatus
1215 5089 1494 5160 Pragensis
1531 5092 1896 5160 assignatione
1921 5088 2120 5146 conco-

533 5175 700 5230 quere
718 5175 829 5230 non
859 5158 1039 5230 valens
1065 5158 1461 5230 Jaromir,‘alio
1491 5158 1715 5216 nomine
1744 5161 2121 5229 Gebehardus,

533 5228 823 5300 Pragensis
862 5229 1168 5299 episcopus,
1200 5229 1336 5285 nihil
1367 5245 1475 5285 non
1506 5231 1836 5286 moliebatur
1863 5240 1926 5285 ut
1952 5228 2123 5288 amué

534 5301 651 5354 lum
679 5301 996 5369 episcopum
1023 5308 1262 5354 vexaret.
1303 5301 1450 5368 Quin
1494 5316 1594 5355 nec
1618 5318 1645 5356 a
1676 5301 1990 5357 vulneribus
2017 5302 2117 5359 fm-

531 5370 726 5439 disque
771 5369 891 5425 aliis
923 5386 1117 5426 manus
1158 5371 1489 5427 abstinebat.
1541 5374 1621 5427 Ut
1659 5372 1716 5428 id
1765 5372 1978 5428 rescivit
2003 5375 2125 5430 Ale-

534 5440 743 5497 xander
767 5457 905 5512 papa
937 5445 987 5497 ll
1021 5442 1227 5511 legatos
1262 5457 1390 5497 suos
1414 5459 1479 5497 eo
1507 5442 1676 5506 misit,
1702 5444 2044 5501 Bernardum
2072 5455 2126 5501 et

463 5531 476 5544 ι
531 5513 882 5583 Gregorium,
912 5513 1006 5585 qui
1032 5515 1364 5584 Pragensem
1383 5513 1695 5584 episcopum
1725 5518 1790 5570 ab
1816 5515 2000 5572 ofﬁcio
2023 5533 2124 5573 suo

532 5598 858 5657 suspensum
913 5584 1090 5657 palam
1132 5585 1435 5641 edixerunt.
1478 5589 1613 5641 Acta
1669 5597 1800 5642 sunt
1844 5588 1960 5644 hac
2001 5597 2124 5644 ante

532 5655 744 5712 obitum
773 5655 1066 5710 Alexandri
1111 5671 1332 5726 parum;
1363 5658 1450 5712 cui
1500 5658 1796 5714 succedens
1833 5659 2124 5727 Gregorius

533 5742 759 5802 causam
779 5735 959 5802 totam
979 5742 1286 5802 resumens,
1314 5727 1464 5802 prius
1486 5729 1713 5802 quidem
1740 5730 1948 5802 litteras
1973 5729 2125 5802 dedit

531 5797 600 5853 ad
627 5798 986 5856 Wratislaum
1034 5797 1570 5868 Bohemia‘ducefn,
1613 5800 1868 5857 Jaromiri
1896 5799 2121 5872 quidem

2236 4704 2398 4760 latius
2429 4699 2712 4765 satisfecit,
2741 4707 2797 4755 et
2819 4714 2967 4765 eum,
3003 4713 3169 4768 quem
3207 4697 3451 4754 maxime
3478 4697 3842 4768 optabamus,

2237 4796 2420 4854 eidem
2448 4802 2648 4850 sancta
2675 4795 2944 4849 Romana
2970 4791 3226 4861 Ecclesia
3255 4789 3518 4862 prafecit,
3551 4790 3646 4861 qui
3672 4791 3846 4849 nobis

2232 4949 2483 5013 fratrem,
2525 4945 2622 5001 sed
2653 4945 2853 5001 amulo
2883 4944 3027 4998 illius
3063 4943 3360 5009 faventem,
3391 4958 3741 5013 conquerens
3770 4944 3845 5001 de

2229 5020 2426 5091 injuria
2457 5017 2642 5089 legatis
2666 5016 2979 5087 apostolicis
3021 5031 3051 5069 a
3083 5015 3352 5091 Jaromiro
3377 5013 3552 5091 illata1
3578 5023 3704 5091 tum
3734 5016 3845 5071 ad-

2231 5083 2312 5144 dit
2339 5106 2397 5145 se
2428 5083 2847 5160 aggravaturum
2867 5087 3219 5160 sententiam,
3242 5086 3347 5160 nisi
3373 5085 3441 5140 ad
3460 5083 3720 5160 ofﬁcium
3744 5103 3842 5142 re-

2231 5161 2434 5216 diisset.
2462 5156 2672 5215 Interea
2691 5158 2934 5230 J_aromir
2953 5156 3023 5212 ad
3045 5158 3845 5230 Moguntinummetropolita-

2231 5249 2365 5287 num
2401 5246 2564 5286 suum
2593 5228 2863 5300 confugit,
2903 5227 3246 5300 narrans—se
3289 5227 3613 5300 inauditum,
3635 5227 3757 5284 inec
3811 5246 3845 5285 a

2233 5302 2661 5372 metropolitano
2690 5301 2747 5372 in
2775 5299 2986 5371 Synodo
3011 5299 3362 5365 damnatum,
3405 5299 3606 5372 injuria
3637 5299 3839 5370 probi-

2234 5373 2347 5428 beri
2381 5371 2451 5427 ne
2482 5371 2784 5442 episcopale
2813 5387 3017 5426 munus
3065 5379 3352 5442 exerceret.
3397 5371 3510 5425 Has
3540 5373 3845 5440 Pragensis

2233 5445 2397 5499 simul
2429 5451 2484 5498 et
2515 5440 2656 5497 suas
2697 5444 2945 5512 querelas
2986 5440 3286 5512 Sigeiridus
3324 5442 3689 5510 Moguntinus
3737 5458 3842 5497 ar-

2232 5514 2612 5586 chiepiscOpus
2645 5527 2741 5586 per
2792 5513 3003 5586 litteras
3026 5512 3095 5568 ad
3117 5513 3454 5586 Gregorium
3505 5513 3842 5586 pontificem

2231 5581 2449 5648 detulit,
2470 5581 2635 5654 quam
2650 5581 2774 5653 ejus
2805 5582 3223 5655 epistolamhuc
3242 5581 3536 5655 transfero,
3570 5584 3718 5654 quod
3741 5584 3839 5638 lu-

2231 5673 2351 5713 cem
2373 5653 2619 5728 al‘fundat
2645 5653 3109 5728 litteris’gGregorii
3147 5654 3214 5710 ad
3248 5653 3612 5714 Wratislaum
3637 5655 3838 5728 vulga-

2229 5730 2303 5786 tis
2327 5728 2535 5799 ltegist.
2565 5725 2658 5782 lib.
2691 5741 2735 5793 ι,
2774 5726 2932 5799 epist.
2968 5731 3048 5781 l7.
