4044 6186
256 327 353 380 737

1180 326 1522 382 EPISTOLE
1559 328 1778 382 EXTRA
1819 325 2197 382 REGISTRUM
2236 326 2613 382 VAGANTES.

3438 332 3539 385 7'38

254 463 470 520 semper
494 446 686 503 dexter
707 449 859 503 stetit
888 449 945 503 in
987 450 1248 508 omnibus
1273 452 1526 524 negotiis,
1555 466 1837 523 nunquam
1867 458 1919 518 Α
1948 468 2082 524 gens
2109 453 2196 507 illa
2219 452 2505 509 catholica
2529 451 2656 508 ﬁdei
2676 450 2883 506 novella
2903 458 2983 507 est
3013 453 3299 522 plantatio,
3326 461 3383 508 et
3398 469 3533 509 non-

251 544 411 599 nobis
444 542 618 598 defuit
665 542 722 597 in
752 543 970 599 nostris.
1013 543 1177 601 Unde
1230 547 1356 601 totis
1414 547 1839 618 pracordiorum

252 637 503 693 medullis
516 637 717 708 gratias
735 637 949 709 agimus
967 640 1082 694 Deo
1103 639 1390 706 altissimo,
1409 641 1504 712 qui
1519 639 1839 695 cathedram

252 731 423 797 Petri,
454 739 616 803 caput
671 731 880 788 scilicet
909 733 1283 800 ecclesiarum,
1317 741 1529 800 vestro,
1559 734 1634 788 mi
1688 749 1837 788 reve-

250 824 416 880 rende
445 828 622 892 Pater,
651 824 945 882 illustravit
963 833 1017 883 et
1046 827 1258 882 ornavit
1292 827 1619 894 sacerdotio,
1650 826 1840 882 humili

250 919 557 990 supplicatu
613 928 834 975 orantes
867 928 923 976 et
958 920 1310 992 deprecantes
1340 929 1402 975 ut
1449 921 1541 992 qui
1573 920 1842 991 primitias

245 1013 585 1084 apostolatus
615 1013 774 1068 vestri
801 1013 1038 1085 perfudit
1083 1014 1206 1070 oleo
1239 1014 1440 1070 latitia
1489 1029 1602 1086 pra
1629 1015 1840 1085 partici-

246 1107 404 1175 pibus
434 1107 642 1173 vestris,
672 1108 906 1180 gratiam
955 1116 1010 1163 et
1047 1124 1240 1179 pacem
1289 1108 1616 1179 multiplicet
1655 1109 1841 1164 Eccle-

246 1199 346 1255 sia
374 1216 490 1257 sua
513 1202 722 1257 cunctis
750 1201 944 1257 diebus
979 1203 1191 1257 vestris.
1224 1203 1487 1274 Optamus
1510 1209 1694 1257 autem
1725 1217 1844 1273 pro-

242 1295 446 1350 mereri
477 1303 536 1350 ut
565 1295 895 1366 peculiarem
917 1295 1144 1367 gratiam
1171 1296 1312 1368 apud
1349 1311 1444 1352 vos
1473 1296 1839 1363 obtineamus,

241 1396 356 1443 eta
411 1397 593 1444 vestra
624 1390 949 1460 paternitate
995 1390 1288 1460 specialem
1335 1389 1498 1445 nobis
1551 1390 1842 1461 proveire

250 1483 627 1547 clementiam,
645 1499 757 1538 non
785 1484 967 1539 solum
999 1499 1062 1539 ea
1081 1483 1338 1538 charitate
1363 1499 1530 1555 quam
1558 1483 1843 1539 universali

240 1574 457 1631 debetis
473 1575 748 1645 Ecclesia,
778 1576 875 1632 sed
903 1577 1069 1632 etiam
1091 1593 1156 1632 eo
1183 1577 1374 1648 gratia
1400 1577 1678 1648 privilegio
1693 1576 1844 1648 quod

240 1683 468 1740 semper
493 1685 645 1725 sacra
670 1669 827 1726 sedes
859 1677 1034 1725 vestra
1062 1671 1402 1742 Moguntina
1434 1670 1700 1741 impendit
1731 1673 1835 1726 Ec-

241 1761 445 1830 clesia,
480 1772 541 1818 ut
568 1765 654 1835 pia
709 1771 888 1818 mater
933 1763 1147 1835 speciali
1197 1763 1345 1819 ﬁlia.
1393 1767 1509 1819 Hac
1555 1780 1685 1834 ergo
1714 1762 1836 1820 freti

1945 546 2079 603 dum
2109 547 2345 603 radicata
2371 555 2427 602 et
2462 545 2688 602 fundata
2730 546 2783 601 in
2813 545 3256 614 Christianismo,
3289 555 3345 602 et
3375 546 3535 602 facile

1947 642 2016 698 ad
2041 642 2331 713 antiquum
2361 641 2660 712 paganismi
2695 640 2956 696 revolabit
3001 656 3269 708 errorem,
3319 641 3365 696 si
3395 641 3539 696 inter

1947 743 2198 806 pastores
2226 751 2359 790 suos
2395 742 2606 790 tantam
2633 734 2828 790 viderit
2872 735 3073 790 durare
3101 733 3501 791 dissensionem
3518 775 3533 790 .

1949 830 2293 901 Quapropter
2320 844 2422 900 ego
2449 832 2506 885 et
2529 843 2723 884 omnes
2741 826 2938 884 fratres
2959 828 3067 884 mei
3087 827 3324 900 vestigiis
3341 837 3538 884 vestra

1949 924 2253 979 sanctitatis
2302 921 2465 978 affusi
2507 938 2734 978 oramus
2778 931 2834 977 et
2875 921 3244 988 obsecramus,
3287 922 3535 994 primum

1949 1017 2211 1073 Ecclesia
2245 1017 2506 1084 rationes,
2557 1031 2772 1071 necnon
2809 1015 3026 1087 maligni
3057 1015 3216 1086 hujus
3272 1014 3540 1086 temporis

1952 1111 2250 1166 inclamare
2271 1109 2730 1182 importunitates.
2773 1107 3059 1164 Habebam
3084 1123 3302 1180 quoque
3327 1107 3399 1164 de
3425 1108 3541 1180 qui-

1950 1204 2374 1276 busdammgere
2406 1204 2688 1259 vobiscum
2725 1203 2838 1273 ipse
2868 1217 3126 1272 prasens,
3150 1201 3301 1274 quod
3325 1217 3428 1257 nec
3451 1202 3540 1256 lit-

1951 1299 2122 1354 literis
2153 1299 2423 1366 intexere,
2462 1313 2564 1353 nec
2609 1296 2803 1352 nuntio
2843 1296 3008 1351 etiam
3036 1295 3196 1350 alicui
3228 1294 3544 1350 ﬁdelissimo

1953 1393 2128 1448 habeo
2166 1392 2390 1463 aperire.
2444 1393 2790 1462 Quapropter
2823 1396 3119 1460 prasentes
3175 1387 3372 1442 fratres
3410 1402 3541 1442 cum

1952 1487 2148 1542 litteris
2176 1501 2319 1542 mea
2362 1483 2730 1540 excusationis
2771 1483 2841 1537 ad
2881 1498 2976 1538 vos
3021 1481 3222 1553 dirigo,
3266 1481 3358 1551 qui
3388 1479 3545 1535 vobis

1952 1588 2253 1652 suggerant
2281 1582 2429 1650 quod
2455 1577 2527 1634 ad
2554 1593 2649 1632 vos
2673 1593 2784 1632 non
2815 1577 2934 1631 veni
2979 1591 3092 1630 non
3123 1591 3241 1630 esse
3263 1573 3544 1630 temerita-

1946 1675 2036 1741 tis,
2063 1673 2158 1729 sed
2187 1671 2510 1728 inevitabilis
2533 1679 2587 1726 et
2613 1685 2887 1742 suprema
2925 1669 3285 1724 necessitatis.
3317 1667 3544 1722 Noverit

1945 1777 2132 1824 autem
2188 1773 2376 1823 sancta
2403 1763 2698 1837 paternitas
2723 1771 2902 1818 vestra
2926 1761 3072 1832 quod
3099 1777 3208 1816 non
3250 1767 3331 1816 est
3373 1759 3542 1815 homo

237 1856 441 1926 gratia,
469 1856 520 1911 in
538 1856 798 1913 omnibus
823 1873 945 1928 qua
969 1857 1128 1913 nobis
1155 1857 1398 1924 obviant,
1428 1857 1496 1912 ad
1529 1873 1623 1912 vos
1646 1873 1838 1914 recur-
1872 1843 1920 1906 Β
1950 1866 2005 1918 in
2033 1873 2177 1918 terra
2202 1877 2290 1916 me
2303 1859 2456 1915 vobis
2489 1859 2720 1925 ﬁdelior,
2756 1866 2809 1913 et
2835 1855 2902 1913 ad
2933 1871 3097 1911 omne
3128 1863 3426 1927 piacetum
3457 1870 3542 1909 ve-

237 1949 444 2015 rimus,
476 1957 531 2004 et
572 1949 842 2022 quidquid
872 1951 1029 2006 nobis
1073 1951 1414 2018 adversatur,
1444 1951 1512 2006 ad
1572 1966 1668 2006 vos
1695 1952 1840 2006 velut

236 2043 496 2098 membra
538 2043 604 2098 ad
633 2053 800 2116 caput
837 2043 1142 2101 referimus.
1176 2048 1371 2102 Unum
1402 2045 1682 2101 humiliter
1708 2045 1837 2100 inti-

235 2151 469 2192 mamus
484 2145 677 2194 vestra
699 2139 973 2194 sanctitati
996 2138 1146 2211 quod
1170 2139 1273 2195 sub
1289 2147 1632 2196 antecessore
1657 2147 1838 2195 vestro

239 2230 346 2301 pia
377 2231 773 2288 recordationis
801 2248 940 2305 papa
972 2235 1037 2288 Α.
1067 2233 1296 2305 contigit
1321 2249 1445 2300 nos,
1485 2242 1548 2289 ut
1574 2233 1720 2289 salva
1752 2249 1838 2288 re-

232 2324 483 2379 verentia
503 2324 816 2392 dixerimus,
849 2327 1048 2398 injuste
1074 2327 1454 2399 prajudicium
1485 2328 1620 2398 pati,
1671 2336 1727 2382 et
1754 2329 1836 2382 in-

232 2417 542 2474 clementer
568 2419 887 2476 deturbatos
919 2436 1036 2476 esse
1064 2421 1134 2476 ab
1161 2437 1228 2476 eo
1251 2421 1396 2492 jure,
1421 2422 1571 2492 quod
1593 2423 1729 2477 sacri
1745 2437 1839 2476 ca-

229 2527 414 2566 nones
441 2520 498 2566 et
523 2514 744 2568 Patrum
770 2513 903 2570 scita
933 2515 1374 2586 metropolitanis
1386 2515 1586 2586 jubent
1617 2516 1836 2570 servari.

232 2605 495 2676 Denique
536 2605 713 2662 eidem
745 2608 1089 2664 sanctissimo
1114 2608 1265 2663 Patri
1283 2607 1350 2664 de
1366 2608 1535 2663 fratre
1561 2616 1616 2664 et
1643 2608 1838 2664 suffra.

232 2713 416 2770 ganeo
469 2707 662 2754 nostro
687 2701 942 2772 episcopo
985 2701 1245 2772 Prageni
1300 2701 1519 2756 sinistra
1573 2702 1840 2756 relatione

230 2800 561 2864 suggestum
591 2802 692 2858 est,
725 2802 798 2858 et,
844 2810 935 2849 me
963 2795 1280 2866 ignorante,
1327 2795 1396 2849 ab
1427 2794 1660 2849 inimicis
1693 2793 1842 2864 apud

228 2899 366 2939 eum
403 2894 689 2941 accusatus
718 2894 828 2954 est;
861 2903 1033 2942 unum
1067 2896 1124 2942 et
1154 2887 1421 2942 hactenus
1455 2887 1732 2942 insolitum
1773 2887 1842 2942 ab

228 2993 290 3033 eo
321 2978 468 3033 exiit
497 2979 768 3049 edictum,
804 2988 865 3035 ut
893 2981 1150 3037 eumdem
1179 2980 1405 3036 fratrem
1425 3023 1439 3045 ,
1485 2988 1542 3036 et
1573 2982 1842 3052 coepisco-

227 3088 367 3144 pum
403 3079 661 3128 nostrum
703 3089 804 3129 nec
833 3076 973 3130 inter
1003 3073 1199 3130 fratres
1239 3090 1370 3130 suos
1399 3075 1660 3130 canonice
1692 3075 1841 3145 prius

229 3166 518 3232 allditum,
571 3182 671 3222 nec
700 3168 961 3224 canonice
990 3168 1060 3224 ad
1113 3184 1171 3223 se
1200 3177 1484 3237 vocatum,
1511 3184 1612 3224 nec
1641 3168 1838 3224 inobe-

227 3258 460 3315 dientia
487 3260 645 3332 culpa
671 3260 1024 3328 denotatum,
1064 3277 1176 3317 non
1200 3263 1382 3318 solum
1429 3263 1498 3317 ab
1517 3261 1701 3317 ofﬁcio
1739 3277 1840 3317 suo

224 3352 609 3427 suspenderit,
641 3354 736 3410 sed
782 3355 950 3410 etiam
979 3355 1147 3411 rebus
1177 3363 1234 3410 et
1288 3355 1552 3411 reditibus
1585 3371 1700 3411 sua
1729 3357 1838 3410 Ec-

224 3449 420 3504 clesiae
450 3448 676 3503 omnino
725 3448 1033 3520 spoliaverit
1061 3458 1116 3504 et
1145 3449 1464 3516 extruserit,
1497 3450 1573 3504 ita
1611 3457 1674 3504 ut
1701 3449 1838 3503 mis-

224 3543 298 3597 sis
327 3541 555 3597 nuntiis
575 3540 789 3612 publice
820 3542 1058 3598 nuntiari
1086 3542 1347 3598 fecerit'in
1375 3542 1520 3598 clero
1561 3549 1614 3597 et
1639 3542 1839 3613 populo

223 3644 306 3700 ut,
339 3650 486 3691 eum
518 3633 608 3706 qui
627 3637 1170 3692 excommunicatum
1200 3635 1483 3699 habentes,
1527 3634 1658 3689 nihil
1690 3633 1838 3706 quod

225 3727 486 3799 episcopi
537 3737 680 3784 esset
718 3729 800 3784 vel
827 3739 1139 3800 quaererent
1162 3729 1246 3784 vel
1295 3728 1602 3800 acciperent
1629 3728 1698 3782 ab
1749 3743 1836 3783 eo.

224 3821 396 3890 Quod
424 3821 639 3878 factum
667 3822 713 3878 si
741 3823 1095 3894 apostolicam
1123 3824 1310 3879 deceat
1331 3820 1835 3888 mansuetudinem,

223 3917 270 3970 si
299 3915 669 3971 decretorum
686 3925 865 3971 servet
891 3916 1293 3983 auctoritatem,
1312 3924 1546 3971 vestram
1567 3931 1679 3970 non
1706 3929 1840 3985 pra-

223 4010 354 4063 terit
379 4008 760 4065 sanctitatem.
803 4008 1010 4064 Debuit
1047 4025 1304 4079 namque,
1330 4010 1477 4079 juxta
1513 4007 1726 4064 decreta
1753 4023 1838 4062 ca-

222 4118 474 4169 nonum,
507 4102 577 4157 ad
606 4119 709 4159 nos
731 4096 978 4174 primum
1001 4118 1166 4158 causa
1207 4101 1425 4167 deferri,
1467 4110 1523 4157 et
1551 4101 1615 4156 ad
1663 4101 1841 4156 conci-

224 4195 366 4252 lium
405 4204 639 4251 vocatus
695 4197 836 4251 intra
867 4196 1220 4267 provinciam,
1269 4197 1410 4250 inter
1465 4193 1660 4249 fratres
1711 4209 1841 4250 suos

221 4289 413 4346 audiri
438 4308 454 4356 ;
487 4305 589 4360 ego
618 4305 747 4345 vero
778 4299 833 4346 et
882 4290 1076 4345 fratres
1105 4288 1210 4344 mei
1256 4288 1577 4344 deberemus
1605 4288 1673 4343 ad
1705 4303 1839 4358 apo-

221 4385 493 4440 stolicam
524 4382 735 4450 sedem,
761 4383 909 4439 velut
937 4384 1004 4439 ad
1033 4392 1195 4454 caput
1241 4391 1494 4438 nostrum
1523 4381 1754 4448 referre,
1793 4381 1841 4436 si

220 4484 381 4533 tanta
453 4491 544 4530 res
573 4484 714 4530 esset
741 4485 804 4532 ut
832 4492 928 4547 per
973 4492 1076 4530 nos
1105 4492 1205 4531 nec
1235 4485 1419 4544 posset
1468 4491 1569 4531 nec
1614 4475 1842 4531 deberet

219 4569 552 4626 terminari.
584 4571 741 4624 Nunc
767 4578 952 4626 autem
982 4569 1154 4625 frater
1181 4577 1363 4624 noster
1389 4577 1445 4624 et
1484 4569 1839 4640 coepiscOpus

216 4679 246 4717 a
278 4665 424 4719 sede
461 4678 563 4717 sua
594 4677 759 4734 vagus
787 4671 844 4718 et
880 4662 1162 4734 profugus,
1203 4671 1278 4729 et,
1302 4670 1364 4718 ut
1387 4662 1653 4728 diximus,
1679 4663 1841 4717 rebus

218 4767 275 4812 et
292 4756 589 4814 reditibus
618 4757 877 4813 Ecclesia
903 4772 1016 4812 sua
1045 4756 1247 4827 injuste
1274 4755 1538 4826 spoliatus
1567 4764 1623 4812 et
1649 4766 1840 4812 extru—

215 4865 339 4918 sus,
370 4848 674 4920 indignum
716 4847 1232 4919 patiturjudicium,
1263 4857 1318 4904 et
1355 4849 1616 4905 omnibus
1661 4849 1842 4905 fratri-

216 4941 328 4998 bus
389 4951 457 4999 et
500 4943 841 5013 coepiscopis
871 4942 1075 4998 nostris
1132 4957 1395 5013 magnum
1439 4942 1564 4997 inde
1593 4944 1842 5013 provenit

215 5036 595 5101 scandalum,
623 5044 680 5091 et
717 5035 1026 5106 episcOpale
1071 5051 1279 5091 nomen
1308 5043 1361 5090 et
1392 5034 1663 5104 ofﬁcium,
1693 5036 1842 5108 quod

214 5130 372 5202 apud
406 5134 597 5184 Deum
626 5136 681 5183 et
707 5129 958 5185 homines
986 5145 1210 5184 sacrum
1254 5137 1357 5198 est,
1389 5129 1723 5185 intolerabile
1753 5147 1842 5202 pa-

215 5225 370 5280 titur
425 5221 810 5294 opprobrium.
870 5224 1045 5278 Porro
1086 5222 1324 5279 Ecclesia
1365 5223 1452 5278 illa
1499 5223 1614 5294 jam
1661 5225 1843 5280 multis

215 5317 434 5373 diebus
461 5316 717 5387 pastorali
765 5325 913 5372 caret
935 5315 1420 5383 administratione,
1468 5323 1524 5372 et
1550 5317 1712 5373 unico
1741 5333 1841 5389 pa—

214 5420 387 5467 store
419 5408 586 5465 vidua
616 5410 908 5481 episcopali
936 5419 1088 5465 vacat
1115 5410 1504 5474 benedictioni,
1533 5411 1587 5465 in
1604 5427 1714 5483 quo
1730 5412 1841 5482 epi-

217 5519 446 5576 scopus
497 5503 588 5559 ille
636 5505 733 5575 qui
761 5503 1097 5575 expulsionis
1142 5510 1198 5558 et
1226 5503 1650 5573 perturbationis
1679 5505 1844 5576 hujus

214 5607 437 5655 auctor
461 5606 564 5664 est,
596 5597 719 5668 ejus
745 5596 846 5652 sibi
886 5603 1115 5668 usurpat
1138 5593 1408 5663 ofﬁcium,
1440 5603 1518 5663 et,
1550 5598 1699 5669 quod
1723 5615 1844 5654 om-

213 5693 401 5747 nibus
437 5690 678 5747 oonciliis
705 5699 761 5746 et
786 5689 1019 5747 decretis
1047 5689 1286 5745 maxime
1315 5699 1539 5745 cautum
1569 5699 1672 5758 est,
1701 5709 1840 5748 con-

212 5782 509 5842 secrando
540 5793 598 5840 et
623 5785 1003 5842 conﬁrmando
1032 5784 1298 5840 eumdem
1335 5784 1533 5840 circuit
1559 5786 1840 5858 episcopa-

214 5888 381 5934 tum.
422 5876 582 5945 Quod
621 5880 857 5936 maxime
906 5878 980 5935 ob
1007 5877 1112 5934 hoc
1145 5877 1519 5948 periculosum
1555 5887 1658 5948 est,
1691 5880 1840 5952 quod

1949 1967 2127 2013 strum
2167 1954 2508 2027 implendum
2534 1953 2801 2019 devotior,
2848 1965 2949 2006 nec
2992 1949 3291 2005 adventum
3349 1962 3539 2004 meum
3580 2007 3583 2010 _

1943 2051 2013 2107 ad
2059 2066 2156 2106 vos
2183 2047 2406 2119 aliquod
2425 2046 2708 2118 negotium
2739 2051 2921 2116 posset
2943 2042 3240 2110 retardare,
3280 2042 3323 2096 si
3352 2049 3540 2096 tamen

1940 2145 2164 2215 juvarer
2209 2142 2406 2196 virium
2461 2139 2796 2194 valetudine.
2845 2140 2952 2192 Pro
3002 2137 3306 2191 inveterata
3353 2142 3540 2189 autem

1949 2237 2358 2308 Thuringorum
2410 2232 2777 2289 obduratione
2822 2245 3029 2288 novam
3061 2229 3214 2284 vobis
3242 2228 3382 2308 facio
3413 2243 3543 2282 cou-

1950 2298 2316 2404 questionem,
2353 2327 2627 2400 qui,sicut
2648 2340 2888 2397 semper,
2919 2325 2999 2379 sic
3029 2323 3194 2378 etiam
3224 2298 3402 2377 :fdhuc
3430 2321 3544 2392 Spi-

1949 2427 2074 2481 ritui
2132 2433 2321 2481 sancto
2378 2424 2599 2494 ejusque
2633 2420 2956 2492 justissimis
3010 2419 3276 2473 resistunt
3304 2416 3538 2487 legibus,

1950 2519 2225 2575 redituum
2273 2532 2504 2573 suorum
2557 2513 2806 2586 negando
2872 2512 3318 2576 decimationem,
3368 2524 3543 2580 usque

1951 2613 2086 2669 adeo
2113 2623 2194 2675 ut,
2221 2611 2353 2667 dum
2382 2623 2670 2664 monerem
2693 2622 2788 2662 eos
2816 2614 2877 2660 ut
2895 2605 3256 2676 omnipotenti
3274 2607 3392 2659 Deo
3419 2603 3546 2658 obe-

1950 2707 2152 2772 dirent,
2181 2705 2280 2776 ipsi
2308 2720 2336 2759 e
2361 2711 2549 2758 contra
2581 2709 2789 2756 armata
2819 2715 2986 2754 manu
3017 2698 3342 2770 promiscua
3371 2696 3548 2767 plebis

1950 2816 2041 2855 me
2067 2807 2121 2855 et
2156 2813 2309 2853 meos
2335 2795 2690 2861 obsiderent;
2719 2793 2817 2848 nisi
2851 2793 3126 2847 Dominus
3181 2786 3540 2860 omnipotenti

1953 2908 2117 2948 manu
2170 2889 2526 2957 liberavisset,
2556 2887 2788 2942 forsitan
2817 2885 3108 2940 crudelitas
3137 2899 3331 2938 eorum
3373 2893 3544 2952 usque

1951 2986 2020 3042 ad
2052 2983 2474 3040 internecionem
2503 2981 2558 3036 in
2587 2996 2690 3035 nos
2717 2978 3049 3035 desavisset.
3074 2977 3262 3032 Unum
3290 2991 3426 3045 rogo
3453 2989 3542 3030 sa-

1951 3095 2104 3135 cram
2153 3077 2530 3149 paternitatem
2548 3083 2806 3140 vestram,
2827 3055 3099 3127 utcontra
3124 3079 3242 3125 tam
3264 3067 3537 3125 nefarium

1945 3181 2171 3243 tamque
2201 3171 2484 3226 insolitum
2521 3167 2748 3235 facinus,
2781 3171 3030 3237 respectu
3058 3163 3436 3220 ecclesiastica
3462 3161 3544 3217 di-

1877 3245 1922 3308 (ἶ
1949 3266 2208 3338 sciplina,
2238 3264 2397 3319 nobis
2439 3260 2823 3334 compatiendo
2871 3257 3222 3325 succurratis,
3253 3265 3308 3312 et
3342 3263 3536 3311 contra

1952 3357 2206 3413 inimicos
2241 3357 2343 3413 Dei
2391 3355 2631 3428 gladium
2682 3353 2973 3424 arripiatis,
3022 3359 3291 3424 quatenus
3341 3348 3540 3405 sentiat

1949 3459 2249 3507 contumax
2270 3459 2324 3506 et
2352 3449 2567 3505 rebellis
2594 3464 2751 3504 serva
2777 3445 3094 3517 Thuringia,
3112 3444 3262 3517 quod
3291 3443 3467 3499 adhuc
3490 3443 3542 3496 in

1950 3546 2224 3616 clavigera
2242 3560 2409 3600 manu
2427 3542 2571 3598 Petri
2585 3543 2722 3598 vivit
2733 3551 2786 3596 et
2797 3547 2987 3613 regnat
3000 3538 3315 3611 imperatrix
3333 3539 3514 3592 Roma
3527 3577 3539 3590 .

2706 3637 2802 3690 Vl.

1945 3734 2190 3804 Epistola
2217 3731 2490 3801 Sigefridi
2526 3730 2835 3813 Moguntini
2875 3728 3261 3797 archiepiscoPi
3297 3725 3371 3779 ad
3413 3725 3541 3781 Gre-

2493 3817 2708 3870 gonum
2742 3815 2966 3869 papam.

2343 3891 2590 3959 [MANSI,
2624 3889 2822 3946 Concil.
2861 3884 2994 3952 XX,
3027 3889 3178 3953 433.]

2021 3986 2263 4042 Domino
2293 3983 2618 4050 venerabili,
2663 3990 2718 4038 et
2772 3980 2921 4037 Patri
2956 3980 3012 4035 in
3051 3977 3268 4034 Christo
3319 3974 3540 4032 amabili

1951 4080 2284 4146 Gaauonio,
2323 4079 2517 4150 prima
2544 4076 2686 4132 sedis
2718 4073 2949 4131 antistiti
2979 4075 3032 4129 S.
3066 4072 3438 4144 Moguntinus,
3469 4069 3543 4135 id,

1949 4173 2097 4244 quod
2114 4181 2198 4228 est
2211 4173 2390 4244 gratia
2411 4171 2538 4238 Dei,
2565 4169 2765 4226 debita
2779 4166 3104 4224 obedientia
3125 4164 3543 4236 subjectionem,

1950 4275 2002 4320 et
2028 4266 2274 4322 sedulam
2314 4261 2558 4335 obsequii
2583 4262 2958 4318 devotionem.

2021 4357 2164 4428 Quid
2209 4373 2386 4414 causa
2443 4355 2765 4423 intercedat,
2821 4363 2876 4410 et
2907 4353 3038 4425 quid
3066 4351 3440 4424 impedimenti
3473 4351 3548 4406 in-

1952 4452 2206 4523 tercipiat
2250 4451 2399 4524 quod
2439 4467 2596 4507 sacro
2638 4449 2764 4505 huic
2819 4456 3021 4504 sancta
3067 4445 3376 4519 apostolica
3403 4444 3546 4499 sedis

1953 4546 2185 4602 concilio
2215 4546 2480 4602 interesse
2507 4561 2616 4600 non
2665 4557 2914 4616 possum,
2941 4543 3082 4597 sicut
3125 4538 3241 4610 jam
3271 4535 3436 4609 priori
3467 4537 3543 4591 le-

1871 4625 1920 4687 D
1955 4637 2175 4708 gatione
2220 4635 2541 4706 signiﬁcavi,
2590 4636 2662 4689 ita
2711 4643 2764 4689 et
2806 4647 2952 4688 nunc
3005 4636 3208 4686 sancta
3237 4625 3546 4697 paternitati

1953 4733 2145 4780 vestra
2199 4741 2263 4780 ex
2320 4724 2432 4794 ipsa
2478 4723 2711 4778 veritate
2762 4718 3048 4782 denuntio,
3109 4716 3358 4772 videlicet
3401 4712 3548 4785 quod

1951 4813 2148 4870 eodem
2201 4812 2466 4883 paralysis
2517 4811 2715 4866 morbo
2745 4823 2854 4881 quo
2884 4817 3015 4863 tunc
3064 4803 3404 4870 laborabam,
3439 4817 3548 4856 non

1950 4902 2172 4973 quidem
2201 4900 2506 4966 remissius,
2538 4898 2635 4954 sed
2667 4895 2724 4953 iu
2759 4894 2876 4953 dies
2895 4895 3111 4951 auctius
3161 4893 3450 4964 acriusque
3482 4891 3550 4944 la-

1950 4992 2104 5047 boro.
2136 4993 2260 5046 Non
2308 4991 2412 5045 hoc
2443 4988 2736 5061 pramitto,
2803 4993 2901 5043 aut
2951 4986 3096 5040 fastu
3139 4982 3429 5054 superbia,
3456 4987 3549 5034 aut

1951 5087 2273 5150 contemptu
2316 5077 2729 5145 inobedientia,
2764 5092 2930 5149 quem
2960 5076 3156 5132 anima
3185 5072 3440 5129 morbum
3471 5069 3549 5124 di-

1950 5168 2075 5224 vina
2106 5168 2386 5223 miseratio
2417 5168 2577 5238 longe
2603 5165 2766 5222 faciat
2793 5180 2824 5220 a
2855 5182 2963 5222 me.
3009 5167 3134 5220 Non
3165 5165 3309 5219 enim
3332 5159 3550 5232 cujusli-

1949 5258 2046 5314 bet
2101 5257 2306 5330 negotii
2356 5255 2661 5328 quamlibet
2711 5255 2941 5310 maximi
2971 5269 3060 5308 me
3090 5253 3322 5308 retinere
3369 5255 3551 5319 posset

1951 5348 2438 5420 impedimentum,
2469 5362 2594 5401 cum
2631 5359 2721 5400 me
2750 5344 2819 5400 ad
2850 5359 2948 5399 vos
2978 5357 3089 5396 non
3114 5340 3229 5396 sola
3275 5339 3430 5395 ducit
3456 5353 3550 5391 vo-

1953 5439 2150 5504 luntas,
2178 5436 2274 5491 sed
2292 5443 2344 5490 et
2369 5433 2572 5489 ardens
2597 5432 2769 5488 trahit
2795 5430 3153 5487 desiderium.
3178 5430 3301 5483 Mea
3319 5441 3554 5497 namque

1951 5524 2231 5590 intererat,
2262 5531 2315 5578 et
2344 5522 2462 5579 hac
2491 5521 2818 5578 obedientia
2857 5518 2998 5574 ratio
3025 5525 3080 5572 et
3107 5516 3387 5572 charitatis
3417 5515 3553 5571 ordo

1951 5612 2228 5685 poscebat,
2259 5621 2320 5667 ut
2362 5612 2486 5667 huic
2509 5610 2793 5666 consortio
2839 5614 3158 5664 sanctorum
3209 5607 3552 5673 interessem,

1952 5709 2009 5757 et
2037 5701 2106 5756 de
2144 5702 2436 5772 prasentia
2466 5701 2547 5755 vel
2580 5698 2922 5756 allocutione
2965 5705 3130 5768 atque
3176 5696 3247 5751 de
3270 5695 3552 5750 salutifera

1949 5791 2245 5846 collatione
2274 5791 2442 5847 divini
2477 5789 2648 5844 Patris
2677 5788 2805 5850 mei,
2837 5785 3108 5858 Gregorii,
3131 5793 3186 5840 et
3224 5783 3424 5838 Christi
3462 5799 3551 5839 sa-

1950 5880 2239 5938 cerdotum
2279 5880 2617 5935 hilarescens
2658 5877 2716 5930 in
2773 5873 2970 5930 melius
3017 5871 3362 5944 proﬁcerem.
3428 5875 3555 5936 Non
