4044 6186
494 296 601 350 739

1441 283 1498 338 S.
1535 280 1857 338 GREGORII
1893 279 1986 336 VII
2020 276 2217 333 ΡΑΡΕ
2257 277 2531 334 OPERUM
2566 279 2740 336 PARS
2777 280 2842 335 Il.

3677 289 3792 344 740

500 415 873 492 {annitendum
919 419 1066 469 esset
1128 409 1306 479 longae
1355 408 1458 462 vite
1507 415 1565 462 et
1608 406 1791 479 magni
1841 403 2078 471 laboris;
2111 406 2164 468 Α
2190 417 2304 458 non
2329 403 2564 460 excedat
2585 404 2816 476 justitiae
2836 419 3119 462 mensura.
3152 407 3380 464 Sacrum
3414 410 3796 480 apostolatum

499 514 698 586 quippe
726 501 1184 576 inde'proveniret
1209 501 1424 558 fructus
1439 514 1655 572 magnas
1679 500 1888 556 salutis.
1913 497 2086 554 Maxi-

499 619 621 662 mas
639 611 823 658 autem
848 606 1057 669 gratres
1072 610 1198 654 cum
1221 593 1412 650 humili
1431 593 1662 650 inclinio
1691 602 1884 650 vestra:
1905 591 2088 648 refero

499 695 775 754 sanctitati
795 691 949 764 quod
969 753 980 762 ,
997 690 1252 763 legationi
1281 698 1488 746 nostra
1516 697 1629 745 tam
1657 690 1954 746 clementer
1989 703 2090 743 au-

497 803 619 846 rem
644 787 971 855 inclinastis,
1019 786 1277 858 ipsosque
1315 785 1525 855 legatos
1554 783 1693 839 bene
1712 781 2011 838 admisistis
2034 789 2091 838 et

499 884 693 939 melius
719 881 1024 949 dimisistis,
1045 879 1300 952 quodque
1328 878 1532 950 placuit
1580 884 1774 933 vestra:
1815 875 2088 932 sanctitati

495 978 735 1049 antiquae
761 975 1067 1032 dilectionis
1112 983 1169 1029 et
1216 987 1491 1045 germanae
1544 970 1857 1027 affectionis
1887 979 2091 1025 nostra

498 1081 618 1128 tam
643 1071 872 1144 benigne
897 1066 1214 1134 reminisci,
1242 1079 1343 1122 nec
1369 1065 1428 1121 in
1454 1080 1674 1121 summa
1702 1063 2092 1135 speculationis

497 1181 646 1235 arce,
673 1173 732 1220 et
773 1164 830 1219 in
873 1165 992 1234 ipsa
1031 1161 1285 1217 omnium
1329 1158 1700 1214 Ecclesiarum
1729 1156 2093 1212 sollicitudine

495 1257 732 1315 duxistis
768 1255 1210 1328 praetereundum
1251 1252 1399 1324 quod
1449 1251 1600 1316 olim,
1632 1251 1812 1306 adhuc
1861 1249 1918 1305 in
1973 1250 2091 1321 ipsa

501 1353 708 1425 privata
727 1350 1163 1416 conversatione,
1190 1346 1390 1404 Christi
1417 1346 1562 1401 inter
1589 1361 1692 1400 nos
1720 1343 1898 1400 fuerat
1915 1342 2092 1399 chari-

499 1453 612 1501 tate
637 1445 1018 1517 conjunctum.
1069 1442 1313 1497 Primum
1341 1439 1672 1511 multiplices
1701 1454 1828 1511 erga
1853 1453 1944 1493 me
1997 1439 2088 1493 be-

501 1539 781 1611 nignitatis
811 1546 1004 1594 vestras
1039 1535 1238 1605 gratias
1262 1533 1411 1590 nulla
1439 1541 1753 1604 temporum
1785 1531 2091 1604 longinqui-

496 1637 610 1687 tate
648 1630 841 1700 deleri,
895 1631 1052 1684 nulla
1096 1643 1346 1700 unquam
1391 1641 1580 1682 rerum
1625 1625 1712 1680 vel
1781 1634 2086 1681 eventuum

499 1725 872 1796 inaequalitate
885 1724 1089 1795 poterit
1102 1720 1406 1778 oblitterari
1427 1740 1441 1786 ;
1465 1719 1562 1775 sed
1575 1719 1643 1776 ad
1663 1719 1772 1774 hoc
1781 1719 2092 1774 remedium

2195 502 2437 550 vestrum
2467 510 2566 566 pro
2605 495 2769 552 nobis
2810 504 3060 552 orantem
3108 496 3414 554 Samarites
3462 499 3553 555 ille
3605 509 3795 559 custo-

2195 586 2327 657 diat,
2358 589 2452 660 qui
2483 589 2544 645 in
2569 589 2931 646 custodiendo
2951 604 3114 647 suum
3143 593 3309 648 Israel
3325 607 3440 648 non
3463 592 3674 650 dormit
3694 611 3796 651 ne-

2195 697 2305 753 que
2321 682 2608 752 dormitat,
2629 691 2688 739 et
2711 683 3003 742 divisiones
3031 686 3363 758 gratiarum,
3393 702 3528 760 quas
3549 689 3611 744 in
3636 689 3797 747 clave

2197 777 2342 832 Petri
2392 776 2667 845 adunavit,
2712 777 2827 850 ipse
2871 778 2930 834 in
2995 780 3154 836 vobis
3201 781 3380 836 unitas
3437 782 3796 856 integrasque

2197 879 2506 942 conservet,
2528 870 2625 944 qui
2664 871 2839 944 ipsam
2871 873 3083 930 clavem
3111 875 3266 932 vobis
3308 877 3609 933 commisit.

2924 969 3049 1023 VII.

2650 1061 2906 1132 Ejusdem
2945 1063 3022 1116 ad
3064 1063 3322 1118 εαωιάεηι.
3362 1064 3374 1088 τ

2555 1155 2770 1221 (Manu,
2799 1154 3002 1211 οοηοει.
3027 1157 3163 1224 xx,
3195 1171 3250 1228 ρ.
3281 1159 3438 1224 43s.}

2268 1246 2526 1319 Specialis
2539 1248 2861 1304 reverentia
2885 1248 3027 1320 patri
3049 1251 3396 1316 Gnmonro,
3425 1249 3625 1322 prima!
3651 1252 3803 1310 sedis

2197 1341 2426 1398 anistiti
2446 1343 2502 1397 S.
2536 1341 2892 1414 Moguntinus
2920 1341 2979 1398 id
3005 1343 3153 1414 quod
3179 1351 3270 1400 est
3292 1343 3390 1400 Dei
3415 1343 3611 1416 gratia,
3645 1345 3804 1418 quod

2196 1436 2334 1506 patri
2357 1434 2524 1500 ﬁlius,
2550 1434 2701 1507 quod
2727 1436 2954 1507 praelato
2975 1435 3288 1508 subjectus.

2269 1529 2534 1584 Adbibito
2577 1528 2808 1586 deidia:
2829 1537 3119 1601 pastorum
3147 1539 3201 1587 et
3243 1529 3588 1604 negligentiae
3618 1547 3802 1588 sacrae

2199 1621 2594 1679 exhortationis
2627 1631 2681 1679 et
2713 1623 3133 1680 ammonitionis
3157 1623 3530 1689 indumento,
3560 1626 3803 1698 vigilan-

2199 1717 2274 1772 tia
2299 1717 2586 1788 pastoralis
2613 1716 2779 1773 officii
2810 1716 2996 1787 vestri,
3028 1717 3108 1774 mi
3134 1718 3430 1776 reverenda
3453 1723 3528 1776 Pa
3539 1728 3650 1786 ter,
3693 1735 3804 1778 nos

499 1827 686 1875 nostra
715 1818 906 1874 sedulo
958 1816 1196 1889 vigilabit
1239 1815 1531 1880 industria,
1565 1821 1625 1869 ut
1669 1813 1729 1869 in
1765 1814 1869 1869 bac
1900 1828 2082 1885 perse-
2115 1801 2164 1868 Β
2195 1811 2357 1884 quasi
2399 1811 2469 1867 de
2513 1825 2708 1867 somno
2735 1810 3006 1880 excitavit,
3054 1821 3112 1868 et
3135 1820 3200 1868 ut
3222 1827 3360 1884 opus
3397 1813 3698 1883 Evangelii,
3731 1814 3802 1870 ad

501 1927 690 1969 verane
745 1919 924 1967 vestra
957 1908 1222 1982 dignetur
1256 1908 1653 1964 benevolentia.
1693 1906 1856 1977 Quod
1909 1915 2094 1963 autem

499 2007 555 2061 in
585 2005 1017 2061 commonitorio
1047 2012 1229 2058 vestro
1253 2003 1536 2073 posuistis,
1571 2013 1663 2057 me
1685 2008 1884 2056 vestra:
1913 2009 2095 2071 pater-

499 2098 655 2172 nitati
685 2107 1023 2153 secreton
1039 2139 1056 2164 ,
1084 2097 1198 2151 imo
1228 2096 1416 2150 salutis
1439 2108 1576 2151 meas
1596 2093 1938 2150 commisisse
1955 2110 2095 2148 con-

501 2191 724 2258 silium;
779 2189 929 2262 quod
979 2190 1079 2244 alia
1125 2188 1383 2261 quaedam
1417 2197 1471 2243 et
1499 2187 1856 2244 correctionis
1903 2187 2093 2243 limam

506 2263 796 2341 addidistis
846 2283 915 2338 ad
962 2282 1378 2354 castigationem
1431 2282 1554 2336 vitae
1594 2289 1651 2336 et
1697 2296 1950 2349 moram;
1987 2280 2095 2336 hoc

504 2393 724 2450 semper
765 2377 870 2434 feci
919 2385 974 2433 et
997 2392 1212 2448 emper
1265 2374 1484 2444 faciam,
1513 2391 1618 2430 nec
1671 2375 1741 2430 ab
1785 2373 1898 2432 hoc
1927 2391 2094 2447 opere

500 2487 748 2542 unquam
777 2470 886 2524 vita
915 2469 1114 2525 comite
1159 2468 1462 2536 desistam;
1504 2477 1560 2524 et
1581 2468 1733 2539 quod
1755 2467 1830 2524 ibi
1863 2477 2093 2524 cautum

499 2573 604 2632 est,
636 2563 947 2620 cautissime
973 2563 1196 2628 cavebo,
1217 2571 1278 2617 et
1313 2562 1461 2633 quod
1504 2562 1578 2617 ibi
1603 2571 1936 2633 praeceptum
1988 2572 2092 2630 est,

504 2667 668 2731 prout
693 2657 834 2713 vires
863 2656 1075 2712 dederit
1115 2658 1288 2724 Deus,
1341 2655 1572 2726 pleniter
1599 2654 1924 2726 adiplebo.
1954 2658 2024 2710 Et
2050 2656 2095 2711 si

503 2753 662 2808 aliter
694 2753 764 2808 de
793 2767 882 2806 me
909 2750 1138 2821 alicujus
1164 2749 1502 2805 adversantis
1529 2749 1683 2805 vobis
1707 2758 1959 2821 suggeret
2001 2767 2093 2806 re-

503 2845 658 2914 latio,
682 2844 898 2900 noverit
911 2846 1176 2900 sanctitas
1189 2852 1372 2898 vestra
1408 2843 1556 2914 quod
1573 2843 1842 2899 unitatem
1853 2843 2094 2900 scindere

502 2948 560 2996 et
604 2938 926 2995 charitatem
971 2952 1326 3009 corrumpere
1352 2952 1454 2992 suo
1483 2936 1778 2993 mendacio
1837 2945 2090 3006 conetur,

502 3033 610 3089 nisi
641 3033 781 3089 forte
809 3033 916 3088 hoc
944 3039 1166 3087 accuset
1184 3030 1336 3103 quod
1363 3030 1657 3102 aliquando
1671 3029 1838 3098 illud,
1859 3047 1972 3102 quo
2002 3047 2092 3086 me

500 3129 725 3199 castigo,
758 3126 976 3182 frenum
999 3124 1293 3196 disciplinae
1309 3124 1644 3194 aliquantum
1663 3124 1846 3179 laxare
1863 3124 2090 3180 consilio

509 3218 746 3276 fratrum
766 3219 1072 3291 compellor
1089 3233 1251 3274 causa
1278 3216 1586 3273 medicinis.
1623 3219 1799 3274 Porro
1827 3217 1994 3288 quod,
2023 3217 2092 3274 de

502 3313 880 3372 examinandis
899 3311 1172 3384 episcopis
1194 3327 1333 3384 quos
1371 3310 1508 3366 mihi
1539 3311 1894 3376 nominastis,
1921 3320 1976 3366 et
2004 3311 2090 3366 in-

513 3409 745 3466 troitum
810 3423 1010 3463 eorum
1063 3412 1120 3462 et
1171 3405 1650 3461 conversationem
1681 3403 2095 3476 diligentissime

503 3504 802 3576 inquiram,
825 3509 887 3556 et
931 3516 1028 3572 per
1081 3499 1306 3555 nuntios
1357 3507 1580 3555 nostros
1637 3497 1794 3554 vobis
1826 3498 2094 3554 insinuari

509 3595 828 3662 mandastis,
876 3593 1171 3664 perpendat
1201 3591 1424 3663 vigilans
1457 3593 1544 3646 ille
1588 3593 1777 3648 oculus
1812 3593 2093 3668 sapientia

507 3697 702 3744 vestrae
727 3685 899 3758 quod,
931 3701 962 3740 a
998 3685 1180 3740 reditu
1233 3683 1538 3754 legatorum
1565 3692 1888 3740 nostrorum
1917 3699 2092 3757 usque

505 3780 576 3837 ad
607 3781 744 3835 hanc
779 3779 1030 3833 iteratam
1056 3776 1404 3849 legationem,
1432 3791 1543 3831 non
1567 3784 1782 3832 tantum
1809 3787 1925 3833 erat
1953 3788 2092 3834 tem-

510 3874 663 3948 poris
717 3871 1069 3927 interstitium
1099 3878 1160 3924 ut
1189 3869 1269 3923 vel
1327 3867 1527 3924 fratres
1564 3869 1816 3941 colligere
1857 3871 1934 3926 vel
1966 3887 2093 3927 exa-

505 3963 828 4023 minationis
842 3963 1006 4019 etiam
1027 3975 1239 4032 possem
1263 3959 1467 4017 habere
1487 3960 1778 4033 judicium,
1804 3976 1914 4017 non
1945 3963 2094 4020 aliud

503 4076 666 4132 super
701 4058 807 4114 hac
853 4071 910 4112 re
955 4055 1138 4111 adhuc
1186 4054 1339 4110 vobis
1381 4053 1448 4110 de
1491 4053 1577 4110 his
1614 4054 1874 4110 intimare
1917 4057 2090 4126 valeo,

507 4168 674 4226 quam
704 4149 849 4224 quod
881 4148 961 4205 vel
985 4163 1084 4204 vos
1096 4148 1246 4203 scitis
1260 4147 1344 4203 vel
1361 4148 1676 4204 communis
1699 4148 1866 4204 habet
1878 4151 2088 4222 opinio.

503 4251 709 4304 Verum
740 4246 946 4301 litteras
991 4251 1195 4299 vestras
1222 4241 1325 4297 illis
1355 4243 1682 4314 quantocius
1710 4242 1904 4313 direxi,
1935 4253 1994 4300 et
2034 4253 2095 4301 ut

505 4341 825 4397 mandatum
853 4345 1101 4395 vestrum
1128 4335 1393 4408 impleant
1443 4337 1611 4393 etiam
1653 4335 1854 4393 nostris
1899 4337 2093 4395 litteris

503 4435 790 4509 diligenter
808 4431 1124 4490 submonui.
1154 4433 1234 4486 De
1264 4429 1580 4502 paenitentia
1601 4438 1782 4486 autem
1812 4426 2091 4488 Strasbuﬁ

2204 1905 2352 1978 quod
2372 1906 2515 1961 servi
2540 1906 2717 1960 Patris
2738 1903 2971 1962 familias
2981 1905 3223 1978 deputati
3243 1921 3440 1963 sumus
3453 1949 3468 1975 ,
3488 1905 3804 1963 indesinen-

2203 2008 2291 2056 ter
2313 2013 2571 2055 cnremus
2593 1999 2840 2070 implere,
2863 2013 3030 2071 quam
3043 2000 3288 2057 surdiose
3299 2001 3510 2069 incitat,
3537 2008 3656 2057 tam
3671 2003 3804 2059 reli-

2202 2093 2355 2165 giose
2381 2093 2589 2149 invitat.
2613 2095 2782 2148 Sacra
2797 2107 3036 2167 namque
3051 2094 3230 2166 estpia
3251 2095 3555 2152 sollicitudo
3581 2097 3802 2168 providi

2203 2186 2457 2259 pastoris,
2488 2188 2646 2243 beata
2667 2195 2728 2243 et
2747 2189 3158 2244 remunerabilis
3181 2188 3459 2246 esseartio
3488 2190 3659 2262 hujus
3704 2190 3802 2246 di-

2205 2283 2315 2338 vini
2341 2283 2544 2354 operis,
2553 2282 2648 2338 sed
2662 2282 2767 2338 heu
2785 2286 2801 2336 ί
2819 2285 3060 2340 multum
3073 2284 3332 2340 reclamat
3349 2301 3535 2341 rerum
3556 2287 3796 2360 vertigo,

2200 2385 2260 2431 et
2277 2377 2535 2448 iniquitas
2546 2375 2834 2449 temporis.
2850 2379 2922 2432 At
2940 2393 3069 2433 vero
3096 2379 3144 2434 si
3164 2376 3422 2448 diesjmali
3441 2385 3593 2448 sunt,
3606 2386 3801 2437 tamen

2202 2470 2480 2526 admonita
2500 2479 2677 2526 vestra
2694 2470 2936 2542 vigilanti
2947 2471 3158 2528 cautela
3168 2479 3388 2544 tempus
3402 2471 3800 2529 redimendum

2202 2573 2304 2632 est,
2334 2579 2426 2632 ne,
2448 2564 2491 2619 si
2517 2571 2744 2635 propter
2763 2579 2913 2621 auras
2934 2565 3310 2636 intemperiem
3327 2565 3535 2621 vineam
3559 2567 3800 2621 Domini

2195 2658 2471 2713 culturare
2498 2656 2746 2724 desinat,
2778 2654 2846 2713 de
2868 2658 3198 2730 negtigentia
3223 2658 3625 2715 condemnetur
3654 2659 3801 2732 qni-

2202 2749 2339 2808 libet
2360 2751 2565 2807 inutilis
2581 2752 2890 2823 operarius,
2913 2760 2994 2822 et,
3010 2752 3060 2808 si
3081 2760 3377 2824 tempestas
3391 2752 3558 2809 hodie
3583 2753 3804 2825 ingruit

2201 2861 2329 2917 quae
2353 2860 2458 2900 nos
2483 2845 2556 2900 ab
2589 2860 2754 2916 opere
2772 2846 3026 2916 repellat,
3051 2861 3175 2902 cras
3212 2846 3424 2903 calitus
3463 2845 3686 2903 reddita
3711 2863 3802 2904 se-

2202 2939 2433 2995 renitate
2480 2939 2727 2995 stadim
2768 2939 3031 2994 nimirum
3073 2940 3130 2994 in
3180 2939 3238 2996 id
3281 2941 3460 3011 ipsum
3516 2950 3800 2997 recurrat.

2199 3033 2389 3104 Itaque
2413 3032 2602 3088 indixit
2644 3035 2942 3088 auctoritas
2975 3041 3171 3089 vestrae
3217 3043 3420 3090 sanctae
3445 3036 3806 3105 paternitatis

2202 3134 2264 3180 ut
2288 3133 2490 3181 statim
2516 3125 2629 3192 die,
2652 3126 2901 3182 collectis
2927 3127 3198 3183 fratribus
3223 3142 3288 3183 ex
3318 3128 3636 3198 aposton
3653 3127 3807 3202 lega-
3859 3108 3865 3120 '

2121 3181 2170 3246 C
2201 3218 2365 3274 tionis
2407 3181 3039 3287 mandato,
3855 3207 3860 3211 ’

2201 3311 2466 3384 quidquid
2497 3312 2557 3366 in
2615 3312 3018 3384 provinciam
3044 3313 3099 3369 in
3159 3329 3330 3386 regno
3355 3317 3550 3371 nostro
3581 3317 3675 3372 vel
3703 3333 3806 3389 per

2200 3404 2564 3462 Simoniacam
2615 3405 2871 3462 haresim
2920 3408 3000 3462 vel
3040 3409 3542 3480 quomodocunqne
3598 3419 3804 3467 contra

2202 3500 2446 3572 regulam
2465 3499 2848 3556 ecclesiastica
2877 3500 3224 3557 rectitudinis
3252 3515 3538 3573 perperam
3565 3513 3801 3574 gestulm

2201 3602 2297 3649 aut
2309 3593 2456 3648 male
2484 3601 2812 3665 usurpatam
2835 3595 2922 3651 vel
2941 3604 3149 3651 temere
3163 3603 3565 3667 praesumptum
3585 3613 3804 3654 occur-

2199 3687 2353 3752 rerit,
2376 3685 2584 3755 judia'o
2611 3686 2846 3742 fratrum
2871 3686 3119 3744 recidere
3145 3704 3257 3744 non
3299 3687 3625 3746 dilferamus
3657 3689 3804 3747 falce

2191 3779 2437 3851 justitia.
2471 3779 2638 3849 Quod
2663 3781 2965 3851 praecipitis
2985 3781 3138 3850 milii,
3161 3784 3340 3852 Pater,
3361 3797 3582 3854 aequum
3610 3793 3708 3840 est
3744 3794 3803 3840 et

2194 3871 2429 3944 justum,
2459 3881 2518 3927 et
2542 3871 2654 3928 hoc
2671 3887 2766 3945 per
2793 3875 3102 3946 provincias
3127 3875 3213 3932 bis
3242 3875 3295 3931 in
3319 3891 3464 3932 anno
3484 3876 3600 3933 ﬁeri
3629 3893 3806 3934 man-

2200 3963 2339 4020 dant
2360 3965 2585 4022 decreta
2615 3981 2906 4023 sacrorum
2929 3983 3249 4037 canonum;
3289 3970 3384 4026 sed
3413 3969 3483 4026 ad
3524 3971 3678 4042 quod
3708 3971 3802 4029 de-

2201 4067 2483 4121 cretorum
2529 4061 2833 4117 auctu-itas
2873 4070 2929 4118 et
2963 4071 3141 4118 vestra
3190 4065 3492 4135 paternitas
3521 4063 3798 4134 impellit,

2200 4152 2268 4208 ab
2297 4153 2404 4209 hoc
2429 4162 2490 4210 et
2525 4167 2712 4210 rerum
2744 4156 3092 4227 inasqualitas
3121 4163 3176 4212 et
3215 4156 3380 4228 hujus
3407 4157 3629 4229 maligni
3661 4165 3806 4214 tern-

2202 4248 2352 4318 poris
2379 4245 2770 4318 importunitas
2792 4263 2898 4305 nos
2935 4249 3102 4322 longe
3149 4250 3380 4321 repellit.
3413 4251 3672 4322 Denique
3702 4267 3806 4308 an-

2200 4337 2378 4395 dituvn
2409 4340 2685 4397 credimus
2702 4349 2895 4398 vestrae
2912 4343 3505 4416 paternitati,qnantns
3536 4345 3592 4400 in
3621 4359 3806 4418 regno

2200 4441 2390 4488 nostro
2405 4441 2620 4502 motus,
2639 4437 2943 4506 quantasit
2971 4436 3328 4508 perturbatio,
3367 4453 3537 4509 quam
3567 4440 3809 4510 perien-

505 4530 684 4602 gensis
707 4527 952 4601 episcopi
975 4525 1114 4581 nihil
1141 4524 1278 4580 certi
1318 4535 1617 4594 possumus
1669 4523 1821 4579 vobis
1869 4539 2096 4596 respon-
2123 4534 2171 4597 υ
2202 4525 2315 4582 lose
2344 4526 2484 4582 bella
2520 4529 2925 4599 grassanturet
2943 4530 3262 4596 seditiones,
3304 4532 3444 4587 sicut
3484 4531 3812 4588 audivimus

511 4620 665 4688 dere,
713 4620 857 4692 quod
891 4635 1013 4686 nec,
1039 4619 1086 4674 si
1131 4617 1178 4672 ei
1225 4615 1462 4688 injuncta
1491 4624 1651 4681 esset,
1684 4615 1915 4671 antehac
1935 4619 2092 4683 scivi,

507 4727 629 4779 nec,
661 4711 706 4766 si
737 4726 858 4766 eam
889 4711 1158 4772 observet,
1178 4717 1397 4778 propter
1415 4708 1676 4779 temporis
1702 4708 2093 4780 compendium

511 4806 784 4879 inquirere
815 4805 988 4878 potui.
1020 4808 1106 4859 De
1159 4800 1403 4856 castitate
1428 4817 1556 4858 vero
1585 4803 1905 4860 clericorum
1944 4813 1999 4861 et
2025 4805 2093 4862 de

505 4898 817 4958 Simoniaca
869 4897 1086 4965 haeresi,
1115 4893 1185 4950 ad
1210 4910 1487 4951 summam
1516 4895 1585 4952 de
1638 4898 1890 4955 omnibus
1926 4915 2092 4971 quam

505 4993 643 5050 mihi
675 4989 994 5058 mandastis,
1027 5004 1260 5061 semper,
1292 4998 1452 5060 prout
1493 4989 1604 5061 ipse
1631 4990 1918 5062 adjuverit,
1953 4991 2091 5048 obe—

505 5087 655 5144 diam
679 5089 798 5142 Deo
829 5092 885 5140 et
912 5083 1087 5139 vobis.
1129 5081 1251 5138 Erit
1273 5090 1457 5138 autem
1488 5081 1802 5154 apostolicae
1831 5099 2088 5142 mansue-

502 5179 705 5236 tudinis
733 5187 789 5234 et
815 5184 1055 5250 paternae
1083 5175 1408 5244 dilectionis,
1437 5175 1481 5231 si
1509 5176 1578 5232 ad
1605 5174 1802 5232 fratres
1831 5178 2089 5235 mandata

502 5273 736 5346 dirigere
749 5271 1135 5338 ecclesiastica,
1163 5278 1223 5326 ut
1241 5277 1297 5325 et
1320 5277 1634 5340 temporum
1657 5271 2089 5342 opportunitates

500 5373 557 5422 et
600 5365 951 5438 singulorum
1001 5362 1414 5436 possibilitatem
1463 5361 1765 5435 dignemini
1803 5363 2090 5437 inspicere,

503 5468 564 5516 ut
590 5468 647 5516 et
687 5457 1035 5515 deviantibus
1074 5465 1129 5511 et
1164 5455 1399 5528 dyscolis
1445 5455 1768 5513 adhibeatur
1803 5456 2090 5530 disciplina

498 5567 622 5626 quae
635 5551 884 5618 debetur,
901 5559 958 5607 et
984 5549 1240 5620 inﬁrmis,
1258 5557 1313 5606 et
1339 5565 1476 5622 opus
1493 5549 1819 5609 habentibus
1847 5552 2086 5623 medico,

498 5646 810 5719 compassio
837 5643 1112 5701 charitatis
1164 5658 1276 5700 non
1313 5653 1562 5716 negetur,
1593 5660 1846 5718 saepeque
1875 5648 2086 5703 exami-

497 5741 638 5798 natis
661 5739 1010 5814 negotiorum
1046 5737 1227 5796 causis
1276 5734 1599 5794 adhibeatur
1621 5739 1808 5810 judicii
1829 5755 2084 5809 censura,

495 5842 560 5890 ut
583 5835 896 5907 apostolica
905 5831 1255 5892 discretionis
1270 5838 1326 5889 et
1355 5840 1594 5902 paterna
1615 5831 1832 5902 pictatis
1853 5833 2085 5890 modum

2203 4618 2258 4674 in
2282 4620 2619 4692 evangelica.
2646 4621 2931 4690 Auditum,
2959 4623 3507 4694 inquam,ch
3548 4625 3719 4681 vobis
3736 4626 3814 4682 de

2201 4711 2366 4780 bello,
2390 4713 2546 4786 quod
2565 4727 2598 4769 a
2626 4716 2870 4771 Domino
2905 4717 3469 4788 nostr'eregefactum
3489 4724 3577 4773 est
3595 4727 3806 4775 contra

2199 4807 2440 4862 Saxones
2470 4817 2535 4863 et
2562 4808 2889 4880 Μίδεω,
2919 4815 2977 4865 «π
3021 4809 3307 4881 quomodo
3328 4811 3526 4867 dextra
3569 4811 3812 4868 Domini

2199 4901 2624 4972 prostraverlt‘et
2647 4899 2916 4974 fugaverit
2941 4903 3168 4961 rebelles
3194 4913 3248 4962 et
3263 4905 3490 4977 impios;
3519 4913 3581 4960 et
3603 4913 3813 4963 tamen

2204 4993 2386 5051 adhuc
2417 4995 2478 5049 in
2498 4994 2700 5051 eadem
2728 4995 3096 5053 obStinatione
3121 4998 3424 5070 perdurant
3452 4997 3620 5054 etiam
3645 5000 3808 5068 victi,

2199 5095 2256 5143 et
2272 5087 2474 5144 iterum
2497 5088 2738 5160 perﬁdiae
2765 5097 2930 5162 caput
2968 5090 3166 5160 levant,
3199 5107 3263 5148 ac
3277 5091 3456 5149 totius
3479 5091 3636 5164 regni
3675 5093 3808 5163 gla-

2198 5180 2320 5237 dios
2347 5191 2541 5237 contra
2561 5197 2621 5238 se
2650 5193 2903 5240 acuentes
2919 5184 3122 5240 iterum
3147 5185 3366 5241 recidas
3389 5185 3534 5241 bella
3559 5195 3801 5258 parant.

2198 5275 2681 5345 Unumtimenaus,
2699 5276 2847 5349 quod
2865 5294 2964 5350 pro
2976 5287 3196 5351 peccato
3205 5278 3470 5351 populide
3481 5279 3682 5352 vag’na
3697 5296 3812 5339 sua

2196 5365 3809 5444 eductussingladiuslbomini,ettanenInisilpernostr-am

2197 5461 2541 5533 aliorumque
2576 5467 2913 5520 caminorum
2954 5465 3277 5537 propitietur
3318 5465 3809 5534 iritercessionem,

2197 5554 2430 5610 forsitan
2475 5555 2744 5613 desuviet
2789 5573 2968 5630 usque
3003 5559 3082 5616 'ad
3109 5559 3563 5615 internecionem.
3601 5559 3810 5617 Soluto

2193 5663 2434 5720 namque
2455 5649 2607 5720 pacis
2627 5651 2915 5708 vinculo'et
2935 5660 3100 5724 rupto
3117 5651 3428 5724 disciplinae
3446 5650 3626 5717 freno,
3653 5667 3807 5724 gens

2195 5741 2430 5814 insurgit
2479 5752 2666 5802 contra
2701 5747 3018 5818 gentm-de
3051 5746 3308 5803 taminia
3328 5745 3505 5820 regni.
3549 5745 3807 5802 Hostilia

2194 5835 2407 5907 gadiis
2443 5838 2835 5896 exterminavit
2879 5837 3236 5899 concordiam
3275 5847 3344 5897 et
3359 5853 3558 5913 pacem
3573 5877 3590 5908 ,
3607 5845 3675 5894 et
3719 5839 3805 5897 ita
