4024 6170
229 223 304 281 741
1142 227 1487 287 EPISTOLXE
1525 229 1747 288 EXTRA
1783 229 2168 290 REGISTRUM
2203 227 2580 290 VAGANTES.

3401 246 3503 302 742

228 347 720 410 obmutescentibus
734 353 1013 427 Evangelii
1037 353 1205 426 tubis,
1230 371 1330 413 nec
1346 373 1524 430 praeco
1545 358 1807 415 clamoris
1836 369 1887 430 Α
1917 375 2133 433 SCOpllS,
2153 361 2366 418 ﬁdelem
2389 363 2666 418 servitutis
2687 369 2742 418 et
2761 361 3092 422 obedientia':
3106 365 3506 440 subjectionem

226 463 420 517 vocem,
453 462 555 503 nec
597 449 827 520 populus
853 447 1018 506 habet
1051 451 1308 508 audiendi
1352 468 1568 509 aurem.
1604 453 1803 511 Hostili

225 541 394 614 praeda
427 547 483 596 et
515 544 836 614 pervasione
879 557 1078 618 magna
1122 559 1188 602 ex
1215 555 1364 618 parte
1391 545 1615 618 disperit
1644 561 1728 604 res
1753 557 1808 604 et

223 634 415 691 reditus
445 635 682 708 episcopi
720 639 917 706 nostri,
945 647 1003 694 et
1032 639 1136 696 hoc
1177 640 1322 697 idem
1361 642 1651 714 patiuntur
1684 642 1804 713 plu-

219 728 340 784 rimi
369 727 569 786 fratres
596 729 795 799 nostri,
835 746 1011 805 neque
1041 732 1161 790 haec
1201 747 1387 792 rerum
1433 737 1683 807 angustia
1712 752 1806 792 eos

217 823 415 893 patitur
435 825 619 880 venire
642 824 712 881 ad
731 825 1047 885 concilium.
1071 825 1194 885 Huc
1217 829 1427 886 accedit
1455 830 1602 902 quod
1630 830 1808 902 plures

215 917 517 990 coepiscopi
547 919 741 989 nostri,
772 921 862 993 qui
891 919 958 979 ad
983 923 1280 979 concilium
1316 924 1493 980 vocati
1517 931 1666 991 sunt,
1691 939 1804 979 non

214 1019 340 1067 sunt
389 1013 442 1068 in
487 1015 660 1086 gratia
689 1015 968 1087 principis,
1019 1031 1120 1073 nec
1167 1031 1398 1089 usquam
1429 1017 1634 1074 audent
1678 1035 1808 1090 pro-

210 1104 364 1177 gredi
398 1107 513 1163 sine
541 1107 828 1180 dispendio
856 1107 1044 1166 salutis
1070 1123 1200 1167 suae.
1231 1114 1302 1166 Et
1330 1109 1373 1166 si
1398 1111 1810 1167 consideremus

211 1205 309 1255 eos
354 1200 639 1273 episcopos
698 1201 792 1274 qui
841 1212 1187 1271 accusantur,
1235 1213 1289 1260 et
1337 1219 1429 1261 eos
1481 1205 1572 1276 qui
1619 1203 1811 1261 adesse

207 1306 326 1349 non
355 1295 578 1362 audent,
612 1295 655 1350 si
677 1295 970 1353 concilium
999 1307 1382 1370 congregetur,
1424 1296 1511 1354 vix
1537 1297 1812 1354 invenian-

205 1393 302 1443 tur
344 1389 437 1460 qui
487 1387 749 1459 iudicent.
808 1389 1032 1448 Accedit
1077 1390 1164 1448 hic
1213 1394 1377 1449 etiam
1416 1392 1486 1448 ad
1524 1391 1808 1449 cumulum

204 1482 382 1537 nostri
406 1479 622 1540 timoris
656 1491 712 1540 et
738 1493 1033 1558 exaggerat
1061 1486 1168 1542 vim
1187 1485 1360 1542 nostri
1381 1483 1611 1553 doloris,
1639 1482 1802 1559 quod,

205 1574 254 1630 si
300 1573 368 1632 de
412 1574 640 1634 diversis
692 1579 806 1635 imo
849 1577 1094 1636 adversis
1141 1581 1455 1654 regionibus
1505 1576 1575 1636 ad
1618 1581 1806 1636 conci—

1914 460 1968 511 et
1991 455 2253 512 orationis
2281 453 2650 513 devotionem.

1987 552 2202 616 Vestro,
2244 547 2485 617 domine,
2526 551 2833 607 interventu
2871 556 2925 609 et
2966 549 3338 612 obsecratione
3383 556 3507 613 red-

1915 639 2026 699 didi
2056 643 2298 699 dominze
2325 645 2403 699 M.
2440 644 2728 702 marchisae
2754 647 2937 703 omnia
2980 663 3101 720 quae
3129 649 3198 705 de
3241 665 3330 706 me
3369 665 3504 707 suus

1914 744 2224 794 antecessor
2267 739 2463 807 tenuit,
2495 745 2548 794 et
2596 738 2666 796 ad
2708 737 3048 798 defendenda
3077 741 3266 800 eadem
3316 746 3502 801 consi-

1915 828 2047 886 lium
2077 845 2262 888 meum
2299 841 2355 889 et
2381 833 2639 889 auxilium
2668 849 2730 890 ac
2764 843 3017 907 receptus
3054 851 3205 894 meos
3241 837 3504 910 promitto

1915 923 2151 980 ﬁdeliter
2199 935 2254 981 et
2297 927 2525 997 promisi
2569 926 2765 984 :etde
2813 927 3105 1001 rejiciendo
3136 932 3205 988 G.
3259 939 3314 988 et
3361 935 3501 989 reci-

1915 1016 2112 1091 piendo
2142 1019 2344 1076 comite
2388 1023 2454 1076 A.
2489 1019 2758 1096 quidquid
2805 1021 2917 1094 ipsa
2949 1025 3240 1096 quaesierat
3280 1034 3502 1097 paratus

1917 1127 2040 1168 sum
2092 1115 2330 1186 exsequi.
2386 1113 2471 1171 Ad
2516 1127 2638 1187 quae
2683 1117 2869 1171 omnia
2897 1116 3280 1175 conﬁrmanda
3316 1119 3506 1177 diebus

1917 1205 2086 1263 sacris
2126 1209 2473 1264 Pentecostes
2503 1223 2627 1264 cum
2676 1208 2842 1267 fratre
2869 1219 3081 1280 nostro,
3132 1209 3275 1269 ﬁdeli
3323 1221 3506 1269 vestro

1915 1299 2257 1357 Theoderico
2291 1299 2623 1359 Virdunensi
2651 1303 2927 1376 episcopo,
2966 1319 3080 1362 suae
3109 1305 3312 1362 civitati
3341 1305 3506 1364 inter-

1918 1394 2018 1463 fui,
2061 1395 2264 1452 relictis
2311 1411 2473 1453 causa
2519 1397 2857 1454 necessitatis
2901 1415 3018 1456 suae
3061 1400 3115 1455 in
3160 1409 3506 1458 sacrosancto

1915 1497 2163 1561 tempore
2201 1487 2339 1546 meis
2374 1490 2626 1548 omnibus
2653 1493 2992 1549 necessariis.
3023 1492 3129 1549 Sed
3159 1509 3283 1565 ego,
3331 1493 3509 1551 fidelis

1915 1591 2094 1639 vester
2137 1591 2192 1639 et
2236 1599 2330 1656 per
2377 1586 2562 1640 omnia
2607 1585 2866 1641 Ecclesia:
2905 1585 3029 1658 jura
3076 1588 3232 1642 vobis
3279 1585 3508 1643 obedire

207 1666 352 1724 lium
381 1681 768 1740 coavocentur,
793 1673 882 1745 qui
911 1673 982 1730 ad
1001 1672 1226 1730 invicem
1261 1673 1636 1742 inimicantur,
1671 1671 1805 1730 dum
1837 1743 1870 1750 _
1915 1685 2158 1747 paratus,
2193 1687 2432 1733 vestrum
2463 1679 2532 1734 de
2563 1675 2966 1750 archiepiscopo
2997 1680 3290 1736 Viennensi
3322 1681 3508 1737 Guar-

204 1770 474 1834 putamus
504 1781 604 1821 nos
632 1765 884 1838 colligere
915 1761 984 1823 ad
1011 1766 1313 1824 concilium
1344 1767 1562 1832 fratres,
1589 1773 1806 1839 paratas
1837 1743 1881 1808 Β
1916 1771 2126 1827 mundo
2175 1785 2525 1843 summOpere
2568 1774 2790 1844 requiro
2842 1771 3135 1829 consilium
3173 1780 3230 1828 et
3281 1771 3508 1845 implere

207 1852 515 1914 habeamus
563 1859 707 1916 acies
751 1859 821 1916 ad
864 1861 1071 1917 bellum
1117 1876 1132 1916 :
1185 1869 1241 1917 et
1288 1860 1421 1917 dum
1470 1859 1807 1933 corrigendis

207 1949 497 2009 erroribus
525 1961 582 2008 et
621 1948 895 2026 sopiendis
930 1953 1165 2026 querelis
1211 1953 1267 2010 in
1318 1968 1486 2011 unam
1533 1954 1807 2011 tendimus

210 2043 364 2116 pacis
416 2045 794 2104 ecclesiasticae
844 2045 1326 2115 communionem,
1384 2045 1640 2116 forsitan,
1698 2049 1807 2104 nisi

207 2139 366 2196 Deus
398 2141 710 2212 prOSpiciat,
751 2153 1051 2199 conventus
1083 2151 1274 2200 noster
1297 2139 1607 2199 turbabitur
1634 2155 1806 2215 usque

209 2232 275 2288 ad
306 2233 762 2290 internecionem.
793 2233 1131 2293 Recordetur
1155 2245 1337 2294 autem
1359 2237 1618 2293 sanctitas
1630 2246 1807 2292 vestra

209 2326 357 2399 quod
383 2335 607 2401 propter
628 2329 986 2387 Wultensem
1014 2329 1272 2388 abbatem
1305 2327 1602 2404 aliquando
1633 2331 1806 2387 conti-

211 2422 352 2492 gerit
390 2419 680 2492 Goslariae,
720 2431 856 2496 quot
901 2423 1031 2480 boni
1083 2425 1279 2480 milites
1319 2424 1374 2480 in
1430 2425 1547 2495 ipsa
1589 2437 1808 2496 vespera

211 2515 567 2573 Pentecostes
583 2515 760 2589 gladio
779 2519 1048 2590 perempti
1061 2528 1189 2574 sunt
1208 2519 1346 2574 intra
1369 2528 1521 2590 septa
1544 2517 1807 2585 ecclesias,

213 2607 436 2681 perfusa
456 2619 584 2666 sunt
608 2613 793 2668 altaria
821 2613 1078 2684 sanguine
1103 2611 1539 2678 interfectorum,
1571 2619 1624 2667 et
1652 2611 1808 2668 insti-

212 2717 378 2774 gante
402 2703 621 2761 diabolo
645 2713 824 2762 totum
847 2705 1194 2777 profanatum
1221 2715 1304 2762 est
1319 2707 1716 2762 sanctuarium.
1743 2708 1811 2760 Et

211 2804 344 2854 tunc
374 2807 524 2854 certe
553 2815 746 2856 omnes
773 2809 1140 2856 convenerant
1167 2795 1238 2855 ad
1264 2801 1474 2855 curiam
1497 2797 1599 2854 sub
1632 2799 1811 2869 specie

211 2893 381 2963 pacis,
414 2893 520 2948 nisi
549 2892 696 2966 quod
727 2893 870 2950 inter
905 2909 1000 2950 eos
1025 2891 1228 2950 latebat
1255 2891 1511 2965 quaedam
1536 2891 1808 2960 simultas,

213 2985 366 3056 Quasi
407 2985 600 3043 doloso
624 2988 793 3044 cineri
825 2985 1140 3060 Suppositus
1166 2988 1328 3061 ignis.
1373 2987 1445 3042 Et
1475 2983 1606 3059 quid
1635 2985 1811 3042 credi-

214 3095 339 3136 mus
368 3079 620 3136 futurum
645 3079 688 3137 si
720 3081 794 3136 illi
827 3081 915 3154 qui
957 3091 1143 3152 aperte
1181 3079 1555 3148 inimicantur,
1580 3095 1808 3152 congre-

214 3182 415 3246 gentur
439 3175 496 3228 in
525 3189 698 3230 unum
731 3179 754 3229 ?
782 3173 888 3230 Pro
932 3173 1019 3231 his
1058 3185 1113 3230 et
1144 3190 1241 3246 pro
1273 3169 1589 3246 hujusmodi
1621 3173 1813 3230 fratres

214 3267 415 3335 nostri,
453 3267 547 3338 qui
579 3271 712 3324 sunt
739 3267 970 3324 sanioris
1007 3269 1312 3338 sententiae,
1341 3267 1537 3324 dicunt
1560 3265 1661 3323 sibi
1712 3264 1812 3322 bo-

213 3373 348 3417 num
402 3360 571 3417 videri
619 3365 679 3418 ut
705 3360 884 3418 adhuc
940 3359 1232 3418 concilium
1288 3357 1589 3431 differatur,
1639 3361 1814 3417 donec

213 3453 499 3511 videamus
527 3453 572 3511 si
610 3453 891 3527 quomodo
927 3451 1136 3512 reddita
1168 3469 1298 3528 pace
1327 3455 1602 3511 Dominus
1633 3454 1811 3525 propi-

211 3548 400 3604 tietur.
454 3549 568 3605 Nos
616 3558 800 3605 autem
850 3549 1105 3605 omnibus
1174 3546 1416 3605 consiliis
1456 3557 1510 3604 et
1558 3545 1807 3604 conciliis

213 3649 456 3698 vestram
481 3641 822 3713 praeferimus
851 3644 1198 3711 sententiam,
1232 3637 1289 3698 id
1309 3643 1456 3714 quod
1487 3638 1648 3698 nobis
1678 3639 1813 3696 indi-

213 3733 340 3791 citis
376 3736 530 3791 nullo
572 3736 738 3793 modo
788 3746 1011 3809 propter
1048 3744 1286 3793 vestram
1318 3735 1638 3792 omittemus
1675 3747 1810 3791 con-

211 3826 521 3885 scientiam.
569 3828 728 3887 Unde
758 3830 946 3886 statim
979 3837 1106 3902 post
1145 3827 1352 3902 regiam
1404 3827 1811 3901 expeditionem

212 3925 394 3979 multa
423 3937 554 3979 cum
580 3923 892 3980 festinantia
931 3932 1177 3980 nostram
1207 3921 1359 3979 vobis
1387 3923 1688 3995 dirigemus
1730 3923 1812 3978 le-

210 4015 518 4090 gationem,
560 4031 661 4073 nec
705 4017 774 4074 ad
822 4015 928 4074 hoc
976 4015 1354 4088 intemperiem
1399 4015 1814 4072 consideramus

209 4113 366 4179 anni,
409 4117 471 4167 ut
499 4109 788 4168 advertatis
815 4110 1010 4184 quanti
1063 4109 1218 4166 nobis
1266 4118 1479 4166 constet
1524 4109 1816 4165 auctoritas

211 4206 482 4278 pracepti
509 4207 688 4263 vestri.
717 4205 863 4278 Ergo
890 4205 1155 4277 sapientia
1181 4211 1379 4272 vestra,
1404 4218 1525 4276 quae
1544 4203 1598 4258 in
1620 4215 1678 4259 se
1702 4202 1816 4274 ipsa

209 4307 417 4357 cuncta
452 4300 698 4369 metitur,
750 4305 1008 4355 retractet
1052 4299 1176 4370 quis
1205 4297 1370 4370 hujus
1398 4291 1819 4369 perturbationis

206 4393 510 4466 provenire
538 4399 723 4465 posset
742 4401 974 4450 eventus
993 4415 1008 4462 ;
1030 4399 1086 4448 et
1107 4388 1363 4465 pericula,
1389 4403 1510 4463 quae
1537 4391 1814 4460 timemus,

1908 1863 2208 1937 judicium,
2253 1863 2433 1938 quiin
2479 1865 2944 1937 archiepiscopatu
2987 1881 3115 1922 meo
3161 1867 3509 1939 presbyteros

1915 1957 2254 2030 degradavit,
2287 1965 2341 2014 et
2371 1957 2594 2016 eosdem
2633 1959 2830 2016 iterum
2861 1959 3188 2031 regradavit.
3241 1961 3507 2032 Legatum

1915 2067 1974 2108 se
2007 2053 2334 2125 Romanum
2371 2069 2500 2108 cum
2530 2067 2637 2108 non
2675 2059 2817 2109 esset
2839 2054 3133 2121 simulavit,
3166 2055 3508 2125 marsupium

1917 2159 2098 2216 suum,
2130 2161 2240 2202 non
2283 2146 2384 2202 sub
2413 2145 2776 2218 appellatione
2819 2147 3078 2214 veritatis,
3125 2147 3222 2204 sed
3265 2147 3510 2204 imitatus

1919 2251 2014 2296 eos
2043 2239 2156 2312 qui,
2186 2245 2250 2297 ut
2285 2239 2362 2296 ait
2390 2241 2708 2311 Apostolus,
2745 2247 3016 2313 quaestum
3039 2239 3316 2297 aestimant
3340 2240 3509 2314 pieta-

1915 2339 2050 2401 tem,
2073 2347 2203 2390 cum
2231 2334 2453 2391 tandem
2479 2333 2784 2406 implesset,
2809 2351 2838 2391 a
2861 2333 3083 2391 ὀίωορεὶ
3109 2350 3229 2391 mea
3257 2333 3324 2392 ad
3353 2349 3509 2394 suam

1918 2427 2100 2484 rediit.
2129 2432 2494 2500 Quapropter,
2529 2429 2596 2484 ad
2623 2428 2886 2484 honorem
2916 2428 3015 2484 Dei
3041 2437 3094 2484 et
3113 2431 3377 2485 Romanae
3408 2431 3510 2488 Ec-

1917 2517 2111 2588 clesiat,
2147 2520 2463 2592 hujusmodi
2497 2521 2986 2592 prmsumptionem
3023 2529 3077 2578 et
3109 2521 3509 2581 simulationem

1917 2613 2055 2669 sicut
2075 2614 2234 2669 decet
2256 2615 2532 2686 corrigite,
2557 2631 2625 2670 ne
2649 2615 2904 2686 deinceps
2929 2616 3221 2688 quisquam
3253 2618 3305 2672 in
3335 2618 3510 2673 alieno

1920 2717 2222 2778 praesumat
2271 2707 2472 2778 aliquid
2521 2703 2648 2762 tale.
2701 2710 2908 2763 Notum
2953 2705 3121 2763 etiam
3166 2707 3308 2765 facio
3356 2711 3512 2766 vobis

1919 2799 2066 2872 quod
2105 2797 2213 2856 duo
2244 2797 2575 2871 suffraganei
2603 2801 2709 2854 mei
2750 2799 3010 2872 episcopi,
3051 2801 3428 2858 Laudunensis
3458 2812 3515 2858 et

1919 2891 2327 2950 Suessionensis
2353 2893 2575 2949 tertium
2604 2892 3034 2949 Ambianensem
3063 2895 3115 2949 in
3145 2894 3513 2966 archiepisco-

1919 2993 2046 3059 patu
2083 3001 2232 3058 meo,
2263 3001 2350 3043 me
2380 2988 2673 3053 nesciente,
2706 2995 2897 3059 utpote
2926 2988 3124 3043 Roma:
3155 2987 3355 3059 posito,
3391 2989 3509 3059 epi-

1920 3095 2150 3152 scopum
2193 3089 2665 3137 consecraverunt.
2719 3079 2963 3136 Primum
2991 3088 3183 3136 contra
3223 3078 3510 3156 decretum

1917 3181 2188 3242 vestrum,
2233 3191 2344 3248 quo
2395 3173 2708 3230 statueratis
2734 3187 2802 3229 ne
2853 3173 2973 3246 quis
2998 3173 3191 3229 saltem
3244 3173 3511 3245 archiepi-

1920 3281 2216 3338 scoporum
2251 3283 2378 3323 eum
2421 3275 2768 3324 consecraret
2796 3266 3116 3338 episcopum
3146 3266 3241 3337 qui
3294 3282 3325 3322 a
3381 3267 3515 3323 laica

1920 3375 2152 3434 persona
2187 3362 2481 3430 accepisset
2521 3359 2781 3432 episcOpii
2823 3360 3068 3428 donum;
3101 3361 3339 3415 maxime
3386 3376 3514 3416 cum

1920 3447 2069 3510 idem
2091 3455 2193 3526 ipsi
2215 3453 2590 3510 interfuissent
2613 3452 2756 3525 apud
2788 3453 3287 3526 Augustoduncnse
3326 3453 3516 3509 conci-

1920 3548 2188 3615 lium,ubi
2214 3548 2469 3605 dominus
2495 3547 2675 3620 Hugo,
2702 3545 2920 3602 Diensis
2940 3547 3247 3618 episcOpus,
3274 3548 3515 3618 promul-

1922 3641 2069 3714 gavit
2092 3651 2147 3697 et
2183 3641 2380 3697 statuit
2403 3645 2595 3697 coram
2627 3639 2888 3698 omnibus
2911 3641 3016 3697 hoc
3063 3648 3310 3697 vestrum
3341 3642 3517 3698 cccle-

1920 3733 2206 3790 siasticum
2231 3735 2529 3791 decretum.
2562 3734 2685 3790 Hoc
2711 3734 2882 3806 igitur
2908 3740 3107 3806 printer
3129 3733 3184 3792 id
3209 3736 3356 3808 quod
3375 3731 3516 3791 dixi-

1919 3837 2048 3885 mus
2074 3836 2261 3885 contra
2281 3829 2660 3886 auctoritatem
2681 3835 2734 3884 et
2751 3841 2987 3886 canones
3008 3827 3242 3899 factum,
3267 3839 3323 3886 et
3349 3830 3517 3886 etiam

1919 3917 2251 3992 inauditum,
2277 3924 2598 3995 cunctisque
2625 3923 2716 3996 qui
2746 3938 2940 3979 sanum
2968 3924 3195 3994 sapiunt
3235 3922 3514 3988 mirabile,

1923 4025 1978 4073 et
2013 4017 2136 4088 plus
2174 4032 2341 4089 quam
2368 4014 2474 4074 dici
2517 4017 2692 4089 possit
2716 4017 3071 4089 stupendum,
3102 4016 3146 4073 si
3177 4017 3370 4088 placet,
3420 4017 3518 4071 de-

1925 4115 2149 4182 putetur
2186 4112 2427 4166 irritum.
2472 4112 2616 4182 Quin
2648 4113 2845 4182 potius,
2886 4111 3010 4182 quia
3041 4113 3156 4167 sine
3198 4110 3518 4182 metropoli-

1924 4210 2052 4260 tano
2074 4201 2222 4276 juste
2257 4203 2463 4274 expleri
2487 4217 2598 4259 non
2619 4211 2801 4275 potest
2824 4221 2853 4259 a
2880 4204 3210 4276 quibuslibet
3239 4205 3518 4276 coepisco-

1924 4298 2008 4369 pis
2054 4296 2390 4352 consecratio
2440 4295 2743 4368 pontificis,
2791 4297 2933 4352 sicut
2978 4296 3153 4365 scitis,
3202 4303 3416 4354 oratum
3466 4303 3522 4353 et

1926 4395 2210 4447 exoratum
2233 4403 2329 4446 vos
2349 4403 2466 4446 esse
2485 4391 2633 4459 volo,
2655 4398 2717 4446 ut
2735 4389 2806 4445 ad
2831 4388 3102 4446 honorem
3129 4390 3230 4446 Dei
3251 4397 3520 4446 vestrum-

206 4483 449 4544 consilio
478 4495 534 4543 et
580 4487 827 4543 oratione
864 4485 1202 4559 praeveniens
1231 4485 1481 4557 disponat
1509 4485 1566 4540 in
1593 4483 1814 4551 melius,
1926 4500 2034 4558 que
2082 4495 2146 4541 ac
2195 4489 2449 4541 nostrum
2499 4491 2610 4539 tam
2655 4483 3002 4540 temerariam
3046 4482 3396 4539 ecclesiastici
3424 4499 3516 4539 or-

206 4589 267 4639 et
293 4579 570 4654 quidquid
595 4581 838 4637 dictante
863 4580 1068 4652 Spiritu
1094 4588 1284 4636 sancto
1314 4591 1476 4650 super
1501 4577 1816 4651 hujusmodi

205 4672 336 4732 ﬁeri
395 4673 705 4742 decernitis,
772 4674 933 4730 nobis
989 4673 1058 4730 de
1116 4671 1338 4729 oraculo
1386 4672 1524 4728 sacri
1586 4671 1820 4743 pectoris

207 4768 386 4826 vestri
415 4769 751 4841 respondere
782 4767 974 4823 velitis.
1007 4765 1169 4838 Quod
1197 4767 1243 4823 si
1290 4763 1554 4838 probatis,
1599 4771 1820 4836 propter

202 4859 488 4936 pericula,
537 4877 658 4934 quae
696 4861 982 4930 timemus,
1016 4859 1084 4916 ad
1115 4873 1355 4932 praesens
1383 4858 1651 4914 indictum
1682 4875 1816 4914 con-

200 4956 409 5013 cilium
447 4954 758 5020 differatur,
810 4963 866 5011 et
917 4951 1186 5028 quidnam
1229 4953 1383 5009 vobis
1431 4951 1722 5025 placuerit,
1763 4955 1819 5008 et

198 5050 600 5124 opportunitas
622 5045 883 5118 evenerit,
912 5044 1218 5104 celebretur
1238 5047 1293 5102 in
1320 5046 1373 5104 id
1399 5045 1597 5119 ipsum.

906 5168 1003 5224 VII
1044 5165 1148 5222 bis.

201 5281 467 5352 Epistola
494 5283 755 5336 Manassw
791 5282 1078 5335 Remorum
1109 5275 1493 5352 archiepiscopi
1513 5275 1586 5330 ad
1620 5275 1816 5352 Grego-

285 5357 441 5408 rium
470 5354 583 5409 VII.
613 5382 680 5390 —
702 5352 919 5421 Scripta
942 5354 1061 5418 post
1087 5349 1366 5402 concilium
1387 5347 1669 5421 Eduense,
1687 5351 1818 5421 Asiae

287 5422 794 5492 Augustodunense,
816 5417 910 5476 Sed
943 5417 1072 5476 tmte
1101 5421 1408 5475 Pictavense
1431 5419 1648 5487 (ΕΒΚΘ.
1684 5417 1812 5486 Vll,

288 5495 390 5551 lib.
421 5507 510 5563 τι,
528 5509 616 5566 ep.
640 5501 672 5549 2
695 5501 754 5550 et
776 5499 856 5560 3.)
1293 5494 1298 5500 ’

685 5597 934 5663 [Mans],
964 5595 1162 5651 Cuncti.
1187 5595 1344 5663 XX.)

287 5707 534 5770 Domino
554 5707 903 5777 Gnnconto,
929 5713 1150 5766 summo
1175 5708 1436 5781 pontiﬁci,
1463 5706 1609 5763 Patri
1637 5711 1694 5762 et
1719 5703 1821 5761 do-

204 5803 376 5863 mino
397 5820 521 5874 suo,
544 5804 869 5860 MANASSES
885 5799 981 5859 Dei
1010 5803 1202 5874 gratia,
1230 5803 1539 5865 Remorum
1562 5797 1824 5871 archiepi-

1923 4575 2073 4635 dinis
2107 4577 2493 4635 confusionem
2524 4578 2640 4634 zelo
2665 4577 2895 4649 justitiae
2931 4577 3239 4649 corrigatis,
3280 4585 3344 4633 ut
3380 4577 3520 4633 sciat

1925 4673 2302 4746 unusquisque
2331 4671 2386 4727 in
2434 4670 2607 4745 gradu
2635 4687 2737 4727 suo
2765 4679 2821 4726 et
2861 4669 3030 4726 modo
3060 4671 3375 4743 persistere,
3408 4687 3521 4727 non

1928 4765 2098 4822 aliena
2129 4766 2234 4822 sibi
2263 4775 2471 4822 temere
2516 4777 2793 4838 arrogare.
2827 4765 3070 4821 Obsecro
3099 4763 3262 4821 etiam
3293 4766 3522 4822 benevo-

1925 4857 2150 4916 lentiam
2195 4857 2426 4915 honoris
2473 4860 2638 4915 vestri
2684 4865 2746 4915 ut
2795 4855 3114 4931 dignitatem
3144 4873 3313 4931 quam
3365 4868 3515 4915 ante-

1926 4967 2173 5010 cessores
2218 4951 2383 5009 vestri
2431 4951 2870 5009 antecessoribus
2912 4952 3052 5008 meis
3103 4951 3520 5025 archiepiscOpis

1928 5055 2301 5116 servaverunt,
2333 5055 2390 5103 et
2425 5047 2716 5119 privilegiis
2745 5047 2968 5119 aliisque
2995 5045 3214 5117 scriptis
3241 5048 3306 5104 ad
3339 5057 3519 5120 postc-

1928 5157 2116 5198 rorum
2162 5141 2486 5198 memoriam
2527 5140 2886 5212 reliquerunt,
2929 5140 3067 5196 mihi
3114 5155 3388 5196 reservare
3436 5137 3518 5196 di-

1927 5237 2190 5310 gnemini.
2224 5234 2306 5291 Nc
2333 5233 2550 5292 irritum
2593 5242 2688 5290 aut
2716 5233 3011 5291 infractum
3042 5233 3137 5290 ﬁat
3173 5233 3516 5307 privilegium

1927 5328 2075 5402 quod
2105 5330 2220 5400 ipse
2249 5325 2474 5386 dedistis
2501 5326 2665 5399 mihi,
2693 5329 2904 5385 scilicet
2922 5336 2985 5383 ut
3008 5326 3161 5384 vobis
3190 5328 3324 5400 ipsis
3355 5328 3514 5386 inter.

1929 5423 2156 5494 pellatus
2186 5432 2239 5477 et
2280 5436 2392 5478 non
2435 5421 2812 5493 interpellatus
2849 5421 3206 5493 reSpondeam
3235 5428 3290 5476 et
3332 5420 3522 5493 legatis

1933 5513 2130 5572 vestris
2160 5515 2456 5585 Romanis,
2489 5527 2603 5570 non
2631 5515 3074 5584 ultramontanis,
3110 5513 3202 5588 qui
3241 5514 3520 5587 conjuncti

1932 5607 2202 5666 Romanis
2241 5617 2498 5680 quaerunt
2541 5620 2664 5678 quae
2707 5621 2799 5663 sua
2843 5615 3010 5675 sunt,
3056 5622 3170 5666 non
3221 5621 3348 5679 quae
3396 5609 3525 5664 Jcsu

1931 5699 2159 5769 Christi,
2198 5711 2254 5758 et
2289 5701 2390 5760 sub
2443 5699 2685 5758 honestis
2723 5698 3036 5756 nominibus
3081 5701 3359 5774 cupiditati
3413 5713 3526 5759 sue

1935 5795 2251 5863 consulunt,
2280 5807 2389 5851 non
2421 5791 2681 5851 Ecclesiae
2715 5791 2836 5845 Dei.
2865 5789 3053 5854 Unde,
3085 5803 3308 5866 pr0pter
3333 5797 3526 5852 talium
