4044 6186
539 277 640 331 763

1486 267 1542 321 S.
1583 265 1902 322 GREGORII
1941 266 2029 321 νη
2067 265 2260 322 ΡΑΡᾸΞ
2298 265 2571 323 OPERUM
2611 267 2784 322 PARS
2824 268 2885 322 ll.

3727 268 3825 322 7“

539 399 818 472 pudendas
863 393 1312 468 reprehensiones
1357 399 1412 446 et
1465 392 1792 459 vocationes,
1852 391 1989 447 mihi
2035 391 2129 464 qui
2158 395 2210 458 Α
2241 391 2345 448 hoc
2394 408 2525 464 ergo
2571 409 2600 447 a
2657 392 2810 447 vobis
2859 391 3102 446 veniente
3148 389 3420 446 missatico
3472 390 3744 445 remansit
3797 407 3827 445 a

537 495 708 550 totius
735 491 923 550 Gallia
954 489 1238 559 episcopos
1259 485 1433 540 debeo
1456 501 1778 554 convocare,
1815 485 1970 541 liceat
1995 501 2129 541 con-

536 587 710 643 ﬁdere
745 584 814 640 de
847 582 1001 637 vobis
1023 581 1142 636 sine
1176 580 1484 652 legatorum
1515 581 1820 647 vocatione,
1848 580 2028 636 donec
2058 579 2127 636 ad

540 679 746 737 Pascha
781 677 995 733 veniam
1025 674 1096 730 ad
1121 690 1241 743 vos,
1273 677 1394 730 Deo
1421 675 1658 730 volente.
1704 676 1973 730 Praeterea
2003 674 2126 730 volo

537 771 730 829 obnixe
758 769 1071 842 supplicare
1105 777 1160 824 et
1183 769 1550 840 pranuntiare
1579 767 1735 824 vobis
1757 777 1834 837 ut,
1867 768 2125 838 quoniam

534 867 592 921 in
610 864 851 921 absentia
877 863 1004 931 mei,
1033 879 1206 934 nuper
1229 862 1373 934 apud
1395 878 1491 918 vos
1511 861 1926 928 commorantis,
1951 862 2126 917 multa

534 975 699 1032 prave
727 968 785 1016 et
812 958 1120 1014 inordinate
1146 965 1263 1012 acta
1293 964 1419 1011 sunt
1460 957 1512 1011 in
1542 956 1789 1026 partibus
1818 971 1957 1011 mea
1982 956 2125 1012 dia-

533 1053 694 1122 cesis,
732 1068 832 1126 ego
859 1067 989 1108 vero
1017 1066 1130 1106 non
1156 1059 1347 1123 potero
1377 1050 1634 1105 omittere
1671 1050 1801 1120 quin
1824 1049 2125 1105 ministerio

530 1156 710 1204 vestro
740 1155 866 1202 utar
889 1145 945 1201 in
976 1145 1063 1201 his
1091 1143 1461 1200 ecclesiastiee
1498 1142 1854 1214 corrigendis.
1897 1144 1951 1198 Si
1996 1142 2124 1214 quid

531 1259 632 1313 pro
664 1242 770 1297 hoc
811 1240 881 1296 de
925 1255 1016 1295 me
1043 1239 1403 1295 accusationis
1441 1239 1712 1309 perlatum
1743 1237 1906 1293 fuerit
1947 1237 2121 1304 vobis,

528 1352 599 1392 ne
635 1335 742 1392 hoc
788 1334 870 1390 vel
899 1334 1011 1389 cito
1039 1333 1270 1389 credatis
1299 1332 1383 1387 vel
1420 1332 1647 1387 moleste
1692 1347 1818 1402 erga
1845 1346 1931 1386 me
1979 1331 2125 1386 acci-

529 1430 719 1500 piatis;
769 1427 866 1484 sed
896 1426 1028 1482 illud
1076 1428 1132 1481 in
1168 1426 1451 1496 prasentia
1498 1434 1686 1481 nostra
1735 1433 1860 1480 ante
1891 1440 1986 1481 vos
2035 1424 2124 1480 di-

529 1524 783 1588 mittatis,
827 1521 951 1593 quia
993 1536 1096 1592 ego
1143 1521 1456 1574 nullatenus
1500 1520 1622 1574 volo
1657 1519 1912 1574 excedere
1952 1527 2126 1574 metas

527 1617 885 1672 auctoritatis.
940 1613 1394 1684 Quandoquidem
1442 1614 1589 1668 enim
1637 1613 1744 1668 illis
1773 1613 1864 1685 qui
1909 1613 2120 1683 legatos

527 1718 737 1765 vestros
765 1724 823 1765 se
853 1707 1062 1762 faciunt
1089 1709 1264 1762 multo
1301 1707 1506 1778 justius
1551 1723 1651 1778 ego
1681 1706 1852 1762 debeo
1898 1723 1995 1778 per
2024 1721 2120 1761 vos

2238 493 2426 541 nostra
2483 494 2635 556 parte
2699 484 2972 556 pradiota
3029 483 3393 555 expeditionis
3457 484 3823 539 transmissio.

2236 580 2427 636 Valeat
2451 581 2710 636 sanctitas
2736 587 2932 648 vestra,
2957 587 3113 650 pater
3137 577 3610 635 reverendissime.

2955 675 3103 728 VIII.
3156 701 3161 706 -

2342 770 2592 840 Epistola
2624 771 2866 840 Hugom's
2895 769 3106 823 Diensis
3134 768 3363 837 episcopi
3395 765 3470 823 ad
3493 783 3718 838 papam.

2587 867 2849 932 [Mansr,
2871 862 3098 928 ϐοηθεῖ..
3121 869 3260 916 tom.
3279 863 3438 929 ΧΧ.]

2305 957 2787 1014 Reverendissimo
2818 956 2955 1028 patri
2985 964 3041 1011 et
3063 955 3291 1011 domino
3320 970 3474 1026 papa
3506 956 3830 1013 GnsGonto

2233 1067 2347 1108 sua
2374 1052 2647 1108 sanctitati
2681 1050 3059 1107 inutilissimus
3101 1066 3322 1116 servus,
3363 1051 3562 1119 ano,
3595 1050 3830 1106 humilis

2235 1145 2515 1218 presbyter
2537 1145 2780 1214 Diensis,
2803 1145 3056 1200 salutem.

2305 1240 2580 1309 Quoniam
2609 1238 2904 1295 didicimus
2950 1242 3018 1294 Β.
3052 1246 3296 1294 vestrum
3329 1237 3702 1294 Parisiensem
3734 1253 3826 1294 re-

2232 1332 2417 1402 diisse,
2448 1333 2532 1388 cui
2562 1333 2974 1405 injunxeramus
3008 1342 3069 1388 ut
3097 1332 3351 1401 ﬁdeliter,
3382 1333 3524 1388 sicut
3560 1332 3706 1387 ﬁlius
3737 1348 3829 1387 ve-

2234 1436 2366 1494 ster,
2398 1428 2550 1482 vobis
2587 1427 2813 1482 referret
2844 1435 2996 1498 gesta
3027 1425 3545 1499 Augustodunensis
3573 1425 3829 1492 concilii,

2233 1522 2320 1576 cui
2357 1520 2624 1588 interfuit,
2656 1522 2747 1592 qui
2773 1536 2945 1592 neque
2975 1536 3071 1592 per
3097 1536 3198 1575 nos
3235 1519 3418 1586 rediit,
3457 1535 3636 1592 neque
3665 1520 3830 1592 quid-

2225 1630 2391 1686 quam
2419 1614 2488 1670 de
2516 1623 2665 1670 statu
2694 1624 2872 1670 vestro
2900 1614 3056 1669 nobis
3082 1613 3321 1684 scripsit;
3351 1629 3610 1686 rogamus
3643 1623 3830 1684 pater-

2228 1710 2460 1764 nitatem
2495 1717 2732 1764 vestram
2759 1717 2820 1764 ut
2843 1709 3172 1764 sententiam
3195 1723 3356 1764 suam
3386 1708 3546 1764 nobis
3569 1707 3830 1778 dignetur

525 1818 587 1859 ea
627 1817 751 1874 qua
798 1811 928 1857 sunt
955 1801 1311 1873 providentia
1357 1810 1562 1857 nostra
1607 1802 1904 1872 corrigere,
1954 1817 2119 1872 quam
2155 1776 2465 1858 Bscribere
2505 1819 2665 1874 super
2715 1801 3061 1858 ordinatione
3110 1801 3420 1868 Remensis,
3470 1802 3830 1857 Bituricensis

522 1898 814 1969 quisquam
857 1897 1033 1951 aliena
1058 1903 1312 1951 tractare.
1367 1897 1449 1949 De
1493 1895 1697 1951 comite
1735 1895 1970 1964 OEbalo,
2029 1897 2120 1967 qui

522 2005 613 2046 me
659 1991 715 2046 in
755 1990 1043 2062 prasentia
1096 1997 1274 2044 vestra
1324 2005 1582 2045 accusare
1631 1989 1904 2055 tentabat,
1961 1997 2018 2044 et
2063 2004 2122 2044 se

517 2098 789 2156 suamque
821 2083 1140 2139 ﬁdelitatem
1165 2081 1320 2138 vobis
1343 2081 1522 2138 verbis
1547 2082 1936 2138 simulantibus
1961 2097 2120 2137 com-

520 2177 830 2244 mendabat,
896 2177 1028 2232 satis
1090 2177 1144 2232 in
1193 2184 1451 2248 promptu
1512 2175 1722 2231 habetis
1785 2191 2119 2248 cognoscere

517 2271 679 2341 cujus
707 2272 888 2342 potius
935 2271 1218 2326 sinceritas
1248 2270 1527 2326 ﬁdelitatis
1575 2285 1703 2340 erga
1751 2286 1848 2325 vos
1876 2269 2120 2325 videatur

517 2365 755 2422 existere
789 2383 803 2420 :
829 2373 1018 2420 utrum
1053 2380 1196 2432 mea,
1232 2364 1322 2434 qui
1352 2367 1468 2419 Deo
1494 2371 1546 2418 et
1567 2363 1722 2418 vobis
1745 2373 1966 2434 paratus
1991 2379 2118 2420 sum

513 2473 612 2530 per
639 2461 822 2515 omnia
851 2459 1096 2526 obedire,
1150 2473 1222 2513 an
1252 2458 1416 2523 illius,
1471 2458 1562 2528 qui
1609 2465 1664 2513 et
1714 2457 1860 2529 apud
1895 2475 1990 2513 vos
2019 2474 2118 2528 per

513 2553 874 2624 semetipsum
899 2553 1186 2624 impugnat
1208 2551 1350 2607 beati
1376 2551 1517 2606 Petri
1547 2551 1872 2620 Ecclesiam,
1897 2560 1953 2608 et
1972 2552 2116 2624 apud

513 2661 616 2701 nos
658 2662 758 2718 per
784 2648 1098 2702 Manassem
1144 2654 1200 2701 et
1235 2661 1365 2701 suos
1394 2660 1660 2716 sequaces
1697 2646 1754 2700 in
1782 2661 1883 2702 suo
1930 2655 2112 2700 castro

516 2749 766 2812 receptos
825 2740 1167 2812 persequitur
1235 2740 1454 2796 beatam
1511 2741 1764 2796 Mariam.
1835 2741 2116 2796 Manasses

511 2835 656 2889 enim
679 2835 748 2890 de
771 2851 882 2906 quo
918 2835 1178 2902 diximus,
1221 2835 1307 2889 cui
1331 2849 1434 2890 nos
1469 2833 1630 2906 jussu
1661 2837 1846 2890 vestro
1872 2832 2022 2904 quod
2056 2833 2113 2888 in

507 2944 610 2984 nos
634 2928 1093 2996 admiserat,siad
1105 2929 1403 2985 Ecclesiam
1422 2937 1663 2984 matrem
1689 2943 1850 2984 suam
1880 2927 2110 2996 rediret,

510 3021 856 3090 indulsimus,
903 3022 1236 3078 conscientia
1285 3021 1502 3078 sceleris
1551 3022 1634 3077 sui
1683 3023 1976 3094 depressus
2012 3037 2112 3076 nec

509 3114 576 3170 ad
612 3130 716 3172 nos
753 3117 867 3171 vult
900 3118 1098 3184 redire,
1151 3133 1254 3172 nec
1305 3117 1425 3188 paci
1459 3115 1712 3172 Ecclesia
1742 3116 2105 3185 concordare;

510 3210 643 3282 quin
681 3211 862 3282 potius
902 3226 1029 3266 cum
1076 3212 1185 3266 illis
1226 3210 1338 3266 suis
1391 3210 1744 3282 sequacibus,
1775 3209 1901 3282 quia
1953 3209 2108 3266 factis

507 3319 620 3358 non
657 3314 857 3374 potest,
889 3305 1066 3360 verbis
1111 3313 1168 3359 et
1205 3303 1516 3360 maledictis
1565 3303 1864 3360 Ecclesiam
1910 3320 2106 3376 meque

506 3396 741 3454 lacerare
754 3414 867 3454 non
884 3396 1104 3454 desinit.
1122 3397 1304 3465 Unde,
1325 3405 1387 3454 ut
1401 3397 1467 3454 de
1498 3398 1614 3469 ipso
1643 3398 1857 3454 OEbalo
1870 3406 2101 3463 taceam,

508 3489 563 3544 in
601 3507 769 3563 quem
792 3508 890 3547 vos
917 3491 1080 3548 credo
1103 3492 1315 3563 justam
1354 3500 1409 3546 et
1453 3493 1808 3564 apostolicam
1855 3507 2104 3548 exercere

503 3585 854 3652 sententiam,
889 3602 1054 3658 super
1084 3589 1332 3641 Manasse
1372 3585 1636 3640 instanter
1677 3585 1945 3656 deprecor
1978 3601 2102 3641 san-

503 3679 749 3735 ctitatem
791 3688 1052 3746 vestram,
1105 3688 1169 3734 ut
1213 3679 1568 3750 autjubeatis
1619 3695 1746 3734 eum
1793 3679 1861 3735 ad
1890 3697 1988 3737 sua
2017 3697 2101 3736 re-

504 3773 654 3846 gredi
685 3783 740 3830 et
776 3775 1008 3831 ulterius
1045 3791 1160 3830 non
1205 3775 1523 3845 impugnare
1554 3775 1871 3843 Ecclesiam,
1924 3784 2020 3831 aut
2046 3775 2101 3830 iu

503 3883 631 3922 eum
655 3867 889 3938 ejusque
913 3867 1156 3922 fautores
1184 3875 1237 3922 et
1277 3875 1664 3938 cooperatores
1687 3868 1974 3937 apostolici
2018 3869 2096 3923 vi-

501 3959 650 4030 goris
696 3959 942 4032 dirigatis
987 3959 1533 4017 animadversionem.
1582 3959 1896 4031 Dignemini
1934 3961 2097 4017 etiam

501 4051 569 4108 ad
607 4068 799 4109 eorum
838 4061 1148 4124 receptores
1187 4051 1422 4108 scribere
1461 4061 1642 4124 aptam
1683 4051 2004 4123 epistolam,
2036 4064 2097 4112 ut

500 4154 597 4202 aut
625 4162 719 4203 eos
740 4154 931 4202 contra
957 4145 1216 4202 Ecclesia
1237 4146 1362 4218 jura
1388 4161 1499 4201 non
1538 4145 1827 4212 retineant,
1858 4156 1952 4204 aut
1979 4149 2092 4220 pari

497 4240 766 4295 sententia
793 4256 852 4296 se
903 4241 1166 4296 multatos
1215 4248 1532 4312 agnoscant.
1576 4243 1768 4295 Restat
1797 4241 1936 4296 mihi
1990 4242 2093 4298 hoc

498 4333 652 4390 vobis
682 4335 862 4390 dicere
901 4335 1028 4404 quia
1057 4333 1320 4391 dominus
1349 4336 1512 4407 Hugo
1553 4335 1774 4390 Diensis
1803 4336 2091 4408 episcopus

496 4427 782 4483 interdixit
818 4428 1132 4499 episcopum
1153 4437 1405 4484 nostrum
1437 4432 1756 4500 Drogonem
1781 4429 1930 4485 sedis
1958 4433 2091 4485 Tar-

2231 1905 2286 1952 et
2310 1896 2659 1952 Carnotensis
2686 1896 3075 1952 Ecclesiarum.
3103 1897 3252 1952 Sciat
3281 1911 3498 1966 quoque
3526 1897 3829 1966 paternitas

2229 2000 2407 2047 vestra
2445 1991 2571 2063 quia
2617 1991 2704 2045 ille
2750 1990 3135 2046 Noviomensis
3164 1989 3342 2045 dictus
3373 1991 3677 2060 episcopus,
3718 1989 3827 2045 sub

2228 2085 2654 2142 comminatione
2683 2084 2917 2155 publica
2956 2084 3375 2139 examinationis
3402 2100 3433 2139 a
3473 2083 3628 2138 nobis
3657 2081 3828 2138 fami-

2227 2179 2436 2234 liariter
2453 2187 2698 2245 exactus,
2722 2177 3011 2234 confessus
3040 2186 3122 2233 est
3149 2178 3310 2233 nobis
3329 2178 3634 2233 Simoniam
3666 2193 3827 2233 suam

2226 2273 2586 2345 prasentibus
2635 2271 2981 2327 Laudunensi
3029 2281 3084 2327 et
3127 2273 3466 2343 Lingonensi
3519 2271 3826 2344 episcopis,

2225 2384 2351 2424 cum
2382 2367 2499 2424 aliis
2532 2368 2878 2440 quibusdam.
2909 2365 3077 2424 Unde
3099 2366 3265 2422 etiam
3293 2374 3632 2422 sacramento
3655 2383 3828 2437 supra

2224 2475 2378 2516 sacra
2423 2461 2713 2533 Evangelia
2749 2460 2912 2516 nobis
2953 2460 3189 2515 ﬁrmavit
3230 2458 3397 2531 quod,
3442 2458 3570 2514 visis
3620 2459 3827 2514 litteris

2223 2555 2421 2610 vestris
2461 2556 2542 2610 vel
2580 2555 2843 2627 legatione
2890 2563 3066 2609 vestra
3091 2594 3108 2616 ,
3155 2553 3455 2608 Ecclesiam
3481 2567 3643 2624 quam
3676 2553 3827 2608 male

2224 2657 2581 2719 occupaverat
2627 2648 2769 2703 bene
2798 2647 3138 2714 dimitteret,
3171 2655 3226 2701 et
3257 2663 3354 2718 pro
3382 2661 3538 2717 posse
3566 2653 3621 2700 et
3671 2648 3825 2702 scire

2223 2758 2324 2798 suo
2355 2740 2593 2813 ut'juxta
2625 2745 2806 2796 Deum
2838 2741 3203 2807 ordinaretur,
3241 2741 3537 2813 adjuvaret.
3573 2739 3827 2796 Silvane-

2222 2836 2418 2890 ctensis
2449 2851 2577 2890 vero
2603 2834 2908 2906 episcopus,
2937 2843 3158 2905 accepta
3198 2833 3517 2888 investitura
3546 2832 3614 2888 de
3644 2849 3827 2890 manu

2220 2929 2380 3000 regis,
2430 2928 2715 2983 ordinatus
2743 2937 2826 2984 est
2868 2927 2936 2982 ab
2985 2928 3080 2983 illo
3131 2928 3389 2982 Remensi
3420 2925 3824 2993 haresiarcha,

2219 3023 2302 3077 cui
2333 3023 2527 3078 litteris
2546 3023 2736 3079 vestris
2765 3020 3124 3077 interdixistis
3155 3037 3226 3076 ne
3257 3020 3583 3093 hujusmodi
3617 3022 3673 3076 in
3702 3022 3826 3092 epi-

2218 3132 2417 3188 scopos
2452 3117 2740 3186 acciperet.
2775 3115 3280 3171 Antissiodorensis
3308 3113 3448 3169 infra
3497 3131 3675 3170 annos
3723 3131 3826 3170 or-

2213 3211 2470 3278 dinatus,
2514 3210 2892 3265 investituram
2931 3209 3156 3280 quidem
3203 3209 3270 3264 de
3306 3224 3470 3264 manu
3512 3210 3658 3280 regis
3698 3225 3825 3265 non

2215 3304 2451 3375 accepit,
2505 3319 2822 3375 quanquam
2877 3318 2974 3376 per
3033 3301 3329 3358 familiares
3379 3303 3523 3373 regis
3577 3302 3825 3373 gratiam

2215 3397 2332 3469 ejus
2360 3405 2686 3454 consecutus
2726 3398 2818 3452 sit.
2851 3400 2933 3452 De
2975 3395 3277 3452 Senonensi
3311 3405 3496 3450 autem
3548 3394 3826 3469 archiepi-

2213 3507 2399 3563 scopo,
2449 3499 2709 3563 quantam
2746 3491 3141 3546 contumeliam
3171 3497 3499 3560 quantamve
3547 3489 3822 3561 injuriam

2212 3585 2516 3641 auctoritati
2555 3593 2749 3641 vestra
2800 3584 2854 3639 in
2905 3593 3092 3640 nostra
3141 3584 3412 3656 legatione
3459 3583 3732 3651 intulerit,
3789 3601 3821 3640 ι

2213 3679 2474 3747 pradicto
2503 3681 2598 3746 R.,
2633 3686 2698 3734 ut
2739 3695 2920 3750 spero,
2960 3677 3298 3734 sufﬁcienter
3325 3676 3572 3733 audistis.
3616 3680 3822 3752 Neque

2213 3769 2316 3827 hoc
2346 3771 2551 3837 dicens,
2582 3775 2733 3828 Deus
2759 3772 2914 3828 testis
2946 3781 3048 3838 est,
3095 3772 3325 3844 gloriam
3368 3787 3550 3826 meam
3589 3787 3819 3842 quare.

2209 3863 2624 3936 Burdegalensis
2665 3880 2903 3937 quoque,
2956 3865 3217 3936 quoniam
3270 3872 3490 3920 vocatus
3526 3868 3819 3936 praterito

2208 3972 2354 4012 anno
2397 3957 2464 4012 ad
2495 3961 2838 4014 Arvernense
2881 3959 3176 4014 concilium
3219 3975 3393 4031 neque
3433 3959 3579 4014 venit
3627 3974 3818 4030 neque

2206 4052 2464 4108 canonice
2490 4067 2547 4109 se
2577 4055 2875 4120 excusavit,
2915 4053 2971 4107 in
3000 4053 3196 4109 eodem
3235 4053 3466 4110 concilio
3496 4053 3560 4108 ab
3595 4055 3818 4124 episco—

2204 4147 2314 4217 pali
2343 4145 2526 4201 ofﬁcio
2557 4162 2849 4218 suspensus
2878 4156 2976 4202 est.
3014 4146 3175 4218 Quod
3215 4147 3301 4202 ille
3331 4146 3686 4220 vilipendens,
3717 4147 3813 4203 in-

2203 4240 2494 4296 terdictum
2514 4240 2615 4294 sibi
2641 4241 2927 4311 usurpavit
2952 4239 3217 4296 ofﬁcium.
3244 4243 3459 4296 Rursus
3487 4249 3715 4297 vocatus
3736 4239 3816 4298 ad

2201 4332 2700 4405 Augustodunense
2738 4335 3058 4402 concilium,
3089 4334 3354 4405 quoniam
3383 4335 3593 4389 nullam
3623 4351 3819 4392 causa-

2201 4426 2408 4482 tionem
2439 4425 2602 4481 nobis
2626 4426 2800 4489 misit,
2827 4427 2994 4482 etiam
3021 4444 3050 4483 a
3080 4425 3389 4484 sacerdotio
3413 4428 3816 4499 suspendimus

499 4522 760 4588 vennica,
788 4522 881 4592 qui
919 4529 1086 4577 tanta
1110 4531 1194 4577 est
1216 4522 1538 4588 senectutis,
1569 4529 1630 4576 ut
1667 4538 1798 4577 cum
1822 4531 1948 4578 ante
1973 4523 2088 4595 epi-
2124 4536 2174 4600 ι)
2203 4536 2350 4575 eum.
2382 4524 2463 4574 De
2493 4518 2577 4574 his
2604 4535 2734 4592 ergo
2778 4523 3036 4577 omnibus
3083 4521 3216 4593 quid
3264 4522 3587 4594 magnitudo
3619 4532 3815 4580 vestra

495 4623 782 4685 scopatum
834 4614 929 4670 diu
987 4616 1352 4686 permanserit
1401 4615 1457 4669 in
1506 4614 1693 4671 ordine
1749 4616 2092 4688 presbyterii,

487 4707 602 4778 jam
626 4724 770 4763 nunc
799 4709 939 4764 ultra
961 4717 1180 4778 tempus
1209 4724 1284 4763 1.x
1311 4723 1582 4764 annorum
1605 4708 1836 4781 gradum
1857 4712 2096 4766 tenuerit

495 4801 766 4872 episcopi,
808 4809 864 4856 et
890 4817 1031 4873 pene
1064 4817 1161 4872 per
1193 4802 1406 4872 singula
1435 4813 1716 4858 momenta
1757 4805 2091 4874 propinquat

495 4894 678 4950 exitui.
735 4895 1080 4966 Quapropter
1117 4894 1372 4950 volumus
1419 4911 1515 4952 vos
1560 4897 1815 4952 obnixius
1866 4913 2091 4952 exorare

493 4996 555 5043 ut
588 5003 715 5043 eum
742 4988 896 5060 jussu
928 4996 1108 5044 vestro
1135 4987 1436 5060 dignemini
1467 4990 1753 5046 restituere
1782 4991 2088 5046 ministerio

491 5097 616 5149 suo,
643 5097 734 5150 ne,
771 5082 920 5152 quod
950 5097 1281 5154 magnopere
1311 5081 1698 5150 formidamus,
1739 5084 1794 5136 in
1834 5083 1934 5137 hac
1962 5100 2086 5138 mo-

492 5176 663 5229 riatur
690 5174 1090 5231 interdictione.
1131 5179 1213 5232 De
1241 5177 1343 5232 hac
1371 5193 1497 5232 vero
1524 5177 1669 5248 quod
1709 5192 1797 5230 me
1825 5177 2086 5246 interpel-

491 5267 646 5323 lastis
687 5277 747 5324 ut
783 5270 840 5323 in
881 5269 1156 5326 conductu
1214 5271 1452 5342 episcopi
1490 5268 1836 5335 Parisiensis,
1877 5269 2086 5341 aliquos

492 5361 645 5416 vobis
671 5363 875 5418 milites
899 5364 1175 5418 mitterem
1192 5404 1207 5431 ,
1229 5373 1424 5419 notum
1451 5362 1605 5417 vobis
1635 5359 1773 5416 facio
1801 5362 1949 5434 quod
1979 5380 2079 5435 ego

491 5454 737 5510 volebam
765 5455 1028 5528 dirigere;
1070 5456 1164 5513 sed
1198 5472 1383 5512 comes
1423 5455 1491 5512 de
1533 5454 1754 5510 Arlonis
1789 5455 1955 5512 Fulco
1993 5474 2080 5513 re—

489 5548 648 5604 diens
677 5549 744 5605 ab
774 5551 906 5606 urbe
931 5555 1111 5606 Roma
1153 5549 1258 5605 hoc
1305 5549 1436 5604 mihi
1481 5549 1751 5605 intimavit
1786 5567 1851 5606 ex
1902 5562 2080 5608 vestra

489 5652 663 5713 parte,
703 5646 832 5714 quia
859 5645 1088 5700 libenter
1117 5659 1208 5698 me
1237 5642 1304 5700 de
1334 5645 1447 5716 ipsa
1474 5645 1893 5701 transmissione
1932 5646 2081 5701 mili-

489 5744 610 5790 tum
633 5737 1036 5807 importabatis,
1064 5735 1189 5794 ideo
1218 5745 1280 5793 ut
1308 5739 1367 5792 in
1400 5737 1618 5810 regione
1646 5747 1830 5795 nostra
1857 5747 2081 5796 strenue

488 5835 544 5880 et
583 5829 848 5886 intentius
889 5845 1213 5902 exsequerer
1250 5831 1492 5889 domina
1533 5833 1821 5892 marchisa
1856 5834 1934 5888 Μ.
1969 5836 2075 5890 Pro

2197 4612 2548 4686 judicaverit,
2580 4613 2711 4686 quid
2737 4613 2864 4670 inde
2903 4632 3063 4688 agere
3090 4617 3374 4686 placuerit,
3415 4617 3675 4688 parvitati
3706 4633 3816 4674 no-

2201 4716 2353 4776 stra,
2382 4724 2663 4780 rogamus,
2690 4710 2996 4765 rescribite.
3022 4713 3287 4766 Praterea
3318 4728 3677 4784 summopere
3708 4729 3817 4784 po-

2198 4805 2405 4858 scimus
2434 4811 2493 4858 ut
2521 4819 2617 4874 per
2643 4802 2934 4859 dominum
2960 4805 3311 4860 Valentinum
3334 4806 3656 4877 episcopum
3679 4807 3813 4878 pal-

2199 4896 2335 4951 lium
2370 4897 2531 4952 nobis
2557 4899 2794 4952 mittatis
2821 4897 2890 4952 ad
2919 4897 3362 4954 conﬁrmandam
3388 4898 3816 4956 ordinationem

2197 4991 2589 5062 religiosissimi
2633 4991 3015 5063 Lugdunensis
3062 4993 3323 5048 Ecclesia
3370 4991 3812 5066 archiepiscopi,

2196 5093 2385 5140 contra
2434 5086 2767 5141 oblatrantes
2815 5087 3124 5155 haereticos,
3157 5095 3210 5142 et
3248 5086 3316 5142 de
3347 5088 3488 5158 regis
3535 5085 3816 5160 indigna-

2194 5179 2344 5233 tione
2389 5178 2648 5233 adversus
2714 5178 3117 5235 ordinationem
3178 5179 3282 5235 Dei
3334 5181 3622 5235 carnaliter
3678 5182 3815 5250 glo-

2193 5271 2418 5326 riantes.
2452 5274 2570 5343 lpse
2596 5272 2760 5341 enim,
2788 5273 3107 5344 postpositis
3133 5273 3392 5329 omnibus
3414 5274 3820 5344 incommodis

2194 5373 2249 5420 et
2291 5365 2544 5436 periculis
2598 5365 2841 5436 penuria
2893 5375 3056 5438 atque
3095 5366 3318 5436 itineris,
3349 5367 3649 5423 sanctitatis
3695 5384 3817 5425 ve-

2191 5466 2319 5512 stra
2347 5458 2661 5529 conspectui
2690 5457 3045 5516 devotissime
3086 5475 3146 5516 se
3174 5468 3553 5532 prasentaret,
3606 5463 3656 5516 si
3684 5463 3813 5519 Ec-

2191 5551 2352 5606 clesia
2381 5552 2459 5606 illi
2484 5553 2798 5620 commissa,
2841 5553 3031 5610 tandiu
3062 5554 3314 5626 languida
3353 5563 3410 5611 et
3437 5557 3670 5626 pastoris
3700 5572 3814 5614 so-

2190 5645 2318 5701 latio
2369 5646 2663 5714 destituta,
2709 5649 3103 5721 quoquomodo
3150 5650 3453 5706 absentiam
3499 5649 3622 5722 ejus
3667 5651 3817 5709 sine

2191 5754 2392 5811 magno
2413 5739 2748 5798 detrimento
2769 5743 2880 5813 pati
2899 5745 3187 5814 potuisset.
3210 5743 3501 5799 Valentino
3527 5743 3814 5816 episcopo

2190 5835 2491 5906 pracipite,
2521 5844 2576 5892 et
2615 5837 2968 5895 securitatem
3008 5839 3063 5895 in
3109 5853 3279 5896 manu
3308 5845 3485 5896 vestra
3531 5835 3810 5908 accipite,
