4024 6170
234 283 328 336 N9
779 285 836 340 S.
877 284 1200 341 GREGORH
1233 285 1325 342 νη
1359 285 1556 341 PAPE
1591 285 1864 342 OPERUM
1898 286 2072 344 PARS
2113 287 2178 344 ll.
2219 317 2286 332 —-—
2325 285 2635 362 CONCILIA
2673 287 2986 346 ROMANA.
3067 285 3070 288 ”

3428 294 3530 349 750

825 595 1455 693 ’ὓΒΕΟΟῙὶΙΙ
1531 599 1844 694 ΡΑΡᾹ

1963 604 2130 696 VII
2204 598 2898 712 DECRﬂETUM.

1440 789 1696 862 (MANSI,
1743 790 1938 847 Concil.
1994 793 2138 861 XX,
2180 793 2334 862 886.)

1664 964 2114 976 —-—-——-——-—-—

302 1098 602 1173 Gregorius
634 1115 772 1178 papa
816 1100 919 1156 VII
966 1108 1022 1155 et
1049 1099 1307 1158 Urbanus
1350 1118 1488 1176 papa
1528 1104 1579 1158 ll
1618 1105 1825 1161 consti-
1857 1113 1909 1174 Α
1939 1106 2140 1178 tyrium
2171 1106 2347 1162 verbis
2370 1113 2424 1161 et
2450 1105 2710 1177 exemplis
2745 1105 3029 1170 instituere
3052 1121 3165 1163 non
3184 1105 3530 1170 destiterunt.

234 1203 454 1252 ruerunt
501 1203 566 1251 ut
598 1193 920 1251 festivitates
956 1197 1344 1252 Romanorum
1374 1196 1698 1267 pontiﬁcum
1740 1215 1831 1254 ce-

236 1289 410 1346 lebres
469 1286 792 1344 habeantur.
854 1289 1164 1370 Martyrum
1217 1289 1274 1344 in
1341 1292 1428 1345 IX
1480 1289 1829 1360 lectionibus,

235 1381 615 1439 confessorum
678 1382 735 1438 in
786 1381 964 1439 tribus
1013 1383 1211 1439 saltem
1265 1381 1584 1439 lectionibus
1639 1393 1836 1456 praeter

235 1476 628 1549 quorumdam,
683 1478 774 1548 qui
821 1491 923 1548 pro
970 1491 1068 1532 sua
1114 1477 1438 1533 excellentia
1492 1477 1834 1534 celeberrimi

235 1571 585 1637 haberentur,
617 1571 755 1626 sicut
788 1579 843 1625 et
883 1573 939 1627 S.
974 1570 1246 1638 Silvester,
1290 1571 1590 1643 Gregorius
1629 1580 1683 1628 et
1719 1572 1831 1628 alii.

233 1666 376 1720 Nam
405 1681 536 1720 cum
563 1664 822 1735 quislibet
857 1663 1097 1720 Ecclesia
1126 1664 1208 1720 sui
1249 1664 1487 1736 patroni,
1527 1673 1585 1721 et
1611 1665 1654 1721 si
1700 1681 1833 1721 con-

1941 1200 2023 1253 De
2069 1198 2152 1256 his
2205 1199 2424 1280 quidem
2474 1199 2672 1256 sanctis
2741 1199 3076 1276 martyribus
3134 1199 3530 1270 invitatorium,

1941 1291 2200 1365 hymnus,
2221 1293 2594 1372 re5ponsoria,
2628 1293 2820 1369 psalmi
2853 1303 2907 1358 et
2949 1309 3157 1363 versus,
3196 1305 3253 1352 ut
3281 1291 3350 1348 de
3387 1308 3536 1358 mar-

1940 1386 2172 1462 tyribus,
2241 1386 2618 1447 decantantur.
2679 1390 2824 1448 Nota
2879 1397 3062 1456 autem
3105 1388 3162 1443 S.
3202 1385 3536 1458 Gregorium

1941 1496 2139 1559 papam
2171 1483 2193 1535 Ι
2220 1479 2277 1536 in
2318 1480 2564 1553 graduali
2608 1481 2750 1540 libro
2795 1481 2862 1537 de
2892 1481 2978 1536 his
3015 1480 3370 1552 martyribus,
3400 1479 3539 1544 sicut

1942 1582 1996 1628 et
2054 1573 2120 1634 de
2167 1572 2401 1636 confess.
2450 1575 2776 1647 pontiﬁcalia
2824 1572 3332 1631 administrantibus
3379 1573 3537 1630 insti-

1944 1666 2114 1723 tuisse
2136 1667 2342 1740 oiﬁcia,
2383 1675 2444 1726 ut
2471 1668 2538 1724 de
2568 1673 2625 1724 S.
2655 1671 2916 1726 Marcello
2958 1671 3020 1724 P.
3054 1677 3109 1724 et
3136 1669 3213 1724 M.
3258 1669 3465 1723 Statuit
3490 1668 3542 1720 ei

233 1757 407 1814 fessor
454 1757 639 1827 fuerit,
681 1756 890 1814 festum
935 1757 1262 1814 solemniter
1309 1757 1576 1826 observet,
1627 1766 1828 1830 quanto
1934 1763 2222 1830 Dominus;
2247 1759 2404 1817 etde
2448 1763 2502 1819 S.
2553 1761 2730 1819 Felice
2764 1765 2821 1817 P.
2878 1770 2930 1820 et
2971 1762 3049 1816 M.
3090 1760 3418 1826 Sacerdotes.
3465 1761 3540 1814 Et

237 1852 410 1924 magis
454 1867 649 1908 eorum
695 1851 793 1925 qui
831 1851 1001 1908 totius
1049 1852 1304 1908 Ecclesia
1331 1867 1442 1908 non
1468 1860 1585 1908 tam
1616 1852 1829 1924 patroni
1938 1852 2042 1909 hoc
2089 1855 2278 1934 utique
2322 1855 2452 1910 satis
2500 1871 2738 1932 congrue
2781 1864 3003 1936 propter
3042 1853 3420 1920 excellentiam
3457 1851 3540 1916 di-
3623 1921 3626 1924 ι

238 1962 400 2017 quam
442 1949 632 2004 Patres
681 1946 1022 2016 exstiterunt,
1062 1961 1229 2018 quam
1268 1955 1322 2003 et
1362 1962 1532 2018 usque
1561 1945 1630 2002 ad
1679 1962 1830 2002 mar-

240 2131 1721 2164 TW

241 2158 298 2164 _..
317 2157 950 2169 *ἥψω-’.Η-

1940 1947 2161 2019 gnitatis
2199 1948 2529 2028 apostolicae.

1730 2135 3528 2166 mw

882 2292 1571 2416 εωητι
1645 2292 1844 2412 αι

1963 2292 2540 2418 BGORII
2612 2295 2903 2418 VII

1551 2509 1920 2569 PONTIFICIS
1959 2512 2225 2571 ROMANI

569 2694 1018 2816 0PERUM.
1083 2693 1361 2816 PARS
1436 2684 1883 2816 TERTIA.
1950 2746 2082 2761 --
2137 2695 2657 2816 CONCILIA
2734 2691 3206 2814 ROMANA.

1663 2911 2132 2928 ﬂ

1175 3067 1841 3170 CONCILIUM
1917 3068 2510 3170 ROMANUM
2586 3069 2620 3156 Ι

1249 3259 1384 3314 PRO
1421 3258 1892 3322 REFORMANDO
1930 3257 2272 3314 ECCLESlrE
2309 3257 2543 3314 STATU.

1335 3409 1729 3474 Celebratum
1772 3427 1933 3473 anno
1978 3408 2224 3472 Domini
2270 3412 2449 3472 4074.

1049 3577 1232 3650 (Apud
1260 3579 1451 3651 Messi,
1480 3581 1836 3640 Conciliorum
1867 3580 2075 3638 Collect.
2107 3589 2248 3642 tom.
2272 3579 2409 3648 XX.
2449 3577 2557 3642 col.
2592 3577 2742 3649 tot.)

1685 3751 2110 3771 Ἠ

315 3889 638 3964 Gregorius,
679 3889 1140 3963 pmdecessorum
1193 3907 1420 3950 suorum
1449 3895 1715 3968 'vestigiis
1763 3894 1850 3953 in—
1879 3902 1928 3966 Β
1957 3900 2134 3952 vivere
2199 3897 2396 3964 cogeret
2435 3895 2547 3948 ritu
2586 3892 2914 3974 angelorum,
2979 3889 3032 3944 et
3067 3883 3203 3943 dum
3245 3887 3556 3942 consuetum

244 3985 462 4053 sistens,
527 4001 623 4057 per
664 3984 955 4056 epistolam
1000 3985 1070 4042 ad
1114 3986 1400 4059 episcOpos
1443 3987 1842 4059 Longobarditc

244 4079 433 4135 datam
453 4066 669 4134 ~Indixit
702 4081 970 4152 synodum
1001 4079 1177 4150 prima
1221 4079 1566 4138 hebdomada
1591 4082 1841 4152 Quadrac

242 4172 472 4244 gesimaa
530 4171 934 4228 celebrandam.
1001 4173 1219 4229 Statuto
1285 4171 1374 4229 die
1443 4175 1683 4247 episcopi
1751 4175 1844 4247 qui

243 4266 530 4322 convocati
584 4264 799 4322 fuerant
855 4281 1054 4338 magno
1101 4282 1331 4322 numero
1379 4267 1690 4326 adfuerunt.
1759 4269 1845 4325 Ad

245 4359 662 4434 espurgandam
711 4360 1010 4417 Ecclesiam
1055 4376 1084 4416 a
1138 4361 1534 4418 concubinariis
1586 4362 1842 4420 sacerdo-

241 4455 392 4511 tibus
446 4453 710 4526 principio
749 4463 1076 4522 statuerunt,
1119 4461 1209 4519 ut,
1259 4457 1545 4511 secundum
1589 4459 1848 4512 instituta

237 4551 599 4620 antiquorum
636 4563 916 4612 canonum,
943 4547 1120 4619 inquit
1162 4549 1508 4612 Lambertus,
1535 4551 1850 4621 presbyteri

237 4659 440 4699 umores
465 4658 577 4697 non
611 4641 866 4706 habeant,
899 4642 1149 4698 habentes
1189 4647 1288 4697 aut
1314 4644 1602 4700 dimittant
1630 4650 1728 4699 aut
1751 4645 1846 4700 de-

225 4741 542 4810 ponant-ur.
606 4738 711 4796 Nec
763 4738 1053 4807 quisquam
1099 4731 1312 4792 omnino
1359 4737 1433 4792 ad
1484 4739 1848 4793 sacerdotium

227 4833 596 4894 admittatur,
630 4831 723 4900 qui
745 4846 850 4885 non
917 4833 978 4885 in
1000 4835 1317 4902 perpetuum
1346 4833 1726 4887 continentiam
1758 4834 1852 4886 υἰέ

224 4935 464 4998 tamque
511 4925 745 4980 caelibem
784 4926 1126 4995 proﬁteatur.
1168 4925 1346 4995 Quam
1393 4925 1849 4981 constitutionem

221 5022 376 5080 dum
404 5019 574 5092 jussu
601 5017 869 5090 pontiﬁcis
897 5018 1136 5090 episcopi
1162 5017 1218 5074 in
1255 5020 1551 5075 Germania
1595 5019 1845 5091 promul-

217 5122 495 5192 gassent,
539 5111 852 5169 acciderunt
878 5101 1002 5185 quae
1046 5128 1078 5168 a
1128 5113 1428 5169 Lamberto
1493 5129 1640 5169 anno
1707 5118 1848 5168 1074

213 5207 642 5269 describuntur
681 5206 765 5263 bis
809 5207 989 5263 verbis
1039 5224 1053 5263 :

1955 4004 2176 4046 cursum
2218 3994 2428 4044 naturae
2455 3991 2692 4055 negaret,
2724 3984 3084 4053 fornicationi
3114 3986 3166 4036 et
3192 3977 3559 4036 immnditiei

1955 4088 2125 4152 frena
2170 4082 2417 4138 laxaret.
2451 4080 2603 4148 Quod
2630 4080 2680 4136 si
2720 4082 2974 4149 pergeret
2999 4076 3322 4131 sententiam
3367 4076 3562 4142 conﬁr-

1956 4193 2122 4246 mare,
2151 4176 2311 4232 malle
2353 4191 2408 4230 se
2446 4174 2813 4229 sacerdotium
2843 4188 3009 4242 quam
3060 4169 3374 4239 conjugium
3411 4167 3558 4220 dese-

1957 4287 2078 4326 rere
2106 4313 2121 4334 ,
2155 4275 2204 4326 et
2244 4276 2370 4324 tunc
2395 4270 2637 4321 visurum
2660 4282 2799 4329 eum,
2859 4267 2948 4319 cui
2987 4263 3223 4318 homines
3253 4260 3559 4327 sorde-rent,

1957 4363 2100 4420 unde
2122 4359 2479 4432 gubernandis
2503 4375 2602 4430 per
2632 4359 2920 4414 Ecclesium
2947 4359 3046 4413 Dei
3062 4353 3310 4426 plebibus
3340 4353 3558 4423 angelos

1958 4461 2379 4527 comparaturus
2409 4457 2559 4509 esset.
3562 4467 3564 4469 >

2035 4549 2399 4608 Nihilominus
2481 4543 2765 4607 instabat,
2823 4547 2873 4598 et
2915 4539 3150 4597 assiduis
3199 4539 3558 4609 legationibus

1962 4647 2236 4715 episcopos
2275 4656 2452 4697 omnes
2508 4638 2757 4695 socordia!
2807 4653 2872 4691 ac
2932 4635 3151 4691 desidia
3195 4633 3472 4702 arguebat,
3512 4636 3564 4687 et

1963 4740 2074 4794 nisi
2112 4739 2258 4793 ocius
2309 4735 2614 4806 injunctum
2652 4732 2761 4786 sibi
2791 4732 3067 4800 negotium
3128 4732 3559 4798 exsequerentur,

1967 4833 2259 4904 apostolica
2287 4845 2341 4885 se
2381 4842 2604 4884 censura
2639 4827 2699 4881 in
2743 4840 2825 4880 eos
2872 4822 3383 4878 animadversurum
3426 4834 3564 4875 com-

1964 4926 2305 4982 minabatur.
2357 4921 2803 4991 Archiepiscopus
2847 4918 3200 4987 Moguntinus’
3253 4915 3421 4970 sciens
3460 4928 3568 4969 non

1964 5035 2143 5091 parvo
2187 5021 2423 5074 constare
2465 5031 2684 5088 operam
2725 5014 2880 5076 hanc,
2927 5015 2989 5067 ut
3030 5014 3194 5066 tanta
3223 5011 3459 5080 tmpore
3486 5009 3569 5061 in-

1965 5115 2161 5169 clitam
2186 5111 2619 5168 consuetudinem
2648 5108 2942 5171 recelleret,
2971 5110 3134 5176 atque
3160 5103 3238 5158 ad
3267 5101 3571 5158 rudimenta

1113 5207 1387 5265 Aduersus
1434 5209 1528 5263 hoc
1581 5208 1857 5264 decretum
1893 5240 1942 5307 ε
1967 5209 2240 5264 nascentis
2273 5205 2517 5263 Ecclesia
2562 5205 2910 5260 senescentem
2945 5199 3068 5269 jam
3098 5197 3358 5253 mundum
3397 5196 3573 5307 refer:

211 5306 497 5378 protinus
510 5300 845 5356 vehementer
870 5302 1158 5368 infremuit
1187 5305 1298 5356 tota
1321 5303 1489 5369 factio
1518 5301 1855 5370 clericorum,

1968 5307 2171 5370 maret,
2209 5300 2537 5356 moderatius
2586 5297 2778 5367 agebat
2822 5311 2939 5350 cum
2970 5295 3069 5348 eis.
3109 5295 3183 5349 Et
3202 5291 3383 5362 primo
3415 5289 3490 5343 eis
3515 5287 3574 5341 in

216 5400 517 5455 hominem
553 5395 720 5466 plane
767 5395 1074 5451 luereticum
1103 5400 1154 5451 et
1195 5397 1386 5452 vesani
1426 5397 1692 5466 dogmatis
1739 5411 1861 5452 esse
1978 5396 2281 5454 dimidium
2340 5409 2543 5449 annum
2574 5391 2844 5456 inducias
2877 5393 2927 5442 et
2972 5381 3314 5441 deliberandi
3363 5383 3575 5452 copiam

223 5494 562 5558 clamitans,
609 5489 710 5560 qui
743 5490 936 5545 oblitus
991 5491 1246 5546 sermonis
1297 5492 1523 5556 Domini,
1557 5506 1660 5562 quo
1713 5493 1794 5546 ait
1835 5510 1854 5546 :

236 5590 368 5644 Non
423 5599 624 5640 omnes
667 5584 889 5656 capiunt
933 5583 1038 5640 hoc
1079 5583 1352 5641 verbum:
1401 5583 1493 5656 qui
1539 5592 1719 5656 potest
1759 5600 1852 5640 ca-

241 5696 400 5752 Ρεῐες
433 5677 608 5750 θερίθῖ
635 5679 848 5744 (Μαίνι-
876 5693 1010 5747 XIX,
1039 5685 1128 5744 11,
1157 5678 1278 5752 12);
1306 5683 1358 5734 et
1381 5665 1670 5749 Aposiolus
1699 5697 1717 5731 .-
1744 5676 1858 5748 Qui;

243 5789 305 5833 σε
355 5787 474 5828 non
509 5772 774 5843 continet,
827 5774 1028 5839 nubat;
1072 5772 1269 5830 melius
1317 5780 1402 5830 est
1445 5773 1596 5829 enim
1641 5773 1860 5828 nubere

250 5881 506 5938 quamagr
532 5869 579 5933 (Ι
602 5868 719 5923 Cor.
751 5882 865 5937 vn,
887 5867 941 5939 5)
972 5885 986 5925 :
1017 5865 1248 5926 violenta
1307 5869 1581 5924 exactione
1611 5867 1857 5923 homines

1982 5491 2153 5553 dedit,
2187 5491 2405 5544 hortans
2434 5503 2517 5543 eos
2565 5490 2629 5542 ut
2653 5483 2796 5555 quod
2825 5481 3114 5537 necessario
3153 5475 3464 5546 faciendum
3499 5475 3577 5529 sit

1982 5589 2166 5656 sponte
2206 5585 2432 5651 faciant,
2477 5585 2528 5636 et
2573 5586 2686 5634 tam
2725 5578 2834 5632 sibi
2874 5589 3042 5645 quam
3073 5575 3307 5628 Romano
3335 5567 3581 5637 pontiﬁci

1983 5679 2345 5734 necessitatem
2407 5674 2658 5730 adimant
2720 5667 2935 5740 aliquid
2990 5667 3049 5720 in
3106 5682 3192 5720 eos
3239 5661 3384 5733 quod
3435 5671 3582 5712 secus

1983 5776 2058 5828 sit
2093 5769 2432 5828 decernendi.
2484 5765 2578 5824 Ad
2621 5766 2874 5822 ultimum
2913 5764 3239 5829 congregata
3280 5747 3478 5820 synodo
3526 5751 3586 5804 in

1973 5865 2246 5935 -Erfordia
2305 5877 2482 5921 mense
2542 5859 2761 5915 Octobri
2798 5853 3035 5927 pressius
3087 5850 3208 5918 jam
3252 5841 3584 5911 imminebat,
