4048 6174
522 244 618 299 ’151

1222 240 1278 295 S.
1319 237 1639 293 GREGORH
1677 236 1766 292 VII
1805 234 1951 291 OPP.
1993 234 2168 291 PARS
2210 235 2293 290 lll.
2336 261 2406 275 --
2444 231 2757 289 CONClLlA
2798 230 3103 288 ROMANA.

3713 234 3814 287 752

522 373 604 432 ut,
652 367 889 439 relegata
944 364 1090 421 omni
1138 364 1573 432 tergiversatione
1624 364 2109 431 imprasentiarum
2138 368 2193 430 Α
2223 376 2321 417 cur
2364 358 2627 416 adversus
2677 357 3004 414 Anselmum
3044 355 3365 429 episcopum
3402 368 3563 411 suum
3606 355 3816 411 Lucen-

523 467 621 517 aut
644 462 948 532 conjugium
977 458 1316 528 abjurarent,
1346 460 1443 510 aut
1479 458 1618 511 sacri
1639 457 1836 511 altaris
1877 457 2113 509 ministe-

522 558 604 610 rio
629 570 682 609 se
714 554 1048 608 abdicarent.
1086 548 1279 606 Multas
1308 554 1519 605 econtra
1541 550 1629 603 illi
1655 552 1891 604 rationes
1918 549 2112 619 afere-

524 649 673 714 bant,
706 646 901 716 quibus
934 644 1192 699 instantis
1230 646 1683 715 perurgentisque
1712 643 2115 713 improbitatem

524 739 707 808 (forte,
749 737 1229 811 importunitatem]
1277 739 1512 801 eludere,
1545 740 1973 807 sententiamque
2000 753 2113 793 cas-

519 848 641 887 sare
670 834 991 888 niterentur.
1040 834 1275 903 Cumque
1329 832 1587 887 adversus
1617 833 1927 903 apostolica
1972 832 2114 887 sedis

522 928 915 995 auctoritatem,
951 943 1059 997 qua
1084 942 1137 981 se
1168 925 1262 980 ille
1289 927 1369 982 ad
1397 928 1535 980 hanc
1558 928 1889 980 exactionem
1912 929 2117 995 prater

519 1019 843 1074 uoluntatem
855 1023 1139 1092 propriam
1157 1021 1482 1091 compulsum
1506 1019 1849 1087 obtendebat,
1871 1020 2011 1073 nihil
2024 1036 2116 1073 ar-

519 1118 795 1181 gumenta,
842 1114 979 1167 nihil
1021 1115 1433 1184 supplicationes
1476 1128 1755 1183 precesque
1778 1116 2113 1182 proﬁcerent,

517 1209 718 1277 egressi
753 1210 1012 1279 tanquam
1048 1208 1122 1262 ad
1146 1208 1580 1268 consultandum.
1614 1208 1890 1261 consilium
1922 1209 2113 1263 ineunt

519 1304 582 1355 ut
606 1303 665 1355 in
684 1300 947 1370 synodum
983 1317 1089 1356 non
1114 1302 1353 1369 redeant,
1382 1302 1476 1356 sed
1508 1302 1702 1370 injussi
1731 1316 1906 1355 omnes
1935 1303 1991 1354 in
2019 1301 2111 1354 do-

525 1411 635 1451 mos
665 1410 788 1451 suas
814 1396 1113 1452 discedant.
1144 1398 1401 1454 Nonnulli
1433 1398 1601 1451 etiam
1632 1398 1870 1463 confusis
1896 1396 2109 1451 uocibus

521 1489 901 1558 clamitabant,
924 1490 1112 1544 melius
1129 1491 1235 1544 sibi
1255 1489 1435 1543 uideri
1456 1494 1519 1543 ut
1542 1491 1601 1542 in
1621 1490 1881 1558 synodum
1908 1504 2111 1558 regres-

500 1584 569 1639 κεί
590 1584 766 1652 ipsum
794 1585 1118 1653 episcopum,
1147 1586 1472 1653 priusquam
1505 1584 1881 1638 exsecrabilem
1919 1582 2110 1637 adver-

2223 468 2341 510 sem
2372 453 2797 525 conspirassent.
2825 452 2935 523 Qui
2974 450 3042 507 de
3079 450 3481 521 conspiratione
3523 456 3578 505 et
3603 448 3815 505 insidiis

2221 563 2321 604 suo
2374 548 2627 620 episcopo
2673 546 2955 602 instructis
2996 544 3249 612 convicti,
3277 544 3435 617 juxta
3477 559 3721 600 canones
3765 552 3817 599 et

2220 641 2521 712 capitulum
2544 640 2712 697 sancti
2745 638 2999 712 martyris
3024 646 3079 695 et
3112 637 3388 710 pontiﬁcis
3430 637 3675 699 Fabiani.
3708 653 3815 710 quo

2220 735 2619 807 conspiratores
2667 742 2720 790 et
2768 733 3115 789 insidiatores
3155 748 3382 789 suorum
3432 731 3814 804 episcoporum

2222 829 2387 886 curiae
2423 828 2720 885 tradendos
2744 842 2863 884 esse
2888 826 3221 896 decernitur,
3251 826 3451 897 iudicio
3491 825 3663 882 totius
3692 841 3816 881 san-

2222 930 2326 979 ctae
2370 922 2563 995 synodi
2607 921 2772 977 etiam
2812 920 2913 993 ipsi
2956 921 3120 977 curiae
3164 920 3352 976 traditi
3396 919 3635 976 fuerunt.
3685 922 3817 976 Haec

2221 1032 2285 1071 ex
2328 1016 2575 1088 Gregorii
2611 1015 2772 1087 epist.
2805 1017 2865 1070 5i
2917 1023 2972 1071 et
2997 1014 3351 1087 sequentibus
3383 1013 3594 1082 decem,
3642 1016 3818 1069 Baro-
3868 1082 3878 1090 ἢ

2220 1096 2342 1166 nius
2370 1125 2515 1166 anno
2545 1117 2703 1177 1074,
2742 1125 2896 1165 num.
2928 1114 2997 1164 36
3022 1117 3074 1164 et
3098 1108 3472 1181 sequentibus.

2292 1225 2425 1283 Vide
2455 1226 2739 1298 epistolam
2767 1225 3019 1298 Gregorii
3045 1223 3113 1280 ad
3150 1225 3407 1280 Ottonem
3428 1225 3819 1281 Constantien-

2219 1336 2337 1376 sem
2367 1320 2707 1392 episcopum,
2740 1319 2885 1375 infra
2915 1319 3157 1391 capitulo
3190 1318 3367 1390 primo
3386 1320 3670 1391 sequentis
3694 1336 3821 1392 apo-

2217 1414 2458 1486 logetici.
2496 1429 2600 1485 qua
2646 1429 2775 1470 eum
2817 1413 2885 1470 de
2928 1412 3093 1468 rebus
3144 1412 3199 1468 in
3248 1412 3350 1469 hac
3385 1411 3597 1485 synodo
3650 1414 3820 1484 gestis

2218 1508 2539 1564 summatim
2567 1524 2631 1563 ac
2670 1506 2905 1563 breviter
2933 1504 3219 1571 informat,
3258 1522 3489 1578 quaque
3528 1506 3582 1561 in
3625 1522 3690 1561 ea
3727 1524 3818 1563 sa-

2218 1600 2445 1657 lubriter
2476 1610 2665 1657 contra
2696 1600 3035 1657 Simoniacos
3059 1609 3114 1656 et
3150 1600 3568 1657 concubinarios
3595 1599 3819 1658 decreta

515 1689 607 1731 Sus
636 1692 723 1731 eos
750 1679 1070 1732 sententiam
1110 1678 1494 1746 promulgaret,
1542 1676 1800 1731 cathedra
1828 1677 2088 1747 episcopal

2222 1703 2350 1750 sunt
2377 1711 2476 1766 per
2512 1694 2767 1751 eumdem
2800 1693 3135 1766 promulgari
3182 1694 3459 1765 praecepit.
3492 1695 3810 1769 Apologeti-

514 1763 882 1861 deturbarent,
916 1771 966 1821 et
989 1769 1181 1821 merita
1211 1771 1382 1821 morte
1418 1768 1644 1821 multato
1674 1768 1884 1835 insigne
1912 1783 2102 1821 monu—
2136 1760 2180 1821 Β
2212 1804 2339 1843 cum
2364 1760 2675 1845 germanam
2716 1760 2816 1859 pro-
2844 1788 2945 1844 δερ
2982 1760 3203 1861 δίποδες
3217 1760 3435 1860 scrip,“
3455 1760 3647 1844 auc—tor
3678 1760 3813 1860 aui-

511 1863 748 1914 mentum
774 1859 849 1914 ad
874 1864 1113 1930 posteros
1142 1862 1584 1922 transmitterent,
1617 1877 1682 1914 ne
1711 1863 1836 1931 quis
1863 1861 2107 1931 deinceps

512 1967 865 2009 successorum
891 1954 1004 2023 ejus
1028 1956 1185 2009 talem
1210 1956 1536 2010 sacerdotali
1546 1957 1753 2009 nomini
1775 1955 2103 2009 calumniam

508 2050 711 2101 struere
762 2052 1009 2102 tentaret.
1058 2049 1187 2104 Cum
1237 2049 1311 2102 ad
1346 2050 1645 2118 episcopum
1696 2049 1930 2103 relatum
1975 2052 2105 2104 esset

510 2137 604 2193 hoc
630 2154 714 2194 eos
740 2140 1059 2203 machinari,
1112 2144 1463 2196 commonitus
1492 2158 1527 2195 a
1560 2143 1675 2196 suis
1721 2148 1782 2196 ut
1811 2144 2102 2196 tumultum

509 2233 609 2302 qui
632 2232 908 2288 oriebatur
934 2238 1154 2288 matura
1184 2234 1551 2290 moderatione
1574 2240 1934 2304 praverteret,
1954 2238 2102 2289 misit

505 2325 581 2380 ad
596 2341 679 2381 eos
698 2328 873 2393 foras,
902 2330 1218 2397 rogavitque
1244 2334 1306 2382 ut
1323 2328 1504 2383 sedato
1526 2332 1733 2399 pectore
1755 2329 1815 2382 in
1835 2329 2097 2397 synodum

505 2420 933 2487 regrederentur,
964 2436 1037 2484 se,
1060 2438 1178 2476 cum
1201 2424 1441 2492 primum
1472 2425 1848 2493 opportunitas
1871 2425 2095 2477 arrisis-

502 2516 602 2576 set,
646 2514 867 2569 Romam
893 2518 1199 2577 missurum,
1241 2520 1292 2571 et
1330 2517 1605 2572 dominum
1632 2517 1994 2588 apostolicum,
2046 2519 2097 2573 si

504 2622 614 2677 qua
634 2614 812 2679 posset
834 2612 1063 2675 ratione,
1085 2612 1155 2666 ab
1182 2611 1278 2665 hac
1295 2615 1567 2667 sententia
1591 2616 1903 2669 austeritate
1928 2614 2095 2668 dedu-

501 2706 729 2757 cturum.
768 2706 980 2761 Postero
1006 2707 1095 2761 die
1138 2706 1395 2762 admissis
1418 2710 1475 2762 in
1499 2709 1839 2763 auditorium
1858 2722 2093 2763 commu-

498 2798 636 2851 niter
681 2799 831 2852 laicis
872 2802 923 2852 et
950 2799 1180 2866 clericis,
1226 2805 1453 2855 veterem
1498 2802 1652 2855 illam
1700 2802 1764 2856 de
1806 2802 2091 2856 reddendis

497 2890 712 2947 decimis
739 2891 1006 2963 querelam
1036 2896 1280 2965 replicat,
1310 2903 1411 2951 etc.

569 2988 633 3040 In
664 2986 766 3041 hac
789 2987 982 3043 eadem
1011 2988 1227 3061 synodo
1250 2991 1757 3047 excommunicatus
1782 3002 1861 3047 est
1883 2992 2092 3048 Rober.

492 3084 586 3133 tus
610 3079 946 3138 Guiscardus
975 3084 1449 3139 Nortmannorum
1493 3084 1758 3155 princeps,
1796 3085 1862 3139 de
1898 3101 2006 3156 quo
2035 3086 2089 3139 in

2214 1881 2340 1938 dam
2391 1882 2554 1955 hujus
2601 1883 2891 1953 temporis,
2940 1881 3032 1954 qui
3088 1890 3265 1938 exstat
3317 1882 3373 1938 in
3432 1882 3815 1954 antiquissimo

2215 1976 2585 2048 manuscripto
2671 1975 2854 2031 codice
2944 1975 3270 2032 monasterii
3356 1976 3812 2048 Weingartensis,

2210 2084 2375 2141 quem
2412 2069 2537 2126 inde
2562 2068 2903 2140 descriptum
2930 2068 3019 2125 hic
3050 2069 3452 2142 subjungimus.

2660 2213 2856 2255 INDEX
2900 2212 3357 2256 CAPITULOBUK.

2198 2327 2252 2381 I.
2297 2327 2577 2383 Deeretalis
2604 2328 2837 2399 epistola
2864 2330 3187 2383 venerabilis
3210 2345 3369 2399 papa
3399 2328 3665 2398 Gregorii,
3697 2336 3807 2384 etc.

2207 2422 2273 2475 II.
2315 2424 2388 2475 De
2412 2425 2737 2479 auctoritate
2763 2428 2994 2492 quatuor
3030 2421 3422 2492 principalium
3457 2424 3808 2478 conciliorum

2277 2530 2507 2570 acumen
2516 2519 2736 2571 icorum.

2204 2609 2301 2663 III.
2336 2613 2410 2664 De
2435 2613 2753 2666 auctoritate
2774 2611 3183 2683 apostolicarum
3202 2611 3651 2666 constitutionum.

2202 2702 2303 2759 IV.
2338 2707 2410 2758 De
2437 2707 2763 2761 auctoritate
2791 2707 3121 2775 reliquorum
3151 2706 3515 2760 conciliorum.

2212 2799 2278 2852 V.
2328 2799 2512 2851 Breris
2576 2801 2897 2853 enumeratio
2962 2799 3290 2853 decretorum
3336 2802 3630 2869 superioris
3693 2801 3807 2870 epi-

2276 2888 2445 2945 stola.

2210 2984 2302 3038 VI.
2336 2988 2410 3039 De
2429 2987 2611 3054 primo
2639 2989 2860 3052 statuto,
2894 2985 2954 3039 id
2976 2990 3056 3041 est
3084 2986 3148 3041 de
3171 2987 3508 3043 Simonideis.

2212 3078 2325 3134 VII.
2359 3082 2433 3133 De
2460 3079 2687 3133 secundo
2714 3083 2933 3149 statuto,
2965 3081 3027 3135 id
3070 3086 3147 3135 est
3175 3082 3240 3136 de
3282 3081 3610 3151 emptoribus
3651 3082 3809 3138 eccle-

493 3169 601 3226 ﬁne
647 3172 769 3228 libri
809 3174 967 3246 primi
1007 3176 1164 3246 epist.
1198 3176 1452 3249 Gregorii
1490 3154 1653 3248 supra
1692 3177 1811 3234 haec
1838 3154 2087 3234 reierun-
2124 3154 2169 3217 ο
2266 3174 2489 3226 ειὶινυηι-

491 3272 582 3320 tur
614 3284 627 3321 :
662 3265 952 3322 Celebravit
979 3272 1154 3325 Roma
1194 3272 1475 3340 synodum,
1501 3273 1560 3325 in
1589 3288 1715 3341 qua,
1744 3275 1883 3327 inter
1911 3277 2097 3327 catera

491 3374 611 3427 qua
640 3359 723 3413 ibi
752 3366 907 3432 gesta
935 3368 1080 3429 sunt,
1103 3368 1578 3419 excommunicauit
1606 3370 1766 3435 atque
1785 3367 2094 3422 anathema-

493 3453 688 3508 tizauit
714 3456 1000 3510 Robertum
1032 3458 1385 3514 Guiscardum
1414 3459 1599 3514 ducem
1631 3461 1846 3530 Apulia
1866 3465 1918 3515 et
1943 3462 2095 3517 Cala-

492 3544 628 3600 bria
680 3552 841 3617 atque
877 3550 1110 3614 Sicili'a,
1142 3566 1261 3605 cum
1309 3554 1553 3607 omnibus
1599 3554 1911 3619 fautoribus
1954 3557 2085 3618 suis,

488 3654 761 3708 quousque
792 3643 1146 3710 resipisceret.
1196 3646 1325 3699 Post
1365 3644 1483 3699 haec
1526 3644 1870 3702 diversorum
1915 3647 2085 3703 abba-

486 3737 606 3783 tum
635 3738 689 3785 et
723 3730 1101 3803 episc0porum
1140 3750 1321 3790 causae
1360 3738 1596 3809 cognita
1636 3748 1765 3794 sunt
1801 3748 1855 3794 et
1883 3739 2082 3811 dijudi-

485 3830 637 3878 catte.
687 3823 1093 3882 Pictavensibus
1151 3827 1429 3884 canonicis
1483 3829 1762 3887 indultum
1832 3832 1956 3901 fuit,
2026 3844 2084 3889 ut

485 3929 677 3971 eorum
707 3916 1013 3988 episcopus,
1048 3918 1306 3989 decanus,
1348 3921 1428 3975 vel
1468 3923 1604 3979 alius
1642 3924 1840 3996 aliquis
1888 3927 2079 3996 praela-

483 4014 595 4068 tus.
625 4008 719 4081 jus
750 4009 979 4065 retineat
1027 4012 1189 4068 certis
1236 4012 1432 4069 diebus
1474 4016 1727 4072 cantandi
1767 4017 1988 4073 missam
2026 4020 2078 4075 in

482 4101 657 4159 aliena
721 4111 776 4161 et
820 4114 1071 4177 exempta
1133 4107 1380 4178 ecclesia,
1453 4109 1594 4166 sicut
1657 4114 1855 4169 Romae
1909 4121 2076 4187 atque

481 4195 610 4251 alibi
666 4197 719 4252 in
739 4199 1066 4256 stationibus
1111 4200 1387 4259 observari
1430 4215 1801 4262 consueverat.
1842 4210 2074 4265 Decreto

480 4286 647 4362 hujus
672 4290 867 4363 synodi
899 4292 1221 4350 mandatum
1265 4303 1347 4352 est
1381 4296 1767 4370 Hispaniarum
1798 4302 2070 4370 Ecclesiis,

478 4388 543 4436 ut
593 4385 909 4441 Romanum
957 4387 1211 4443 ordinem
1265 4397 1427 4462 atque
1480 4390 1727 4449 ofﬁcium
1786 4396 2069 4467 recipiant,

2215 3262 2361 3319 VIII.
2413 3265 2563 3332 Quod
2606 3270 2657 3319 et
2701 3280 2854 3321 sacra
2899 3268 3187 3338 Scriptura
3232 3268 3451 3323 damnet
3496 3269 3806 3325 venditores

2274 3360 2659 3428 spiritualium
2686 3361 2995 3428 officiorum.

2202 3454 2292 3507 IX.
2327 3455 2394 3508 X.
2440 3456 2569 3509 Item
2600 3454 2742 3523 quod
2789 3460 3047 3525 emptores
3091 3471 3272 3511 eorum
3301 3456 3541 3519 damnet,
3571 3462 3625 3511 et
3656 3459 3803 3526 quod

2273 3546 2594 3602 mediatores
2623 3548 2787 3617 hujus
2812 3548 3015 3617 negotii
3040 3551 3274 3606 damnet.

2198 3642 2291 3694 XI.
2322 3645 2395 3697 De
2426 3643 2583 3695 tertio
2611 3644 2813 3695 statuto
2838 3641 2994 3695 dicta
3024 3643 3304 3709 decretalis
3328 3644 3671 3713 epistola,‘id
3700 3650 3802 3712 est,

2268 3735 2330 3785 ut
2358 3733 2741 3786 incontinentes
2770 3735 2942 3787 altari
2962 3736 3268 3789 nullatenus
3292 3738 3616 3791 ministrent.

2195 3826 2316 3880 XII.
2358 3829 2432 3881 De
2469 3827 2808 3881 anathemate
2853 3843 3032 3883 eorum
3077 3831 3176 3898 qui
3213 3829 3513 3897 defendunt
3562 3832 3802 3885 inconti-

2264 3922 2503 3973 nentiam
2527 3920 2859 3975 sacerdotum
2880 3938 2982 3991 per
3006 3923 3284 3978 Sozomeni
3316 3938 3434 3993 cap.
3466 3939 3535 3978 ex
3568 3926 3801 3993 Tripar—

2266 4015 2370 4068 tita
2400 4014 2629 4067 historia
2658 4014 3052 4085 depromptum.

2192 4106 2336 4161 XIII.
2389 4108 2539 4174 Quod
2565 4124 2671 4162 non
2697 4124 2969 4164 sacrorum
3013 4112 3296 4178 ministris,
3329 4110 3423 4165 sed
3463 4111 3629 4177 laicis,
3668 4124 3801 4179 per-

2261 4202 2482 4256 missum
2512 4204 2585 4256 sit
2609 4206 2669 4256 ut
2696 4205 3058 4273 unusquisque
3079 4220 3235 4258 suam
3258 4204 3450 4258 habeat
3472 4219 3723 4258 uxorem.

2190 4295 2339 4350 XIV.
2393 4295 2535 4362 Quid
2578 4294 2865 4363 Apostolus
2908 4299 3196 4351 constituat
3244 4297 3311 4352 de
3365 4298 3541 4351 sacris
3590 4297 3803 4351 ordini—

2261 4387 2379 4442 bus.

480 4486 641 4547 prout
670 4478 1059 4550 Hispaniarum
1096 4482 1339 4555 episcOpi
1380 4486 1470 4556 qui
1506 4496 1801 4557 praesentes
1832 4498 1991 4545 erant
2014 4507 2071 4546 se

2211 4482 2308 4535 IV.
2343 4482 2500 4537 Utilis
2524 4484 2883 4539 consideratio
2911 4483 3148 4554 ejusdem
3176 4485 3554 4539 institutionis.

480 4569 721 4630 facturos
758 4576 1141 4646 promiserant.
1184 4580 1409 4649 Insuper
1446 4580 1599 4637 lecta:
1629 4581 1848 4638 fuerunt
1876 4584 2072 4642 littera

479 4664 655 4752 Ge-isa:
683 4667 979 4739 Hungariae
1011 4668 1171 4740 regis,
1202 4670 1399 4742 quibus
1426 4671 1569 4728 idem
1599 4691 1695 4730 rex
1736 4692 1897 4733 suum
1941 4694 2070 4752 erga

476 4750 661 4807 sedem
687 4755 1042 4824 apostolicam
1064 4757 1493 4830 incomparabile
1526 4762 1770 4819 studium
1799 4772 1852 4820 et
1878 4750 2068 4822 obser-

476 4846 713 4901 vantiam
741 4846 1027 4916 indicabat,
1076 4859 1263 4921 petens
1289 4868 1357 4908 ne
1394 4853 1800 4913 adversantium
1824 4856 2067 4916 hostium

474 4953 699 4995 suorum
735 4941 965 5012 querelis
993 4951 1048 4997 et
1083 4944 1439 5004 calumniosis
1473 4951 1914 5008 accusationibus
1959 4955 2065 5009 ulla

474 5029 612 5088 ﬁdes
653 5031 996 5090 adhibeatur.

544 5127 604 5181 In
627 5125 819 5182 eadem
870 5126 1080 5199 synodo
1113 5130 1441 5188 Guilielmus
1479 5136 1771 5206 episcopus
1817 5140 2062 5195 Bellova-

434 5276 437 5279 λ
469 5218 648 5275 censis
674 5218 905 5292 dignum
955 5222 1203 5279 exhibuit
1239 5226 1517 5296 specimen
1552 5229 1876 5288 Christianae
1929 5232 2062 5289 cha-

467 5312 641 5369 ritatis
666 5322 719 5370 et
745 5316 1068 5388 episcopalis
1110 5318 1416 5389 modestiae,
1456 5330 1519 5378 ut
1555 5322 1649 5395 qui
1679 5326 1997 5396 gravissima
2028 5346 2063 5387 a

2186 4576 2336 4629 XVI.
2373 4578 2648 4644 Expositio
2705 4578 2849 4631 beati
2886 4580 3203 4647 Hieronymi
3236 4593 3398 4648 super
3425 4576 3675 4634 eamdem
3719 4581 3803 4632 in-

2255 4673 2587 4727 stitutionem
2599 4712 2612 4725 .

2185 4766 2359 4821 XVII.
2391 4770 2467 4821 De
2503 4770 2699 4838 quarto
2725 4768 2930 4820 statuto
2963 4765 3241 4834 pradicta
3270 4764 3549 4822 decretalis
3592 4769 3800 4837 episto-

2256 4859 2342 4927 la,
2388 4876 2454 4914 ne
2498 4861 2733 4930 populus
2779 4860 2948 4926 ofﬁcia
3006 4859 3314 4915 clericorum
3360 4862 3605 4930 recipiat,
3665 4878 3804 4931 quos

2254 4956 2552 5024 apostolica
2580 4959 2789 5010 statuta
2814 4960 3136 5010 contemnere
3156 4957 3355 5011 videat.

2183 5047 2387 5104 XVIII.
2424 5049 2531 5104 Cur
2562 5064 2746 5103 eorum
2769 5049 2945 5115 oﬂicia
2966 5049 3164 5117 populo
3194 5051 3303 5103 sint
3324 5050 3626 5117 prohibita.

2176 5144 2323 5198 XIX.
2384 5144 2719 5213 Explanatio
2766 5142 3049 5213 cujusdam
3087 5142 3321 5213 capituli
3358 5143 3498 5211 quod
3534 5149 3806 5212 praesenti

2252 5241 2458 5292 statuto
2474 5238 2757 5292 videbatur
2768 5237 3067 5291 aduersari.

2180 5335 2293 5388 XX.
2325 5333 2469 5399 Quid
2497 5332 2774 5386 dominum
2819 5333 3166 5402 apostolicum
3210 5332 3527 5400 compulerit
3570 5336 3637 5385 ut
3680 5333 3805 5387 hac

2250 5428 2457 5478 statiua
2487 5424 2839 5493 depromeret.

2179 5520 2316 5574 XXI.
2350 5516 2508 5587 Quod
2552 5533 2659 5571 non
2697 5518 2832 5584 illis,
2877 5518 2970 5573 sed
2998 5520 3189 5574 sanctis
3234 5517 3510 5586 Patribus,
3548 5530 3658 5587 pro
3689 5518 3798 5571 hu-

2238 5612 2481 5681 jusmodi
2512 5614 2732 5667 statutis
2761 5616 2892 5667 esset
2918 5612 3333 5682 indignandum.

2177 5708 2347 5761 XXII.
2379 5707 2485 5763 Cur
2511 5707 2707 5763 eisdem
2734 5708 2955 5764 statutis
2984 5707 3148 5762 nulla
3174 5707 3443 5778 apposita
3468 5707 3581 5762 sint
3624 5704 3803 5759 indu.

2247 5805 2362 5860 cia.

467 5406 577 5463 suis
602 5415 719 5465 tam
753 5409 966 5467 clericis
998 5426 1166 5483 quam
1209 5412 1361 5471 laicis
1391 5430 1695 5487 perpessus,
1736 5435 1833 5491 pro
1864 5419 2059 5479 iisdem

464 5514 526 5557 ea
549 5500 619 5557 de
646 5517 807 5558 causa
835 5506 1328 5563 excommunicatis
1357 5508 1501 5580 apud
1530 5512 1844 5583 pontiﬁcem
1882 5516 2057 5573 inter-

462 5595 703 5661 cesserit,
734 5612 933 5669 eosque
958 5598 1027 5654 ab
1066 5604 1638 5665 excommunicatione
1668 5607 1873 5665 absolvi
1914 5612 2053 5682 peti-

459 5688 563 5744 erit
586 5698 641 5746 et
668 5689 1055 5763 impetraverit.
1084 5693 1169 5749 Ad
1195 5694 1335 5751 hanc
1363 5698 1615 5757 eamdem
1652 5702 1921 5774 synodum
1954 5719 2051 5759 vo-

457 5782 565 5837 cati
612 5792 740 5841 sunt
776 5786 1019 5843 canonici
1055 5788 1353 5860 Lucenses,
1394 5799 1455 5847 ut
1494 5809 1714 5850 causam
1754 5795 2047 5853 redderent
