4048 6174
266 351 364 404 753

1504 347 1871 403 CONCILIUM
1911 347 2239 404 ROMANUM
2280 352 2317 405 Ι.

3454 359 3558 414 ’154

266 475 460 530 XXIII.
498 474 651 541 Quod
679 473 904 528 domnus
932 474 1260 543 apostolicus
1309 489 1415 528 non
1429 476 1624 560 [solum
1653 475 1855 544 episco-
1883 477 1937 542 Α
1966 475 2384 547 tin0politanum
2432 493 2672 549 quoque,
2724 494 2836 550 quo
2872 479 3126 534 Eunomii
3168 487 3223 536 et
3251 481 3559 538 Macedonii

329 585 425 638 pos
444 569 539 623 sed
565 572 616 621 et
632 568 873 622 subditos
903 583 1081 622 eorum
1117 569 1380 621 damnare
1415 571 1604 637 possit.

270 664 462 718 XXIV.
493 663 643 728 Quod
684 661 969 730 cujuslibet
998 663 1233 732 episcopi
1256 662 1618 731 parcen-ianus
1670 663 1859 716 domno

335 756 621 826 apostolico
641 756 804 809 etiam
836 755 960 825 plus
988 755 1180 810 debeat
1207 756 1422 811 obedire
1445 772 1610 825 quam
1631 759 1857 826 proprio

337 852 595 920 episcopo.
775 838 782 846 ’

441 963 723 1019 APOLOG
736 963 989 1019 ETICUS
1046 964 1283 1018 SUPER
1334 965 1680 1020 DECRETA

269 1069 392 1135 Qute
434 1068 754 1120 venerabilis
802 1083 951 1136 papa
996 1069 1284 1135 Gregorius
1337 1069 1573 1137 ejusdem
1631 1072 1856 1124 nominis

333 1141 589 1207 septimus
617 1141 675 1190 in
723 1141 962 1193 Romana
1010 1141 1212 1206 synodo
1260 1139 1619 1208 promulgavit
1668 1146 1857 1195 contra.

334 1212 656 1266 Simmziacos
708 1215 757 1266 et
785 1212 1165 1264 incontinentes
1187 1213 1379 1266 altaris
1411 1215 1711 1267 ministros.

906 1331 1181 1371 PROLOGU
1190 1334 1238 1373 S.

333 1412 397 1464 In
419 1409 792 1480 superioribus
812 1409 1057 1479 epistolis
1081 1409 1152 1463 illi
1182 1419 1391 1478 nostro,
1424 1412 1562 1465 nolit
1612 1416 1764 1466 Deus
1799 1420 1858 1467 ut

264 1503 516 1573 deinceps
553 1503 756 1568 dicam,
810 1502 1032 1570 aemulo,
1066 1503 1160 1558 sed
1186 1505 1517 1559 amicissimo
1547 1503 1859 1560 satisfacere

261 1595 466 1660 studui,
488 1605 546 1651 et
571 1596 873 1667 capitulum
895 1597 1111 1651 statutis
1154 1597 1326 1652 nostri
1375 1598 1662 1669 apostolici
1717 1615 1856 1654 con-

260 1690 486 1744 trarium
513 1690 828 1745 nullatenus
874 1689 1300 1758 attendendum,
1332 1699 1394 1745 ut
1423 1700 1550 1762 puta
1583 1692 1685 1747 sub
1720 1707 1856 1746 ana—

266 1784 507 1838 themate
575 1782 918 1855 prohibitum
982 1783 1263 1839 evidenter
1313 1785 1642 1852 monstravi,
1717 1785 1851 1841 adeo

264 1877 512 1932 videlicet
551 1885 611 1932 ut
638 1878 753 1949 ipse
782 1877 994 1933 amicus
1023 1885 1206 1932 uoster
1247 1893 1306 1933 se
1317 1878 1435 1949 jam
1478 1894 1593 1933 non
1623 1878 1855 1933 ulterius

265 1971 624 2036 contentioni,
673 1970 771 2026 sed
819 1970 1075 2026 amicitiae
1130 1987 1352 2042 operam
1409 1971 1666 2026 daturum
1720 1971 1855 2026 mihi

263 2066 604 2122 rescriberet.
632 2065 738 2121 Sed
784 2067 963 2137 plures
993 2064 1175 2121 adhuc
1226 2074 1456 2131 restant,
1510 2065 1600 2137 qui
1649 2066 1856 2121 eisdem

263 2162 479 2215 statutis
520 2160 794 2215 obstinato
844 2161 1031 2216 animo
1087 2161 1320 2216 nimium
1367 2160 1688 2232 periculose,
1739 2161 1856 2216 imo

258 2255 556 2326 perniciose
618 2254 899 2322 resistunt,
972 2254 1063 2325 qui
1131 2264 1185 2309 et
1261 2255 1394 2310 alios
1475 2254 1852 2325 simpliciores,

258 2348 466 2420 quippe
519 2363 631 2402 non
693 2347 933 2402 multum
986 2346 1264 2402 studiosos
1315 2347 1403 2410 ad}
1436 2347 1856 2404 considerandos

254 2457 498 2496 canones
526 2440 660 2495 adeo
691 2440 981 2508 seducunt,
1021 2449 1084 2495 ut
1117 2450 1170 2496 et
1189 2441 1286 2511 ipsi
1318 2440 1604 2511 praedictas
1624 2442 1852 2496 authen-

253 2536 395 2590 ticas
435 2534 749 2589 sanctiones
799 2542 1173 2600 contemnant,
1219 2543 1272 2589 et
1315 2550 1471 2589 suam
1502 2533 1853 2590 consuetudi-

252 2645 383 2684 nem
409 2627 873 2699 jucundissimam
920 2627 1164 2699 quidem,
1191 2626 1287 2682 sed
1319 2627 1852 2698 perniciosissimam,

253 2722 490 2777 retinere
537 2721 894 2776 contendant.
959 2719 1120 2789 Quod
1175 2736 1289 2775 non
1328 2720 1507 2791 plures
1553 2735 1742 2774 eorum
1772 2718 1856 2774 fe-

251 2816 485 2878 cissent,
528 2823 588 2869 ut
616 2813 749 2869 mihi
794 2813 1028 2880 videtur,
1071 2814 1115 2869 si
1161 2813 1293 2884 ipsis
1329 2821 1675 2883 compertum
1719 2812 1857 2868 bene

253 2917 403 2964 esset
466 2923 635 2978 quam
701 2923 893 2978 parum
947 2916 1002 2961 et
1040 2907 1222 2978 potius
1269 2923 1435 2976 quam
1487 2905 1626 2960 nihil
1669 2915 1856 2961 noster

249 3001 590 3074 apostolicus
639 3001 694 3056 iu
741 3001 1017 3072 praedictis
1075 3000 1295 3055 statutis
1350 2999 1530 3055 deviet
1575 3016 1604 3054 a
1653 3000 1856 3055 sanctis

252 3097 530 3153 Patribus.
583 3098 928 3168 QuaprOpter
967 3095 1104 3150 mihi
1146 3095 1386 3166 meisque
1414 3095 1684 3150 similibus
1707 3111 1855 3149 com-

250 3191 489 3248 modum
557 3189 676 3245 fore
722 3190 933 3256 censui,
974 3189 1019 3244 si
1080 3188 1270 3244 eadem
1317 3196 1523 3243 statuta
1587 3187 1861 3243 canonicis
1893 3226 1938 3288 Ο

250 3283 542 3356 scripturis
596 3281 926 3350 conferrem,
971 3289 1026 3338 et
1083 3290 1332 3337 mutuam
1370 3297 1564 3336 eorum
1629 3297 1858 3336 concor-

251 3379 409 3435 diam
466 3377 864 3450 qualiscunque
917 3375 1041 3447 styli
1070 3374 1247 3430 ol'ﬁcio
1275 3375 1512 3431 breviter
1536 3391 1598 3430 ac
1627 3375 1860 3431 ﬁdeliter

250 3470 728 3536 commendarem,
786 3468 976 3524 ethoc
1031 3484 1091 3522 ea
1143 3467 1487 3523 intentione:
1543 3477 1603 3521 ut
1640 3469 1682 3522 si
1739 3469 1860 3537 quis

250 3565 492 3621 forsitan
551 3579 617 3619 ex
669 3563 849 3618 idiotis
902 3562 1006 3618 hoc
1062 3562 1327 3631 inspicere
1382 3561 1654 3631 dignetur,
1709 3570 1859 3615 tanto

249 3658 498 3714 vivacius
529 3656 598 3711 ad
644 3654 1016 3711 obediendum
1047 3653 1358 3725 apostolicis
1402 3653 1666 3708 institutis
1721 3655 1856 3708 resi-

252 3753 459 3823 piscat,
492 3759 698 3821 quanto
719 3748 1025 3804 evidentius
1076 3746 1260 3802 videat
1285 3746 1404 3802 hac
1441 3746 1633 3802 eadem
1681 3747 1858 3801 nulla-

251 3855 421 3900 tenus
450 3860 480 3898 a
510 3843 898 3899 sacratissimis
960 3841 1261 3896 canonibus
1310 3840 1545 3907 deviare,
1598 3840 1692 3895 sed
1733 3857 1860 3896 cum

247 3939 470 3996 eisdem
500 3953 564 3992 ex
594 3937 708 4009 ipsa
737 3951 892 3992 sacra
911 3936 1189 4006 Scriptura
1224 3935 1574 4006 processisse.

875 4037 1264 4094 CAPITULA.

318 4140 369 4192 Ι.
408 4137 477 4189 In
518 4133 710 4203 primis
751 4132 919 4204 igitur
968 4131 1298 4186 decretalem
1346 4129 1632 4199 epistolam
1687 4131 1859 4185 nostri

248 4227 557 4302 apostolici
606 4226 913 4282 describere
962 4225 1136 4296 juvat,
1170 4232 1232 4279 ut
1271 4230 1426 4278 tanto
1486 4223 1727 4294 apertius
1782 4239 1862 4278 se-

248 4322 484 4396 quentia
515 4321 818 4374 elucescere
848 4319 1078 4374 valeant.

321 4442 348 4465 ιι
396 4416 755 4472 Gneoomus
804 4413 1088 4484 episcopus
1134 4428 1328 4467 servus
1401 4426 1687 4467 servorum
1740 4412 1858 4480 Dei,

244 4510 458 4566 dilecto
481 4507 540 4563 in
557 4506 771 4562 Christo
801 4504 954 4560 fratri
1005 4507 1240 4561 Onam
1297 4505 1699 4559 Constantiensi
1739 4506 1856 4575 epi-

241 4619 450 4675 sc0po,
479 4601 714 4656 salutem
747 4606 801 4655 et
823 4598 1181 4670 apostolicam
1213 4597 1670 4653 benedictionem.

322 4717 351 4748 α
397 4693 670 4750 instantia
727 4693 1054 4748 nuntiorum
1105 4700 1353 4759 tuorum,
1408 4709 1438 4743 η
1518 4699 1625 4746 etc.
1670 4693 1870 4746 Exstat

242 4807 427 4862 supra
489 4791 632 4842 inter
676 4787 946 4856 epistolas.

314 4888 392 4940 ll.
425 4880 538 4937 Sed
564 4881 881 4953 priusquam
907 4888 1110 4935 statuta
1173 4877 1497 4951 singulatim
1552 4877 1870 4933 considere—

244 4995 400 5046 mus,
441 4973 714 5046 quiddam
745 4973 815 5028 de
845 4974 1090 5044 ipsorum
1116 4972 1720 5028 canonumauctoritate
1760 4987 1872 5027 non

242 5065 684 5128 incommodum
745 5066 958 5122 aestimo
1002 5067 1309 5138 praelibare,
1369 5073 1431 5121 ut
1477 5073 1631 5120 tanto
1659 5065 1870 5120 ﬁrmius

245 5172 520 5222 teneatur
546 5159 814 5232 quidquid
840 5175 905 5216 ex
937 5161 1014 5216 eis
1042 5161 1112 5216 ad
1142 5157 1548 5216 observandum
1574 5158 1731 5214 nobis
1773 5159 1868 5214 de-

243 5260 578 5315 nuntiatur.

318 5352 724 5410 Sanctissimus
774 5366 912 5422 papa
940 5349 1262 5422 Gregorius,
1290 5363 1457 5421 quem
1511 5355 1700 5403 noster
1735 5363 1868 5418 apo—

242 5447 494 5505 stolicus
547 5445 769 5500 nomine
823 5452 877 5499 et
933 5445 1147 5499 actione
1200 5442 1403 5498 nostris
1459 5440 1872 5513 repraesentavit

245 5540 628 5612 temporibus,
679 5539 733 5593 in
765 5552 862 5593 sua
909 5538 1187 5610 synodica,
1235 5536 1294 5592 id
1341 5543 1424 5591 est
1467 5535 1714 5606 synodali
1762 5535 1872 5605 epi-

243 5636 433 5699 stola,
482 5632 829 5687 sanctissima
871 5639 1105 5702 quatuor
1133 5629 1361 5685 concilia
1408 5627 1705 5703 conﬁrmat
1750 5629 1865 5683 ita:

245 5731 418 5786 Sicut
451 5725 622 5781 sancti
649 5726 926 5797 Evangelii
965 5732 1219 5798 quatuor,
1253 5723 1332 5780 sic
1369 5731 1606 5794 quatuor
1641 5721 1868 5777 concilia

245 5821 550 5892 suspicere
573 5827 634 5875 et
660 5818 904 5876 venerari
949 5833 1040 5874 me
1063 5816 1273 5874 fateor:
1319 5817 1609 5873 Nicaenum
1640 5814 1863 5881 scilicet,

247 5916 314 5973 in
347 5927 475 5986 quo
498 5927 820 5986 perversum
846 5911 958 5970 Arii
1005 5911 1202 5984 dogma
1233 5911 1557 5979 destruitur;
1588 5912 1860 5968 Constan-

1966 584 2119 624 error
2165 570 2531 638 convincitur;
2580 571 2917 642 Ephesinum
2961 572 3123 627 etiam
3186 575 3450 644 primum,
3498 578 3558 632 in

1965 679 2074 734 quo
2127 664 2368 719 Nestorii
2450 665 2712 736 impietas
2737 665 3049 736 judicatur;
3118 666 3558 726 Chalcedonenso

1965 772 2114 823 vero,
2147 757 2205 811 in
2222 773 2332 827 quo
2357 758 2671 830 Eutychetis
2699 760 3055 833 Dioscorique
3084 762 3319 833 pravitas
3366 779 3556 833 repro-

1965 850 2146 916 batur,
2190 857 2303 904 tota
2348 851 2635 906 devotione
2687 854 3008 923 amplector,
3053 855 3402 927 integerrima
3455 873 3557 929 ap-

1965 943 2284 1015 probatione
2310 943 2588 1012 custodio;
2641 945 2764 1016 quia
2800 947 2854 1000 in
2904 947 2988 1001 his
3017 948 3161 1004 velut
3205 951 3264 1005 in
3291 949 3557 1021 quadrato

1965 1037 2147 1109 lapide
2175 1047 2377 1093 sancta:
2399 1037 2523 1093 ﬁdei
2551 1047 2823 1094 structura
2843 1042 3146 1112 consurgit,
3191 1051 3246 1098 et
3273 1043 3558 1113 cujuslibet

1968 1133 2092 1187 vitae
2142 1141 2303 1203 atque
2331 1132 2559 1187 actionis
2586 1147 2779 1187 norma
2831 1133 3099 1188 consistit.
3153 1135 3412 1207 Quisquis
3466 1154 3556 1194 eo-

1967 1242 2091 1281 rum
2113 1225 2440 1281 soliditatem
2470 1241 2582 1280 non
2611 1233 2781 1293 tenet,
2813 1226 3028 1281 etiamsi
3065 1228 3196 1298 lapis
3225 1245 3341 1284 esse
3385 1230 3558 1286 videa-

1965 1330 2077 1386 tur,
2117 1329 2306 1374 tamen
2346 1327 2496 1374 extra
2527 1318 2819 1374 aediﬁcium
2840 1319 3002 1391 jacet.
3035 1322 3271 1376 Cunctas
3287 1338 3411 1376 vero
3440 1339 3559 1394 pcr-

1967 1429 2129 1469 sonas
2179 1428 2313 1483 quas
2371 1412 2596 1482 praefata
2655 1413 2960 1468 veneranda
3009 1415 3239 1470 concilia
3297 1426 3559 1486 respuunt

1967 1524 2188 1579 respuo,
2213 1523 2346 1579 quas
2367 1517 2692 1562 venerantur
2716 1508 3043 1578 amplector;
3113 1508 3244 1579 quia
3273 1506 3410 1564 dum
3436 1510 3559 1564 uni-

1967 1603 2156 1657 versali
2205 1617 2470 1656 consensu
2544 1607 2670 1654 sunt
2715 1601 3028 1667 constituta,
3082 1617 3139 1655 se
3188 1609 3243 1656 et
3306 1617 3416 1656 non
3473 1602 3565 1657 illa

1965 1695 2216 1761 destruit,
2250 1694 2499 1766 quisquis
2535 1694 2822 1764 praesumit
2853 1704 2944 1748 aut
2994 1695 3205 1750 solvere
3250 1709 3390 1765 quos
3435 1695 3562 1749 reli-

1960 1798 2108 1862 gant,
2139 1797 2234 1843 aut
2270 1789 2432 1859 ligare
2461 1803 2600 1857 quos
2627 1788 2864 1842 solvunt.
2917 1788 3177 1858 Quisquis
3223 1803 3354 1858 ergo
3415 1787 3558 1844 aliud

1887 1855 1933 1916 B
1961 1855 2120 1953 sapit,
2153 1855 2441 1937 anathema
2467 1855 2556 1936 sit.
2593 1884 2875 1950 Hucusque
2929 1855 3236 1950 Gregorius.

2038 1979 2193 2031 Hanc
2223 1984 2408 2031 autem
2435 1973 2758 2046 synodalem
2784 1975 3066 2045 epistolam
3118 1974 3266 2030 idem
3297 1975 3564 2046 apostoli-

1963 2087 2060 2126 cus
2105 2070 2290 2125 statim
2330 2078 2454 2139 post
2498 2067 2904 2123 ordinationem
2938 2083 3097 2123 suam
3137 2070 3472 2139 composuit,
3510 2078 3567 2125 et

1967 2164 2190 2235 reliquis
2255 2161 2608 2233 patriarcliis,
2666 2160 2865 2231 quippe
2937 2161 3562 2232 Constantinopolitano,

1966 2255 2359 2320 Alexandrino,
2387 2253 3288 2319 Antiocheno,‘Hierosolymitano
3308 2254 3568 2309 transmi-

1965 2350 2051 2404 sit.
2077 2348 2432 2405 Consuetudo
2455 2348 2600 2403 enim
2648 2356 2764 2402 erat
2789 2363 2854 2402 eo
2893 2355 3145 2417 tempore
3169 2355 3230 2402 ut
3260 2347 3488 2418 quilibet
3514 2349 3566 2402 in

1968 2444 2144 2514 aliqua
2191 2443 2634 2515 patriarchalium
2673 2440 2890 2497 sedium
2915 2441 3128 2495 noviter
3174 2440 3474 2507 ordinatus,
3506 2459 3564 2498 se

1967 2537 2252 2606 praedictas
2297 2545 2528 2607 quatuor
2555 2536 2795 2607 synodos
2823 2533 3121 2598 custodire,
3158 2535 3388 2606 reliquis
3436 2535 3569 2591 sedi-

1968 2633 2067 2686 bus
2108 2631 2424 2686 transmissa
2455 2631 2678 2700 epistola
2729 2628 3095 2700 proﬁteretur,
3134 2637 3430 2700 antequam
3463 2646 3560 2684 no-

1967 2741 2091 2779 men
2145 2725 2260 2794 ejus
2304 2723 2446 2793 apud
2473 2723 2704 2793 reliquas
2731 2721 2889 2776 sedes
2934 2722 2988 2775 in
3014 2721 3289 2791 diptychis
3319 2722 3554 2778 describi

1965 2825 2303 2873 mereretur:
2353 2832 2557 2870 nomen
2589 2814 2833 2870 videlicet
2872 2814 3290 2885 pmdecessoris
3330 2815 3470 2886 ejus,
3505 2815 3565 2870 li-

1967 2920 2055 2966 cet
2084 2908 2348 2969 deluncti,
2380 2909 2611 2980 reliqua:
2651 2907 2808 2962 sedes
2855 2907 3249 2977 computabant
3287 2907 3433 2962 inter
3480 2908 3562 2962 vi-

1968 3013 2169 3071 ventes,
2201 3003 2376 3058 donec
2426 3003 2598 3073 ipsius
2644 3000 2856 3056 noviter
2907 2999 3262 3054 inthronizati
3320 3001 3565 3071 praesulis

1965 3098 2284 3170 synodicam
2320 3098 2620 3167 reciperent
2638 3093 2924 3165 epistolam
2958 3110 2970 3146 :
2999 3108 3119 3162 qua:
3154 3093 3281 3163 quia
3310 3093 3566 3148 eumdem

1974 3193 2296 3263 episcopum
2347 3198 2582 3260 quatuor
2635 3187 2872 3259 synodos
2932 3187 3199 3257 recepisse
3257 3185 3565 3254 denotavit,

1969 3287 2073 3341 hoc
2099 3285 2199 3341 sibi
2243 3299 2448 3338 nomen
2473 3283 2781 3351 synodicam
2823 3279 2891 3335 ab
2939 3279 3142 3336 eisdem
3192 3279 3415 3352 synodis
3457 3296 3566 3336 non

1969 3379 2268 3449 incongrue
2290 3376 2507 3432 videtur
2535 3383 2835 3430 mutuasse.
2869 3375 3028 3428 Hanc
3056 3382 3241 3428 autem
3269 3381 3565 3428 consuetu-

1967 3472 2158 3528 dinem
2182 3470 2326 3525 illius
2353 3469 2616 3540 temporis
2640 3467 2808 3522 fuisse
2848 3466 2992 3521 idem
3021 3466 3401 3522 sanctissimus
3429 3483 3564 3538 papa

1969 3573 2199 3621 testatur
2247 3565 2303 3618 in
2347 3563 2574 3634 epistola
2602 3560 2671 3616 ad
2697 3559 3066 3616 Secundinum
3099 3575 3320 3615 servum
3353 3560 3457 3616 Dei
3483 3561 3568 3614 in-

1968 3661 2205 3725 clusum,
2233 3673 2398 3729 quam
2418 3665 2472 3710 et
2500 3671 2672 3727 usque
2701 3654 2770 3710 ad
2799 3653 2941 3709 beati
2987 3668 3143 3725 papae
3174 3653 3398 3709 Adriani
3423 3663 3566 3710 tem-

1970 3769 2121 3824 pora,
2153 3753 2352 3823 quippe
2396 3749 2464 3805 ad
2489 3748 2746 3805 Carolum
2792 3763 2999 3819 regem,
3047 3746 3371 3818 perdurasse
3403 3750 3569 3803 Joan-

1970 3861 2065 3901 nes
2088 3850 2360 3900 Romanae
2385 3843 2643 3898 Ecclesia:
2680 3840 2952 3896 diaconus
2999 3839 3212 3908 asserit,
3262 3841 3355 3912 qui
3383 3840 3567 3896 Vitam

1971 3942 2029 3994 S.
2071 3938 2316 4010 Gregorii
2369 3953 2443 3992 ex
2500 3943 2770 4006 praecepto
2821 3933 3054 3989 Joannis
3119 3948 3274 4006 papae
3337 3933 3567 3990 ﬁdeliter

1970 4032 2274 4103 descripsit.
2320 4029 2425 4087 Sed
2469 4037 2655 4084 utrum
2709 4027 2885 4083 adhuc
2955 4027 3152 4083 eadem
3224 4027 3568 4083 consuetudo

1971 4126 2227 4195 perduret
2250 4125 2470 4195 ignoro,
2511 4137 2676 4194 quam
2711 4131 2898 4176 tamen
2949 4120 3188 4192 prmlatis
3227 4121 3568 4192 temporibus

1967 4218 2134 4274 fuisse
2182 4234 2292 4273 non
2337 4216 2546 4271 dubito.
2597 4218 2751 4269 Patet
2794 4230 2925 4285 ergo
2963 4214 3358 4270 evidentissima
3402 4229 3567 4285 quam

1971 4328 2184 4384 magnae
2228 4311 2341 4366 sint
2368 4309 2707 4365 auctoritatis
2752 4307 2842 4362 illa
2881 4316 3116 4378 quatuor
3155 4308 3412 4374 concilia,
3444 4323 3567 4380 qua:

1971 4415 2194 4461 sanctus
2221 4402 2544 4474 Gregorius,
2573 4401 2686 4455 imo
2729 4416 2824 4471 per
2847 4401 3028 4471 ipsum
3066 4401 3299 4471 Spiritus
3320 4409 3565 4470 sanctus,

1969 4515 2082 4555 non
2112 4497 2303 4563 semel,
2327 4505 2385 4552 ut
2416 4495 2743 4567 praedictum
2763 4501 2863 4563 est,
2896 4493 2990 4548 sed
3020 4493 3217 4562 saepius
3245 4501 3301 4548 et
3328 4495 3568 4564 Evange-

1882 4609 1932 4670 D
1964 4594 2046 4650 liis
2089 4599 2394 4662 comparat,
2447 4598 2500 4645 et
2544 4603 2744 4644 omnes
2797 4587 2865 4642 ab
2917 4583 3125 4642 eisdem
3180 4584 3569 4643 dissentientes

1979 4685 2437 4750 anathematizat,
2482 4698 2601 4753 qua:
2641 4690 2697 4736 et
2743 4679 2972 4752 quilibet
2998 4678 3232 4733 novitius
3260 4679 3567 4750 patriarcha

1977 4797 2036 4837 se
2067 4780 2483 4835 observaturum
2514 4791 2610 4847 per
2637 4774 2920 4845 epistolam
2969 4787 3127 4828 suam
3179 4773 3407 4845 reliquis
3435 4773 3570 4830 sedi-

1979 4874 2082 4930 bus
2128 4870 2371 4944 proﬁteri
2421 4870 2673 4936 debebat,
2727 4869 2774 4924 si
2820 4883 2878 4924 se
2929 4869 3073 4922 inter
3123 4867 3425 4924 catholicos
3467 4884 3567 4939 pa-

1977 4966 2239 5023 triarchas
2269 4965 2323 5018 in
2347 4963 2613 5035 diptychis
2640 4961 2869 5018 describi
2904 4960 3138 5017 volebat.

2050 5062 2145 5116 ιιι.
2201 5063 2435 5115 Decreta
2477 5072 2604 5112 vero
2662 5055 3138 5112 sanctissimorum
3176 5057 3567 5112 Romanorum

1979 5154 2324 5227 pontiﬁcum,
2381 5153 2426 5208 si
2480 5165 2785 5223 possemus,
2842 5149 3009 5205 etiam
3061 5148 3362 5205 studiosius
3399 5165 3568 5220 quam

1976 5251 2066 5305 illa
2098 5257 2333 5321 quatuor
2360 5245 2590 5301 concilia
2633 5243 2875 5299 venerari
2927 5251 2982 5298 et
3035 5241 3327 5298 observare
3349 5242 3570 5299 debere-

1978 5358 2125 5409 mus,
2156 5357 2282 5397 cum
2303 5348 2357 5394 et
2383 5340 2497 5410 ipsa
2514 5337 2741 5393 concilia
2770 5335 2924 5392 omni
2952 5334 3210 5390 ﬁrmitate
3231 5342 3502 5400 carerent,
3527 5335 3570 5390 si

1980 5450 2090 5491 non
2119 5434 2432 5506 apostolica
2468 5431 2609 5489 sedis
2636 5430 2918 5503 pontiﬁces
2940 5428 3134 5485 eadem
3163 5443 3258 5501 per
3309 5429 3569 5501 apostoli-

1981 5545 2102 5585 cam
2130 5528 2510 5584 auctoritatem
2534 5540 2869 5598 congregare
2908 5531 2964 5578 et
3005 5523 3361 5579 corroborare
3388 5523 3574 5579 decre-

1980 5623 2200 5679 vissent.
2230 5620 2393 5678 Unde
2417 5629 2473 5676 et
2497 5598 2690 5676 beatus
2716 5635 2854 5691 papa
2891 5616 3202 5684 Marcellus,
3256 5616 3350 5689 qui
3375 5624 3432 5671 et
3451 5624 3572 5671 ante

1977 5717 2266 5773 Nicanum
2283 5714 2570 5771 concilium
2605 5729 2700 5769 sua
2729 5713 2944 5769 decreta
2975 5711 3234 5784 martyrio
3275 5723 3569 5765 consecra-

1978 5811 2078 5880 vit,
2121 5811 2258 5882 ipse,
2308 5810 2566 5880 inquam,
2596 5807 2676 5861 vir
2701 5805 3032 5878 apostolicus
3080 5806 3133 5860 in
3177 5803 3406 5859 decretis
3453 5800 3567 5857 suis

1977 5906 2153 5978 capite
2174 5903 2468 5961 undecimo
2488 5908 2721 5956 testatur
2751 5918 2763 5954 :
2786 5899 2857 5952 ita
2888 5901 2908 5951 l
2917 5897 2996 5967 psi
3018 5895 3242 5968 apostoli
3267 5908 3567 5964 eorumque
