4024 6170
490 363 494 365 _
531 312 634 366 755

1244 306 1300 360 S.
1341 303 1660 359 GREGORII
1699 303 1786 359 VII
1824 302 1975 360 OPP.
2014 302 2187 358 PARS
2224 302 2310 357 Ill.
2350 324 2422 342 ιι·-
2459 301 2769 358 CONCILIA
2808 302 3114 362 ROMANA.
3715 307 3799 363 7M

531 445 904 500 successores,
962 428 1196 485 Domino
1245 429 1580 500 inspirante,
1615 429 2024 484 constituerunt
2065 436 2126 482 ut
2152 432 2205 495 Α
2308 426 2636 483 IV.Sednec
2660 428 2867 500 reliqua
2891 429 3124 486 concilia
3141 430 3527 502 parvipendere
3545 430 3798 497 debemus,

532 528 686 583 nulla
719 526 871 581 ﬁeret
893 523 1133 597 synodus
1162 531 1361 594 prater
1379 526 1649 579 Romanae
1669 522 1815 578 sedis
1834 521 2128 577 auctorita-

536 630 669 677 tem.
701 622 933 676 Sanctus
961 634 1183 689 quoque
1198 616 1536 675 Athanasius
1573 616 1770 687 praesul
1797 615 2127 672 Alexandri-

534 730 665 783 nus,
686 713 778 785 qui
816 729 928 768 non
972 710 1204 767 minima
1253 726 1377 782 pars
1426 711 1634 768 Νίσιθοὶ
1688 710 1903 767 concilii
1931 708 2033 765 fuit
2070 709 2125 764 in

536 808 759 880 epistola
784 806 852 862 ad
872 806 1108 863 Felicem
1143 821 1342 877 papam
1374 821 1494 876 cap.
1527 805 1674 875 it,ita
1700 804 1834 860 dicit
1866 822 1880 858 ε
1918 804 2130 859 Scimus

538 902 595 958 in
619 901 840 957 Nicaena
867 916 1064 971 magna
1088 898 1296 973 synodo
1321 907 1696 954 trecentorum
1714 898 1910 956 decem
1929 906 1985 955 et
2002 906 2128 954 octo

534 996 920 1066 episcoporum
962 994 1030 1049 ab
1076 993 1335 1049 omnibus
1380 992 1725 1048 concorditer
1749 1008 1867 1048 esse
1908 992 2132 1048 robora-

538 1097 658 1144 tum
689 1105 801 1143 non
843 1087 1043 1142 debere
1058 1088 1263 1159 absque
1290 1088 1531 1143 Romani
1559 1086 1835 1158 pontiﬁcis
1860 1085 2131 1141 sententia

537 1182 767 1238 concilia
818 1181 1093 1237 celebrari.
1146 1180 1252 1236 Sed
1299 1189 1356 1235 et
1410 1181 1582 1238 beata:
1628 1180 1916 1235 memoriis
1956 1180 2133 1235 Julius

538 1292 675 1347 papa
717 1274 945 1345 idipsum
984 1292 1101 1346 cap.
1160 1282 1194 1331 5
1230 1275 1532 1346 proﬁtetur,
1581 1274 1810 1330 dicens:
1855 1273 1961 1344 Ipsi
2006 1288 2132 1328 vero

536 1370 735 1440 prima
778 1369 922 1425 sedis
966 1369 1227 1424 Ecclesiae
1272 1367 1745 1423 convocandarum
1795 1367 2131 1439 generalium

538 1461 879 1534 synodorum
900 1463 1024 1534 jura
1043 1472 1098 1517 et
1107 1462 1311 1534 judicia
1349 1462 1729 1533 episcoporum
1751 1461 2013 1533 singulari
2032 1460 2133 1532 pri-

538 1556 733 1626 vilegio
748 1542 1067 1627 evangelicis
1086 1564 1143 1611 et
1159 1556 1475 1627 apostolicis
1499 1564 1664 1627 atque
1692 1555 1966 1611 canonicis
1992 1571 2131 1611 con-

538 1664 688 1705 cessa
727 1657 859 1704 sunt
894 1649 1198 1729 institutis.
1254 1651 1318 1703 B.
1346 1665 1585 1721 quoque
1608 1654 1879 1705 Damasus
1914 1664 2049 1720 papa
2078 1650 2133 1703 in

537 1741 773 1798 decretis
801 1744 922 1798 suis
958 1758 1076 1813 cap.
1112 1750 1147 1799 9
1183 1742 1327 1799 hanc
1350 1742 1533 1799 intulit
1561 1743 1934 1800 sententiam:
1979 1742 2139 1798 Nulla

2236 522 2290 575 in
2333 521 2530 593 quibus
2567 523 2741 577 multa
2790 534 3061 593 nusquam
3118 524 3246 580 alibi
3285 525 3521 592 iurenta,
3574 525 3801 581 ecclesia-

2234 615 2389 672 stica:
2436 624 2621 671 tamen
2666 615 3055 688 dispensationi
3105 619 3438 681 necessarie.
3506 619 3801 691 reperimus;

2236 726 2359 781 quae
2386 710 2605 781 quidem
2627 727 2658 766 a
2682 711 3058 782 superioribus
3093 712 3429 770 authenticis
3462 714 3805 770 sanctionibus

2238 804 2392 858 nullo
2439 803 2607 859 modo
2654 803 2987 876 discrepant,
3042 822 3169 861 cum
3218 807 3541 863 Christianae
3590 806 3807 879 religioni

2237 897 2577 969 apertissime
2617 898 2955 956 conveniant.
2990 900 3344 972 Hujusmodi,
3387 900 3639 972 inquam,
3689 901 3811 973 capi-

2241 992 2352 1047 tula
2384 992 2436 1046 in
2468 991 2802 1064 quibuslibet
2842 993 3088 1050 conciliis
3134 994 3377 1063 inventa,
3406 995 3724 1051 nullatenus
3759 994 3811 1050 ab

2241 1082 2424 1159 aliquo
2454 1086 2718 1142 catholico
2742 1094 2871 1142 sunt
2918 1086 3334 1155 contemnenda,
3370 1091 3679 1160 praesrtim
3712 1105 3813 1144 cum

2242 1180 2355 1251 ipsa
2383 1180 2587 1252 reliqua
2628 1181 2857 1236 concilia
2884 1195 2952 1236 ex
2988 1183 3479 1237 sacratissimarum
3510 1182 3816 1238 auctoritate

2243 1274 2595 1328 sanctionum
2644 1274 2992 1330 descendisse
3028 1292 3139 1331 non
3192 1275 3532 1341 dubitentur,
3591 1292 3720 1347 qua:
3741 1293 3817 1348 per

2240 1366 2477 1437 singulas
2514 1368 2820 1439 provincias
2866 1368 2995 1424 bina
3046 1370 3425 1440 episcoporum
3458 1370 3693 1425 concilia
3739 1386 3817 1425 an-

2240 1460 2451 1516 nuatim
2509 1460 2627 1517 ﬁeri
2685 1461 2997 1517 ﬁrmissime
3029 1462 3348 1519 decernunt.
3394 1465 3548 1531 Hoc,
3589 1464 3817 1535 inquam,

2242 1554 2433 1609 beatus
2452 1555 2746 1611 Anacletus
2774 1555 2842 1610 ab
2876 1556 2996 1626 ipso
3036 1557 3279 1627 principe
3306 1558 3695 1628 apostolorum
3721 1572 3821 1629 pre-

2241 1649 2428 1719 sbyter
2454 1647 2734 1704 ordinatus
2766 1649 2821 1703 in
2865 1648 3098 1705 decretis
3125 1651 3237 1706 suis
3285 1666 3407 1722 cap.
3448 1654 3511 1706 i1
3539 1652 3821 1716 certissime

2248 1741 2507 1798 decernit.
2556 1742 2937 1814 Congregatio,
2979 1744 3175 1815 inquit,
3219 1752 3572 1799 summorum
3604 1760 3707 1816 per
3729 1747 3819 1800 sin-

540 1852 786 1907 unquam
834 1836 1060 1891 concilia
1103 1845 1223 1893 rata
1244 1838 1498 1909 leguntur
1526 1852 1646 1908 qum
1684 1852 1799 1892 non
1841 1845 1969 1892 sunt
2008 1836 2139 1891 fulta
2170 1826 2217 1899 Β
2251 1836 2407 1908 gulos
2429 1851 2602 1891 annos
2630 1835 2746 1891 ﬁeri
2778 1836 2916 1892 solet
2938 1845 2995 1891 et
3012 1836 3195 1892 debet.
3227 1840 3348 1893 Hoc
3388 1838 3821 1894 excellentissima

537 1929 835 2001 apostolica
872 1931 1220 2001 auctoritate.
1264 1932 1365 1986 His
1383 1940 1573 1987 autem
1612 1930 1896 1986 ententiis
1928 1934 1993 1986 Β.
2037 1930 2135 1985 Isi-

531 2023 720 2091 dorus,
747 2023 976 2079 rimator
994 2024 1403 2095 Scripturarum
1454 2024 1861 2095 sagacissimus,
1901 2024 2135 2081 ﬁdeliter

538 2116 882 2186 astipulatur,
927 2116 1526 2187 dicens:Synodorum
1560 2132 1685 2171 vero
1733 2117 2136 2189 congreganda-

538 2224 664 2265 rum
718 2208 1015 2265 auctoritas
1067 2209 1380 2279 apostolica:
1418 2209 1534 2265 sedi
1577 2210 1785 2281 privata
1837 2211 2136 2267 commissa

538 2309 621 2356 est
648 2309 934 2372 potestate,
973 2318 1074 2357 nec
1115 2303 1284 2357 ullam
1328 2310 1504 2358 ratam
1554 2319 1675 2358 esse
1724 2304 1955 2376 legimus
2012 2318 2137 2375 qua:

538 2394 656 2466 ejus
671 2411 787 2450 non
815 2394 984 2451 fuerit
1012 2395 1339 2451 auctoritate
1367 2404 1694 2468 congregata
1729 2407 1783 2453 et
1810 2396 1971 2453 fulta.
2004 2400 2137 2453 Haec

538 2488 796 2544 canonica
826 2496 1062 2545 testatur
1107 2489 1423 2545 auctoritas.
1468 2492 1603 2545 Haec
1641 2490 2004 2547 ecclesiastica
2059 2490 2139 2545 hi-

535 2582 704 2637 storia
741 2582 986 2639 roborat.
1036 2584 1172 2637 Haec
1216 2584 1389 2639 sancti
1428 2564 1623 2639 Patres
1668 2583 2023 2639 conﬁrmant.
2078 2585 2135 2641 Si

536 2690 666 2746 ergo
689 2676 776 2730 illa
805 2683 1041 2745 quatuor
1067 2674 1296 2732 concilia
1322 2676 1473 2731 omni
1511 2677 1835 2732 auctoritate
1865 2686 2131 2747 carerent,

535 2768 643 2824 nisi
678 2768 1052 2839 principaliter
1092 2784 1159 2823 ex
1199 2769 1433 2826 decretis
1478 2773 1861 2826 Romanorum
1919 2772 2137 2842 pontiﬁ-

536 2877 663 2917 cum
704 2861 1019 2917 iirmitatcm
1078 2862 1412 2931 obtinerent,
1472 2864 1597 2935 quis
1661 2863 1884 2919 inﬁciari
1941 2866 2142 2936 poterit

535 2963 742 3028 quanto
767 2955 987 3012 decreta
1028 2971 1125 3027 per
1178 2957 1327 3027 ipsos
1351 2957 1685 3028 apostolicos
1724 2957 1874 3013 viros
1903 2960 2149 3029 promul-

533 3058 656 3121 gata
702 3049 895 3120 majori
951 3050 1303 3106 veneratione
1333 3050 1500 3122 digna
1573 3051 1777 3107 merito
1824 3062 2150 3108 censeantur

535 3159 701 3215 quam
728 3142 841 3215 ipsa
877 3143 1124 3211 concilia,
1151 3160 1277 3216 qua:
1319 3160 1434 3199 non
1471 3160 1570 3215 per
1607 3144 1852 3216 ipsorum
1882 3146 2147 3217 apostoli-

535 3252 733 3293 corum
778 3238 1154 3308 prmsentiam,
1199 3237 1295 3294 sed
1330 3243 1546 3293 tantum
1575 3254 1673 3311 per
1701 3254 1894 3295 eorum
1921 3238 2147 3312 legatio-

536 3345 674 3385 nem
717 3330 1034 3387 authentica
1079 3330 1197 3387 ﬁeri
1242 3332 1640 3388 merebantur?
1691 3332 1778 3388 Sic
1828 3333 1973 3389 enim
2005 3334 2149 3405 legat

534 3422 681 3480 sedis
720 3424 1033 3495 apostolicae
1062 3425 1404 3481 'eorumdem
1462 3425 1846 3498 principalium
1891 3428 2148 3484 concilio-

535 3533 665 3573 rum
716 3518 1029 3575 sanctiones
1079 3519 1332 3590 primaria
1383 3520 1791 3591 subscriptione
1853 3522 2145 3593 apostolica

536 3611 650 3666 vice
687 3613 1101 3668 canonisabant.
1132 3615 1345 3682 Nempe
1393 3613 1497 3669 sub
1524 3613 1781 3685 piissimo
1816 3615 2144 3688 imperatore

537 3705 920 3772 Constantino,
963 3721 1195 3775 magnus
1234 3704 1400 3761 Osius
1424 3706 1795 3763 Cordubensis
1835 3710 2143 3779 episcopus,

538 3796 724 3851 Victor
772 3805 829 3852 et
878 3798 1197 3853 Vincentius
1246 3798 1543 3870 presbyteri
1587 3803 1855 3857 Romana:
1892 3802 2148 3859 Ecclesiae

537 3907 602 3945 ex
624 3898 777 3961 parte
805 3891 979 3946 sancti
1009 3891 1257 3947 Silvestri
1288 3908 1439 3962 papae
1458 3892 1681 3949 Niceno
1720 3894 1954 3950 concilio
2003 3911 2145 3966 prae-

541 3983 791 4053 fuerunt,
829 3992 886 4040 et
909 3984 1088 4054 ipsum
1122 3984 1405 4055 principali
1447 3986 1846 4056 subscriptione
1891 3988 2147 4045 ﬁrmave-

540 4084 686 4133 runt.
719 4081 859 4132 Item
899 4078 1244 4148 temporibus
1282 4078 1576 4135 Theodosii
1617 4080 1853 4151 junioris
1902 4084 2139 4154 Augusti

542 4179 764 4227 sanctus
796 4170 1027 4243 Cyrillus
1068 4171 1373 4243 patriarcha
1421 4172 1830 4230 Alexandrinus
1880 4184 1935 4230 et
1983 4179 2152 4232 Arca-

544 4265 670 4320 dius
696 4266 983 4337 episcopus
1021 4280 1086 4321 ex
1118 4265 1270 4320 Italia
1302 4266 1413 4320 vice
1448 4267 1745 4323 beatissimi
1784 4283 1939 4341 papae
1970 4271 2147 4327 Caele—

545 4358 672 4413 stini
692 4358 973 4429 Ephesiae
989 4359 1221 4415 concilio
1239 4360 1592 4431 prefuarunt,
1629 4370 1686 4418 et
1713 4362 1895 4434 ipsum
1920 4373 2137 4436 aposto-

543 4452 649 4509 lica
689 4453 802 4509 vice
837 4452 1349 4511 corroboraverunt.
1406 4458 1542 4511 Item
1591 4463 1840 4527 tempore
1893 4460 2154 4515 Marciani

2241 1929 2487 2002 synodus
2527 1930 2745 1986 Nicteua
2791 1946 2909 2001 cap.
2969 1937 3002 1985 5
3052 1931 3360 1987 constituit.
3420 1934 3595 2001 Bene,
3650 1933 3823 2005 inquit,

2242 2021 2439 2094 placuit
2465 2023 2698 2095 singulis
2712 2022 2867 2079 annis
2896 2039 2993 2094 per
3022 2034 3466 2097 unamquamque
3494 2027 3819 2098 provinciam

2243 2116 2327 2171 bis
2351 2116 2403 2170 in
2434 2128 2578 2171 anno
2609 2116 2839 2172 concilia
2866 2116 3148 2183 celebrari,
3179 2127 3241 2174 ut
3263 2120 3636 2175 communiter
3663 2118 3825 2175 omni-

2245 2210 2346 2265 bus
2398 2210 2562 2266 simul
2618 2210 2883 2283 episcopis
2939 2212 3281 2282 congregatis
3325 2211 3690 2269 discutiantur
3742 2214 3828 2269 bu-

2237 2302 2479 2374 jusmodl
2497 2303 2846 2374 quaestiones.
2871 2305 3011 2360 Item
3022 2305 3697 2376 Constantinopolitsnum
3713 2323 3828 2363 con-

2246 2396 2460 2465 cilium,
2506 2397 2837 2453 enumeratls
2865 2397 3155 2470 privilegiis
3195 2398 3539 2456 diversarum
3578 2401 3822 2456 Ecclesia-

2245 2506 2392 2559 rum,
2435 2507 2554 2561 cap.
2585 2497 2617 2545 2
2647 2490 2935 2547 constituit
2961 2511 2974 2547 :
3006 2494 3227 2548 Servata
3256 2493 3444 2565 regula
3471 2507 3599 2565 quin
3636 2496 3823 2566 scripta

2248 2593 2333 2639 est
2361 2584 2429 2639 de
2469 2584 2979 2655 gubernationibus,
3027 2584 3380 2641 manifestum
3430 2596 3519 2643 est
3555 2587 3697 2658 quod
3737 2588 3821 2643 illa

2248 2690 2373 2749 quae
2403 2684 2533 2732 sunt
2557 2693 2653 2748 per
2682 2691 3130 2751 unamquamque
3156 2680 3498 2750 provinciam
3530 2681 3689 2752 ipsius
3710 2696 3827 2751 pro-

2247 2771 2435 2827 vinciae
2460 2770 2705 2843 synodus
2748 2772 3046 2843 dispenset,
3076 2773 3218 2829 sicut
3256 2773 3481 2831 Nicteno
3510 2783 3719 2830 constat
3740 2774 3822 2830 de-

2253 2873 2468 2921 cretum
2511 2874 2630 2920 esse
2674 2866 2932 2921 concilio.
2993 2869 3134 2921 Item
3181 2866 3624 2924 Chalcedonense
3670 2870 3835 2924 conci-

2257 2958 2394 3013 lium
2422 2974 2539 3030 cap.
2574 2964 2639 3013 19
2664 2958 2797 3015 dicit
2827 2978 2839 3013 :
2873 2960 3125 3015 Decrevit
3149 2968 3339 3016 sancta
3364 2961 3611 3033 synodus
3652 2976 3831 3017 secun-

2256 3052 2389 3107 dum
2434 3066 2669 3108 canones
2714 3056 2936 3108 Patrum
2963 3053 3049 3109 bis
3071 3053 3126 3108 in
3154 3069 3297 3109 anno
3353 3057 3639 3126 episcopos
3666 3056 3717 3110 in
3765 3054 3833 3110 id-

2254 3145 2435 3215 ipsum
2471 3147 2527 3200 in
2555 3156 3005 3219 unamquamque
3031 3134 3366 3218 provinciam
3396 3149 3710 3213 convenire,
3738 3165 3833 3220 quo

2256 3239 2709 3309 metropolitanus
2745 3240 2970 3297 antistes
3010 3242 3341 3312 probaverit,
3375 3251 3432 3297 et
3485 3244 3771 3314 corrigere,
3796 3243 3833 3297 si

2254 3332 2509 3403 quaedam
2544 3332 2791 3390 fortassis
2821 3335 3161 3390 emerserint.
3191 3339 3347 3391 Patet
3392 3346 3523 3408 ergo
3564 3335 3707 3409 quod
3744 3346 3833 3391 au-

2255 3426 2507 3482 thenticze
2535 3429 2846 3484 sanctiones
2876 3429 3041 3484 etiam
3087 3430 3435 3500 provincialia
3473 3430 3699 3486 concilia
3728 3430 3832 3484 ﬁeri

2258 3522 2602 3594 praecipiunt,
2634 3521 2783 3593 quod
2822 3523 3094 3578 incassum
3121 3523 3498 3595 pmciperent,
3549 3524 3653 3579 nisi
3672 3530 3721 3577 et
3746 3536 3835 3578 nos

2257 3615 2583 3672 eorumdem
2636 3615 2995 3672 conciliorum
3041 3616 3350 3687 probabiles
3409 3618 3703 3673 sententias
3738 3617 3832 3672 ob-

2258 3722 2472 3766 servare
2493 3710 2865 3766 decernerent.
2888 3708 3055 3766 Unde
3076 3718 3131 3765 et
3156 3711 3214 3765 in
3237 3711 3404 3766 tertio
3429 3712 3689 3767 Toletano
3713 3726 3832 3765 con-

2258 3804 2384 3859 cilio
2413 3803 2700 3859 universali
2729 3802 3015 3859 decretum
3054 3812 3139 3859 est
3192 3822 3207 3859 :
3237 3805 3340 3872 Qui
3376 3806 3610 3860 concilia
3653 3804 3830 3859 ortho-

2257 3897 2529 3953 doxorum
2576 3897 2958 3967 episcoporum
3012 3911 3256 3953 consona
3308 3899 3663 3954 sanctissimis
3708 3911 3828 3968 qua-

2258 3999 2383 4045 tuor
2410 3990 2652 4045 conciliis
2681 4006 2789 4046 non
2827 3990 3042 4062 reclpit,
3088 3990 3377 4047 anathema
3405 3993 3493 4047 sit.
3527 3994 3832 4062 Quicunque

2260 4100 2389 4155 ergo
2427 4092 2481 4139 et
2525 4084 2725 4139 horum
2787 4085 3142 4139 conciliorum
3173 4068 3589 4142 rationabilibus
3629 4084 3831 4139 statutis

2260 4178 2481 4233 obviare
2530 4187 2781 4245 conatur,
2832 4177 2997 4234 etiam
3036 4195 3065 4233 a
3108 4179 3480 4250 superioribus
3529 4177 3834 4235 authenticis

2259 4272 2629 4328 sanctionibus
2668 4272 2725 4326 in
2765 4271 3063 4343 periculum
3110 4284 3271 4328 suum
3329 4272 3615 4328 dissentire
3654 4271 3832 4344 proba-

2259 4376 2368 4424 tur.
2401 4371 2605 4424 Beatus
2646 4381 2863 4437 quoque
2903 4365 3143 4422 Isidorus
3168 4366 3227 4422 in
3257 4366 3495 4437 quadam
3527 4382 3623 4424 sua
3660 4364 3830 4438 pratia-

2259 4463 2406 4519 tione
2430 4462 2498 4518 de
2526 4460 2829 4517 canonibus
2856 4478 2973 4533 cap.
3010 4467 3069 4516 ii
3104 4461 3380 4534 prmdlctis
3409 4461 3708 4518 rationibus
3724 4459 3831 4515 asti-

545 4547 805 4619 principis
830 4547 1152 4603 Paschasius
1173 4556 1226 4602 et
1246 4548 1547 4603 Lucentius
1568 4548 1803 4621 episcopi
1829 4560 1885 4606 et
1921 4552 2141 4609 Bonifao
2173 4567 2223 4630 ι)
2256 4558 2472 4630 pulatur
2500 4555 2605 4611 hoc
2632 4554 2801 4611 modo
2832 4573 2847 4610 :
2878 4556 3051 4611 Nosse
3091 4555 3256 4610 etiam
3284 4564 3524 4626 oportet,
3577 4556 3707 4623 licet
3749 4568 3833 4610 cer

545 4642 661 4696 cius
685 4640 967 4712 presbyter
990 4641 1109 4697 vice
1128 4642 1183 4698 S.
1217 4642 1420 4697 Leonis
1449 4658 1601 4714 papae
1620 4643 1675 4697 in
1715 4644 2151 4705 Chalcedonensi

548 4733 778 4789 concilio
801 4749 896 4804 per
929 4733 1222 4790 duodecim
1274 4734 1391 4791 dies
1417 4735 1693 4791 celebrato
1725 4738 1887 4809 primi
1932 4738 2154 4798 fuerunt

546 4827 638 4898 qui
659 4836 715 4883 et
736 4826 991 4882 Anatolio
1014 4827 1333 4898 patriarcha!
1346 4831 1948 4903 Constantinopolitano
1978 4835 2154 4905 quod-

546 4919 675 4975 dam
707 4919 1043 4991 privilegium
1064 4920 1122 4975 in
1140 4921 1374 4977 concilio
1387 4926 1673 4995 usurpanti
1700 4925 1991 4984 liberaliter
2029 4944 2155 4984 con-

548 5012 909 5080 tradixerunt,
936 5021 991 5068 et
1008 5014 1229 5084 reliquis
1254 5016 1472 5071 statutis
1506 5019 1807 5088 apostolica
1858 5020 1971 5077 vice
2018 5021 2150 5077 sub-

546 5106 900 5179 scripserunt,
925 5114 987 5163 ut
1032 5107 1168 5162 liber
1198 5108 1437 5165 Liberati
1466 5110 1910 5182 Carthaginensis
1932 5113 2150 5170 diaconi

546 5200 615 5256 de
641 5199 835 5256 eodem
872 5200 1105 5256 concilio
1142 5208 1393 5258 testatur.
1428 5206 1564 5260 Haec
1592 5213 1776 5260 autem
1802 5207 1992 5262 omnia
2032 5221 2149 5264 ma-

548 5292 800 5350 nifestius
864 5294 952 5349 ille
1005 5293 1224 5363 videbit,
1283 5290 1592 5368 quicunque
1643 5299 1966 5356 earumdem
2015 5318 2148 5357 con-
2214 5292 2221 5297 “

550 5387 807 5444 ciliorum
846 5386 1280 5459 subscriptiones
1326 5390 1574 5447 studiose
1603 5394 1964 5463 perspexerit.
2008 5398 2149 5468 Ergo

550 5481 913 5538 reverentiam
954 5482 1066 5539 sive
1106 5483 1499 5553 obedientiam,
1547 5501 1720 5557 quam
1772 5489 2149 5547 sacratissimis

551 5577 626 5630 ιν
667 5575 907 5632 conciliis
938 5574 1093 5647 juxta
1123 5580 1178 5634 8.
1220 5579 1549 5651 Gregorium
1574 5581 1773 5637 merito
1804 5582 2147 5650 exhibemus,

548 5668 783 5726 decretis
805 5669 1117 5741 apostolicae
1137 5670 1283 5728 sedis
1308 5673 1616 5731 nullatenus
1630 5674 1918 5748 denegare,
1944 5678 2079 5745 imo,
2100 5678 2146 5734 si

550 5763 809 5833 possibile
823 5772 928 5832 est,
944 5764 1242 5822 studiosius
1263 5766 1578 5839 impendere
1592 5768 1878 5836 debemus.
1897 5783 2021 5828 cum
2038 5771 2152 5828 sine

547 5872 740 5913 eorum
769 5858 1089 5916 auctoritate
1105 5873 1205 5915 nec
1227 5860 1343 5932 ipsa
1367 5860 1591 5916 concilia
1608 5860 1691 5917 fas
1714 5871 1859 5919 esset
1885 5864 2144 5937 recipere.

2262 4662 2375 4708 tera
2418 4667 2532 4707 non
2566 4649 2936 4715 inﬁrmentur,
2962 4656 3200 4720 quatuor
3229 4664 3348 4705 esse
3377 4649 3688 4720 principalia
3716 4663 3833 4703 con‘

2262 4746 2404 4800 cilia.
2442 4744 2540 4800 His
2580 4750 2766 4799 autem
2821 4743 3178 4809 enumeratis,
3232 4741 3507 4799 subinfert
3559 4743 3615 4798 in
3660 4741 3835 4798 eodem

2260 4839 2525 4910 capitulo:
2574 4836 2677 4893 Sed
2728 4844 2785 4891 et
2809 4836 2853 4891 si
2882 4851 3005 4907 quae
3043 4844 3174 4892 sunt
3223 4836 3451 4892 concilia
3497 4849 3625 4908 qum
3679 4831 3834 4891 sancti

2264 4936 2455 4990 Patres
2507 4931 2711 5003 Spiritu
2742 4930 2841 4987 Dei
2900 4930 3043 5001 pleni
3092 4939 3417 4995 sanxerunt,
3452 4937 3576 5001 post
3622 4930 3835 4985 istorum

2260 5034 2495 5097 quatuor
2538 5024 2923 5081 auctoritatem
2954 5024 3105 5080 omni
3138 5033 3365 5080 manent
3383 5023 3620 5080 stabilita
3644 5022 3834 5094 vigore.

2261 5122 2354 5175 Est
2382 5129 2513 5191 ergo
2557 5118 2807 5191 dignum,
2835 5126 2896 5172 ut
2914 5127 2969 5174 et
2996 5116 3314 5190 hujusmodi
3341 5116 3706 5174 conciliorum
3736 5122 3832 5169 suo

2256 5214 2391 5268 tutis
2441 5212 2882 5283 obtemperetur:
2928 5211 2971 5266 si
3019 5213 3167 5266 enim
3208 5227 3317 5266 non
3373 5226 3561 5283 parva
3611 5207 3837 5267 stultitia:

2258 5314 2488 5372 constat,
2516 5305 2563 5361 si
2590 5305 2713 5375 quis
2740 5304 3028 5377 cujuslibet
3054 5305 3218 5360 unius
3246 5304 3491 5360 hominis
3536 5317 3672 5361 sano
3715 5314 3837 5358 con-

2259 5400 2384 5454 silio
2401 5398 2748 5470 acquiescere
2764 5397 3058 5465 detrectat,
3086 5406 3291 5469 quanto
3309 5398 3488 5469 magis
3512 5392 3837 5470 reprehensi-

2261 5492 2368 5547 bile
2408 5492 2639 5560 videtur,
2679 5491 2724 5548 si
2766 5493 2889 5562 quis
2914 5492 3262 5564 impudenter
3290 5492 3512 5548 resistat
3540 5486 3841 5565 hujusmedi

2258 5585 2619 5643 conciliorum
2674 5586 2914 5655 statutis,
2954 5602 3065 5645 non
3112 5586 3299 5654 unius,
3343 5586 3441 5642 sed
3494 5586 3842 5658 plurimam

2258 5680 2610 5749 sapientium,
2633 5680 2962 5738 auctoritate
2984 5688 3040 5737 et
3059 5679 3269 5753 judicio
3292 5680 3523 5752 prolatis
3551 5689 3719 5751 atque
3736 5686 3847 5749 pto-

2258 5773 2413 5830 batls.
2447 5778 2659 5846 Nempe
2698 5774 3014 5848 hujusmodl
3038 5774 3292 5831 conciliis
3312 5774 3498 5846 plures
3523 5772 3779 5832 catholici
3799 5776 3849 5824 et

2249 5867 2443 5925 eximii
2474 5867 2730 5927 doctores
2758 5866 3070 5926 interfuisse
3090 5868 3367 5943 leguntur,
3398 5876 3465 5926 ut
3486 5869 3548 5925 in
3575 5861 3849 5927 Africanis
