4024 6170
228 317 345 369 ³757

1482 290 1845 373 CONCILIUM
1882 316 2213 375 nonanus
2250 320 2289 373 ι.

3435 326 3537 380 758

242 437 484 496 conciliis
511 436 677 510 legati
702 437 844 493 sedis
878 437 1223 510 apostolicae,
1249 438 1560 503 Faustinus.
1587 443 1837 497 Honora-
1865 450 1917 511 Α
2022 446 2086 497 V.
2132 444 2350 498 Horum
2389 440 2527 498 illud
2554 449 2673 498 erat
2716 442 2978 513 primum,
3009 450 3072 503 ut
3094 444 3277 502 clerici
3303 445 3538 518 aliquem

241 542 350 595 tus,
384 532 662 598 Urbanus,
692 530 953 603 episcopi;
983 540 1204 587 sanctus
1227 533 1391 589 etiam
1413 534 1665 591 Aurelius
1688 536 1831 591 Car-

241 626 576 697 thaginensis
615 625 1090 697 archiepiscopus;
1132 626 1264 682 item
1310 626 1424 699 ipse
1460 628 1542 683 vir
1581 629 1831 685 omnium

236 720 505 775 virtutum
542 719 883 791 Augustinus
928 720 1371 791 Hipporegiensis
1427 720 1832 793 [Hipponensis]

233 814 546 885 episcopus,
576 828 744 884 quem
766 820 819 867 et
837 812 1165 869 Coelestinus
1193 813 1271 868 vir
1294 814 1629 886 apostolicus
1654 815 1713 870 in
1742 815 1834 871 de-

233 908 400 963 cretis
428 907 540 962 suis
568 906 641 961 ita
667 906 823 962 nobis
875 906 1234 962 commendat
1264 927 1276 962 ;
1310 908 1705 979 Augustinum,
1752 908 1834 963 in-

232 1002 377 1075 quit,
408 1008 614 1056 sancta:
644 999 1036 1056 recordationis
1069 1001 1267 1067 virum,
1299 1016 1396 1071 pro
1414 1001 1521 1057 vita
1550 1018 1647 1057 sua
1669 1010 1833 1074 atque

234 1096 455 1151 meritis
477 1095 530 1149 in
546 1104 734 1150 nostra
754 1095 1143 1151 communione
1166 1110 1385 1165 semper
1401 1094 1713 1163 habuimus,
1732 1112 1833 1153 nec

231 1205 484 1260 unquam
542 1189 690 1243 hunc
748 1187 983 1243 sinistrae
1040 1188 1366 1258 suspicionis
1404 1191 1598 1245 saltem
1643 1205 1834 1246 rumor

227 1283 486 1354 aspersit,
531 1298 695 1354 quem
742 1290 906 1338 tanta:
947 1281 1186 1338 scientia:
1214 1282 1351 1337 olim
1380 1280 1545 1337 fuisse
1570 1283 1832 1338 memini-

230 1393 380 1442 mus,
414 1385 472 1431 ut
487 1377 626 1430 inter
642 1376 934 1447 magistros
956 1375 1117 1429 etiam
1133 1391 1162 1430 a
1184 1376 1321 1431 meis
1343 1374 1833 1447 pradecessoribus

226 1470 555 1527 haberetur.
581 1472 732 1524 Bene
755 1484 884 1539 ergo
911 1468 977 1524 de
1005 1484 1071 1523 eo
1101 1484 1294 1524 omnes
1322 1468 1380 1524 in
1408 1485 1833 1526 communesen-

222 1571 445 1628 serunt,
482 1571 671 1634 utpote
700 1564 792 1634 qui
822 1561 1018 1634 ubique
1046 1562 1258 1617 cunctis
1287 1571 1344 1617 et
1366 1562 1544 1618 amori
1568 1562 1736 1618 fuerit
1779 1571 1835 1618 et

224 1658 455 1712 honori.
510 1656 653 1710 Huic
698 1655 862 1711 etiam
908 1655 1236 1727 Augustino,
1288 1664 1351 1711 ut
1401 1656 1536 1713 liber
1589 1656 1829 1713 Liberati

225 1759 488 1816 testatur,
545 1748 890 1805 Theodosius
926 1749 1219 1821 imperator
1264 1765 1361 1821 per
1408 1764 1619 1805 sacram
1675 1765 1829 1806 suam

1938 542 2221 593 sacrorum
2263 534 2529 603 ordinum
2556 535 2792 607 gradum
2813 546 2871 594 et
2894 536 3144 595 ofﬁcium
3174 555 3271 611 per
3299 540 3537 612 pretium

1940 630 2119 702 adepti
2160 630 2477 689 nullatenus
2519 630 2783 702 deinceps
2806 630 2861 687 in
2896 632 3131 689 Ecclesia
3186 632 3534 703 ministrent;

1935 722 2270 793 secundum,
2318 724 2720 789 utEcclesiam
2750 725 2928 795 pretio
2968 724 3316 798 acquisitam
3345 726 3534 783 nullus

1941 818 2192 885 retineat,
2222 832 2325 874 nec
2352 816 2514 872 alicui
2540 816 2809 888 deinceps
2836 818 3094 876 Ecclesiae
3143 820 3266 891 jura
3297 818 3533 885 vendere

1942 910 2025 965 vel
2070 925 2254 966 emere
2276 910 2472 978 liceat;
2503 910 2730 966 tertium
2748 950 2765 975 ,
2805 918 2866 966 ut
2891 927 2923 967 a
2949 911 3186 969 clericali
3207 911 3389 969 ofﬁcio
3418 928 3533 971 ces-

1939 1011 2063 1059 sent
2089 1003 2407 1075 quicunque
2435 1019 2493 1059 se
2504 1018 2603 1075 pro
2632 1004 3031 1060 incontinentia
3059 1005 3532 1076 reprehensibiles

1941 1096 2235 1165 exhibent;
2274 1106 2553 1168 quartum,
2590 1106 2651 1153 ut
2702 1098 2942 1169 populus
2989 1097 3321 1155 clericorum
3351 1099 3530 1157 ofﬁcia

1940 1191 2250 1247 nullatenus
2287 1191 2536 1261 recipiat,
2582 1206 2721 1262 quos
2775 1192 3108 1262 apostolicas
3152 1194 3533 1255 institutiones

1940 1293 2296 1340 contemnere
2325 1284 2524 1340 videat.
2581 1286 2882 1341 Curramus
2931 1300 3063 1357 ergo
3093 1300 3189 1356 per
3234 1287 3449 1359 singula
3476 1294 3535 1343 et

1940 1377 2153 1445 eadem,
2194 1392 2363 1448 quam
2403 1370 2739 1445 authentica,
2781 1393 2950 1448 quam
3010 1377 3365 1448 attendenda,
3416 1380 3531 1435 imo

1939 1486 2107 1541 quam
2148 1470 2477 1527 inevitabilia
2526 1470 2656 1539 sint,
2682 1485 2798 1526 non
2833 1486 2906 1527 ex
2933 1472 3145 1529 nostris
3177 1472 3530 1544 eonjecturis,

1936 1563 2036 1620 sed
2094 1580 2160 1621 ex
2199 1572 2521 1619 sanctorum
2572 1567 2801 1621 Patrum
2848 1565 3073 1621 statutis
3120 1563 3524 1637 compendiose

1938 1666 2343 1713 DIODSU'GIIIUS.

2008 1754 2103 1806 VI.
2155 1752 2411 1809 Primum
2456 1751 2645 1822 itaque
2675 1758 2949 1807 statutum
2994 1751 3055 1806 in
3091 1749 3531 1807 Chalcedonensi

229 1844 538 1909 mandavit,
565 1852 625 1898 ut
643 1859 701 1898 se
728 1842 999 1913 Ephesino
1024 1842 1253 1897 concilio
1292 1851 1686 1914 praesentaret:
1736 1842 1832 1899 sed
1848 1830 1904 1894 -Β
1940 1844 2177 1900 concilio
2253 1844 2573 1914 plenissime
2655 1851 2715 1899 et
2779 1843 3189 1901 evidentissima
3233 1844 3527 1915 reperitur,

222 1938 369 1993 heu!
400 1947 517 1993 tam
555 1936 804 2009 egregius
844 1936 1036 1991 doctor
1069 1944 1195 1990 ante
1229 1936 1440 1991 mundo
1487 1935 1830 1993 substractus

223 2040 328 2101 est,
390 2047 559 2101 quam
608 2030 677 2086 ad
717 2030 872 2085 illum
919 2029 1228 2084 invitatoria
1283 2030 1521 2084 Romani
1572 2030 1829 2102 principis

221 2125 466 2196 cpistola
515 2124 870 2195 pervenisset.
903 2123 973 2177 Hi
998 2139 1128 2194 ergo
1177 2138 1316 2194 quos
1347 2120 1594 2192 praedixi,
1630 2132 1684 2177 et
1734 2123 1827 2178 alii

220 2217 665 2274 innumerabiles
731 2217 903 2272 sancti
951 2218 1165 2284 Patres,
1234 2214 1511 2271 Africanis
1580 2216 1828 2272 conciliis

220 2311 556 2377 interfuere,
587 2313 699 2366 imo
724 2310 1013 2382 praefuere.
1046 2310 1132 2364 Sic
1160 2310 1327 2366 etiam
1367 2318 1595 2365 sanctus
1624 2310 1824 2365 Maria-

216 2422 333 2461 nus
368 2405 659 2476 [Marinus]
684 2404 988 2460 Arelatensi
1036 2404 1265 2460 concilio
1316 2418 1411 2475 per
1450 2412 1701 2477 sanctum
1723 2403 1826 2459 Sil-

217 2508 480 2555 vestrum
538 2514 737 2570 papam
776 2497 1117 2569 approbato;
1161 2500 1240 2552 sic
1303 2506 1521 2553 sanctus
1560 2496 1829 2553 Ctesarius

219 2592 570 2665 Agathensi;
619 2592 694 2646 sic
730 2599 954 2646 sanctus
1006 2590 1246 2645 Hilarius
1280 2589 1655 2655 Arausicensi,
1703 2606 1829 2645 san—

217 2697 351 2742 ctus
405 2685 637 2740 Albinus
666 2686 818 2755 (427)
844 2684 1237 2747 Aurelianensi,
1264 2692 1483 2739 sanctus
1518 2682 1829 2739 Bonifacius

217 2778 608 2851 Moguntiensi
654 2778 905 2834 concilio.
946 2778 1035 2833 Sic
1059 2787 1115 2832 et
1154 2777 1241 2831 alii
1289 2777 1403 2831 aliis
1437 2776 1682 2830 conciliis
1715 2792 1828 2830 non

216 2875 357 2936 soli,
388 2872 485 2927 sed
526 2888 655 2926 cum
683 2871 929 2942 pluribus
958 2871 1072 2925 aliis
1108 2870 1311 2925 sanctis
1336 2866 1606 2937 Patribus,
1658 2869 1827 2924 inter-

216 2968 398 3023 fuisse
445 2966 721 3037 leguntur,
765 2964 856 3038 qui
894 2965 949 3019 in
983 2964 1287 3020 Christiana
1333 2962 1597 3034 religione
1628 2970 1681 3017 et
1729 2958 1828 3017 do-

217 3062 407 3117 ctrina
433 3068 549 3116 tam
586 3059 825 3130 insignes
866 3058 1033 3113 fuisse
1073 3057 1390 3124 creduntur,
1440 3065 1503 3112 ut
1538 3057 1618 3112 vel
1669 3056 1829 3113 unius

216 3170 427 3212 eorum
480 3152 744 3225 singulari
785 3152 998 3224 judicio
1041 3151 1259 3207 obviare
1301 3151 1545 3207 nimium
1578 3158 1721 3206 esset
1747 3159 1827 3206 te-

215 3249 554 3305 merarium.
588 3250 732 3319 Ergo
774 3247 1077 3301 multorum
1111 3246 1449 3316 sapientium
1471 3245 1684 3317 judicio
1715 3261 1828 3300 non

214 3343 578 3415 acquiescere
642 3342 821 3396 multo
871 3339 1041 3410 magis
1088 3347 1173 3395 est
1224 3336 1598 3405 intolerabile,
1649 3338 1703 3393 in
1746 3337 1829 3393 his

218 3439 504 3494 duntaxat
530 3434 780 3506 capitulis
826 3449 949 3505 quae
980 3432 1250 3503 praedictis
1277 3430 1603 3487 aulhenticis
1655 3440 1828 3486 statu-

219 3534 294 3587 tis
324 3547 441 3585 non
468 3528 857 3593 adversantur;
890 3527 984 3581 sed
1016 3525 1344 3593 institutioni
1381 3525 1711 3581 Christianae
1738 3540 1823 3595 re-

222 3624 454 3695 ligionis
483 3623 669 3693 procul
722 3621 890 3676 dubio
914 3620 1303 3691 suffragantur.
1338 3622 1476 3675 Nam
1498 3618 1653 3689 juxta
1684 3618 1827 3673 beati

226 3717 523 3789 Augustini
547 3714 842 3787 judicium,
884 3731 983 3786 pro
1014 3714 1214 3768 nullius
1242 3727 1490 3785 personae
1527 3712 1826 3767 reverentia

220 3823 310 3868 est
337 3810 737 3879 recipiendum,
768 3808 812 3862 si
857 3808 986 3878 quid
1027 3807 1301 3863 canonicae
1326 3806 1539 3861 veritati
1568 3807 1623 3861 in
1644 3807 1826 3878 aliquo

220 3901 466 3957 concilio
514 3901 592 3954 vel
638 3899 833 3954 alicubi
866 3882 1138 3969 reperitur
1195 3896 1505 3951 adversum.
1561 3900 1827 3950 Praeterea

222 4001 427 4047 sancta
451 3998 504 4044 et
530 3986 839 4044 veneranda
868 3986 1110 4063 synodus
1161 3984 1620 4041 Chalcedonensis
1656 3985 1826 4038 etiam
1886 3988 1893 3993 ”

224 4077 585 4153 provincialia
620 4078 842 4133 concilia
884 4086 1012 4131 ante
1052 4076 1227 4144 ipsam
1292 4082 1562 4128 transacta
1616 4072 1830 4127 canoni-

224 4186 389 4226 zasse
421 4185 529 4223 non
555 4168 857 4233 dubitatur,
887 4166 959 4220 ita
988 4163 1285 4219 decernens
1320 4178 1439 4232 cap.
1479 4168 1496 4215 1
1554 4181 1565 4215 ;
1598 4160 1828 4231 Regulas

225 4268 554 4315 sanctorum
588 4261 806 4313 Patrum
857 4272 950 4326 per
975 4252 1189 4321 singula
1218 4270 1368 4307 nunc
1399 4267 1568 4323 usque
1599 4248 1825 4304 concilia

226 4346 566 4404 constitutas
593 4346 871 4416 proprium
901 4341 1277 4398 roburhaberc
1302 4338 1663 4395 decrevimus.
1696 4340 1828 4394 Hzec

226 4440 419 4491 autem
452 4433 681 4488 concilia
712 4440 835 4485 ante
879 4430 1059 4501 ipsum
1091 4428 1530 4486 Chalcedonense
1574 4427 1829 4495 leguntur

230 4524 402 4581 fuisse
437 4528 806 4594 Ancyranum,
849 4518 1315 4586 Neocaesariense,
1348 4533 1471 4589 qua:
1505 4525 1558 4572 et
1600 4517 1824 4572 Nicaeno

228 4608 473 4667 concilio
528 4609 836 4681 antiquiora
892 4606 1236 4663 traduntur:
1299 4604 1428 4660 item
1483 4608 1823 4677 Gangrense,

228 4698 582 4768 Sardicense,
614 4697 1034 4765 Antiochenum,
1064 4694 1430 4763 Laodicense;
1463 4709 1591 4767 ergo
1637 4692 1831 4749 eadem

231 4800 291 4848 et
309 4792 367 4847 in
395 4788 820 4847 Chalcedonensl
846 4785 1056 4857 Synodo
1105 4800 1215 4840 non
1241 4784 1564 4839 dubitantur
1600 4798 1721 4839 esse
1746 4796 1834 4839 ro-

235 4880 457 4943 borata,
483 4890 604 4949 quae
631 4877 797 4932 etiam
838 4888 966 4931 cum
1002 4873 1276 4930 Africanis
1303 4873 1606 4929 canonibus
1639 4872 1834 4928 beatus

238 4968 515 5026 Adrianus
558 4979 694 5037 papa
734 4965 938 5022 Carolo
989 4964 1308 5035 imperatori
1353 4961 1425 5016 ad
1468 4960 1834 5032 disponendas

238 5054 514 5115 Ecclesia:
558 5056 613 5110 in
662 5066 831 5126 regno
879 5064 982 5109 suo
1036 5053 1234 5108 Romae
1282 5050 1575 5107 tradidisse
1617 5050 1829 5122 legitur.

236 5147 593 5217 Quapropter
618 5160 722 5199 nec
741 5142 1153 5215 provincialium
1174 5141 1536 5197 conciliorum
1565 5149 1771 5197 statuta
1800 5159 1830 5197 a

234 5236 489 5306 quolibet
526 5243 735 5289 temere
760 5239 889 5288 sunt
924 5230 1253 5301 respuenda,
1284 5244 1408 5302 qua
1461 5238 1517 5286 et
1540 5231 1834 5302 apostolica

240 5324 403 5381 sedes
429 5323 640 5380 censuit
681 5320 1000 5392 recipienda.
1037 5322 1341 5390 ﬂuensque
1377 5318 1614 5376 sufﬁciat
1636 5320 1834 5378 dixisse
1924 5376 1933 5381 ,

244 5416 313 5471 de
345 5427 632 5471 sacrorum
660 5426 934 5469 canonum
978 5409 1341 5466 auctoritate:
1374 5426 1519 5466 nunc
1538 5410 1607 5467 ad
1637 5426 1834 5481 propo-

245 5505 415 5561 situm
426 5503 743 5568 redeamus,
764 5507 1056 5568 etstatuta,
1070 5515 1195 5570 qum
1219 5508 1406 5556 noster
1426 5501 1759 5572 apostolicus
1779 5501 1833 5555 in

244 5592 515 5666 superiori
539 5592 764 5666 epistola
786 5591 979 5649 Ottoni
1001 5590 1401 5648 Constantiensi
1426 5590 1679 5663 episcopo
1703 5605 1833 5647 cau-

248 5683 457 5741 tissime
470 5682 739 5755 descripta
759 5680 1079 5749 transmisit,
1104 5695 1203 5753 per
1227 5679 1473 5739 ordinem
1500 5679 1831 5753 digeramus.

1939 1937 2094 2008 quod
2148 1954 2325 1994 unum
2354 1953 2422 1993 ex
2475 1946 2716 2009 quatuor
2762 1936 3040 2007 praedictis
3094 1932 3349 1994 cbnciliis
3386 1945 3529 1995 tem-

1938 2046 2073 2100 pore
2122 2030 2370 2102 quidem,
2426 2046 2538 2086 non
2578 2030 2844 2102 dignitate
2884 2030 3166 2097 ultimum,
3214 2028 3386 2086 sancti
3424 2031 3528 2085 Pa-

1935 2132 2048 2179 tres
2076 2125 2251 2180 Leoni
2302 2128 2552 2195 Augusto
2591 2139 2768 2195 usque
2798 2122 2867 2179 ad
2895 2123 3225 2195 sanguinem
3254 2122 3531 2181 vindican-

1934 2216 2069 2273 dum
2097 2232 2215 2273 esse
2239 2216 2599 2285 mandarunt,
2639 2225 2701 2272 ut
2723 2216 3014 2273 Liberatus
3040 2217 3098 2271 in
3121 2215 3259 2272 libro
3303 2231 3406 2273 suo
3444 2225 3532 2275 te-

1932 2319 2111 2366 statur
2142 2329 2156 2367 :
2200 2312 2254 2367 in
2276 2311 2425 2382 ipso,
2457 2312 2714 2382 inquam,
2764 2309 2998 2366 concilio
3033 2308 3307 2380 scriptum
3333 2317 3415 2365 est
3436 2326 3531 2367 ca-

1934 2405 2045 2475 pite
2069 2410 2101 2461 2
2128 2422 2143 2460 :
2174 2406 2231 2460 Si
2252 2406 2372 2476 quis
2391 2405 2685 2475 episcopus
2714 2420 2810 2476 per
2833 2402 3093 2475 pecunias
3113 2402 3534 2461 feceritordina-

1935 2499 2177 2565 tionem,
2208 2507 2265 2554 et
2312 2499 2418 2555 sub
2449 2499 2625 2569 pretio
2662 2497 2933 2570 redegerit
2970 2498 3212 2568 gratiam
3253 2512 3379 2570 quae
3416 2513 3529 2553 non

1937 2599 2117 2661 potest
2151 2591 2339 2657 vendi,
2393 2590 2832 2662 ordinaveritque
2878 2606 2974 2661 per
3022 2591 3282 2662 pecunias
3309 2590 3521 2663 episco-

1937 2700 2112 2754 pum,
2130 2692 2225 2739 aut
2254 2684 2659 2754 presbyterum,
2690 2691 2789 2739 aut
2828 2682 3146 2751 diaconum,
3170 2691 3267 2741 aut
3293 2684 3530 2756 quemli-

1938 2778 2029 2834 bet
2050 2795 2115 2833 ex
2146 2778 2231 2833 his
2254 2779 2347 2848 qui
2376 2785 2737 2832 numerantur
2766 2778 2823 2832 in
2852 2777 3019 2845 clero,
3061 2785 3157 2833 aut
3194 2778 3535 2849 promoverit

1936 2888 2033 2943 per
2087 2872 2344 2942 pecunias
2380 2870 2842 2939 dispensatorem,
2887 2877 2985 2925 aut
3028 2868 3403 2937 defensorem,
3446 2870 3527 2928 vel

1934 2980 2208 3037 quemque
2229 2965 2323 3036 qui
2349 2963 2630 3035 subjectus
2656 2970 2741 3019 est
2755 2961 2957 3034 regula:
2982 2978 3082 3032 pro
3106 2961 3191 3017 sui
3227 2962 3533 3033 turpissimi

1936 3060 2073 3115 lucri
2100 3058 2420 3125 commodo,
2456 3057 2522 3127 is,
2549 3057 2635 3113 cui
2657 3056 2763 3113 hoc
2775 3056 3071 3115 attentanti
3095 3055 3387 3128 probatum
3416 3054 3531 3115 fus-

1935 3153 2029 3220 rit,
2051 3153 2261 3224 proprii
2288 3152 2492 3223 gradus
2519 3151 2763 3223 periculo
2786 3149 3100 3223 subiacebit
3128 3168 3143 3204 :
3174 3157 3234 3205 et
3259 3150 3355 3223 qui
3376 3149 3531 3208 ordi-

1938 3255 2100 3302 natus
2128 3254 2229 3313 est,
2261 3245 2397 3301 nihil
2431 3261 2495 3300 ex
2523 3245 2630 3300 hac
2654 3242 3007 3301 ordinatione
3032 3244 3113 3299 vel
3157 3243 3525 3316 promotione,

1938 3356 2064 3411 qum
2088 3348 2171 3396 est
2200 3356 2296 3410 per
2334 3338 2778 3409 negotiationem
2818 3337 2986 3405 facta,
3028 3336 3307 3409 proﬁciat,
3333 3336 3431 3394 sed
3462 3337 3533 3395 sit

1936 3435 2149 3490 alienus
2176 3449 2205 3487 a
2230 3432 2496 3503 dignitate
2526 3432 2607 3487 vel
2650 3430 3025 3487 sollicitudine
3074 3447 3245 3503 quam
3283 3430 3531 3503 pecuniis

1937 3527 2202 3598 quaesivit.
2245 3527 2301 3581 Si
2332 3526 2455 3596 quis
2484 3540 2611 3581 vero
2642 3524 2919 3581 mediator
2945 3532 3059 3580 tam
3090 3524 3339 3596 turpibus
3356 3533 3411 3580 et
3436 3540 3531 3581 ne-

1936 3620 2119 3675 fandis
2143 3620 2283 3675 datis
2313 3620 2392 3674 vel
2415 3619 2652 3689 acceptis
2672 3619 2961 3685 exstiterit,
2992 3626 3047 3673 et
3066 3619 3211 3689 ipse,
3231 3620 3281 3674 si
3306 3618 3529 3691 quidem

1934 3714 2166 3769 clericus
2193 3712 2380 3779 fuerit,
2414 3712 2640 3782 proprio
2663 3711 2835 3783 gradu
2862 3711 3114 3779 decidat;
3136 3711 3183 3766 si
3210 3727 3337 3767 vero
3356 3712 3529 3767 laicus

1936 3816 2029 3862 aut
2048 3806 2374 3873 monachus,
2390 3804 2910 3860 anathematizetur.
2933 3807 2999 3862 Et
3020 3803 3334 3862 natandum
3360 3820 3529 3877 quam

1934 3909 2095 3956 caute
2145 3900 2292 3957 istud
2343 3907 2507 3970 caput
2547 3914 2741 3954 omnes
2796 3899 3247 3956 Simoniacorum
3298 3900 3530 3956 astutias

1935 3993 2205 4059 excludat,
2236 4010 2367 4051 cum
2391 3993 2639 4065 quolibet
2665 3991 2833 4048 modo
2852 4007 2954 4064 per
2988 3990 3281 4064 pecuniam
3309 4007 3529 4064 promo-

1936 4097 2024 4143 tos
2052 4088 2259 4160 absque
2290 4088 2444 4143 omni
2471 4102 2567 4158 spe
2591 4086 3019 4157 recuperationis
3036 4084 3307 4159 deponat.
3339 4084 3531 4143 Solent

1937 4182 2087 4238 enim
2111 4181 2411 4237 Simoniaci
2439 4179 2664 4235 diversis
2702 4179 2907 4249 modis,
2931 4177 3033 4243 sed
3060 4193 3170 4236 uno
3194 4185 3373 4246 reatu,
3419 4192 3520 4235 sa-

1936 4291 2056 4331 cras
2082 4274 2376 4345 dignitates
2406 4274 2655 4339 mercari,
2678 4288 2881 4342 nempe
2923 4288 3074 4337 nunc
3092 4272 3224 4345 ipsi,
3258 4288 3407 4330 nunc
3425 4287 3528 4344 pro

1936 4369 2070 4438 ipsis
2096 4383 2291 4423 eorum
2309 4367 2528 4433 amicis,
2559 4366 2793 4435 pretium
2826 4382 2926 4437 pro
2950 4380 3105 4421 sacra
3135 4365 3401 4437 dignitate
3442 4364 3529 4443 vs!

1936 4470 2063 4517 ante
2099 4460 2505 4516 ordinationem
2529 4474 2688 4515 suam
2734 4457 3028 4521 dederunt,
3061 4458 3190 4513 etin
3215 4459 3333 4530 ipsa
3368 4458 3528 4535 dant,

1856 4575 1908 4638 Ι)
1935 4563 1989 4609 et
2036 4552 2389 4625 postmodum
2416 4569 2475 4609 se
2505 4551 2728 4608 daturos
2768 4550 3122 4623 promittunt,
3149 4559 3206 4606 et
3238 4551 3345 4606 hoc
3378 4566 3530 4608 nunc

1942 4648 2269 4704 electoribus
2318 4662 2531 4711 eorum,
2582 4661 2733 4701 nunc
2759 4659 2955 4701 eorum
2982 4641 3413 4713 ordinatoribus,
3446 4645 3528 4707 vel

1941 4742 2166 4798 demum
2196 4740 2531 4812 quibuslibet
2568 4754 2765 4795 eorum
2815 4736 3141 4797 fautoribus.
3183 4738 3530 4810 Quicuqu

1943 4851 2073 4909 ergo
2098 4836 2283 4908 aliquo
2304 4833 2504 4890 horum
2522 4832 2837 4901 modorum,
2854 4831 3161 4906 quemlibet
3170 4831 3531 4905 promoverit,

1940 4929 2024 4984 vel
2062 4930 2306 5001 seipsum
2344 4928 2422 4983 ita
2450 4935 2773 5001 promotum
2802 4941 2919 4982 esse
2944 4925 3283 5000 cognoverit,
3314 4924 3530 4983 indubi-

1941 5032 2121 5080 tanter
2148 5039 2180 5078 a
2206 5023 2482 5095 superiori
2509 5022 2685 5093 capite
2709 5018 2997 5093 degradari
3013 5020 3260 5095 jubetur,
3285 5036 3410 5077 cum
3432 5034 3531 5094 per

1938 5117 2242 5187 pecuniam
2269 5115 2350 5170 vel
2379 5114 2550 5171 alium
2582 5114 2942 5185 promovisse,
2989 5114 3070 5173 vel
3098 5114 3218 5186 ipse
3238 5120 3530 5185 promotus

1944 5225 2062 5266 esse
2088 5224 2197 5264 non
2222 5208 2522 5267 dubitetur.
2542 5205 2656 5263 Sed
2679 5222 2782 5264 nec
2809 5207 2917 5264 hoc
2940 5206 3061 5279 sine
3086 5204 3531 5265 consideratione

1942 5302 2385 5376 praetereundum
2408 5301 2646 5368 videtur,
2677 5300 2829 5373 quod
2851 5300 3001 5357 idem
3028 5307 3195 5372 caput
3218 5298 3329 5356 duo
3364 5313 3531 5373 nego-

1943 5397 2208 5454 tiatorum
2252 5410 2451 5469 genera
2483 5395 2787 5462 damnavit,
2845 5409 3020 5453 unum
3071 5392 3293 5467 quidem
3330 5407 3530 5451 eorum

1943 5492 2035 5565 qui
2068 5490 2137 5547 ad
2183 5490 2557 5558 diaconatum,
2582 5490 2665 5546 vel
2709 5487 3165 5562 presbyteratum,
3193 5483 3279 5542 vel
3319 5483 3390 5543 ad
3428 5486 3531 5543 ali-

1944 5599 2110 5656 quem
2134 5582 2459 5655 bujusmodi
2476 5583 2713 5657 gradum
2740 5598 2840 5655 per
2866 5582 3158 5654 pecuniam
3186 5579 3532 5647 ordinantur,

1943 5677 2177 5735 alterum
2203 5692 2395 5740 eorum
2443 5679 2543 5748 qui
2568 5676 2636 5737 ad
2679 5672 3103 5747 dispensationis
3136 5672 3529 5741 ministerium,

317 5877 459 5938 (427)
496 5870 644 5942 Quid
691 5870 762 5928 sit
788 5868 1082 5927 concilium
1110 5868 1243 5928 illud
1272 5877 1327 5928 et
1346 5868 1468 5941 quis
1492 5868 1577 5923 ille
1598 5867 1830 5924 Albinus
1854 5881 2020 5926 nemo
2048 5865 2314 5923 hactenus
2336 5864 2537 5921 docuit.
