4048 6174
466 316 571 371 759

1188 311 1242 364 S.
1283 304 1604 363 GREGORll
1637 306 1727 360 VII
1763 304 1911 360 OPP.
1951 303 2126 359 PARS
2160 303 2245 357 III.
2290 331 2359 344 -—
2392 304 2712 361 CONCILIA
2750 303 3055 360 ROMANA.
3166 284 3173 291 λ

3664 305 3770 357 ’160

468 442 553 499 vel
585 441 659 499 ad
686 440 911 513 aliquod
934 434 1255 509 huiusmodi
1280 402 1528 489 clericale
1551 429 1821 499 ofﬁcium,
1848 445 1946 502 per
1972 445 2060 501 pe-
2090 433 2141 496 Α
2170 430 2280 486 site
2306 429 2614 489 Turonensi
2657 436 2927 486 statutum
2956 429 3173 502 legitur,
3200 437 3263 485 ut
3285 430 3564 502 presbyter
3587 430 3773 485 Eccle-

470 537 692 593 cuniam
718 536 1139 604 promoventur,
1155 526 1331 601 qualis
1356 533 1443 583 est
1454 524 2064 595 vicedominatus,prae-

470 630 737 701 positura,
762 622 1012 689 decania,
1044 620 1625 693 archipresbyteratus,
1651 627 1706 675 et
1732 618 1818 675 bis
1836 617 2059 674 similia.

470 722 561 778 Sic
606 733 736 790 ergo
765 724 822 773 et
845 729 1031 772 noster
1102 714 1438 788 apostolicus
1497 713 1608 770 duo
1656 713 2062 785 negotiatorum

469 826 692 885 genera,
737 817 793 867 et
830 824 1026 867 omnes
1051 809 1459 882 negotiantium
1488 807 1753 864 versutias
1798 806 1857 860 in
1886 805 2063 876 primo

469 908 589 978 ejus
612 911 820 962 statuto
861 901 1300 975 comprehendit,
1332 902 1389 955 in
1418 917 1529 972 quo
1573 900 1799 956 clericos
1824 898 2064 969 aliquem

467 1013 754 1055 sacrorum
784 996 1046 1053 ordinum
1074 995 1305 1069 gradum
1333 1004 1389 1051 et
1417 993 1663 1050 ofﬁcium
1686 1006 1908 1065 quoquo
1937 1005 2064 1046 mo-

469 1090 543 1150 do
571 1107 667 1163 per
694 1091 994 1163 pecuniam
1023 1090 1250 1160 adeptos
1274 1088 1528 1159 deponit,
1558 1086 1705 1160 quod
1733 1095 1919 1141 tamen
1948 1092 2063 1139 sta-

471 1190 661 1241 tutum
684 1183 951 1256 superiori
975 1184 1153 1254 capite
1177 1182 1366 1239 mitius
1386 1180 1591 1253 liquido
1622 1179 1909 1252 probatur,
1937 1192 2067 1234 cum

473 1277 845 1350 spiritualium
873 1272 1193 1333 ofﬁciorum
1229 1274 1563 1341 venditores,
1593 1282 1649 1330 et
1698 1281 1814 1329 tam
1842 1270 2068 1327 nefaria:

469 1370 867 1444 negotiationis
882 1369 1237 1435 mediatores,
1254 1368 1439 1425 debita
1458 1368 1661 1424 ultione
1685 1382 1799 1423 non
1824 1364 2067 1429 damnet,

470 1477 614 1535 quos
641 1471 830 1520 tamen
859 1462 1179 1535 praedictum
1207 1471 1370 1535 caput
1397 1478 1527 1518 cum
1556 1461 1691 1533 ipsis
1730 1458 2071 1530 emptoribus

468 1542 848 1628 degradandos
875 1564 930 1612 et
981 1554 1521 1614 anathematizandos
1539 1568 1656 1610 esse
1702 1552 1961 1609 decrevit.
2000 1552 2073 1604 Et

470 1656 600 1705 nota
635 1649 683 1704 si
720 1647 995 1706 mediator
1033 1648 1321 1721 degradari
1356 1649 1441 1704 vel
1478 1645 1925 1704 anathematizari
1949 1657 2071 1699 me-

469 1741 577 1798 rito
599 1738 842 1812 jubetur,
874 1742 1010 1815 quid
1026 1742 1096 1798 de
1123 1742 1218 1799 illo
1245 1757 1437 1798 censes
1460 1741 1555 1814 qui
1578 1756 1675 1813 per
1702 1738 1952 1796 eamdem
1982 1753 2078 1792 ne-

2173 524 2311 580 siam
2338 525 2513 595 pretio
2552 524 2799 596 adeptus,
2829 532 2886 581 et
2930 524 3273 597 presbyterio
3303 532 3357 580 et
3387 522 3626 579 Ecclesia
3658 523 3771 594 pri-

2170 627 2346 677 vetur.
2381 622 2522 675 Item
2542 618 2733 675 beatus
2773 620 2887 674 Leo
2936 634 3074 691 papa
3104 618 3228 689 ejus
3276 616 3521 674 nominis
3563 632 3769 683 nonus,

2166 720 2355 769 nostro
2376 712 2611 784 tempori
2640 727 2777 785 pene
2806 711 3131 784 contiguus,
3164 711 3224 767 in
3242 710 3420 784 prima
3441 726 3539 767 sua
3560 712 3775 766 Roma-

2171 822 2240 861 na
2269 804 2477 879 synodo
2495 806 2869 862 Simoniacam
2916 806 3171 862 haeresim
3223 804 3438 877 penitus
3466 803 3769 869 damnavit,

2172 900 2479 972 emptiones
2529 908 2584 955 et
2622 900 2967 956 venditiones
3011 899 3265 956 altarium
3294 897 3397 953 sub
3420 896 3773 954 anathemate

2175 993 2483 1066 prohibuit;
2513 992 2661 1065 quod
2707 992 3004 1049 anathema
3068 992 3146 1049 illi
3174 1008 3286 1047 non
3315 1000 3601 1048 evaserunt
3647 993 3777 1063 qui-

2174 1102 2386 1159 cunque
2428 1087 2681 1158 deinceps
2723 1095 2837 1142 tam
2862 1085 3127 1142 nefariam
3162 1085 3588 1157 negotiationem
3612 1100 3775 1140 exer-

2174 1197 2296 1236 cere
2349 1188 2838 1253 prmsumpserunt.
2867 1180 3029 1235 Libet
3069 1194 3197 1252 ergo
3224 1178 3573 1234 considerare
3602 1194 3779 1251 quam

2175 1275 2474 1332 clementer
2515 1283 2704 1330 noster
2732 1274 3063 1346 apostolicus
3093 1281 3312 1328 tantum
3341 1281 3553 1344 emptas
3583 1274 3775 1328 Eccle-

2175 1369 2283 1425 sias
2306 1368 2646 1441 emptoribus
2672 1384 2865 1424 eorum
2890 1366 3174 1432 ademerit,
3206 1381 3343 1438 quos
3385 1366 3540 1438 juxta
3564 1382 3779 1429 censu-

2176 1478 2297 1519 ram
2320 1471 2637 1519 sanctorum
2684 1464 2915 1518 Patrum
2944 1469 3001 1517 et
3042 1460 3281 1516 Ecclesia
3310 1469 3364 1515 et
3408 1460 3777 1531 presbyterio,

2180 1556 2295 1612 imo
2323 1555 2636 1612 Christiano
2689 1555 2915 1611 nomine
2959 1564 3014 1611 et
3035 1553 3447 1621 communione,
3481 1553 3779 1627 privandos

2181 1664 2300 1705 esse
2323 1665 2433 1705 non
2451 1650 2742 1723 ignoravit.

2254 1745 2404 1799 VIII.
2430 1744 2535 1799 Sed
2563 1759 2661 1799 cur
2706 1743 2763 1799 in
2789 1751 3007 1799 tantum
3050 1742 3381 1809 laboramus,
3431 1749 3492 1796 ut
3518 1740 3783 1813 praedicta

467 1833 830 1905 gotiationem
878 1807 1101 1909 indigne
1146 1807 1518 1908 promovetur.
1561 1807 1683 1890 Ideo
1710 1834 1898 1905 utique
1926 1831 2074 1904 quod
2107 1807 2160 1873 Β
2185 1836 2357 1893 nostri
2386 1837 2666 1909 apostolici
2696 1845 2895 1893 statuta
2928 1851 2993 1892 ex
3023 1835 3301 1908 synodicis
3328 1807 3641 1890 sanctorum
3667 1837 3781 1890 Pa-

468 1927 851 1986 sanctissimus
878 1945 1018 2003 papa
1046 1931 1368 2001 Gregorius,
1400 1928 1513 1984 imo
1548 1943 1646 1999 per
1695 1927 1851 1982 illum
1901 1925 2072 1998 Spiri-

468 2032 555 2080 tns
591 2033 840 2094 sanctus,
880 2024 948 2080 de
994 2022 1318 2095 hujusmodi
1361 2020 1800 2094 negotiatoribus
1845 2019 2066 2076 indubi-

468 2128 647 2178 tanter
679 2116 944 2187 decrevit,
972 2117 1067 2189 qui
1088 2116 1147 2172 in
1172 2115 1421 2188 ejusdem
1443 2113 1727 2186 apostolici
1763 2112 2066 2169 auriculam

468 2212 572 2271 sub
608 2211 925 2269 columbina
981 2210 1161 2281 specie
1191 2208 1455 2281 quaelibet
1494 2206 1834 2263 decernenda
1862 2204 2068 2261 dictare

468 2305 771 2364 consuevit.
817 2307 1031 2375 Nempe
1080 2303 1349 2373 scriptum
1375 2310 1460 2358 est
1483 2302 1542 2356 in
1572 2299 1807 2356 decretis
1835 2299 1950 2355 suis
1973 2314 2067 2354 ca-

469 2400 580 2473 pite
610 2404 707 2455 181
746 2417 761 2453 :
805 2397 1127 2468 Quicunque
1155 2411 1287 2467 ergo
1336 2394 1768 2451 ecclesiasticum
1818 2391 2065 2449 ofﬁcium

469 2493 628 2564 pretii
680 2491 862 2548 studet
887 2489 1107 2546 datione
1124 2489 1376 2556 mercari,
1401 2488 1534 2545 dum
1557 2503 1671 2543 non
1701 2485 1948 2543 ofﬁcium
1969 2484 2069 2542 sed

466 2599 673 2643 nomen
720 2582 980 2651 attendit,
1041 2581 1296 2639 sacerdos
1351 2598 1466 2638 non
1495 2597 1635 2647 esse,
1685 2580 1781 2637 sed
1832 2579 2069 2636 inaniter

472 2677 863 2736 tantummodo
897 2676 1005 2733 dici
1021 2675 1379 2747 concupiscit.
1392 2678 1463 2730 Et
1478 2675 1643 2747 paulo
1652 2683 1779 2747 post
1792 2674 1851 2729 in
1869 2672 2067 2729 eodem

470 2787 590 2846 cap.
620 2772 735 2841 (lib.
762 2787 832 2828 Ix
855 2772 1238 2842 Epistolarum,
1262 2786 1351 2841 ep.
1389 2774 1476 2834 34)
1509 2787 1523 2823 :
1547 2769 1690 2825 Cum
1715 2767 1919 2840 liqueat
1931 2766 2071 2822 hanc

470 2866 727 2924 haeresim
754 2872 884 2921 ante
938 2880 1133 2921 omnes
1175 2862 1354 2919 radice
1399 2861 1653 2935 pestifera
1710 2859 2065 2933 subrepsisse,

474 2968 641 3033 atque
668 2960 726 3014 in
753 2959 870 3032 ipsa
898 2973 994 3015 sua
1022 2958 1231 3030 origine
1249 2957 1546 3029 apostolica
1564 2956 1927 3012 detestatione
1951 2969 2070 3009 esse

476 3052 816 3119 damnatam,
858 3068 959 3109 cur
994 3067 1109 3108 non
1134 3058 1373 3118 cavetur,
1402 3066 1501 3107 cur
1550 3065 1665 3106 non
1694 3047 2069 3121 perpenditur,

474 3146 605 3219 quia
631 3144 1030 3202 benedictioilli
1055 3145 1117 3199 in
1140 3143 1587 3201 maledictionem
1609 3141 1854 3207 vertitur,
1886 3141 1979 3215 qui
1997 3140 2069 3197 ad

2179 1938 2332 1987 trum
2360 1931 2639 1987 sententiis
2663 1930 2990 2002 processisse
3017 1928 3480 1998 demonstremus,
3516 1944 3639 1984 cum
3677 1942 3780 1982 ea-

2174 2024 2296 2080 dem
2352 2039 2419 2080 ex
2478 2024 2597 2095 ipso
2640 2039 2812 2080 sacra:
2858 2025 3157 2095 Scripturae
3213 2022 3445 2079 armario
3490 2037 3781 2078 emanasse

2174 2118 2391 2173 nullum
2415 2116 2666 2174 dubitare
2708 2117 2986 2173 eruditum
3017 2122 3308 2190 putemus?
3333 2118 3473 2171 Nam
3505 2116 3559 2173 in
3586 2115 3781 2171 eadem

2175 2210 2447 2282 Scriptura
2492 2225 2684 2266 omnes
2734 2226 2983 2282 persona:
3034 2217 3153 2265 tam
3193 2208 3383 2265 nefarii
3434 2208 3780 2265 mercimonii

2174 2302 2450 2359 damnata:
2490 2303 2859 2375 reperiuntur,
2880 2304 3089 2360 scilicet
3130 2309 3185 2360 et
3208 2303 3515 2360 venditores
3538 2311 3593 2358 et
3616 2303 3781 2375 spiri-

2174 2399 2410 2455 tualium
2433 2397 2742 2455 ofﬁciorum
2786 2406 3084 2469 emptores,
3141 2406 3305 2469 atque
3360 2395 3523 2468 hujus
3572 2395 3782 2469 negotii

2175 2493 2526 2549 mediatores.
2552 2496 2673 2563 lpse
2700 2492 2848 2546 enim
2897 2491 3172 2547 Dominus
3198 2491 3399 2562 pariter
3438 2498 3680 2546 ementes
3716 2502 3779 2546 et

2176 2586 2474 2642 vendentes
2504 2585 2570 2641 de
2626 2585 2832 2657 templo
2861 2601 2961 2640 suo
3001 2584 3180 2655 ejecit,
3226 2592 3282 2640 et
3324 2583 3614 2639 cathedras
3639 2599 3779 2639 ven-

2176 2680 2420 2736 dentium
2466 2679 2753 2734 columbas
2791 2679 2907 2750 jam
2950 2686 3084 2733 tunc
3104 2678 3221 2749 ipse
3263 2677 3528 2733 subvertit
3547 2679 3777 2745 (Matth.

2178 2788 2312 2842 xxt,
2355 2779 2473 2841 12);
2496 2772 2645 2844 quod
2678 2774 2733 2828 S.
2765 2771 3064 2842 Gregorius
3090 2771 3182 2827 ille
3199 2770 3491 2843 theologus
3521 2778 3711 2826 noster
3728 2771 3789 2826 in

2179 2867 2444 2940 vigesima
2506 2864 2742 2923 secunda
2783 2865 3011 2921 homilia
3067 2864 3288 2936 exponit
3330 2865 3404 2919 ita
3439 2884 3456 2919 :
3510 2864 3785 2921 Cathedra

2178 2978 2307 3034 ergo
2336 2959 2687 3016 vendentium
2732 2959 3015 3015 columbas
3041 2959 3320 3025 evertitur,
3351 2956 3567 3028 quando
3598 2957 3652 3013 hi
3685 2958 3784 3030 qui

2179 3054 2515 3126 spiritualem
2533 3053 2758 3125 gratiam
2789 3052 3058 3121 vendunt,
3087 3059 3141 3107 et
3164 3060 3289 3107 ante
3329 3050 3603 3107 humanos
3645 3067 3788 3107 ocu-

2180 3148 2283 3215 los,
2307 3157 2362 3203 et
2384 3156 2511 3203 ante
2542 3147 2641 3202 Dei
2667 3147 2877 3215 oculos,
2895 3145 3198 3202 sacerdotio
3233 3146 3555 3218 privamur;
3582 3154 3638 3200 et
3660 3159 3787 3200 me-

472 3205 587 3297 lioc
606 3246 666 3296 ut
691 3238 791 3296 ﬁat
807 3239 1097 3296 haereticus
1122 3239 1519 3310 promovetur?
1548 3236 1689 3306 Quid
1717 3251 1848 3308 ergo
1868 3205 2074 3291 mirum
2112 3205 2157 3268 ο
2181 3205 2311 3310 rixo,
2342 3257 2473 3297 nam
2507 3242 2621 3314 ipsa
2652 3205 2877 3296 Veritas,
2900 3240 3147 3312 praecipit
3174 3205 3251 3294 in‘
3268 3205 3607 3311 Evangelia:
3641 3239 3788 3295 Gra-

471 3334 519 3390 si
555 3340 744 3389 noster
790 3332 1120 3404 apostolicus
1181 3346 1277 3388 eos
1332 3340 1547 3387 tantum
1593 3330 1663 3385 ab
1700 3329 2075 3386 ecclesiasticis

470 3426 793 3484 ministeriis
839 3426 1136 3499 separavit,
1170 3440 1315 3497 quos
1343 3424 1723 3481 sanctissimus
1761 3424 1878 3496 ejus
1902 3423 2076 3496 atqui-

469 3536 641 3578 vocus
672 3521 744 3578 ab
774 3521 1015 3578 Ecclesia
1054 3527 1334 3591 separatos
1359 3535 1478 3577 esse
1503 3535 1632 3575 cum
1656 3519 1881 3592 reliquis
1903 3518 2075 3574 haere-

469 3613 594 3670 ticis
618 3614 939 3686 deputavit?

546 3708 675 3763 VII.
707 3706 1022 3762 Secundum
1047 3721 1267 3778 quoque
1294 3713 1561 3762 statutum
1589 3708 1768 3762 nostri
1794 3706 2078 3778 apostolici

478 3798 631 3872 quod
658 3797 928 3855 Ecclesiae
973 3799 1318 3871 emptoribus
1359 3814 1551 3854 earum
1579 3798 1749 3855 adimi
1805 3799 2073 3871 praecipit,

480 3894 616 3950 item
640 3892 701 3947 in
735 3891 991 3962 praedicto
1015 3891 1474 3949 Chalcedonensis
1502 3892 1723 3947 concilii
1740 3893 1935 3962 capite,
1952 3891 2079 3947 licet

479 3984 730 4052 obscure,
747 3984 1215 4057 comprehensum
1238 3984 1473 4049 videtur,
1495 3984 1648 4057 quod
1673 3985 1838 4041 etiam
1863 3984 2076 4057 dispen-

475 4078 649 4135 satori
713 4093 900 4135 rerum
956 4076 1453 4135 ecclesiasticarum
1485 4093 1579 4150 per
1626 4078 1919 4151 pecuniam
1947 4095 2073 4151 pro-

473 4180 632 4229 moto
668 4170 912 4229 ofﬁcium
965 4170 1319 4243 dispensandi
1350 4172 1516 4245 jubet
1570 4171 1806 4243 auferri;
1855 4173 2078 4246 quilibet

472 4268 621 4324 enim
650 4266 935 4340 presbyter
965 4265 1314 4339 dispensator
1332 4268 1497 4325 debet
1523 4269 1780 4337 existere,
1800 4285 1917 4325 non
1942 4284 2080 4341 pra:-

472 4358 763 4419 dicationis
803 4367 1049 4431 tantum,
1080 4360 1176 4418 sed
1213 4363 1384 4419 etiam
1442 4378 1630 4418 rerum
1678 4362 1936 4420 Ecclesia
1972 4362 2077 4418 sibi

469 4456 807 4523 commissae,
830 4471 966 4529 quas
993 4456 1167 4513 sancti
1195 4459 1384 4514 Patres
1414 4473 1527 4513 non
1558 4457 1731 4513 solius
1753 4458 2075 4530 presbyteri,

2184 3339 2253 3391 tis
2310 3338 2607 3407 accepistis,
2655 3336 2834 3404 gratis
2862 3335 2991 3389 date
3044 3334 3260 3405 (Matth.
3288 3342 3351 3398 Χ)
3390 3351 3403 3386 :
3454 3332 3600 3402 quod
3648 3347 3789 3387 cum

2185 3430 2323 3486 tales
2359 3445 2471 3485 non
2500 3428 2811 3496 attendant,
2833 3428 3002 3484 etiam
3042 3443 3073 3483 a
3112 3430 3233 3483 Deo
3261 3426 3468 3498 seipsos
3512 3427 3786 3493 alienant,

2182 3524 2274 3597 qui
2304 3523 2359 3579 in
2386 3522 2578 3579 eodem
2606 3522 2901 3595 Evangelia
2924 3520 3091 3576 dicit:
3124 3522 3232 3588 Qui
3257 3526 3428 3575 estea:
3457 3524 3584 3587 Deo,
3614 3520 3788 3574 verba

2185 3621 2285 3675 Dei
2310 3616 2469 3673 audit
2509 3638 2521 3672 :
2558 3617 2679 3672 ideo
2707 3632 2796 3671 vos
2838 3631 2946 3670 non
2991 3615 3224 3678 auditis,
3261 3616 3391 3684 quia
3428 3628 3497 3667 ea:
3524 3617 3627 3668 Deo
3674 3629 3788 3669 non

2186 3714 2311 3767 estis
2339 3710 2556 3776 (Matth.
2578 3724 2619 3766 v
2642 3713 2680 3775 ).
2711 3712 2979 3765 Praeterea
2997 3710 3249 3780 princeps
3272 3705 3652 3779 apostolorum
3678 3708 3787 3763 Pe-

2183 3816 2325 3870 trus,
2356 3804 2470 3858 imo
2501 3818 2594 3874 per
2626 3802 2783 3858 illum
2826 3803 2942 3875 ipse
2971 3800 3218 3858 Christus
3249 3799 3508 3857 omnibus
3538 3800 3787 3871 praelatis

2184 3897 2238 3952 in
2269 3895 2503 3953 Ecclesia
2546 3895 2792 3966 praecipit
2830 3895 2903 3950 ita
2934 3897 3202 3958 :Pascite,
3253 3897 3441 3965 quiin
3485 3894 3634 3948 vobis
3676 3899 3781 3957 est,

2186 4006 2395 4061 gregem
2428 3992 2553 4057 Dei;
2607 3974 2949 4061 providentes
2999 4006 3105 4043 non
3134 3993 3329 4051 coacte,
3375 3988 3467 4043 sed
3495 3992 3784 4058 spontanee

2184 4085 2474 4140 secundum
2489 4087 2774 4141 Dominum
2798 4103 2813 4153 ς
2846 4099 2951 4137 non
2972 4085 3146 4153 turpis
3176 4084 3315 4137 lucri
3329 4083 3526 4151 gratia,
3566 4080 3658 4135 sed
3683 4096 3780 4134 uo-

2188 4181 2428 4233 luntarie
2477 4182 2541 4245 (I
2564 4181 2712 4234 Petr.
2759 4183 2850 4241 v).
2901 4177 3106 4232 Contra
3164 4176 3269 4231 hoc
3319 4182 3653 4247 praeceptum
3698 4173 3783 4229 illi

2183 4280 2375 4344 agunt,
2399 4271 2711 4344 quicunque
2732 4270 2840 4326 hoc
2868 4268 3147 4341 spirituale
3174 4267 3421 4324 ofﬁcium
3457 4284 3556 4340 pro
3592 4282 3782 4324 saecu-

2184 4365 2279 4421 lari
2308 4366 2458 4421 lucro
2478 4364 2738 4435 subjectis
2762 4364 2877 4419 suis
2901 4364 3131 4434 turpiter
3152 4360 3482 4433 impendunt
3501 4403 3516 4427 ,
3542 4359 3613 4417 de
3654 4360 3789 4433 qui-

2184 4457 2286 4514 bus
2326 4456 2476 4513 idem
2520 4457 2797 4529 apostolus
2841 4457 2897 4512 in
2941 4471 3037 4513 ua
3069 4454 3353 4528 posteriori
3408 4454 3638 4526 epistola
3691 4463 3786 4510 te-

470 4549 571 4607 Ied
592 4550 968 4624 quorumlibet
1014 4551 1297 4623 egentium
1322 4550 1638 4607 necessitati
1673 4548 2072 4621 dispensandas
2098 4565 2150 4629 ι’)
2184 4559 2356 4607 statur
2386 4570 2400 4607 :
2453 4554 2634 4608 Secuti
2656 4556 2783 4606 sunt
2806 4554 2949 4606 viam
2977 4551 3202 4606 Balaam
3231 4566 3298 4604 ea;
3322 4552 3486 4606 Bosor
3509 4550 3609 4619 qui
3627 4564 3787 4603 mer-

470 4656 592 4699 esse
618 4652 972 4700 censuerunt.
1024 4645 1297 4701 Praeterea
1325 4644 1383 4698 in
1414 4642 1610 4700 eodem
1657 4643 1902 4716 capitulo
1949 4644 2068 4700 cui-

468 4732 604 4792 libet
620 4735 821 4792 clerico
850 4736 1029 4792 omnis
1055 4736 1418 4793 ecclesiastica
1466 4736 1771 4794 sollicitudo
1798 4754 1897 4810 per
1947 4753 2068 4810 pre-

468 4826 613 4885 tium
659 4828 931 4901 acquisita
976 4829 1204 4901 jubetur
1269 4829 1463 4897 adimi,
1526 4846 1821 4903 procurare
1874 4839 2066 4888 autem

474 4922 649 4993 ipsam
692 4921 991 4978 Ecclesiam
1069 4938 1199 4978 cum
1262 4923 1586 4981 sacerdotali
1653 4924 1948 4997 diligentia,
2009 4924 2067 4981 ni

477 5013 660 5084 fallor,
687 5014 948 5072 clericalis
965 5014 1274 5073 sollicitudo
1293 5025 1377 5073 est
1402 5025 1457 5074 et
1497 5018 1879 5075 ecclesiastica.
1921 5021 2067 5092 Ergo

476 5116 534 5165 et
558 5109 620 5165 in
646 5107 847 5166 eodem
873 5109 1115 5183 capitulo
1158 5110 1396 5168 ecclesia
1422 5111 1736 5169 sollicitudo
1776 5127 1875 5183 per
1901 5128 2065 5184 pecu-

471 5202 629 5259 niam
655 5211 915 5275 usurpata
952 5201 1174 5276 jubetur
1191 5202 1417 5261 auferri.
1448 5204 1617 5262 Unde
1636 5212 1694 5262 et
1716 5205 2066 5263 beatissimus

472 5310 612 5368 papa
638 5296 942 5370 Gregorius
972 5297 1216 5356 scribens
1233 5297 1306 5356 ad
1327 5300 1669 5357 Clementem
1691 5300 2063 5357 Bizanzcnum

466 5386 654 5464 [forte,
682 5392 1052 5464 Byzacenum]
1082 5391 1151 5449 de
1178 5392 1424 5465 quodam
1451 5393 1790 5469 presbytero,
1819 5393 2065 5452 decernit

467 5481 578 5539 ita:
606 5484 687 5540 Ut
783 5484 932 5543 idem
963 5486 1247 5560 presbyter
1272 5487 1573 5560 quamdam
1600 5488 1898 5546 Ecclesiam
1928 5489 2064 5546 obti-

464 5574 669 5634 nninet
699 5592 799 5650 per
822 5579 1138 5650 pecuniam,
1192 5597 1310 5639 non
1346 5582 1531 5641 solum
1569 5581 1764 5641 eadem
1817 5583 2061 5641 Ecclesia

458 5668 789 5741 privaretur,
817 5671 919 5729 sed
971 5672 1139 5731 etiam
1183 5675 1503 5749 presbyterii
1542 5676 1752 5735 honore
1791 5677 2057 5750 spoliare-

467 5768 588 5821 tur.
616 5762 709 5823 Sic
733 5780 953 5841 quoque
980 5774 1038 5825 et
1060 5767 1120 5826 in
1138 5769 1378 5844 antiquis
1400 5779 1716 5829 nostrarum
1744 5770 2055 5843 provincia-

476 5865 601 5912 rum
650 5860 909 5931 condliis,
964 5861 1398 5937 Moguntiacensi
1456 5863 1719 5929 videlicet,
1770 5863 2053 5933 Remensi,

2177 4646 2356 4702 cedem
2383 4648 2694 4716 iniquitatis
2721 4646 2964 4710 amavit;
3002 4648 3382 4713 correptionem
3412 4658 3534 4698 vero
3576 4642 3781 4698 habuit

2175 4755 2289 4796 sua
2311 4742 2543 4795 uesania;
2564 4758 2581 4793 :
2599 4739 2883 4808 subjugale
2894 4742 3103 4793 mutum
3120 4738 3363 4805 animal,
3381 4737 3616 4792 hominis
3653 4752 3790 4793 uoce

2178 4835 2415 4905 loquens,
2439 4834 2720 4905 prohibuit
2741 4833 3017 4904 propheta:
3032 4833 3405 4901 insipientiam
3422 4833 3509 4901 (Π
3531 4833 3675 4886 Petr.
3689 4836 3785 4895 ιι).

2174 4927 2335 5000 Quod
2363 4926 2680 4985 venerabilis
2718 4926 3005 4998 presbyter
3039 4924 3189 4981 Beda
3217 4925 3272 4980 in
3308 4931 3553 4980 tractatu
3605 4938 3785 4995 super

2173 5022 2425 5079 eamdem
2470 5021 2762 5093 epistolam
2785 5018 3051 5077 dilueidat
3083 5020 3161 5075 ita
3195 5038 3210 5074 :
3244 5016 3506 5074 Nonnulli
3544 5016 3790 5075 catholi-

2173 5130 2365 5173 corum
2400 5114 2675 5171 intantum
2715 5113 3027 5171 mercedem
3090 5120 3279 5169 amant
3323 5110 3643 5183 iniquitatis,
3713 5120 3789 5169 ut

2173 5210 2339 5265 etiam
2383 5208 2528 5265 docti
2547 5207 2618 5264 ab
2644 5207 2905 5276 indoctis,
2933 5222 2965 5263 a
2993 5206 3143 5263 laicis
3165 5204 3342 5261 clerici
3377 5204 3580 5261 merito
3628 5205 3787 5261 lace-

2172 5311 2396 5359 rentur:
2437 5302 2534 5372 qni
2558 5300 2685 5374 jure
2704 5309 3093 5372 comparantur
3122 5298 3424 5372 propheta,
3455 5297 3549 5370 qui
3590 5296 3784 5354 ναι-δὴ

2170 5396 2336 5453 asina:
2355 5402 2549 5452 contra
2582 5400 2839 5450 naturam
2882 5392 3156 5467 loquentis
3189 5391 3505 5465 corripitur,
3545 5405 3648 5447 nec
3683 5398 3782 5447 ta-

2169 5506 2297 5546 men
2332 5506 2365 5546 a
2390 5488 2673 5562 proposito
2704 5486 2860 5561 pravi
2878 5488 3093 5545 itineris
3114 5487 3446 5544 retardatur.
3480 5487 3589 5541 Iste
3613 5483 3783 5541 vide-

2168 5583 2293 5641 licet
2316 5583 2540 5640 Balaam
2576 5582 2725 5640 idem
2752 5596 2872 5639 esse
2898 5582 3160 5639 asseritur
3182 5581 3274 5653 qui
3310 5589 3369 5637 et
3406 5580 3634 5637 beatum
3659 5577 3780 5635 Job

2164 5676 2223 5733 in
2243 5676 2381 5733 libro
2405 5676 2682 5749 superflue
2711 5684 2765 5732 et
2790 5685 3115 5749 arroganter
3148 5674 3407 5731 docuisse
3430 5672 3651 5745 legitur,
3671 5672 3783 5741 qui

2162 5778 2219 5829 et
2250 5771 2395 5840 Eliu,
2428 5770 2486 5828 id
2512 5779 2597 5829 est
2638 5770 2887 5840 divinus,
2918 5770 2988 5827 ab
3012 5768 3197 5828 ofﬁcio
3232 5766 3515 5826 divinandi
3546 5772 3628 5822 est
3666 5779 3775 5820 co-

2157 5864 2529 5940 gnominatus.
2562 5866 2648 5924 Sic
2683 5865 2831 5923 enim
2872 5871 3101 5923 testamr
3128 5871 3354 5922 sanctus
3379 5862 3775 5930 Hieronymus
