4048 6174
1524 178 1569 194 ⁸

274 324 373 377 761
1531 319 1872 377 CONCILIUI

1975 318 2263 376 OMANUM
2302 320 2342 376 ι.
3476 327 3573 379 762

270 448 335 502 in
379 446 524 503 libro
554 448 638 502 De
666 447 938 502 Hebraicis
978 447 1383 517 quastionibus.
1435 445 1538 501 Hic
1564 461 1695 517 ergo
1743 461 1872 501 cum
1902 452 1956 513 Α
1984 446 2078 517 qui
2108 460 2207 516 pro
2234 445 2354 502 solo
2397 444 2609 502 nefario
2648 447 2889 518 appetitu
2935 445 3250 514 damnatus,
3297 462 3395 520 per
3433 448 3579 520 ipsos

268 548 424 597 esset
450 539 717 612 propheta
746 555 776 594 a
801 540 997 597 Balaac
1039 556 1165 613 rege
1193 540 1561 596 Moabitarum
1589 538 1659 595 ad
1704 540 1872 595 male-
1980 539 2257 610 apostolos
2276 539 2420 611 apud
2452 540 2755 596 Dominum
2784 539 2999 596 efﬁcere
3026 539 3240 596 studuit
3264 549 3326 597 ut
3348 541 3575 598 damna-

270 633 571 691 dicendum
627 633 754 689 ﬁliis
802 634 962 689 Israel
1016 633 1340 703 conductus,
1394 634 1499 689 illis
1549 632 1777 704 quidem
1818 632 1873 688 in
1978 633 2142 688 torias
2162 649 2355 689 eorum
2375 634 2669 690 sententias
2686 633 3104 707 subterfugefet,
3123 651 3236 690 non
3257 644 3320 691 ut
3334 635 3577 693 ofﬁcium

269 728 444 784 verbo
462 727 683 783 Domini
708 743 808 799 pro
830 729 1001 799 pretio
1021 728 1234 784 studuit
1255 728 1601 796 maledicere,
1625 726 1721 783 sed
1744 743 1873 799 pra-
1979 726 2279 783 criminose
2308 728 2609 799 appetitum
2638 728 2987 785 criminosius
3016 729 3312 785 obtineret.
3338 729 3444 785 Sed
3472 746 3573 787 cur

266 823 504 877 vitatem
530 838 710 889 suam,
730 822 972 878 Domino
994 831 1231 889 vetante,
1255 822 1325 878 ad
1342 820 1603 878 effectum
1625 837 1734 877 non
1762 836 1876 893 per-
1980 819 2128 876 idem
2160 820 2521 877 haeresiarcha
2549 821 2827 892 spirituale
2858 821 3102 879 ofﬁcium
3129 822 3367 880 mercari
3401 840 3574 895 appe-
3603 856 3606 861 “

262 915 450 983 duxit,
478 931 580 972 nec
607 914 923 972 mercedem
950 915 1258 989 iniquitatis
1286 917 1518 988 accepit,
1564 914 1656 987 qui
1682 923 1872 971 tamen
1977 915 2149 982 tisset,
2177 914 2282 970 nisi
2312 924 2565 985 emptum
2590 914 2785 971 deinde
2812 915 3100 972 nefandius
3128 918 3361 973 vendere
3391 918 3569 984 vellet,

263 1009 414 1065 adeo
441 1025 470 1064 a
499 1013 618 1065 Deo
655 1009 1010 1081 reprobabilis
1038 1009 1332 1068 denotatur
1367 1018 1430 1065 ut
1460 1010 1613 1065 asina
1641 1009 1758 1080 ejus
1781 1024 1870 1065 sa-
1977 1025 2093 1064 non
2127 1008 2271 1063 enim
2304 1008 2502 1064 frustra
2529 1008 2597 1064 de
2620 1024 2685 1063 eo
2726 1008 2989 1079 scriptum
3016 1025 3133 1066 esse
3159 1011 3393 1080 videtur,
3426 1011 3576 1083 quod

262 1103 553 1175 pientiam,
594 1103 709 1159 imo
738 1104 1010 1159 vesaniam
1050 1104 1169 1177 ejus
1209 1112 1265 1159 et
1306 1102 1675 1174 insipientiam
1699 1102 1869 1158 corri-
1976 1102 2245 1174 stupidius
2273 1102 2341 1158 de
2378 1102 2551 1173 signis
2580 1110 2633 1157 et
2667 1102 2958 1158 virtutibus
2986 1102 3311 1171 admiretur,
3360 1121 3484 1175 qua:
3514 1113 3575 1161 ut

262 1197 479 1268 puisse,
501 1205 555 1252 et
577 1212 707 1252 eum
736 1214 768 1253 a
796 1197 981 1269 gladio
1004 1196 1228 1270 cjus[f.,
1257 1196 1326 1270 ei]
1355 1196 1663 1253 resistentis
1690 1197 1870 1269 angeli
1975 1197 2089 1265 ipse
2117 1204 2298 1267 posset
2321 1196 2498 1251 facere
2526 1212 2621 1267 per
2642 1197 2932 1266 pecuniam
2961 1212 3118 1251 suam
3139 1197 3307 1254 voluit
3328 1196 3566 1267 efﬁcere,

263 1290 554 1362 eripuisse,
584 1290 815 1363 legatur,
840 1307 1003 1362 quam
1027 1292 1139 1363 ipse
1162 1291 1383 1364 angelus
1409 1306 1519 1345 non
1539 1290 1869 1346 morituram
1976 1289 2245 1356 videlicet,
2295 1298 2377 1356 ut,
2400 1289 2559 1360 juxta
2597 1291 2771 1345 sancti
2821 1289 3142 1362 Hieronymi
3192 1291 3566 1361 assertionem,

265 1383 389 1440 fore
419 1392 649 1440 testatus
677 1392 782 1452 est,
813 1384 1025 1440 etiamsi
1066 1385 1249 1456 ipsum
1278 1383 1574 1455 reprobum
1624 1388 1866 1455 prophe«
1975 1384 2276 1454 temporale
2326 1383 2542 1439 lucrum
2586 1400 2652 1439 ex
2681 1383 2958 1439 miraculis
2987 1392 3385 1454 assequeretur.
3428 1388 3573 1455 Ergo

263 1485 387 1533 tam
415 1477 595 1533 debita
632 1486 815 1533 morte
843 1478 1150 1534 multasset.
1970 1492 2086 1532 non
2109 1478 2291 1533 solum
2320 1485 2615 1549 emptores,
2647 1476 2746 1533 sed
2776 1485 2831 1533 et
2874 1476 3184 1533 venditores
3212 1477 3576 1549 spiritualium

341 1571 396 1627 Si
428 1586 559 1644 ergo
584 1572 809 1628 Balaam
833 1580 1046 1627 tantum
1072 1570 1310 1628 amando
1336 1571 1642 1628 mercedem
1662 1571 1863 1643 iniqui-
1971 1569 2306 1638 ofﬁciorum,
2336 1579 2631 1627 sectatores
2660 1570 2867 1642 praefati
2901 1570 3277 1627 haeresiarchas
3302 1571 3570 1628 denotan-

261 1665 397 1721 tatis
442 1664 577 1721 adeo
624 1664 825 1739 legitur
875 1666 1254 1737 reprobahilis,
1304 1673 1511 1738 quanto
1560 1666 1734 1735 magis
1772 1665 1863 1720 ille
1969 1673 2080 1733 tur,
2110 1665 2257 1722 unde
2277 1673 2332 1721 et
2357 1681 2483 1721 cum
2501 1664 2696 1720 eodem
2716 1673 2935 1721 aeternae
2958 1664 3331 1721 damnationis
3351 1665 3570 1721 vinculo

260 1758 414 1814 inter
460 1758 727 1831 reprobos
773 1767 857 1815 est
883 1759 1303 1831 computandus,
1351 1759 1444 1831 qui
1475 1775 1604 1815 cum
1641 1759 1862 1814 Balaam
1969 1758 2213 1815 adstricti
2239 1775 2353 1815 non
2378 1758 2723 1824 dubitantur,
2756 1766 3045 1814 attestaute
3069 1758 3228 1814 beato
3268 1759 3486 1816 Gelasio
3516 1760 3572 1816 in

260 1851 335 1907 de
361 1851 700 1924 iniquissima
735 1852 1050 1908 venditione
1090 1852 1390 1924 spiritualis
1428 1851 1594 1908 ofﬁcii
1625 1853 1863 1923 pretium
1892 1862 1940 1925 Β
1969 1852 2195 1909 decretis
2236 1853 2351 1909 suis
2378 1853 2618 1923 capitulo
2666 1852 2923 1925 vigesimo
2974 1861 3187 1922 quarto.
3240 1853 3392 1921 Quos
3438 1869 3568 1909 vero

148 1938 155 1945 ’
256 1945 660 2002 studiosissime
690 1946 946 2017 requirit,
974 1961 1076 2001 nec
1099 1954 1275 2002 cessat
1307 1945 1481 2001 donec
1507 1944 1863 2002 ambitionem
1972 1946 2282 2002 constiterit
2334 1945 2589 2018 indignos
2640 1946 2846 2001 meritis
2874 1961 3086 2001 sacram
3133 1954 3408 2002 mercatos
3451 1962 3570 2003 esse

257 2054 419 2094 suam
456 2039 527 2095 ad
554 2037 814 2095 effectum
855 2039 1135 2111 perducat.
1182 2042 1455 2095 Praeterea
1498 2039 1697 2096 beatus
1726 2039 1862 2095 Hie-
1970 2039 2310 2110 dignitatem,
2341 2038 2621 2095 convictos
2650 2047 2869 2109 oportet
2910 2038 3106 2105 arceri,
3138 2055 3252 2094 non
3282 2039 3397 2113 sine
3426 2040 3566 2110 peri-

257 2148 529 2205 ronymus
559 2132 613 2187 in
654 2141 891 2189 tractatu
921 2149 1087 2204 super
1136 2132 1475 2202 Matthzeum,
1521 2132 1677 2189 illum
1722 2133 1863 2189 scri-
1966 2133 2090 2188 culo
2120 2134 2227 2189 tale
2281 2132 2486 2188 facinus
2537 2141 2829 2204 patrantes,
2874 2131 3006 2204 quia
3029 2131 3255 2187 dantem
3287 2132 3486 2204 pariter
3513 2143 3570 2189 et

256 2227 389 2282 bam
419 2227 515 2298 qui
560 2225 692 2281 dixit
728 2229 855 2282 Jesu
889 2245 903 2282 :
932 2230 1205 2296 Magister,
1237 2243 1432 2296 sequar
1474 2232 1524 2282 te
1551 2243 1862 2297 quocunque
1967 2227 2326 2298 accipientem
2363 2226 2640 2282 damnatio
2684 2225 2942 2293 Simonis,
2988 2240 3155 2295 quam
3207 2242 3362 2282 sacra
3406 2227 3567 2283 lectio

254 2322 423 2375 iveris
452 2321 664 2386 (Matth.
694 2324 859 2389 vm),
887 2319 1013 2375 ideo
1057 2319 1409 2392 repudiatum
1436 2337 1468 2376 a
1499 2321 1740 2376 Domino
1779 2330 1859 2375 te-
1966 2328 2219 2386 testatur,
2253 2319 2494 2376 involvit.

255 2422 460 2480 statur,
490 2413 618 2485 quia
661 2430 818 2470 more
847 2414 1087 2471 Simonis
1118 2415 1264 2487 Magi
1308 2430 1436 2470 eum
1478 2414 1635 2486 sequi
1664 2415 1859 2470 v'olue-
2036 2416 2193 2469 Hanc
2237 2423 2423 2469 autem
2473 2414 2787 2485 generalem
2839 2414 3175 2469 sententiam
3222 2416 3287 2469 B.
3318 2413 3569 2471 Gelasius

254 2508 352 2574 rit,
399 2515 463 2563 ut
490 2522 552 2562 ex
598 2522 829 2578 operum
872 2507 1156 2563 miraculis
1196 2508 1415 2563 lucrum
1458 2518 1855 2580 assequeretur,
1965 2523 2103 2578 papa
2136 2516 2475 2578 pertractans
2496 2508 2564 2563 de
2598 2508 2941 2579 singulorum
2967 2507 3241 2579 graduum
3278 2507 3567 2564 ordinatio-

255 2600 409 2656 unde
437 2609 492 2655 et
521 2600 623 2656 sibi
658 2617 687 2655 a
718 2601 959 2656 Domino
986 2601 1347 2672 respondetur
1376 2620 1388 2655 :
1437 2602 1636 2671 Vulpes
1664 2604 1857 2669 foveas
1962 2601 2126 2656 nibus
2145 2600 2458 2667 subintulit,
2488 2601 2632 2656 inter
2650 2617 2789 2672 quos
2813 2600 2980 2657 etiam
3002 2601 3269 2665 ostiarios,
3296 2603 3561 2670 notarios,

254 2695 454 2749 habent
480 2695 684 2760 (Ibid),
724 2703 853 2762 etc.;
878 2710 941 2750 ac
968 2693 1014 2750 si
1041 2694 1249 2750 diceret
1281 2710 1293 2746 :
1322 2696 1430 2750 Cur
1458 2702 1683 2765 propter
1707 2694 1857 2749 lucra
1964 2695 2076 2750 sive
2104 2694 2440 2759 defensores,
2471 2696 2804 2762 numeravit,
2833 2694 2924 2766 qui
2954 2710 3057 2749 nec
3101 2710 3197 2766 per
3224 2711 3421 2752 manus
3457 2697 3563 2751 im-

252 2796 311 2842 et
339 2787 557 2843 divitias
585 2788 663 2843 vis
691 2803 781 2843 me
810 2788 988 2860 sequi,
1019 2803 1147 2843 cum
1175 2794 1346 2843 tantae
1390 2788 1495 2842 sim
1524 2787 1857 2857 paupertatis
1964 2786 2292 2858 positionem
2322 2786 2670 2853 ordinantur,
2721 2803 2824 2843 nec
2851 2787 2953 2858 ipsi
2981 2803 3178 2843 manus
3203 2788 3362 2843 alicui
3389 2789 3562 2859 impo-

252 2890 319 2937 ut
361 2896 463 2936 nec
506 2882 792 2952 proprium
832 2880 1067 2937 habeam
1117 2881 1441 2951 hospitium,
1494 2896 1622 2936 cum
1669 2881 1857 2951 vulpes
1964 2897 2095 2936 nere
2125 2880 2536 2950 permittuntur;
2565 2880 2712 2936 unde
2738 2888 2795 2935 et
2821 2880 2978 2935 illum
3015 2881 3069 2934 in
3100 2872 3339 2936 decretis
3383 2882 3558 2937 sancti

252 2975 425 3031 etiam
471 2982 527 3029 et
577 2974 823 3030 volucres
871 2975 1118 3046 proprias
1157 2974 1389 3030 habeant
1433 2974 1772 3030 mansiones?
1800 2973 1856 3029 Si
1961 2973 2256 3030 Alexandri
2298 2974 2673 3031 Simoniacum
2704 2974 2889 3029 vocari
2932 2988 3041 3028 non
3077 2972 3307 3029 dubium
3333 2983 3437 3043 est,
3467 2975 3562 3046 qui

248 3083 386 3139 ergo
430 3068 541 3137 ille,
596 3068 684 3139 qui
730 3068 1008 3139 spirituale
1037 3067 1286 3124 ofﬁcium
1331 3083 1428 3138 pro
1458 3067 1610 3123 lucro
1638 3075 1855 3123 tantum
1962 3067 2254 3138 ptenitenti
2283 3067 2353 3123 ad
2393 3066 2895 3123 reconciliationem
2928 3082 3026 3137 pro
3051 3067 3224 3138 pretio
3258 3068 3405 3139 apud
3444 3069 3558 3140 epi-

248 3178 508 3217 cxeroere
553 3162 740 3229 voluit,
781 3162 849 3217 ab
892 3163 1013 3235 ipso
1060 3162 1306 3217 Domino
1347 3160 1471 3233 jure
1509 3161 1854 3234 reprobatur,
1962 3177 2192 3233 scopum
2214 3161 2388 3232 juvat.
2420 3164 2501 3216 Ex
2538 3177 2645 3233 qua
2673 3177 2732 3216 re
2755 3160 3044 3233 colligitur,
3074 3176 3185 3216 non
3229 3161 3410 3217 solum
3438 3162 3560 3219 illos

246 3264 460 3328 quanto
481 3256 660 3326 magis
688 3255 775 3311 ille
800 3256 891 3327 qui
920 3265 977 3311 et
1004 3255 1323 3328 hujusmodi
1350 3253 1597 3311 ofﬁcium
1635 3255 1851 3328 penitus
1888 3245 1933 3309 C
1962 3255 2196 3326 reputari
2226 3255 2369 3311 inter
2395 3255 2754 3323 Simoniacos,
2794 3255 2889 3326 qui
2917 3270 3014 3326 per
3054 3254 3295 3326 pretium
3342 3254 3411 3310 ad
3438 3271 3559 3312 ma-

246 3350 374 3404 aliis
404 3349 708 3405 vendidisse
746 3349 1033 3421 detegitur!
1960 3365 2069 3404 nus
2094 3348 2507 3420 impositionem
2536 3348 2876 3420 perveniunt,
2905 3347 3001 3404 sed
3024 3355 3080 3403 et
3109 3347 3230 3405 illos
3254 3348 3349 3420 qui
3372 3357 3427 3403 et
3455 3349 3558 3405 alia

320 3445 425 3499 IX.
466 3445 757 3513 Emptores
774 3451 962 3499 autem
986 3443 1349 3515 spiritualium
1378 3442 1689 3499 ofﬁciorum
1719 3460 1846 3499 cum
1954 3443 2277 3497 clericorum
2311 3440 2487 3497 ofﬁcia
2532 3458 2628 3513 per
2670 3443 2953 3513 pecuniam
3006 3441 3314 3512 acquirunt.
3359 3442 3558 3498 Omnia

244 3536 371 3607 ipso
416 3537 654 3608 principe
684 3552 877 3592 eorum
917 3537 1145 3593 Simone
1173 3540 1339 3608 Mago
1368 3537 1425 3591 in
1459 3536 1684 3592 Actibus
1711 3553 1846 3609 apo-
1950 3544 2134 3591 autem
2164 3536 2217 3590 in
2236 3535 2509 3606 ejusmodi
2544 3535 2739 3592 ofﬁciis
2768 3543 3028 3606 operatur
3053 3550 3196 3590 unus
3221 3542 3385 3605 atque
3406 3535 3557 3592 idem

241 3628 777 3684 stolorumdamnati
792 3630 1068 3702 leguntur,
1087 3629 1277 3685 uhiille
1298 3628 1686 3685 nosterSimon
1704 3630 1843 3701 prin-
1952 3628 2181 3699 Spiritus
2221 3632 2271 3695 (Ι
2308 3630 2431 3685 Cor.
2476 3630 2615 3701 xu),
2657 3629 2816 3701 cujus
2842 3629 3052 3685 donum
3089 3645 3201 3683 non
3244 3629 3432 3700 gratis,
3460 3631 3558 3686 sed

240 3738 379 3794 ceps
420 3724 798 3795 apostolorum
825 3722 1084 3779 eumdem
1112 3724 1283 3779 alium
1328 3722 1609 3779 Simonem
1640 3723 1844 3794 princi-
1952 3738 2047 3793 per
2076 3722 2308 3793 pretium
2353 3721 2486 3777 dare
2522 3730 2585 3787 et,
2622 3723 2887 3794 accipere,
2922 3738 3036 3778 non
3065 3721 3416 3792 catholicum,
3458 3723 3555 3780 sed

240 3831 377 3888 pem
404 3825 773 3888 apostatarum
803 3804 1017 3873 aeterna.
1048 3816 1403 3873 damnatione
1452 3816 1720 3883 multavit,
1766 3816 1843 3872 ita
1953 3815 2333 3871 indubitanter
2371 3823 2454 3871 est
2480 3816 2875 3872 Simoniacum.

240 3910 551 3967 decernens
582 3929 597 3964 :
627 3913 859 3967 Pecunia
902 3916 997 3965 tua
1028 3915 1203 3965 tecum
1240 3914 1313 3967 sit
1362 3913 1420 3964 in
1457 3911 1840 3980 perditionem,
2022 3910 2097 3964 X.
2140 3908 2470 3966 Mediatores
2498 3925 2717 3981 quoque
2756 3909 2918 3981 hujus
2946 3908 3349 3966 nefandissimaa
3383 3925 3553 3982 nego-

237 4007 499 4075 quoniam
546 4006 872 4060 existimasti
896 4005 1097 4058 donum
1125 4007 1225 4059 Dei
1270 4006 1501 4074 pecunia
1538 4004 1836 4073 possideri.
1950 4001 2197 4059 tiationis
2225 4003 2294 4058 ab
2324 4004 2444 4074 ipso
2493 4018 2619 4059 vase
2663 4002 2940 4059 electionis
2974 4002 3292 4071 damnatur,
3343 4004 3438 4075 qui
3461 4019 3556 4060 eos

242 4100 361 4155 Non
409 4104 485 4153 est
526 4098 628 4153 tibi
665 4115 799 4169 pars
825 4115 993 4168 neque
1034 4113 1148 4153 sors
1188 4099 1247 4152 in
1287 4112 1529 4152 sermone
1576 4099 1699 4151 isto.
1746 4099 1844 4153 Cor
1951 4093 2024 4151 ita
2047 4095 2344 4153 detestatur
2395 4115 2409 4151 :
2452 4098 2597 4152 Nam
2639 4096 2788 4168 digni
2834 4106 2966 4152 sunt
2994 4106 3172 4153 morte
3218 4112 3331 4152 non
3373 4098 3552 4153 solum

238 4198 397 4247 ιυωη
422 4178 634 4248 nonest
661 4197 864 4247 rectum
890 4208 1072 4248 coram
1095 4195 1216 4246 Deo.
1256 4192 1639 4246 Paenitentiam
1663 4192 1844 4259 itaque
1950 4190 2039 4259 qui
2083 4189 2319 4245 nefanda
2371 4188 2601 4258 faciunt,
2645 4190 2744 4246 sed
2794 4190 2889 4262 qui
2937 4190 3268 4246 facientibus
3318 4206 3553 4246 consen-

241 4302 342 4356 age
380 4287 449 4342 de
492 4287 591 4341 hac
634 4288 848 4341 malitia
871 4292 988 4349 tua,
1021 4290 1074 4340 et
1117 4302 1248 4355 roga
1271 4286 1577 4350 Dominum,
1607 4286 1657 4337 si
1700 4286 1843 4350 forte
1950 4281 2093 4337 tiunt
2121 4286 2296 4351 (Rom.
2328 4287 2392 4348 1).
2424 4286 2566 4337 Item
2604 4282 2891 4339 citharista
2928 4292 3115 4339 noster
3138 4284 3352 4340 David:
3381 4287 3443 4341 Si
3468 4287 3551 4339 vi-

244 4384 564 4435 remittatur
590 4381 689 4435 tibi
709 4381 818 4435 hac
845 4382 1097 4449 cogitatio
1123 4379 1298 4434 cordis
1327 4380 1427 4433 tui.
1457 4380 1522 4432 In
1549 4377 1676 4445 felle
1704 4379 1843 4431 enim
1950 4375 2139 4438 debas,
2180 4375 2377 4447 inquit,
2400 4378 2603 4443 furem,
2633 4377 2884 4431 currebas
2925 4393 3043 4431 cum
3064 4392 3120 4431 eo
3158 4380 3321 4443 (Psal.
3355 4383 3545 4442 xux).

236 4475 637 4528 amaritudinis
675 4479 724 4529 et
770 4474 1096 4542 obligatione
1125 4475 1432 4543 iniquitatis
1456 4472 1608 4526 video
1638 4476 1688 4526 te
1713 4486 1839 4527 esse.
1952 4470 2025 4524 Et
2052 4468 2181 4525 illud
2214 4486 2228 4523 :
2262 4470 2329 4526 Os
2372 4473 2525 4524 tuum
2553 4470 2853 4524 abundavit
2882 4471 3121 4536 malitia;
3147 4474 3198 4524 et
3226 4470 3419 4539 lingua
3456 4476 3551 4524 tua

232 4569 579 4640 Respondeas
616 4573 816 4632 autem,
844 4570 1028 4625 Simon
1060 4567 1211 4622 dixit
1242 4585 1261 4621 :
1310 4567 1611 4621 Precamini
1654 4569 1705 4620 et
1750 4581 1841 4620 vos
1870 4620 1917 4640 ἢ
1950 4565 2303 4619 concinnabat
2351 4564 2496 4619 dolos
2526 4564 2729 4634 (Ibid.).
2763 4562 2974 4618 Deinde
3014 4563 3076 4618 in
3116 4563 3307 4619 eodem
3334 4564 3547 4635 psalmo

225 4620 453 4735 prorme
478 4662 555 4716 ad
578 4620 880 4726 Dominum,
911 4668 973 4717 ut
990 4662 1131 4715 nihil
1148 4664 1326 4717 veniat
1354 4674 1513 4730 super
1542 4675 1624 4714 me
1651 4661 1841 4713 horum
1869 4620 1920 4682 Β
1952 4657 2206 4713 terribilis
2232 4657 2502 4713 sententia
2522 4620 2588 4713 de
2617 4620 2939 4728 hujusmodi
2964 4664 3302 4712 assentatore
3335 4620 3549 4729 profer-

228 4757 769 4828 qucediaiistisMct.
799 4762 957 4821 vm).
982 4757 1049 4810 Et
1067 4763 1199 4810 nota
1220 4755 1401 4824 ipsum
1423 4752 1841 4809 haeresiarcham
1948 4759 2061 4815 tur,
2110 4750 2367 4807 videlicet
2394 4750 2543 4822 quod
2589 4766 2621 4805 a
2661 4750 2903 4806 Domino
2945 4749 3278 4822 arguendus,
3308 4767 3410 4809 nec
3450 4768 3549 4822 per

224 4851 528 4907 Simonem
575 4850 798 4921 Magum
836 4864 935 4920 pro
981 4848 1095 4904 sola
1142 4846 1352 4903 nefaria
1396 4846 1726 4918 cogitatione
1770 4846 1840 4902 ab
1949 4844 2187 4916 aliquem
2214 4860 2246 4899 a
2297 4860 2467 4899 manu
2496 4842 2721 4899 Domini
2768 4843 3025 4917 deinceps
3054 4844 3383 4916 eripiendus.
3434 4849 3549 4903 Nec

223 4944 524 5016 equivoco
566 4958 668 4997 suo
709 4942 1053 5009 damnatum,
1082 4956 1248 5013 quem
1276 4940 1528 4997 videlicet
1561 4939 1840 5010 spirituale
1947 4938 2166 4993 mireris
2212 4937 2257 4992 si
2305 4937 2607 5007 spiritualis
2651 4936 2823 5016 ofﬁcii
2866 4946 3141 4995 mercator
3178 4939 3283 4996 sub
3321 4939 3548 4997 nomine

222 5015 483 5095 ofﬁcium
528 5035 763 5091 mercari
804 5034 1158 5091 solummodo
1194 5034 1486 5106 cogitasse,
1526 5033 1840 5089 nullatenus
1947 5031 2081 5086 furis
2118 5030 2453 5103 designetur,
2481 5047 2610 5087 cum
2640 5032 2708 5088 ab
2750 5015 2863 5103 ipsa
2886 5032 3135 5090 Veritate
3158 5032 3214 5089 in
3252 5033 3545 5106 Evangelio
3584 5086 3591 5107 κ

222 5141 426 5189 autem
443 5128 843 5186 tamnel'ariam
862 5128 1534 5200 negotiationemlegimus
1549 5127 1832 5199 implesse:
1944 5124 2016 5179 ita
2058 5124 2378 5181 nominetur
2425 5124 2582 5194 :Qui
2628 5125 2773 5182 enim
2816 5125 3039 5183 aliunde
3083 5126 3251 5183 intrat
3293 5126 3398 5182 nisi
3446 5142 3544 5198 per

222 5225 456 5282 videsne
492 5237 661 5295 quam
707 5221 1103 5279 rationabiliter
1150 5220 1230 5275 illi
1275 5220 1611 5277 damnentur
1655 5221 1753 5293 qui
1780 5227 1837 5277 et
1942 5219 2168 5288 ostium,
2199 5234 2309 5274 non
2339 5226 2526 5290 pastor
2542 5219 2749 5287 ovium,
2775 5218 2871 5277 sed
2902 5218 2989 5276 fur
3017 5229 3072 5277 et
3092 5221 3233 5277 latro
3258 5235 3542 5291 nuncupa-

221 5326 340 5375 tam
387 5314 685 5385 inhianter,
717 5323 782 5371 ut
821 5314 1014 5372 Simon
1058 5316 1273 5385 Magus,
1318 5312 1610 5384 spiritualia
1652 5312 1836 5371 ofﬁcia
1945 5320 2036 5368 tur
2056 5329 2089 5369 a
2116 5312 2359 5369 Domino
2388 5315 2565 5381 (Joan.
2610 5318 2694 5379 ι).
2732 5316 2945 5385 Nempe
2991 5315 3175 5370 nullus
3215 5314 3272 5369 in
3302 5314 3545 5371 Ecclesia

219 5410 476 5469 mercari
504 5409 916 5482 concupiscunt,
942 5417 998 5465 et
1032 5408 1256 5480 insuper
1280 5407 1643 5464 desideratam
1675 5423 1836 5479 nego-
1942 5406 2200 5478 praelatus
2228 5421 2327 5478 per
2354 5406 2583 5475 ostium,
2619 5406 2727 5464 hoc
2771 5413 2856 5466 est
2882 5424 2978 5480 per
3010 5408 3191 5480 ipsum
3217 5408 3542 5477 Dominum,

218 5506 522 5563 tiationem
577 5503 865 5575 perﬁciunt
916 5523 932 5561 :
986 5510 1046 5559 et
1088 5502 1185 5575 qui
1232 5508 1287 5557 et
1330 5501 1520 5559 eadem
1571 5502 1833 5559 scelerate
1941 5499 2011 5556 ad
2038 5500 2367 5571 pastoralem
2390 5515 2582 5557 curam
2609 5501 2854 5569 intravit,
2897 5500 2991 5574 qui
3022 5516 3119 5572 per
3144 5501 3455 5569 avaritiam,
3483 5501 3544 5558 id

220 5597 499 5672 acquisita
538 5596 859 5655 sceleratius
899 5598 1001 5665 uti,
1053 5596 1169 5652 imo
1198 5594 1359 5652 abuti
1386 5610 1501 5652 non
1556 5604 1827 5665 verentur,
1940 5600 2023 5649 est
2066 5592 2341 5649 idolorum
2365 5595 2712 5664 servitutem,
2754 5594 2825 5651 ad
2852 5594 2956 5652 hoc
2981 5592 3225 5652 ofﬁcium
3256 5595 3529 5667 pervenit.

220 5692 375 5750 unde
414 5706 531 5747 non
557 5706 752 5763 parum
788 5692 970 5764 ipsum
1009 5690 1292 5747 Simonem
1320 5690 1544 5761 Magum
1588 5688 1642 5745 in
1666 5691 1829 5762 culpa
1936 5689 2064 5743 Non
2128 5694 2211 5743 est
2261 5703 2393 5761 ergo
2448 5687 2736 5762 indignum
2797 5688 3122 5761 hujusmodi
3171 5697 3533 5745 mercatorem

222 5782 544 5858 pracedere
590 5784 863 5843 videntur.
908 5783 1003 5841 Ille
1051 5783 1202 5841 enim
1245 5784 1601 5855 emMionem,
1655 5799 1827 5857 quam
1934 5782 2049 5839 sive
2120 5784 2527 5840 mercenarium
2599 5782 2702 5839 sub
2764 5783 2993 5840 nomine
3060 5782 3199 5840 furis
3253 5780 3537 5848 infamari,

222 5879 377 5937 male
422 5878 752 5949 concupivit,
780 5878 1093 5935 nullatenus
1130 5876 1201 5934 ad
1243 5875 1505 5934 effectum
1548 5876 1823 5949 perduxit,
1932 5876 2087 5949 cujus
2113 5875 2376 5935 furtivam
2405 5876 2756 5949 irreptionem
2777 5890 2893 5931 non
2918 5876 3133 5947 expavit
3158 5873 3380 5929 imitari.
3408 5874 3538 5929 Hu-
