4048 6174
516 288 616 342 763

1227 285 1281 343 S.
1322 282 1642 337 GREGORH
1681 281 1769 337 νυ
1811 280 1961 337 OPP.
2004 281 2116 338 PA!

2230 281 2304 339 lii.
2342 302 2413 326 οι·-
2450 282 2762 339 CONCILIA
2799 282 3101 339 ROMANA.

3699 280 3804 334 764

509 413 601 485 jus
654 419 841 468 autem
892 408 1319 465 criminosissiml
1374 407 1725 462 mercimonii
1776 406 2106 463 mediatores
2127 415 2183 478 Α
2209 423 2346 482 opus
2371 409 2751 475 interdicatur,
2791 408 2882 479 qui
2922 416 2979 463 et
3028 420 3126 477 pro
3155 404 3273 476 ipsa
3303 402 3700 460 cohabitatione
3724 403 3806 460 fe-

515 518 627 561 non
682 505 1015 574 negligenter
1066 494 1350 555 attendant
1405 498 1552 556 Giezi
1611 511 1844 572 puerum
1900 501 2106 570 Elisazi,

516 599 608 669 qui
638 612 703 652 ex
754 604 901 666 parte
928 593 1135 649 domini
1164 595 1267 662 sui,
1302 608 1368 649 eo
1399 593 1622 666 quidem
1652 593 1947 662 nesciente,
1987 608 2108 649 mu-

514 702 641 746 nera
676 698 869 760 sponte
898 685 1081 743 oblata
1131 688 1370 758 suscepit
1403 702 1435 743 a
1492 691 1742 751 Naaman
1795 690 1954 759 Syro,
2012 688 2111 759 qui

508 784 625 854 jam
647 794 676 836 a
702 778 850 853 lepra
882 782 1180 837 mundatus
1200 790 1282 836 est
1315 782 1384 837 ab
1409 778 1599 837 lilisrco
1630 781 1917 852 propheta.
1952 780 2109 835 idem

512 876 709 946 quippe
772 875 947 945 Giezi,
1024 875 1152 931 licet
1216 876 1359 930 inter
1422 875 1681 931 Eiisteum
1737 882 1797 930 et
1861 877 2110 957 ljaaman

516 969 729 1025 medius
770 969 974 1026 nefarie
1022 970 1348 1033 lucraretur,
1386 977 1647 1024 neutrum
1694 977 1875 1024 tamen
1921 982 2109 1023 secum

516 1064 731 1118 sceleris
780 1064 905 1118 fecit
931 1063 1174 1135 ejusdem
1206 1064 1525 1117 obnoxium.
1561 1064 1702 1117 Nam
1734 1064 1788 1117 et
1818 1063 1905 1116 ille
1943 1076 2109 1132 spon-

514 1166 735 1212 taneum
774 1155 1108 1211 oblationem
1155 1156 1316 1210 sortis
1361 1156 1632 1227 eleganter
1673 1156 1897 1226 respuit,
1947 1170 2112 1225 quam

515 1253 616 1307 iste
660 1265 774 1305 non
822 1251 975 1321 quasi
1007 1264 1069 1305 ex
1111 1249 1300 1305 debito
1330 1236 1721 1315 ementisfsed
1755 1264 1825 1303 ex
1882 1248 2110 1319 benigno

516 1345 716 1399 affectu
790 1346 1006 1412 montis,
1064 1344 1357 1399 liberaliter
1412 1342 1630 1409 obtulit;
1699 1342 1795 1397 sed
1864 1344 2113 1412 quamvis

518 1440 665 1494 Giezl
694 1447 950 1493 neutrum
1004 1438 1203 1492 horum
1249 1437 1303 1491 in
1332 1437 1562 1492 crimine
1591 1452 1775 1491 secum
1803 1436 2109 1503 attraxerit,

519 1531 613 1586 sed
654 1544 711 1586 se
735 1534 912 1587 solum
940 1532 996 1585 in
1040 1533 1141 1586 hos
1183 1531 1423 1586 medium
1452 1530 1683 1601 simplici
1717 1530 1942 1584 crimine
1969 1528 2108 1583 obii-

2217 505 2491 559 minarum
2539 517 2653 557 non
2701 502 2877 556 solum
2905 501 2973 556 de
3019 498 3315 555 ministerio
3341 498 3545 562 altaris,
3596 497 3693 553 sed
3738 496 3811 553 de

2215 597 2470 653 clericatu
2519 611 2621 653 suo
2670 594 2957 667 periclitari
2999 594 3123 665 jure
3172 599 3486 648 censentur.
3544 593 3657 647 Nec
3702 591 3813 647 hoc

2217 700 2432 748 tantum
2460 690 2529 747 de
2566 688 2959 755 sacerdotibus,
2988 686 3086 743 sed
3121 685 3191 742 de
3236 685 3495 742 omnibus
3514 685 3682 740 sacris
3720 701 3815 741 or-

2216 785 2439 841 dinibus
2494 784 2773 840 evidenter
2804 781 3135 838 decernitur.
3165 784 3311 836 Item
3354 783 3814 835 Neocmssresnse

2218 879 2525 945 concilium,
2547 878 2694 949 quod
2726 884 2853 932 ante
2891 876 3174 932 Nicrenum
3199 872 3489 929 euncilium
3525 872 3695 928 fuisse
3730 873 3817 927 ie—

2218 974 2384 1045 gitur,
2412 972 2586 1043 capite
2631 972 2812 1042 primo
2852 966 3090 1025 decrevit
3136 988 3152 1022 :
3192 967 3485 1039 Presbyter
3508 967 3554 1021 si
3584 980 3817 1021 uxorem

2217 1064 2453 1134 duxerit,
2499 1066 2567 1120 ab
2614 1064 2810 1121 ordine
2862 1064 3185 1134 deponatur;
3235 1061 3280 1116 i
3339 1076 3467 1116 vero
3515 1059 3821 1115 fornicatus

2218 1158 2403 1228 fuerit,
2434 1167 2530 1214 aut
2576 1157 2905 1214 adulterium
2955 1155 3360 1228 perpetraverit,
3408 1152 3644 1225 amplius
3685 1151 3821 1224 pelli

2218 1253 2404 1317 debet,
2429 1262 2483 1309 et
2508 1252 2577 1308 ad
2599 1251 2984 1324 paenitentiam
3006 1249 3200 1321 redigi.

2290 1348 2725 1403 Chalcedonensc
2761 1346 2927 1401 etiam
2952 1343 3267 1405 concilium,
3301 1340 3451 1413 quod
3486 1341 3628 1411 ipsas
3674 1343 3823 1396 Neo~

2221 1456 2579 1498 cmsareenses
2622 1448 2676 1496 et
2720 1440 2994 1506 Nicaenas,
3054 1438 3164 1492 imo
3213 1435 3459 1493 omnium
3507 1443 3831 1489 sanctorum

2221 1538 2447 1607 Patrum
2491 1534 2795 1590 sanctiones
2836 1542 2962 1587 ante
2991 1532 3173 1602 ipsum
3224 1536 3547 1595 transactus,
3580 1536 3641 1583 ut
3689 1542 3831 1598 prae-

519 1626 741 1696 gaverlt,
786 1626 901 1695 ipse
937 1634 1118 1680 tamen
1147 1634 1201 1680 et
1241 1638 1435 1679 omnes
1474 1634 1529 1678 et
1557 1624 1758 1694 posteri
1793 1640 1889 1693 pro
1926 1622 2118 1678 eadem
2226 1629 2435 1685 dictum
2463 1637 2561 1697 est,
2592 1628 2909 1693 confirmat,
2936 1626 3103 1681 etiam
3127 1622 3449 1679 earumdem
3479 1621 3825 1677 sanctionum

521 1720 680 1790 culpa
716 1719 978 1790 leguntur
1029 1720 1369 1773 severissime
1399 1718 1596 1788 puniti;
1643 1718 1737 1773 sed
1791 1726 1849 1771 et
1888 1718 2116 1787 lepram,

2227 1723 2662 1793 praevaricatores
2685 1721 3007 1792 generaliter
3045 1720 3116 1775 ita
3146 1716 3479 1773 condemnat
3504 1714 3679 1785 capite
3709 1722 3783 1770 to
3810 1730 3823 1765 :

517 1827 547 1866 a
577 1824 677 1883 qua
727 1813 1022 1867 mundatus
1068 1821 1152 1867 est
1193 1815 1462 1878 Naaman,
1510 1813 1663 1882 quasi
1708 1810 2112 1867 bmreditariam
2149 1794 2194 1857 Β
2228 1820 2333 1873 Eos
2356 1825 2538 1872 autem
2566 1816 2659 1887 qui
2705 1814 2820 1870 ausi
2852 1813 3052 1869 fuerint
3084 1825 3189 1883 per
3216 1813 3349 1880 [lege
3393 1818 3561 1881 post.,
3593 1811 3826 1874 lino},

518 1906 574 1960 in
616 1907 1008 1977 sempiternum
1046 1907 1238 1961 sortiti.
1290 1909 1633 1977 Quapropter
1661 1905 1989 1960 mediatores
2034 1903 2111 1959 Si-

518 2000 785 2056 moniacee
839 2000 1226 2071 negotiationis
1284 1999 1568 2054 attendant
1621 2014 1784 2070 quam
1846 1998 2108 2065 districto,

518 2093 634 2146 imo
680 2104 848 2163 quam
896 2093 1299 2148 districtissime
1341 2092 1448 2148 sint
1496 2092 1816 2161 damnandi,
1867 2092 1957 2163 qui
2000 2106 2113 2145 non

519 2186 698 2241 solum
737 2198 795 2239 se
825 2186 1002 2257 ipsos,
1031 2187 1124 2240 sed
1152 2194 1207 2240 et
1233 2187 1352 2240 illos
1378 2196 1611 2256 quorum
1625 2186 1951 2240 mediatores
1985 2191 2115 2239 sunt

520 2278 622 2333 sub
643 2287 845 2333 aeterna
868 2279 1223 2334 damnatione
1251 2296 1436 2333 secum
1462 2286 1775 2349 posuerunt.
1798 2279 1943 2333 Satis
1959 2292 2109 2349 ergo,

522 2379 585 2426 ut
622 2372 836 2441 opinor,
882 2372 1218 2426 declaratum
1258 2381 1339 2426 est
1381 2387 1546 2443 quam
1582 2384 1931 2442 summopere
1972 2386 2111 2442 prm-

520 2465 690 2520 dictas
727 2465 896 2520 nostri
917 2466 1199 2537 apostolici
1229 2467 1544 2521 sanctiones
1575 2466 1816 2521 venerari
1847 2474 1903 2519 et
1929 2466 2115 2520 obser-

522 2573 646 2614 vare
689 2558 1009 2625 debeamus,
1057 2574 1192 2631 quas
1235 2570 1349 2615 non
1392 2560 1571 2614 olum
1628 2575 1691 2613 ex
1744 2558 2019 2630 synodicis
2063 2566 2119 2612 et

524 2652 850 2708 authenticis
904 2661 1220 2708 sanctorum
1287 2654 1515 2708 Patrum
1568 2653 1849 2708 sententiis
1902 2667 2121 2723 proma-

522 2760 699 2811 nasse,
731 2744 825 2800 sed
857 2747 1025 2801 etiam
1071 2761 1141 2801 ex
1167 2747 1513 2817 propheticis,
1546 2745 1866 2816 evangelicis
1894 2754 1948 2800 et
1988 2760 2119 2817 apo-

512 2838 730 2893 stolicis
762 2840 1043 2909 scripturis
1082 2842 1410 2910 processisse
1452 2840 1739 2911 probatum
1782 2849 1866 2894 est
1906 2838 2122 2893 eviden-

524 2932 752 2987 tissima.
778 2936 897 3003 ipsa
924 2932 1168 2988 videlicet
1190 2934 1404 2989 Veritas
1425 2932 1639 2999 eadem,
1670 2941 1727 2987 et
1750 2944 1844 3004 per
1864 2934 2117 3004 seipsam,

523 3033 577 3080 et
623 3041 716 3096 per
756 3038 886 3082 suos
924 3026 1108 3081 ﬁdeles
1152 3026 1522 3082 indubitanter
1566 3027 1944 3098 promulgavit,
1988 3041 2114 3097 qua

524 3129 579 3175 et
603 3120 705 3175 sub
735 3120 881 3175 fideli
908 3121 1259 3176 attestatione
1285 3121 1447 3176 nobis
1490 3121 1623 3177 dicit
1670 3140 1682 3175 :
1734 3123 1925 3181 Amen,
1957 3136 2115 3175 amen

526 3216 643 3269 dico
672 3216 814 3269 vobis
846 3231 865 3269 .’
898 3218 957 3270 Si
986 3218 1113 3285 quis
1141 3230 1438 3270 sermonem
1467 3229 1641 3268 meum
1667 3217 1980 3276 servaverit,
2011 3230 2116 3269 non

523 3310 731 3363 uidebit
749 3315 969 3365 mortem
997 3314 1055 3363 in
1076 3317 1333 3365 ceterarum
1359 3315 1533 3375 (Joan.
1561 3314 1764 3375 xvm).
1791 3313 1929 3363 Item
1950 3309 2075 3363 alibi
2098 3325 2113 3363 :

523 3405 588 3460 Si
636 3406 757 3473 quis
799 3405 990 3472 diligit
1017 3420 1119 3469 me,
1151 3418 1438 3459 sermonem
1468 3419 1642 3457 meum
1671 3404 1907 3457 servabit
1945 3405 2118 3467 (Joan.

526 3506 673 3563 XIV).
719 3502 862 3569 Ergo
893 3499 983 3569 qui
1026 3499 1280 3555 mandata
1316 3498 1434 3569 ejus
1474 3508 1586 3551 non
1627 3498 1895 3563 observat,
1942 3497 2116 3567 ipsam

528 3593 819 3646 Veritatem
868 3604 976 3646 non
1016 3600 1164 3646 amat
1211 3610 1223 3645 :
1277 3595 1381 3657 Qui
1403 3598 1585 3645 autem
1614 3608 1717 3645 non
1738 3592 1940 3658 diligit,
1985 3592 2120 3644 alte.

526 3692 701 3737 stante
735 3693 924 3738 sancto
953 3688 1182 3749 Joanne,
1224 3690 1407 3738 manet
1434 3687 1491 3737 in
1514 3690 1679 3738 morte
1717 3688 1790 3747 (Il
1811 3690 1977 3738 Joan.
2020 3698 2118 3751 In,

526 3776 616 3846 qui
674 3792 801 3830 vero
869 3777 1052 3831 divina
1106 3785 1376 3847 przecepta
1434 3777 1757 3841 contemnit,
1814 3777 2121 3831 nullatenus

528 3877 761 3924 mortem
787 3870 1165 3941 subterfugere
1192 3869 1406 3925 valebit.

597 3963 704 4017 X1.
754 3963 1007 4016 Tertium
1051 3972 1237 4018 autem
1279 3962 1559 4033 apostolici
1604 3962 1779 4015 nostri
1830 3969 2118 4030 statutum,

529 4057 675 4129 quod
735 4056 1201 4111 incontinentibus
1258 4054 1465 4111 clericis
1527 4054 1890 4109 ministerium
1943 4055 2123 4110 altaris

522 4151 821 4216 interdicit,
860 4150 1216 4205 nihilominus
1258 4150 1543 4205 deiinltum
1593 4158 1677 4205 est
1706 4167 1736 4206 a
1783 4150 1984 4205 sanctis
2030 4151 2124 4204 Pa-

524 4246 699 4300 tribus
728 4263 740 4299 :
772 4254 852 4299 est
892 4245 1039 4300 enim
1070 4246 1335 4317 scriptum
1368 4246 1418 4299 in
1451 4247 1670 4301 Nieamo
1694 4246 1945 4313 concilio,
1977 4243 2125 4316 quod

530 4339 834 4394 maximum
864 4347 945 4394 est
973 4338 1113 4394 inter
1142 4344 1375 4411 quatuor
1402 4340 1625 4395 concilia
1681 4338 1980 4409 Evangeliis
2024 4336 2118 4393 ad-

492 4442 495 4443 '
525 4441 760 4504 mquata,
794 4435 975 4504 capite
1007 4434 1164 4489 tertio
1212 4454 1224 4488 :
1270 4433 1549 4489 lnterdicit
1579 4445 1674 4502 per
1702 4435 1885 4486 omnia
1929 4444 2120 4503 magna

2216 1910 2613 1966 difﬂuitionem
2669 1920 2891 1977 magnae
2942 1916 2998 1961 et
3043 1904 3357 1961 universalis
3412 1902 3576 1973 hujus
3623 1902 3829 1973 synodi

2224 2016 2570 2078 quiscunque
2593 2019 2657 2058 ex
2687 2003 2772 2057 his
2802 2014 2924 2073 quae
2949 2008 3077 2056 sunt
3103 1998 3370 2070 prohibita
3402 2004 3702 2068 penetrare,
3722 1996 3834 2051 dc-

2218 2099 2388 2154 crevit
2408 2107 2595 2153 sancta
2622 2095 2866 2169 synodus
2888 2110 2917 2149 a
2947 2094 3173 2165 proprio
3196 2092 3364 2163 gradu
3396 2090 3673 2146 recedere.

2290 2195 2429 2247 Item
2476 2191 2827 2246 beatissimus
2872 2200 3010 2260 papa
3068 2187 3344 2254 Slivester,
3395 2184 3486 2254 qui
3536 2184 3821 2238 Nicaeuam

2221 2285 2490 2357 synodum
2528 2283 2877 2355 congregavit
2917 2291 2973 2357 et
3015 2280 3265 2336 eamdem
3304 2278 3601 2349 apostolica
3639 2284 3828 2331 aucto-

2222 2380 2380 2435 ritate
2417 2376 2813 2444 corroboravit,
2845 2376 2902 2431 in
2939 2374 3051 2431 suis
3075 2373 3431 2446 synodalibus
3470 2370 3704 2427 decretis
3748 2371 3820 2424 ita

2223 2474 2472 2529 decernit
2500 2473 2676 2543 capite
2706 2478 2860 2526 sexto
2902 2488 2916 2525 :
2960 2468 3136 2525 Nemo
3177 2466 3454 2537 presbyter
3478 2481 3507 2518 a
3532 2464 3618 2519 die
3648 2464 3828 2519 hono-

2224 2569 2302 2623 ris
2328 2566 2639 2638 presbyterii
2677 2572 2860 2620 sumat
2884 2563 3197 2634 conjugium
3244 2578 3258 2615 :
3307 2559 3454 2630 quod
3492 2559 3538 2613 si
3567 2557 3690 2629 quis
3721 2573 3827 2612 ne-

2225 2662 2405 2734 glecto
2435 2660 2539 2715 hoc
2567 2660 2724 2715 aliter
2752 2658 2938 2731 egerit,
2972 2654 3265 2711 duodecim
3303 2653 3458 2707 annis
3497 2664 3622 2706 eum
3657 2650 3824 2720 jube-

2226 2768 2352 2809 mus
2384 2754 2579 2826 privari
2601 2753 2831 2815 honore;
2863 2749 3011 2821 quod
3051 2749 3097 2803 si
3126 2747 3250 2818 quis
3278 2754 3467 2801 contra
3503 2744 3608 2799 hoc
3635 2743 3820 2798 chiro-

2227 2848 2493 2920 graphum
2543 2860 2784 2919 praesens
2819 2853 2874 2900 et
2902 2842 3116 2915 publice
3138 2841 3349 2897 dictum
3376 2839 3566 2910 egerit,
3594 2837 3827 2893 damna-

2228 2940 2375 2997 bitur
2397 2943 2451 2996 in
2481 2949 2824 3013 perpetuum.

2298 3040 2437 3090 item
2480 3036 2669 3089 beatus
2700 3033 2924 3089 Siricius
2954 3042 3089 3103 papa
3118 3030 3177 3084 in
3220 3027 3459 3084 decretis
3500 3026 3614 3081 suis
3652 3025 3831 3096 capite

2223 3131 2452 3201 septimo
2486 3146 2498 3183 :
2532 3127 2773 3196 Quilibet
2799 3127 3088 3197 episcopus
3125 3123 3412 3195 presbyter
3437 3128 3602 3191 atque
3626 3118 3822 3174 diaco-

2224 3233 2348 3290 nus,
2399 3220 2549 3293 quod
2587 3234 2701 3275 non
2750 3228 3025 3291 Optamus,
3076 3217 3355 3286 deinceps,
3400 3215 3446 3270 si
3483 3214 3833 3269 incontinens

2227 3317 2385 3372 fuerit
2422 3316 2694 3377 inventus,
2719 3313 2835 3384 jam
2878 3328 3024 3367 nunc
3052 3311 3155 3365 sibi
3202 3324 3295 3381 per
3324 3324 3426 3364 nos
3463 3318 3692 3363 omnem
3736 3306 3834 3361 ad-

2229 3412 2363 3465 itum
2408 3406 2754 3481 indulgeutiae
2798 3406 3056 3479 intelligat
3084 3404 3418 3459 obseratum.
3450 3406 3597 3457 item
3626 3401 3685 3455 in
3712 3400 3825 3455 eis-

2228 3506 2352 3559 dem
2391 3503 2565 3574 capite
2609 3501 2942 3557 duodecimo
2989 3519 3001 3553 :
3047 3498 3301 3553 Feminas
3342 3497 3506 3551 etiam
3548 3510 3660 3549 non
3692 3493 3836 3548 alias

2231 3612 2345 3653 esse
2397 3598 2638 3667 patimur
2678 3596 2732 3649 in
2771 3593 3027 3648 domibus
3067 3592 3410 3657 clericorum,
3439 3589 3549 3644 nisi
3584 3603 3680 3643 eas
3707 3596 3833 3642 tan-

2230 3699 2370 3758 tum,
2409 3702 2543 3760 quas
2574 3694 2797 3759 propter
2826 3686 2968 3743 solas
3010 3684 3479 3740 necessitudinum
3507 3696 3704 3737 causas
3733 3682 3831 3736 ha-

2232 3784 2405 3837 bitare
2436 3793 2562 3835 cum
2587 3781 2792 3836 eisdem
2831 3778 3074 3852 synodus
3110 3780 3331 3835 Nicaeus
3368 3776 3640 3847 permisit.
3691 3779 3835 3830 Item

2231 3874 2610 3929 sanctissimus
2656 3888 2792 3946 papa
2824 3874 3123 3945 Gregorius
3152 3872 3394 3926 scribens
3418 3870 3483 3926 ad
3516 3872 3837 3923 Romanum

2232 3966 2571 4024 defensorem
2622 3967 2694 4021 ita
2726 3966 2967 4021 decernit
2999 3965 3173 4036 capite
3193 3964 3405 4020 decimo
3440 3980 3453 4016 :
3485 3963 3535 4017 Si
3570 3962 3693 4032 quis
3722 3961 3837 4029 epi-

2233 4072 2549 4133 scOporum,
2596 4075 2735 4133 quos
2760 4059 3040 4114 commissi
3084 4058 3180 4113 tibi
3234 4056 3544 4128 patrimonii
3590 4054 3709 4108 ﬁnis
3738 4054 3834 4107 in-

2233 4156 2421 4223 cludit,
2441 4169 2565 4211 cum
2606 4154 2933 4210 mulieribus
2953 4151 3185 4223 degunt,
3210 4152 3310 4206 hos
3342 4160 3403 4206 ut
3428 4138 3654 4205 omnino
3677 4162 3840 4203 com—

2237 4264 2421 4319 pescas
2459 4250 2738 4321 jubemus,
2789 4247 2945 4303 etde
2990 4256 3190 4302 ctetero
3234 4246 3342 4301 illic
3389 4260 3480 4300 eas
3526 4242 3843 4297 inhabitare

2229 4344 2380 4399 nullo
2413 4342 2578 4397 modo
2610 4342 2851 4413 patiaris,
2882 4341 3121 4411 exceptis
3149 4339 3215 4394 iis
3251 4350 3390 4410 quas
3411 4348 3693 4393 sacrorum
3740 4351 3837 4391 ca-

2230 4449 2439 4491 nonum
2475 4448 2701 4490 censura
2728 4434 3013 4505 permittit,
3065 4432 3121 4488 id
3148 4441 3236 4489 est
3279 4440 3534 4496 matrem,
3573 4429 3838 4495 amitam,

527 4526 790 4599 synodus,
839 4542 949 4583 non
983 4530 1262 4598 episcopo,
1309 4540 1421 4582 non
1465 4527 1800 4597 presbytero,
1855 4539 1965 4579 non
2009 4524 2117 4580 dia-
2146 4561 2197 4624 Ι)
2230 4540 2568 4601 germanam,
2596 4537 2653 4584 et
2680 4528 2810 4583 alias
2838 4528 2998 4597 hujus
3023 4527 3191 4594 modi,
3221 4522 3292 4581 de
3322 4525 3523 4596 quibus
3550 4536 3713 4595 prava
3745 4537 3842 4578 su-

528 4636 686 4687 cono,
734 4636 834 4676 nec
878 4623 1041 4677 alicui
1090 4622 1318 4675 omnino
1369 4620 1463 4690 qui
1518 4619 1576 4673 in
1619 4620 1765 4673 clero
1813 4627 1917 4685 est,
1963 4616 2121 4672 licere

528 4713 1001 4770 subintroductam
1052 4714 1249 4769 habere
1305 4713 1617 4779 mulierem,
1665 4712 1763 4766 nisi
1814 4710 1955 4767 forte
2010 4726 2122 4767 ma-

529 4814 693 4871 trem,
742 4816 836 4862 aut
880 4818 1150 4872 sororem,
1203 4815 1298 4860 aut
1339 4806 1587 4874 amitam,
1634 4808 1716 4861 vel
1762 4820 1855 4862 eas
1902 4815 2121 4863 tantum

529 4912 786 4972 personas
805 4912 928 4971 quae
947 4899 1310 4971 suspicionem
1332 4898 1620 4970 effugiunt.
1647 4900 1729 4956 Ut
1747 4909 1931 4955 autem
1957 4897 2122 4970 hujus

529 4993 719 5065 capitis
775 4992 1005 5048 intentio
1046 4991 1246 5048 clarius
1296 4994 1582 5057 elucescat,
1634 4993 1961 5064 apertiorem
2008 4992 2123 5063 ejus

528 5087 937 5142 translationem
968 5088 1287 5143 subnectere
1338 5098 1448 5142 non
1496 5089 1675 5159 pigeat
1720 5086 1740 5141 ‘:
1789 5086 2124 5142 Omnimode

530 5188 715 5236 sancta
757 5180 1033 5237 interdixit
1085 5180 1346 5254 synodus,
1398 5193 1575 5252 neque
1626 5181 1901 5251 episcopo,
1950 5188 2123 5251 neque

529 5274 872 5347 presbytero,
920 5286 1096 5346 neque
1126 5274 1381 5341 diacono,
1426 5286 1606 5346 neque
1646 5274 1736 5329 ulli
1763 5274 1988 5328 omnino
2018 5273 2120 5327 cle-

531 5369 790 5431 ricorum,
830 5364 992 5424 licere
1018 5367 1218 5424 habere
1257 5378 1447 5423 secum
1481 5366 1761 5423 mulierem
1787 5375 2122 5434 extraneam,

532 5462 631 5517 nisi
670 5461 811 5517 forte
846 5471 1024 5518 mater
1061 5463 1150 5531 sit,
1192 5470 1289 5517 aut
1317 5476 1492 5527 soror,
1538 5470 1634 5518 aut
1669 5461 1835 5517 amita
1883 5478 1894 5518 :
1944 5462 1999 5516 in
2044 5459 2127 5516 his

533 5564 769 5629 namque
798 5557 1063 5627 personis,
1106 5565 1163 5613 et
1202 5555 1400 5613 harum
1436 5556 1723 5624 similibus,
1755 5556 2009 5612 omnibus
2036 5566 2126 5610 su-

530 5652 701 5722 spicio
737 5650 1039 5707 declinatur
1071 5670 1084 5707 :
1124 5652 1215 5723 qui
1259 5652 1413 5707 aliter
1436 5658 1636 5723 prater
1670 5650 1789 5707 hare
1808 5651 1936 5722 agit,
1973 5649 2123 5721 peri-

531 5745 804 5802 clitabitur
831 5744 901 5801 de
919 5745 1066 5801 clero
1104 5755 1224 5801 suo.

603 5836 837 5895 Videsne
886 5848 1039 5913 ergo,
1100 5839 1244 5915 quod
1306 5840 1524 5912 penitus
1581 5837 1789 5895 clericis
1835 5836 2126 5907 conjugale

2228 4622 2400 4694 spicio
2439 4636 2547 4677 non
2589 4622 2759 4694 possit
2795 4637 2929 4678 esse.
2967 4621 3163 4677 Melius
3204 4628 3391 4675 tanien
3428 4618 3661 4684 faciunt,
3693 4616 3743 4671 si
3778 4631 3844 4672 se

2229 4717 2398 4772 etiam
2429 4730 2459 4771 a
2501 4717 2691 4771 talium
2720 4715 3129 4771 cohabitatione
3154 4714 3487 4770 contineant.
3523 4712 3667 4766 Nam
3694 4708 3841 4780 legi—

2229 4816 2321 4865 tur
2368 4810 2513 4882 quod
2558 4809 2752 4866 beatus
2793 4809 3129 4880 Augustinus
3175 4823 3277 4863 nec
3304 4821 3430 4861 cum
3463 4817 3654 4860 sorore
3680 4801 3847 4857 babi-

2227 4912 2345 4960 tare
2396 4903 2757 4967 consenserit;
2806 4902 2989 4958 dicens
3044 4919 3057 4956 :
3119 4903 3255 4970 Qum
3298 4911 3425 4955 cum
3466 4911 3657 4955 sorore
3702 4912 3847 4953 mea

2231 5005 2361 5054 sunt
2388 5010 2606 5052 sorores
2633 5008 2772 5052 meae
2802 5010 2916 5050 non
2937 5002 3085 5050 sunt.
3133 4993 3297 5049 Docti
3325 5006 3458 5063 ergo
3485 4990 3582 5047 viri
3610 4989 3848 5046 cautela

2230 5100 2428 5162 magna
2460 5090 2619 5144 nobis
2645 5089 2807 5144 debet
2838 5103 2956 5143 esse
2985 5087 3291 5143 instructio.
3326 5088 3397 5140 Et
3436 5091 3560 5154 post
3587 5097 3771 5154 pauca
3830 5100 3846 5137 :

2230 5186 2497 5239 Prmterea
2520 5197 2666 5238 cura;
2687 5190 2795 5238 tua:
2824 5182 2898 5236 sit
2924 5180 3150 5243 eosdem
3172 5176 3477 5235 coniretres
3496 5184 3717 5232 nostros
3743 5175 3852 5233 ad-

2232 5277 2463 5344 hortari,
2496 5284 2557 5331 ut
2600 5275 2878 5346 subjectos
2907 5275 3010 5330 sibi
3050 5274 3103 5330 in
3128 5273 3295 5329 sacris
3322 5271 3610 5327 ordinibus
3630 5270 3850 5325 consti-

2232 5379 2402 5438 tutos,
2442 5368 2591 5440 quod
2638 5367 2735 5440 ipsi
2780 5376 3014 5435 servant,
3065 5367 3133 5423 ad
3180 5365 3591 5423 similitudinem
3642 5377 3849 5427 suam,

2232 5463 2411 5519 modis
2439 5462 2698 5518 omnibus
2739 5474 2954 5518 servare
2995 5466 3404 5517 commoneaut.
3434 5460 3576 5514 Item
3622 5456 3851 5512 Zacha-

2233 5558 2341 5614 rias
2397 5571 2532 5629 papa
2579 5556 2639 5611 in
2675 5554 2904 5612 decretis
2943 5555 3060 5612 suis
3098 5554 3271 5625 capite
3301 5552 3481 5624 primo
3513 5572 3527 5607 :
3573 5550 3850 5607 Decerni-

2232 5664 2357 5707 mus
2379 5660 2442 5706 ut
2462 5649 2702 5721 episcopi
2746 5664 2873 5705 cum
2905 5648 3228 5705 mulieribus
3253 5647 3484 5704 nurnine
3508 5660 3625 5702 non
3667 5643 3850 5698 habi-

2233 5752 2368 5813 tent,
2408 5760 2480 5800 ne
2518 5743 2589 5799 ab
2626 5743 2832 5815 antiqui
2863 5741 3034 5798 hastis
3080 5739 3275 5798 ﬂando
3299 5739 3660 5810 decipiantur.
3690 5736 3849 5791 item

2232 5838 2287 5897 in
2309 5837 2515 5897 eisdem
2542 5837 2717 5907 capite
2736 5834 3024 5893 undecimo
3056 5854 3069 5889 ε
3104 5836 3185 5892 Ut
3212 5832 3511 5905 presbyteri
3534 5838 3592 5887 et
3605 5828 3850 5885 diaconi
