4048 6174
329 342 424 394 765
492 358 497 361 ’

1565 345 1937 405 CONCILIUM
1962 348 2290 408 ROMANUM
2330 348 2369 407 l.

324 462 770 520 subiatroductas
811 465 1064 521 mulieres
1098 467 1251 522 nullo
1287 469 1456 524 modo
1488 485 1677 526 secum
1707 472 1907 528 habere
1939 479 1985 542 Α
2018 476 2298 549 subjungit
2329 490 2341 532 :
2389 474 2542 535 Nunc
2574 481 2779 533 iterum
2808 480 2927 534 dico
2956 477 3120 545 nobis,
3163 483 3215 533 si
3242 483 3363 549 quis
3388 492 3613 549 evange-

324 557 576 624 audeant,
606 558 715 612 nisi
744 556 971 614 forsitan
996 570 1360 618 commatrem
1387 579 1565 625 suam,
1598 572 1695 619 aut
1727 565 1908 636 proxi-

305 652 569 706 ‘mitatem
587 653 959 723 generationis
986 654 1088 709 sibi
1114 655 1397 721 habentes,
1417 668 1539 727 qua:
1569 659 1912 730 suspiciones

324 744 617 817 emugiunt;
665 746 808 802 sicut
854 748 914 802 in
960 749 1185 804 Nicteno
1235 750 1468 805 concilio
1508 749 1743 807 habetur
1795 771 1808 806 :
1851 753 1908 808 Si

323 839 443 908 quis
464 847 657 908 praeter
683 839 801 894 haec
831 847 1034 895 statuta
1066 843 1478 915 praesumpserit
1512 859 1695 915 agere,
1740 860 1913 901 sacer-

321 932 459 987 dotii
488 933 573 988 sul
602 932 810 988 honore
839 934 1102 1004 privetur.

399 1030 532 1082 ltem
585 1026 778 1083 beatus
819 1028 1188 1101 Hieronymus
1226 1030 1471 1087 scribens
1505 1031 1573 1087 ad
1603 1033 1909 1101 Oceanum,

321 1120 646 1177 authenticis
694 1122 1003 1177 rationibus
1042 1124 1292 1193 probavit
1337 1141 1451 1180 non
1500 1125 1660 1181 licere
1701 1126 1912 1181 clericis

321 1216 629 1272 conversari
659 1231 785 1270 cum
823 1214 1071 1284 feminis;
1115 1226 1170 1272 et
1194 1218 1545 1288 postmodum
1572 1220 1862 1274 subintulit
1894 1238 1909 1275 :

320 1308 479 1379 Quod
514 1310 562 1365 si
597 1317 719 1380 post
746 1317 933 1365 nostra
975 1311 1187 1365 monita
1231 1312 1423 1381 aliquis
1451 1313 1681 1367 clericus
1709 1328 1909 1384 agape-

323 1410 407 1458 tas
453 1403 689 1474 amplius
720 1404 1010 1474 quaesierit
1053 1414 1239 1459 amare
1273 1421 1439 1476 quam
1481 1406 1781 1473 Christum,
1825 1422 1910 1461 se-

319 1496 562 1551 cundum
602 1496 921 1568 synodalem
961 1498 1209 1569 regulam
1246 1499 1625 1565 conveniatur,
1673 1508 1726 1554 et
1770 1516 1911 1571 pra:-

322 1598 475 1659 cepta
503 1591 556 1644 in
583 1591 764 1646 Nicaea
793 1589 1027 1646 difﬁaita
1054 1592 1102 1646 ei
1127 1592 1409 1663 legantur;
1438 1593 1550 1663 iam
1576 1607 1700 1648 vero
1726 1594 1768 1647 si
1793 1610 1917 1649 con-

320 1692 517 1739 ventus
540 1684 829 1755 prmdictos
857 1685 1059 1755 fugerit
1087 1693 1141 1740 et
1171 1686 1471 1758 reliquerit,
1510 1686 1787 1742 consecuti
1816 1702 1912 1741 su—

315 1793 442 1832 mus
492 1778 797 1833 maximum
840 1778 1072 1834 lucrum.
1110 1779 1371 1850 Alioquin
1406 1780 1529 1835 talis
1569 1781 1637 1835 ab
1670 1781 1910 1835 Ecclesia

2017 573 2281 633 (iacuerit,
2330 579 2524 641 praeter
2569 574 2627 626 id
2668 574 2811 642 quod
2850 575 3146 643 accepistis,
3194 573 3486 629 anathema
3541 576 3614 630 sit

2017 664 2227 732 (Ibid).
2274 664 2421 720 Idem
2457 678 2673 736 quoque
2704 664 2907 722 Paulus
2937 668 3115 738 ipsum
3146 667 3441 738 principem
3474 681 3608 739 apo-

2014 758 2282 812 stolorum
2309 760 2640 825 Antiochia),
2674 757 2798 815 licet
2824 756 3070 831 ejusdem
3096 762 3241 816 sedis
3270 762 3607 832 episcopum,

2017 851 2311 906 liberaliter
2357 853 2636 922 corripuit,
2683 868 2747 908 eo
2784 853 2931 924 quod
2975 868 3089 909 non
3135 852 3360 926 quidem
3408 854 3604 926 pradi-

2018 945 2213 1008 cando,
2244 944 2339 1000 sed
2365 957 2465 1001 suo
2500 947 2749 1017 exemplo
2780 944 3065 1017 judaizare
3093 958 3330 1019 cogeret,
3371 962 3501 1003 cum
3548 962 3605 1004 se

2018 1037 2087 1094 ab
2105 1050 2297 1095 eorum
2322 1037 2568 1093 convivio
2599 1053 2695 1109 pro
2724 1040 2920 1095 timore
2946 1041 3267 1096 Judaeorum
3299 1042 3605 1097 simulando

2018 1133 2388 1188 subtraheret.
2418 1135 2682 1188 Praeterea
2712 1133 2823 1203 ipse
2853 1132 3232 1188 haeresiarchas
3262 1135 3436 1191 Ebion
3480 1146 3605 1189 cum

2018 1227 2276 1281 omnibus
2326 1225 2436 1281 suis
2496 1226 2855 1281 sectatoribus
2926 1226 3066 1281 inter
3128 1227 3363 1296 reliquos
3438 1225 3608 1282 lucre-

2018 1322 2156 1375 ticos
2211 1320 2696 1374 anathematizatus
2755 1328 2837 1374 est
2890 1334 2919 1372 a
2970 1320 3339 1374 sacratissima
3392 1318 3605 1391 synodo

2018 1414 2640 1485 Constantinopolitana,
2672 1422 2725 1468 et
2749 1429 2780 1468 a
2810 1414 2967 1468 beato
2997 1413 3219 1469 Gelasio
3249 1426 3380 1483 papa
3408 1414 3461 1465 in
3487 1426 3612 1483 apo-

2019 1509 2208 1563 stolica
2261 1507 2389 1563 sede
2438 1528 2451 1562 :
2491 1506 2640 1579 quod
2674 1508 2958 1562 anathema
3004 1508 3185 1561 nullus
3233 1505 3611 1577 subterfugere

2020 1603 2239 1672 poterit,
2291 1602 2595 1673 quicunque
2633 1602 2811 1671 ipsum
2858 1600 3280 1655 haeresiarcham
3320 1608 3415 1671 per
3442 1603 3611 1654 Sosa-

2020 1696 2165 1750 meni
2190 1703 2352 1767 caput
2383 1696 2575 1749 sectari
2605 1694 3033 1765 praesumpserit.
3490 1700 3493 1703 '

2090 1792 2251 1844 XIII.
2287 1788 2525 1859 Quidam
2556 1788 2720 1844 etiam
2764 1788 3018 1843 videntur
3045 1788 3143 1843 sibi
3173 1786 3402 1841 nimium
3440 1784 3609 1840 seholi

313 1870 862 1927 anathematizandus
898 1881 1000 1937 est,
1029 1873 1343 1943 germinant
1368 1874 1520 1928 enim
1556 1872 1782 1929 feminae
1810 1876 1911 1945 spi-

2024 1882 2242 1955 [scioli],
2276 1892 2581 1938 asserentes
2605 1882 3053 1937 incontinentiam
3085 1880 3464 1935 sacerdotibus
3492 1895 3609 1933 esse

312 1979 416 2019 nas
437 1981 565 2020 cum
593 1966 718 2020 viris
748 1965 1056 2022 habitantes
1074 2002 1089 2033 ,
1120 1975 1180 2022 et
1214 1982 1414 2022 arcana
1443 1968 1718 2023 mentium
1746 1976 1907 2023 acuto

318 2072 588 2113 mucrone
610 2060 941 2130 percutiunt.

386 2152 496 2208 Sed
533 2152 663 2223 quid
695 2152 875 2208 dicam
916 2153 1176 2210 ulterius?
1206 2154 1390 2210 deﬁcit
1418 2155 1566 2209 enim
1604 2154 1740 2210 mihi
1772 2164 1911 2210 tem-

316 2261 451 2318 pus,
487 2255 547 2301 ut
598 2262 850 2303 enarrem
899 2247 1105 2304 viritim
1165 2255 1383 2303 sanctos
1416 2249 1599 2303 Patres
1638 2248 1913 2319 prtedictis

312 2341 491 2395 nostri
538 2340 820 2411 apostolici
862 2343 1084 2396 statutis
1124 2343 1543 2397 subscribentes.
1596 2344 1736 2397 Nam
1785 2358 1909 2396 om-

314 2446 415 2488 nes
457 2433 724 2490 Catholici
765 2435 956 2490 eadem
1001 2436 1339 2491 observanda
1387 2452 1505 2491 esse
1550 2445 1909 2502 censuerunt;

314 2527 415 2597 qui
444 2536 504 2582 et
544 2542 574 2581 a
604 2528 988 2583 sacratissimis
1034 2530 1101 2582 IV
1133 2528 1375 2583 conciliis
1402 2529 1695 2585 dissentire
1724 2530 1912 2583 nolue-

315 2629 466 2682 runt,
500 2636 561 2676 ex
592 2620 789 2692 quibus
813 2630 1000 2677 noster
1026 2623 1358 2693 apostolicus
1396 2621 1621 2693 prmfata
1656 2622 1915 2692 produxit

315 2713 537 2770 decreta
562 2734 576 2770 :
604 2724 938 2787 quapwpter
962 2732 1061 2771 nec
1084 2716 1282 2770 idiotas
1309 2717 1473 2771 latere
1494 2717 1731 2781 mstimo,
1751 2731 1913 2786 quam

319 2802 622 2878 periculose
658 2810 737 2864 vel
780 2810 959 2880 potius
1008 2824 1176 2881 quam
1205 2810 1507 2880 perniciose
1548 2810 1651 2864 sibi
1698 2811 1915 2879 suisque

317 2902 683 2958 sectatoribus
709 2902 998 2974 desipiant,
1038 2904 1349 2973 quicunque
1378 2916 1473 2974 per
1501 2903 1791 2959 Soaomeni
1828 2916 1915 2957 ca-

321 3003 420 3067 put
445 2995 824 3052 sacerdotibus
851 2997 1306 3052 incontinentiam
1346 2996 1614 3053 ascribere
1658 3009 1770 3051 non
1812 2995 1915 3052 for-

318 3090 534 3145 midant
573 3110 587 3145 :
629 3091 832 3162 quibus
871 3090 996 3146 licet
1036 3090 1383 3162 superiorum
1435 3090 1786 3162 epistularum
1819 3105 1912 3145 as-

316 3184 487 3239 sertio
515 3184 771 3240 sufficere
809 3184 1026 3251 debeat,
1075 3184 1275 3240 iterum
1314 3192 1498 3239 tamen
1542 3199 1637 3239 eos
1683 3198 1913 3255 praemo-

316 3294 446 3332 nere
466 3277 535 3332 de
559 3277 802 3333 cavendo
838 3277 1186 3333 anathemate
1204 3294 1315 3333 non
1338 3278 1554 3334 tradeat.

389 3374 522 3427 XII.
576 3374 743 3427 Vetus
787 3376 1200 3427 Testamentum
1246 3373 1446 3443 partim
1508 3372 1566 3426 in
1617 3371 1910 3443 mysteriis,

313 3466 521 3537 partim
566 3466 625 3520 in
676 3466 974 3521 moralibus
1028 3466 1317 3537 praeceptis
1370 3466 1684 3522 continetur
1732 3483 1744 3519 :
1787 3464 1911 3531 sed,

312 3560 643 3616 adveniente
679 3561 923 3629 Christo,
952 3561 1183 3617 cessavit
1228 3561 1284 3615 in
1313 3560 1590 3631 mysteriis
1620 3567 1675 3613 et
1716 3571 1915 3613 carna-

317 3654 467 3709 libus
492 3654 873 3722 observantiis,
910 3655 1033 3725 quia
1067 3654 1180 3725 ipse
1210 3662 1294 3710 est
1319 3653 1447 3708 linis
1475 3652 1588 3707 sive
1617 3651 1913 3721 eompletio

316 3749 479 3820 legis;
534 3748 593 3805 in
645 3748 944 3805 moralibus
987 3748 1267 3819 praeceptis
1309 3746 1485 3802 adhuc
1522 3754 1734 3814 manet,
1789 3745 1917 3817 quia

314 3859 535 3913 semper
574 3852 659 3899 est
698 3842 1102 3899 observandum
1136 3860 1149 3897 :
1180 3844 1383 3909 Diliges
1420 3844 1730 3911 proximum
1766 3844 1917 3895 tuum

294 3940 458 3991 .sieut
499 3939 729 4005 teipsum
767 3938 982 4001 (Matth.
1035 3940 1170 4003 im),
1212 3944 1266 3990 et
1309 3935 1537 4006 reliqua.
1589 3934 1916 4003 Quicunque

317 4039 455 4101 ergo
488 4046 557 4084 ex
589 4031 702 4100 lege
733 4030 973 4100 aliquam
1010 4029 1283 4084 carnalem
1327 4028 1731 4084 observantiam
1774 4040 1916 4082 novo

318 4123 551 4198 quidem
592 4127 948 4180 Testamento
985 4122 1268 4177 adversam
1307 4122 1489 4177 adhuc
1517 4121 1915 4176 observandam

315 4236 441 4275 esse
460 4219 825 4289 dogmatisat,
848 4216 1037 4288 procul
1058 4215 1228 4271 dubio
1251 4230 1380 4271 cum
1402 4214 1627 4274 Galatia.
1656 4215 1767 4269 imo
1787 4231 1916 4270 cum

315 4312 609 4379 Ebioaitis,
642 4312 892 4382 iudaisat.
925 4310 1222 4382 Conjugale
1268 4318 1450 4365 autem
1482 4320 1622 4379 opus
1664 4310 1918 4364 sacerdo-

314 4416 444 4463 tum
475 4408 623 4461 inter
648 4406 877 4461 carnalis
915 4404 1048 4475 legis
1076 4403 1477 4459 observantiam
1521 4408 1875 4474 computatur
1904 4420 1918 4457 :

318 4502 535 4572 quibus
566 4512 808 4571 unquam
842 4499 1027 4572 Vorte,
1063 4498 1120 4553 in
1162 4513 1349 4569 quam,
1373 4496 1597 4569 Hum]
1635 4497 1925 4552 sacerdoti-

2017 1990 2335 2032 concessam
2363 1977 2419 2031 in
2449 1977 2537 2033 illo
2567 1975 2813 2046 Apostoli
2850 1994 2861 2030 :
2907 1978 3278 2044 Unusquisque
3301 1988 3454 2028 suam
3478 1986 3611 2027 tuco-

2019 2085 2133 2126 rem
2157 2070 2353 2124 habent
2388 2074 2435 2137 (I
2460 2072 2575 2127 Cor.
2627 2071 2764 2141 vti);
2808 2066 2897 2139 qui
2936 2077 3117 2123 autem
3148 2079 3261 2122 non
3304 2066 3610 2135 intelligunt

2018 2177 2140 2236 qua:
2184 2166 2502 2235 loquuntur,
2544 2174 2722 2235 neque
2756 2163 2822 2217 de
2856 2163 3054 2234 quibus
3093 2160 3371 2214 al‘llrmaut
3395 2163 3443 2225 (Ι
3471 2162 3607 2212 Τὶηι.

2021 2260 2064 2329 ι)
2099 2277 2113 2325 ;
2163 2264 2279 2324 aut,
2321 2258 2367 2311 si
2414 2257 2742 2327 intelllgunt,
2774 2268 2926 2310 suam
2958 2255 3202 2324 ipsorum
3232 2252 3617 2306 conscientiam

2021 2353 2361 2422 impugnant.
2395 2353 2569 2417 Nam,
2601 2358 2891 2409 attestante
2924 2348 3078 2403 beato
3127 2347 3482 2417 Hieronymo,
3516 2346 3615 2399 Co-

2020 2446 2208 2501 rinthii
2250 2446 2391 2499 inter
2414 2451 2610 2500 caetera
2638 2442 2706 2497 ab
2748 2441 3016 2513 Apostolo
3042 2440 3369 2511 quwsieraut
3408 2442 3474 2493 an
3515 2452 3613 2493 nu-

2022 2554 2120 2610 per
2154 2539 2351 2593 renatis
2393 2539 2445 2592 in
2480 2538 2697 2591 Christo
2726 2536 2958 2590 carnalis
3008 2537 3200 2606 copula
3232 2533 3377 2588 licita
3422 2540 3566 2587 esset
3596 2550 3608 2584 :

2021 2632 2221 2705 quibus
2264 2634 2337 2685 ita
2387 2630 2663 2701 rescripsit
2692 2628 2986 2699 Apostolus
3039 2649 3051 2683 :
3106 2630 3179 2683 De
3206 2624 3402 2696 quibus
3436 2632 3611 2680 autem

2021 2729 2307 2796 scripsistis
2336 2727 2488 2791 mihi,
2551 2724 2744 2778 bonum
2782 2728 2858 2776 est
2909 2724 3171 2775 hominem
3203 2722 3478 2774 mulierem
3507 2734 3613 2772 non

2024 2828 2242 2887 tangere
2300 2836 2319 2873 :
2366 2824 2594 2888 propter
2644 2818 3059 2884 fomicationem
3110 2819 3201 2867 aut
3253 2816 3618 2881 unusquisque

2023 2928 2179 2968 suam
2196 2926 2421 2967 umorem
2447 2912 2659 2971 habeat,
2678 2922 3014 2978 unaque:th
3035 2912 3214 2960 virum
3240 2921 3413 2961 suum.
3447 2907 3617 2958 Umori

2023 3011 2109 3061 uir
2158 3008 2393 3062 debitum
2437 3006 2654 3067 reddat,
2693 3005 2941 3058 similiter
2971 3006 3149 3054 autem
3184 3006 3233 3054 et
3275 3014 3416 3053 uror
3463 3001 3604 3051 uiro.

2021 3102 2216 3157 Mulier
2250 3103 2343 3155 sui
2382 3101 2612 3169 corporis
2642 3100 2963 3167 potestatem
3006 3108 3108 3148 non
3137 3093 3357 3161 habent,
3387 3094 3481 3146 sed
3504 3094 3610 3157 vir;

2020 3196 2277 3259 similiter
2313 3198 2364 3246 et
2392 3196 2479 3246 vir
2511 3192 2600 3245 sui
2637 3192 2869 3259 corporis
2906 3192 3219 3259 potestatem
3257 3200 3361 3239 non
3397 3186 3611 3248 habent,

2022 3290 2114 3342 sed
2156 3288 2369 3340 mulier.
2414 3287 2583 3341 Nolite
2623 3285 2886 3351 fraudare
2928 3284 3173 3343 inuicem,
3204 3282 3314 3335 nisi
3352 3282 3498 3346 forte
3550 3295 3616 3333 ea:

2021 3394 2274 3436 conseruit
2294 3380 2365 3432 ad
2383 3385 2606 3447 tempus,
2628 3383 2689 3431 ut
2704 3380 2896 3431 vacetis
2918 3378 3154 3429 orationi
3173 3376 3219 3444 (1
3237 3375 3368 3429 Cor.
3394 3386 3504 3435 vn,
3533 3378 3577 3439 l)
3599 3392 3613 3427 :

2022 3475 2166 3546 quod
2220 3475 2293 3527 ita
2323 3473 2544 3543 exponit
2583 3472 2773 3525 beatus
2815 3470 3189 3541 Hieronymus
3236 3470 3289 3521 in
3322 3467 3463 3522 libro
3490 3478 3616 3523 con-

2022 3578 2103 3623 tra
2138 3568 2485 3621 Jovlnianum
2513 3585 2524 3619 :
2558 3569 2679 3622 Non
2731 3564 2868 3620 dixit
2902 3562 3204 3634 Apostolus
3236 3570 3457 3633 propter
3501 3560 3617 3615 lor-

2022 3663 2353 3717 nicatiouem
2414 3659 2577 3715 ducat
2624 3659 3001 3729 unusquisque
3071 3666 3319 3723 uxorem,
3374 3655 3619 3726 alioquin

2022 3755 2125 3809 hac
2156 3754 2505 3809 excusatione
2551 3752 2755 3807 libidini
2794 3749 2947 3806 frena
2981 3751 3233 3815 laxasset,
3278 3757 3340 3803 ut
3373 3749 3620 3819 quoties-

2023 3860 2238 3919 cunque
2277 3860 2424 3902 uxor
2468 3847 2760 3911 moriatur,
2794 3846 2956 3899 toties
3004 3842 3255 3899 ducenda
3287 3842 3355 3895 sit
3398 3842 3522 3909 alia,
3553 3856 3622 3895 ne

2025 3941 2387 4009 fornicamur;
2418 3941 2509 3996 sed
2535 3942 2904 4010 unusquisque
2931 3950 3152 3991 tta-orem
3181 3948 3340 3991 suam
3380 3936 3575 3989 habent
3600 3952 3619 3987 .-

2023 4052 2196 4106 suam,
2248 4036 2455 4105 inquit,
2520 4036 2729 4097 habeat,
2798 4047 2895 4088 sua
2955 4039 3156 4097 utatur,
3227 4042 3391 4100 quam
3454 4025 3621 4082 hahe-

2028 4131 2121 4185 bat
2144 4137 2435 4200 antequam
2465 4128 2712 4181 crederet
2742 4144 2754 4181 :
2789 4140 2952 4198 quam
2985 4126 3192 4179 bonum
3224 4130 3340 4178 erat
3371 4135 3479 4176 nou
3508 4129 3619 4174 tan-

2027 4236 2172 4295 gere,
2213 4231 2267 4277 et
2304 4230 2428 4294 post
2453 4219 2619 4275 ﬁdem
2653 4217 2851 4275 Christi
2895 4232 3146 4274 sororem
3178 4224 3393 4272 tantum
3435 4228 3616 4283 nosse,

1982 4300 2135 4371 /nou
2175 4316 2489 4385 conjugem,
2522 4313 2619 4367 nisi
2663 4313 2952 4367 forbicatio
2994 4321 3207 4366 tantum
3253 4310 3620 4365 excusabilem

2029 4408 2253 4465 faceret.
2298 4409 2471 4463 Nolite
2498 4406 2764 4473 fraudare
2804 4407 3051 4466 inuicem,
3081 4406 3195 4459 nisi
3222 4408 3365 4471 forte
3398 4420 3465 4457 ea:
3506 4416 3621 4456 con-

2032 4518 2187 4559 sensu
2225 4504 2299 4556 ad
2330 4507 2558 4569 tempus,
2599 4504 2659 4553 ut
2686 4501 2883 4551 vacetis
2912 4500 3162 4552 orationi.
3205 4501 3317 4552 Oro
3359 4505 3433 4561 te,
3465 4493 3621 4565 quale

312 4598 427 4652 bus
460 4594 570 4649 hoc
611 4598 828 4649 tantum
867 4594 923 4647 in
963 4594 1076 4664 lege
1115 4592 1478 4647 successionis
1513 4607 1677 4648 causa
1726 4592 1921 4663 legitur
1952 4610 2000 4675 ι)
2030 4596 2167 4651 illud
2191 4597 2402 4651 bonum
2442 4603 2544 4658 est,
2576 4591 2723 4664 quod
2754 4605 2909 4646 orare
2949 4590 3220 4661 prohibet,
3247 4589 3393 4658 quod
3423 4603 3622 4657 corpus

304 4702 675 4753 concessum,
709 4686 833 4758 quia
879 4702 946 4741 ex
995 4686 1099 4741 alia
1148 4685 1292 4761 tribu
1335 4684 1519 4739 nullus
1568 4700 1634 4739 eo
1671 4693 1921 4755 tempore

306 4780 579 4856 pervenit
610 4780 678 4837 ad
716 4779 1108 4835 sacerdotium.
1150 4782 1288 4835 Nam
1331 4787 1519 4834 nostro
1565 4784 1815 4848 tempore
1854 4794 1920 4833 ex

300 4875 580 4951 quolibet
615 4888 813 4945 genere
854 4872 1165 4929 sacerdotes
1192 4874 1391 4944 eligere
1431 4872 1572 4939 licet,
1628 4871 1823 4943 quibus
1870 4881 1924 4927 et

300 4971 534 5029 merito
564 4966 1230 5037 interdiciturconjUgule
1259 4981 1416 5035 opus,
1470 4978 1599 5020 cum
1653 4980 1767 5022 non
1804 4965 1922 5036 jam

298 5072 673 5122 successeres
714 5060 914 5117 habent
956 5059 1308 5115 necessarios.
1368 5060 1707 5130 Quapropter
1771 5058 1921 5129 quis-

298 5160 451 5233 quis
487 5164 547 5212 et
587 5155 691 5211 hoc
721 5164 969 5225 tempore
995 5153 1132 5209 illud
1153 5152 1450 5209 Iudaicum
1481 5153 1796 5224 eonjugium
1838 5167 1925 5208 sa-

299 5248 655 5311 cerdotibus
687 5250 849 5305 licere
902 5258 1029 5303 cum
1073 5249 1403 5314 Sommeno,
1444 5247 1524 5301 vel
1572 5246 1749 5316 potius
1793 5258 1922 5301 cum

299 5349 570 5407 Bbione,
588 5342 945 5415 dogmatisat,
962 5358 1073 5397 non
1098 5340 1434 5412 negligenter
1453 5338 1588 5395 illud
1614 5340 1922 5395 inevitabile

296 5439 631 5499 anathema
645 5435 949 5492 considerat
980 5436 1160 5502 (forte,
1184 5434 1506 5489 consideret.
1538 5433 1785 5506 Hann].
1816 5450 1923 5505 quo

300 5537 445 5608 ipse
499 5530 797 5602 Apostolus
834 5528 1142 5601 specialiter
1197 5526 1546 5583 Iudaicarum
1598 5527 1927 5584 obsetvatio~

299 5643 467 5686 num
498 5623 888 5697 pradicatores
919 5621 1366 5689 anathematizat,
1406 5622 1623 5679 Galatas
1645 5622 1929 5693 judaissn-

301 5733 409 5781 to:
441 5722 523 5777 ita
552 5718 871 5776 deterrens:
902 5719 1006 5777 Sed
1035 5719 1153 5773 licet
1180 5724 1275 5773 nos
1317 5722 1417 5772 aut
1454 5718 1675 5785 angelus
1714 5718 1779 5772 de
1805 5717 1927 5772 calo

308 5815 669 5883 maelii“
686 5814 848 5877 eam,
864 5818 1231 5885 Mannum
1249 5818 1415 5882 quam
1432 5812 1575 5881 quad
1591 5812 1929 5879 euangeliza-

310 5923 451 5968 πως
464 5908 636 5971 vobis,
653 5906 938 5963 mlitem
949 5910 1021 5963 sit
1037 5906 1237 5977 (Galat.
1255 5910 1319 5973 1).
1338 5906 1480 5960 Item
1494 5919 1621 5960 vero
1632 5902 1927 5973 inculcant,

2030 4690 2228 4746 Christi
2253 4691 2498 4758 accipere
2524 4701 2633 4741 non
2661 4685 2947 4757 permittit,
2978 4679 3213 4753 quandiu
3244 4681 3388 4735 enim
3420 4681 3623 4752 impleo

2030 4784 2211 4839 mariti
2242 4781 2507 4845 officium,
2540 4795 2646 4834 non
2679 4780 2879 4849 impleo
2909 4776 3255 4831 continentis.
3282 4776 3446 4829 Jubet
3479 4772 3621 4829 idem

2033 4875 2329 4948 Apostolus
2349 4875 2405 4928 in
2427 4874 2533 4927 alio
2558 4874 2675 4927 loco
2690 4880 2754 4926 ut
2774 4885 2993 4943 semper
3007 4882 3227 4925 oremus
3248 4873 3293 4935 (ι
3314 4870 3489 4925 Thess.
3517 4873 3575 4935 v)
3608 4888 3619 4923 :

2030 4971 2074 5026 si
2131 4978 2347 5040 semper
2388 4980 2631 5033 oramus,
2662 4980 2943 5037 nunquam
2989 4964 3245 5035 conjugio
3275 4963 3620 5019 serviendum

2031 5073 2136 5131 est,
2188 5060 2635 5133 quandoquidem
2674 5060 3107 5131 quotiescunque
3170 5057 3327 5113 uxori
3379 5057 3623 5113 debitum

2031 5156 2225 5224 reddo,
2256 5144 2415 5211 orare
2457 5169 2571 5209 non
2612 5166 2860 5225 possum.
2899 5154 2987 5209 Sic
3026 5160 3083 5207 et
3124 5155 3317 5207 Petrus
3346 5150 3626 5221 apostolus

2033 5251 2199 5307 docet
2260 5249 2601 5305 Christianos
2655 5256 2715 5303 ut
2764 5246 3053 5302 inﬁrmiori
3109 5244 3327 5299 vasculo
3369 5242 3625 5297 muliebri

2035 5344 2303 5399 honorem
2335 5342 2607 5408 tribuant,
2638 5341 2707 5396 ab
2735 5352 2897 5413 opere
2921 5338 3195 5411 eonjugali
3226 5344 3526 5403 cessantes,
3556 5350 3625 5390 ne

2034 5436 2403 5506 impediantur
2418 5450 2607 5491 eorum
2630 5436 2922 5491 orationes.
2950 5434 3083 5501 Quis
3102 5445 3230 5502 ergo
3258 5440 3406 5486 sana:
3434 5426 3627 5484 mentis

2036 5530 2321 5603 prmdictas
2340 5528 2573 5601 apostoli
2605 5530 2905 5585 sententias
2933 5526 3001 5583 de
3026 5524 3329 5581 exercendo
3355 5522 3627 5596 conjugali

2035 5639 2197 5696 opere
2235 5625 2611 5681 sacerdotibus
2643 5624 2902 5689 ascribat,
2950 5632 3189 5694 quorum
3236 5618 3621 5691 quotidianum

2034 5728 2120 5776 est
2154 5718 2399 5776 ofﬁcium
2444 5730 2555 5775 non
2595 5718 2761 5774 modo
2790 5729 2970 5784 orare,
3002 5715 3099 5770 sed
3139 5716 3193 5769 et
3215 5713 3397 5769 divina
3436 5722 3621 5766 saera-

2035 5820 2223 5870 menta
2275 5816 2633 5879 contrectare,
2682 5808 2989 5882 prtssertim
3017 5820 3148 5863 eum
3186 5808 3241 5862 in
3270 5804 3465 5860 eodem
3495 5801 3616 5857 loco

2034 5908 2202 5964 etiam
2231 5907 2453 5964 cuilibet
2493 5904 2804 5960 Christiano
2847 5910 3098 5970 tempore
3136 5895 3393 5953 orationis
3439 5895 3628 5966 injun-

3506 354 3609 409 ’766
3698 374 3703 381 ’
