4048 6174
523 311 626 360 767

1235 301 1291 354 S.
1332 298 1653 354 GREGORII
1694 298 1781 353 Vll
1819 297 1968 353 OPP.
2012 297 2115 352 ΡΑ]

2224 297 2306 352 lil.
2349 325 2417 340 υ-
2458 295 2769 351 CONCILIA
2808 295 3114 351 ΒΟΜΑΝΛ.

3713 301 3808 352 768

524 441 686 504 gatur
721 427 1088 486 continentia?
1137 426 1346 495 Nempe
1395 425 1438 478 si
1481 423 1776 494 Apostolus
1807 422 1892 478 his
1938 422 2103 478 etiam
2136 425 2188 489 Α
2216 421 2548 478 feminarum
2579 422 2852 477 consortia
2885 422 3049 477 licere
3081 439 3093 475 :
3143 429 3198 476 et
3227 421 3334 476 hoc
3375 419 3499 476 ideo
3529 429 3588 476 ut
3621 436 3652 474 a
3696 435 3804 476 ma-

525 524 896 582 sacerdotibus
921 519 1195 575 carnalem
1217 519 1470 588 copulam
1493 517 1844 584 concederet,
1873 516 2113 588 profecto

523 618 824 676 contrarius
852 614 952 670 sibi
977 623 1141 678 esset,
1173 613 1266 684 qui
1287 613 1357 668 ad
1385 613 1575 667 Titum
1604 612 1848 667 scribens
1873 611 2116 682 praecipit

525 721 584 767 ut
624 708 938 764 sacerdotes
979 707 1178 775 sobrii,
1223 707 1358 778 justi
1391 708 1529 771 sint,
1567 715 1729 778 atque
1769 706 2115 761 continentes

525 807 653 875 (Tit.
682 803 788 874 vr).
819 804 890 857 Et
924 818 1038 856 non
1076 801 1163 856 hic
1201 799 1596 867 sacerdotibus,
1628 800 1722 856 sed
1747 800 1921 866 Iaicis,
1951 807 2003 853 et
2030 799 2115 854 his

518 913 632 952 non
660 896 905 952 solidum
933 895 1120 951 cibum
1162 895 1257 950 sed
1289 895 1522 950 lacteum
1569 903 1759 966 potum
1805 893 2109 959 ministrat,

522 998 716 1061 utputa
758 989 1068 1060 ne0phytis,
1111 989 1204 1060 qui
1247 987 1498 1044 nondum
1544 987 1667 1053 sibi,
1713 987 1947 1042 necdum
1994 987 2116 1042 aliis

520 1084 861 1140 sufﬁcienter
888 1091 1048 1138 erant
1074 1082 1414 1138 instructi....
1447 1082 1588 1137 idem
1619 1083 1912 1152 Apostolus
1934 1097 2115 1136 sacer-

522 1178 704 1233 dotale
725 1177 966 1232 ofﬁcium
995 1178 1213 1246 penitus
1234 1175 1568 1232 intercludit.
1602 1175 1810 1231 Eadem
1839 1177 2007 1230 etiam
2035 1191 2116 1229 ra-

523 1272 669 1327 tione
707 1271 973 1342 probatur
1010 1269 1078 1325 ad
1108 1270 1293 1336 Iaicos,
1335 1286 1446 1324 non
1490 1268 1821 1335 sacerdotes,
1870 1278 2115 1339 spectare

524 1364 792 1435 quidquid
823 1364 968 1419 idem
997 1364 1295 1434 Apostolus
1324 1363 1509 1418 scribit
1530 1363 1597 1418 de
1623 1363 1921 1418 exercendo
1950 1379 2116 1434 opere

522 1459 813 1530 conjugali,
843 1468 904 1512 ut
941 1457 1074 1512 illud
1123 1476 1136 1511 :
1183 1458 1332 1524 Quod
1368 1460 1417 1512 si
1447 1475 1499 1513 se
1541 1474 1646 1512 non
1687 1463 1968 1519 continent,
2014 1475 2117 1511 nu-

526 1553 678 1607 bant.
696 1552 889 1607 Melius
914 1557 990 1605 est
1018 1553 1212 1605 nubere
1237 1569 1400 1620 quam
1421 1555 1514 1605 uri
1537 1555 1588 1618 (I
1609 1553 1725 1607 Cor.
1755 1558 1862 1614 v11)
1897 1569 1908 1602 :
1937 1550 1991 1604 id
2013 1559 2115 1616 est,

523 1646 714 1700 melius
751 1653 832 1700 est
867 1646 1111 1716 legitimo
1151 1646 1352 1700 marito
1379 1646 1592 1700 misceri
1630 1662 1793 1716 quam
1843 1644 2112 1700 fornicari.

523 1741 593 1794 Et
619 1738 749 1793 illud
782 1757 794 1793 :
819 1737 1033 1795 Solutus
1056 1755 1107 1794 es
1128 1741 1198 1792 ab
1235 1743 1442 1794 umore?
1469 1741 1589 1793 noli
1607 1756 1844 1808 quaerere
1865 1755 2116 1804 uxorem;

2216 515 2541 589 joribus.....
2575 517 2703 587 quia
2733 517 3001 586 scriptum
3033 524 3115 570 est
3145 537 3157 571 :
3188 519 3257 571 Et
3286 520 3442 569 erant
3488 516 3600 569 illis
3638 519 3811 570 omnia

2223 615 2524 665 communia
2549 613 2692 675 (Act.
2729 611 2821 680 ιι),
2852 611 2997 664 inter
3022 627 3144 682 quae
3188 611 3452 665 Nicolaus
3500 610 3812 664 numeravit

2225 713 2278 758 et
2309 704 2585 775 conjugia.
2625 705 2775 759 Sicut
2808 719 2940 775 ergo
2972 704 3059 759 ille
3101 704 3467 775 apostolicum
3506 703 3810 772 exemplum

2223 798 2390 854 nimis
2434 797 2757 869 generaliter
2784 803 2838 852 et
2867 813 3119 868 perverse
3160 805 3443 867 acceptum
3472 797 3526 850 in
3559 795 3810 851 haeresim

2225 900 2466 946 mutasse
2508 890 2761 957 refertur,
2806 891 2884 946 sic
2911 901 2964 946 et
3004 891 3090 946 isti
3136 891 3270 946 illud
3299 891 3552 961 Apostoli
3586 909 3597 944 :
3646 894 3816 946 Unus-

2225 989 2448 1055 quisque
2473 1002 2698 1040 uxo-rem
2733 1002 2888 1040 suam
2917 987 3106 1040 habeat
3128 986 3178 1056 (I
3206 985 3322 1039 Cor.
3351 990 3487 1049 vn),
3526 983 3695 1038 nimis
3721 1000 3815 1054 ge-

2225 1080 2482 1134 neraliter
2523 1087 2577 1134 et
2618 1080 3022 1149 perversissime
3058 1079 3512 1148 interpretantes,
3561 1077 3614 1131 in
3662 1093 3814 1132 erro-

2227 1187 2342 1227 rem
2372 1173 2600 1228 vertisse
2629 1181 2911 1241 notantur,
2945 1174 3036 1244 qui
3067 1173 3168 1227 sub
3191 1172 3385 1227 eodem
3415 1171 3666 1240 exemplo
3688 1187 3818 1226 con-

2225 1274 2308 1321 tra
2339 1267 2596 1322 eumdem
2623 1267 2949 1338 Apostolum
2974 1265 3348 1322 sacerdotibus
3369 1267 3660 1338 conjugale
3677 1281 3818 1335 opus

2224 1377 2546 1416 concessum
2578 1361 2756 1416 fallaci
2798 1360 3093 1431 pertinacia
3133 1361 3495 1416 contendunt.
3547 1361 3819 1428 Quamvis

2225 1454 2370 1509 enim
2416 1454 2474 1509 in
2535 1455 2702 1510 sacris
2757 1455 3040 1510 ordinibus
3106 1455 3424 1525 promiscua
3481 1453 3817 1508 feminarum

2225 1549 2495 1603 consortia
2537 1549 2711 1619 magis
2752 1548 3068 1604 detestanda
3117 1549 3226 1603 sint
3277 1564 3445 1618 quam
3486 1547 3812 1617 singularia,

2225 1642 2574 1713 depravatori
2607 1651 2791 1697 tamen
2817 1643 3133 1714 apostolica:
3163 1642 3526 1696 institutionis
3563 1642 3664 1712 ipsi
3696 1641 3820 1697 hae-

2225 1737 2510 1792 resiarchas
2557 1737 2783 1792 Nicolao
2825 1737 3006 1794 minus
3035 1734 3358 1806 imputanda
3394 1736 3612 1790 videtur
3645 1751 3820 1806 quam

523 1835 766 1887 siautem
783 1836 1049 1902 acceperis
1068 1849 1431 1899 umorem,non
1460 1835 1712 1902 peccasti;
1734 1837 1784 1886 et
1804 1836 1853 1887 si
1866 1836 2113 1901 nupserit
2147 1812 2193 1873 Β
2223 1830 2358 1885 istis.
2395 1831 2492 1885 llle
2512 1833 2660 1885 enim
2692 1847 2755 1885 eo
2788 1830 3016 1902 quidem
3043 1838 3289 1900 tempore
3315 1829 3677 1899 apostolicam
3712 1828 3819 1883 do-

523 1929 696 1994 virgo,
726 1943 833 1980 non
867 1931 1047 1996 peccat
1075 1926 1290 1992 (Ibid).
1330 1928 1451 1980 Hoc
1474 1926 1656 1997 itaque
1687 1926 1837 1981 nullo
1868 1926 2030 1981 modo
2052 1925 2118 1980 de

522 2019 900 2075 sacerdotibus
929 2020 1014 2074 vel
1043 2019 1110 2074 de
1142 2020 1266 2075 aliis
1295 2019 1646 2075 continentiae
1675 2019 1937 2075 dedicatis
1977 2019 2117 2075 dici-

522 2121 630 2178 tur,
670 2112 766 2168 sed
794 2112 862 2167 de
891 2113 993 2167 illis
1018 2121 1233 2167 tantum
1272 2114 1363 2184 qui
1397 2113 1644 2184 legitime
1682 2113 1957 2183 conjugari
1991 2128 2116 2182 pos—

521 2213 665 2260 sunt.
697 2205 863 2261 Unde
891 2205 1083 2260 beatus
1108 2206 1484 2276 Hieronymus
1511 2206 1564 2260 in
1592 2205 1728 2260 libro
1755 2205 2071 2274 supradicto
2101 2223 2114 2257 :

521 2300 603 2366 Si,
638 2298 838 2370 inquit,
878 2300 1121 2369 nupserit
1165 2299 1338 2369 virgo,
1387 2315 1498 2353 non
1551 2300 1824 2376 peccabit,
1869 2316 1983 2354 non
2025 2299 2114 2354 illa

522 2393 673 2463 virgo
710 2407 832 2463 qua:
869 2392 1040 2447 semel
1064 2393 1165 2446 Dei
1194 2391 1358 2446 cultui
1407 2391 1658 2448 dedicata
1691 2411 1704 2446 :
1736 2393 1936 2448 harum
1967 2394 2115 2448 enim

521 2487 564 2540 si
591 2502 699 2557 qua
719 2486 988 2556 nupserit,
1013 2486 1426 2541 damnationem
1450 2486 1696 2554 habebit,
1726 2488 1854 2558 quia"
1883 2488 2116 2558 primam

523 2580 733 2634 irritam
771 2579 898 2635 fecit
926 2579 1108 2634 ﬁdem.
1156 2579 1212 2635 Si
1247 2588 1434 2634 autem
1466 2579 1571 2635 hoc
1601 2579 1670 2635 de
1699 2580 1872 2636 viduis
1908 2581 2115 2636 dictum

523 2672 800 2744 objecerit,
844 2681 1048 2744 quanto
1101 2673 1279 2742 magis
1324 2672 1392 2728 de
1433 2673 1732 2744 virginibus
1787 2674 2115 2745 praevalebit,

524 2782 656 2822 cum
702 2768 868 2822 etiam
922 2766 1006 2820 his
1037 2783 1149 2821 non
1179 2766 1340 2821 liceat
1362 2765 1562 2838 quibus
1591 2768 1882 2838 aliquando
1911 2769 2062 2822 licuit
2101 2787 2113 2820 :

524 2859 757 2929 virgines
793 2860 940 2914 enim
987 2876 1108 2930 qua:
1152 2867 1276 2930 post
1311 2859 1782 2916 consecrationem
1833 2861 2118 2930 nupserint

523 2968 637 3006 non
677 2961 790 3008 tam
819 2951 1086 3008 adulterae
1113 2961 1241 3007 sunt
1269 2967 1430 3024 quam
1454 2953 1695 3008 incestae.
1731 2953 1784 3008 Si
1820 2970 1949 3024 ergo
1977 2970 2115 3024 pra:-

521 3045 680 3103 dictae
734 3046 966 3117 apostoli
1014 3047 1302 3102 sententia:
1350 3046 1668 3117 hujusmodi
1713 3048 2119 3102 continentibus

2223 1925 2455 1978 ctrinam
2499 1925 2645 1979 male
2687 1925 3072 1994 interpretatus
3106 1931 3206 1989 est,
3256 1939 3383 1978 cum
3411 1923 3494 1977 vix
3526 1923 3580 1976 in
3621 1923 3818 1992 primis

2226 2034 2429 2072 nomen
2461 2017 2886 2072 Christianitatis
2917 2017 3242 2088 incaapisset,
3269 2032 3396 2071 cum
3425 2016 3726 2087 evangelica
3756 2024 3818 2071 et

2224 2111 2520 2181 apostolica
2557 2111 2807 2166 doctrina
2834 2110 3087 2166 nondum
3126 2119 3269 2166 esset
3298 2126 3393 2181 per
3433 2119 3612 2164 totum
3652 2126 3816 2164 mun-

2223 2205 2355 2260 dum
2377 2205 2631 2273 dilatata,
2664 2205 2914 2260 nondum
2941 2213 3029 2260 tot
3055 2205 3369 2269 virtutibus,
3410 2212 3493 2258 tot
3513 2204 3699 2274 signis,
3729 2212 3820 2258 tot

2224 2300 2602 2356 sacratissimis
2629 2308 2951 2354 sanctorum
2974 2307 3278 2369 martyrum
3310 2297 3604 2368 triumphis
3632 2313 3824 2368 appro-

2225 2392 2383 2461 bata;
2430 2394 2518 2448 isti
2569 2401 2752 2448 autem
2801 2392 3054 2447 eamdem
3116 2391 3423 2447 doctrinam
3452 2392 3568 2462 jam
3617 2391 3821 2462 ubique

2226 2493 2486 2563 ignotam,
2512 2503 2612 2542 nec
2644 2487 2862 2542 rusticis
2885 2485 3209 2558 jamdudum
3239 2489 3447 2553 [notam
3473 2501 3570 2540 nec
3600 2485 3822 2541 rusticis

2218 2583 2544 2658 jamdudum
2585 2583 2871 2653 ignotam],
2904 2582 3019 2635 imo
3044 2580 3162 2649 jam
3197 2581 3265 2634 ab
3289 2581 3515 2651 antiquo
3550 2580 3817 2649 sanguine

2225 2687 2544 2734 sanctorum
2585 2679 2812 2730 Patrum
2855 2682 3236 2730 consecratam
3267 2681 3323 2728 et
3363 2671 3815 2744 irrefragabiliter

2225 2773 2656 2832 corroboratam,
2707 2769 3140 2824 obstinatissima
3204 2767 3512 2822 temeritate
3567 2766 3820 2820 nituntur

2224 2867 2541 2936 depravare.
2574 2863 2738 2919 Unde
2760 2871 2816 2918 et
2843 2862 2989 2917 illam
3030 2861 3394 2930 perditionem
3435 2858 3814 2930 subterfugere

2226 2960 2528 3030 nequibunt
2551 2973 2715 3028 quam
2737 2956 2850 3026 ipse
2876 2955 3128 3026 princeps
3156 2955 3531 3024 apostolorum
3551 2952 3816 3023 deprava-

2225 3054 2438 3108 toribus
2466 3053 2874 3121 Scripturarum
2905 3050 3164 3121 assignat,
3195 3049 3288 3119 qui
3321 3048 3594 3118 Epistolas
3621 3063 3825 3118 coapo—

523 3141 794 3195 carnalem
845 3140 1100 3212 copulam
1147 3157 1258 3195 non
1313 3140 1644 3206 concedunt,
1686 3149 1893 3210 quanto
1934 3142 2121 3195 minus
2157 3182 2202 3244 C
2231 3147 2356 3203 stoli
2376 3147 2493 3218 ejus
2522 3145 2669 3200 Pauli
2695 3146 2766 3198 ita
2790 3144 2952 3198 nobis
2977 3142 3333 3198 commendat
3365 3160 3378 3197 :
3412 3146 3475 3197 In
3501 3143 3718 3211 quibus,
3743 3143 3822 3196 in-

521 3233 926 3301 sacerdotibus;
948 3235 1183 3289 maxime
1209 3250 1338 3288 cum
1377 3233 1480 3289 illa:
1503 3235 1822 3304 simpliciter
1841 3233 1911 3288 ad
1939 3235 2120 3288 conti-

523 3329 762 3383 nentiam
805 3329 911 3382 sint
939 3336 1290 3393 consecrata},
1323 3327 1398 3382 illi
1439 3336 1628 3383 autem
1672 3328 1807 3398 ipsis
1837 3329 2120 3382 continen-

525 3422 674 3476 tibus
699 3422 809 3476 sint
838 3420 1064 3492 praelati,
1095 3431 1148 3476 et
1189 3437 1285 3492 per
1328 3419 1694 3476 venerandam
1725 3436 1918 3476 manus
1942 3421 2118 3491 impo-

525 3515 801 3581 sitionem,
833 3524 887 3570 et
929 3530 1026 3585 per
1053 3515 1387 3570 sacrosancti
1429 3515 1742 3571 chrismatis
1781 3516 2114 3570 unctionem.

525 3609 799 3663 Praeterea
858 3607 1006 3663 idem
1053 3608 1353 3677 Apostolus
1407 3607 1536 3679 ipsis
1583 3608 1783 3678 quibus
1837 3609 2120 3680 coniugale

528 3716 666 3770 opus
703 3715 951 3754 exercere
975 3701 1248 3766 concedit,
1283 3700 1493 3754 eisdem
1530 3702 1695 3755 etiam
1727 3702 1991 3757 secundas
2019 3719 2121 3758 nu-

528 3791 670 3863 ptias
699 3792 840 3846 inire
867 3792 1090 3846 licenter
1130 3793 1419 3861 permittit.
1461 3793 1651 3848 Soluto
1681 3795 1825 3849 enim
1855 3795 1922 3849 ab
1949 3811 2120 3850 uxore

527 3884 690 3940 aliam
724 3885 923 3940 ducere
951 3884 1219 3951 concedit,
1247 3894 1298 3940 et
1331 3883 1511 3939 vidua:
1549 3887 1792 3941 nubendi
1841 3887 2118 3942 licentiam

526 3977 796 4032 attribuit.
821 3976 1142 4033 Nullatenus
1161 3992 1289 4048 ergo
1310 3975 1626 4032 sacerdotes
1645 3979 1746 4033 sub
1768 3979 2116 4049 permissoria

527 4071 756 4126 carnalis
785 4070 994 4142 copulae
1039 4070 1320 4126 sententiae
1351 4070 1781 4142 comprehendit,
1822 4072 2020 4142 quibus
2059 4075 2117 4128 in

529 4165 759 4236 epistola
785 4163 855 4220 ad
882 4163 1239 4220 Timotheum
1275 4172 1328 4218 et
1353 4164 1538 4220 Titum
1569 4165 1868 4236 bigamiam
1900 4168 2120 4237 penitus

529 4257 826 4329 prohibuit,
859 4273 985 4312 cum
1027 4258 1217 4329 jubeat
1251 4267 1467 4314 tantum
1507 4259 1670 4314 unius
1717 4260 1900 4316 uxoris
1942 4260 2116 4318 virum

528 4351 653 4422 eligi
676 4352 740 4407 ad
756 4351 1126 4408 sacerdotium
1151 4371 1164 4407 :
1190 4368 1321 4408 nam
1340 4369 1440 4408 nec
1454 4355 1599 4425 apud
1616 4354 1865 4410 ethnicos
1881 4355 2117 4425 bigamia

527 4446 726 4502 licebat
737 4446 1109 4502 sacerdotibus
1122 4447 1494 4503 beatoHieron
1501 4463 1632 4519 ymo
1642 4457 1920 4504 asserente
1931 4458 2120 4504 contra

2230 3241 2368 3312 quit,
2403 3240 2659 3310 Epistolis
2687 3243 2810 3292 sunt
2835 3239 3084 3306 quaedam
3105 3237 3358 3305 difﬁcilia
3378 3235 3672 3304 intellectu,
3700 3253 3821 3305 quia

2224 3336 2429 3388 indocti
2458 3340 2506 3388 et
2543 3333 2819 3386 instabiles
2847 3332 3163 3400 depravant,
3195 3334 3339 3384 sicut
3367 3336 3415 3385 et
3439 3335 3655 3384 crateras
3685 3333 3822 3386 Scri-

2221 3436 2437 3498 pturas,
2479 3428 2553 3482 ad
2582 3443 2735 3481 suam
2773 3427 3017 3495 ipsorum
3053 3426 3406 3494 perditionem
3445 3427 3490 3487 (Ι
3519 3428 3666 3478 Petr.
3703 3426 3820 3492 ιιι).

2222 3524 2335 3577 Vos
2354 3537 2505 3592 ergo,
2533 3520 2750 3585 fratres,
2778 3519 3129 3588 praescientes
3155 3517 3429 3572 custodite
3459 3533 3529 3571 ne
3559 3517 3823 3586 insipien-

2224 3617 2364 3670 tium
2408 3629 2593 3670 errore
2626 3613 2862 3668 traducti
2894 3611 3159 3667 excidatis
3195 3628 3225 3666 a
3279 3611 3500 3682 propria
3537 3610 3820 3665 ﬁrmitate.

2230 3711 2304 3764 Ut
2343 3718 2530 3763 autem
2570 3709 2774 3762 clarius
2820 3707 3030 3760 eniteat
3057 3705 3384 3775 Apostolum
3414 3706 3472 3758 in
3515 3704 3823 3774 superiori-

2224 3802 2328 3856 bus
2353 3801 2636 3855 sententiis
2665 3815 2775 3854 non
2805 3799 3208 3864 sacerdotibus,
3251 3797 3351 3854 sed
3390 3798 3562 3863 laicis,
3606 3799 3826 3853 carnale

2225 3894 2620 3949 commercium
2650 3892 2962 3959 indulsisse,
2988 3891 3284 3963 diligenter
3305 3892 3664 3962 inspiciamus
3691 3891 3824 3962 quid

2223 3987 2367 4042 idem
2403 3987 2704 4057 Apostolus
2752 3986 3035 4040 ministros
3063 3994 3377 4041 sanctorum
3405 3985 3695 4040 observare
3727 3983 3825 4039 de-

2225 4089 2435 4148 cernat,
2458 4090 2512 4136 et
2540 4081 2739 4151 quibus
2765 4095 2949 4135 sacros
2964 4079 3186 4134 ordines
3207 4078 3432 4134 concedi
3455 4081 3536 4133 vel
3561 4079 3820 4148 denegari

2224 4176 2542 4230 constituat.
2575 4177 2717 4228 Nam
2747 4174 2805 4227 in
2830 4173 3018 4228 eadem
3061 4173 3358 4243 apostolica
3389 4172 3730 4227 institutione
3758 4180 3822 4226 et

2223 4267 2612 4323 defensoribus
2656 4265 3009 4321 sacerdotalis
3048 4265 3462 4321 incontinentiae
3491 4274 3824 4335 perpetuum

2225 4362 2502 4416 silentium
2551 4359 2829 4414 evidenter
2883 4360 3207 4431 imponitur,
3262 4367 3318 4414 et
3373 4357 3597 4430 praefata
3640 4359 3825 4413 nostri

2223 4454 2507 4525 apostolici
2567 4461 2770 4508 statuta
2847 4450 3290 4524 irrefragabiliter
3350 4453 3824 4519 corroborantur;

527 4543 902 4597 Iovinianum.
950 4543 1184 4613 Legant,
1230 4542 1432 4614 inquit,
1476 4552 1770 4610 nostrates,
1815 4553 2113 4615 antequam
2147 4561 2197 4622 Ι)
2225 4549 2426 4620 quippe
2454 4562 2578 4618 quae
2622 4547 2755 4601 nulli
2785 4562 3005 4601 sacrum
3048 4545 3293 4602 ofﬁcium
3324 4545 3682 4610 interdicunt,
3715 4547 3829 4602 nisi

530 4635 719 4705 religio
743 4644 930 4691 nostra
964 4633 1196 4706 fulgeret
1231 4635 1283 4690 in
1310 4635 1564 4703 mumdo,
1606 4637 1870 4693 uuicubas
1903 4655 2117 4710 semper

530 4727 783 4783 habuisse
822 4729 967 4782 inter
995 4739 1275 4784 matronas
1321 4731 1508 4799 decus,
1550 4747 1643 4803 per
1691 4732 1809 4788 illas
1861 4734 2118 4788 Fortuna:

529 4820 784 4877 muliebri
814 4838 963 4877 sacra
993 4823 1105 4878 ﬁeri
1131 4825 1318 4886 solita,
1348 4825 1560 4880 nullum
1591 4825 1948 4882 sacerdotum
1974 4826 2119 4896 biga-

528 4916 921 4980 mum,nullum
935 4915 1215 4972 flaminem
1227 4917 1972 4991 bimaritumﬂierophantas
1984 4935 2116 4990 quo-

529 5026 634 5082 que
687 5008 1106 5065 Atheniensium
1164 5025 1337 5082 usque
1388 5010 1552 5066 hodie
1583 5013 1776 5068 cicuta:
1815 5013 2116 5069 sorbitione

528 5103 780 5171 castrari,
813 5110 868 5158 et
888 5109 1180 5172 postquam
1211 5103 1264 5157 in
1298 5103 1684 5172 pontiﬁcatum
1708 5105 1866 5160 electi
1889 5104 2115 5174 fuerint,

529 5195 675 5252 viros
689 5211 806 5252 esse
834 5194 1112 5262 desinere;
1139 5197 1448 5267 quicunque
1468 5204 1654 5251 autem
1682 5197 1930 5268 praedicti
1962 5202 2115 5269 Apo-

531 5289 656 5344 stoli
693 5288 858 5344 verba
898 5289 1178 5344 intantum
1206 5288 1520 5345 adulterant
1543 5298 1605 5344 ut
1629 5291 1731 5346 sub
1771 5306 1964 5346 eorum
1994 5308 2113 5364 per-

529 5397 684 5438 versa
728 5383 1197 5454 interpretatione,
1251 5382 1415 5438 etiam
1461 5385 1838 5440 sacerdotibus
1882 5386 2118 5442 inconti-

528 5477 778 5531 nentiam
817 5477 976 5532 licere
1015 5477 1364 5548 consignent,
1391 5477 1786 5549 proculdubio
1813 5489 2117 5551 sequuntur

529 5568 812 5624 Nicolaum
843 5568 1274 5636 haeresiarchen,
1305 5586 1469 5642 quem
1498 5572 1751 5628 Clemens
1783 5574 2109 5630 Alexandri-

530 5677 638 5718 nus
664 5662 722 5718 in
749 5662 913 5718 tertio
941 5663 1080 5719 libro
1113 5664 1463 5721 Stromatum
1499 5665 1670 5722 refert
1700 5683 1927 5724 uxorem
1955 5685 2112 5724 suam

529 5755 749 5813 cuilibet
784 5756 954 5813 etiam
989 5759 1196 5814 volenti
1227 5760 1588 5830 protituisse,
1626 5770 1681 5816 et
1720 5761 1824 5817 hoc
1856 5765 2106 5834 exemplo

531 5862 630 5905 suo
681 5848 928 5908 docuisse
975 5853 1189 5908 cunctis
1238 5854 1545 5924 promiscua
1591 5862 1752 5924 atque
1791 5857 2110 5911 communia

2227 4657 2390 4713 quem
2432 4649 2488 4697 et
2509 4641 2808 4712 apostolica
2837 4648 3110 4711 praecepta
3139 4641 3356 4710 penitus
3385 4640 3455 4695 ab
3493 4640 3614 4711 ipso
3656 4654 3826 4696 sacro

2225 4735 2418 4791 ordine
2456 4734 2765 4790 secludunt.

2295 4831 2442 4885 XIV.
2498 4831 2701 4884 Beatus
2738 4843 2866 4899 ergo
2916 4827 3112 4882 Paulus
3163 4828 3444 4898 apostolus
3471 4827 3717 4884 scribens
3754 4828 3830 4886 ad

2223 4923 2576 4978 Timotheum
2607 4921 2674 4978 de
2703 4921 2871 4976 sacris
2927 4921 3214 4977 ordinibus
3243 4921 3314 4976 ita
3349 4930 3578 4978 testatur
3606 4939 3623 4976 :
3662 4924 3833 4979 Fide-

2225 5018 2312 5078 lis,
2341 5017 2537 5087 inquit,
2563 5031 2735 5070 sermo
2763 5034 2778 5069 :
2801 5017 2860 5071 Si
2874 5018 2994 5085 quis
3020 5018 3384 5085 episcopatum
3404 5015 3704 5081 desiderat,
3727 5018 3827 5071 bo.

2223 5126 2351 5164 num
2379 5125 2513 5179 opus
2542 5110 2832 5164 desiderat.
2868 5110 3090 5178 Oportet
3117 5125 3240 5178 ergo
3268 5111 3569 5179 episcopum
3587 5111 3832 5179 irrepre-

2222 5201 2541 5257 hensibilem
2568 5217 2696 5268 esse,
2720 5203 2884 5255 unius
2927 5204 3114 5256 uxoris
3140 5204 3349 5264 virum,
3389 5201 3648 5264 sobrium,
3683 5218 3831 5271 pru—

2221 5297 2452 5362 dentem,
2492 5295 2767 5364 pudicum,
2826 5300 3101 5364 ornatum,
3150 5295 3483 5365 hospitalem,
3521 5295 3821 5363 doctorem,

2219 5405 2331 5443 non
2371 5388 2723 5450 vinolentum,
2773 5403 2876 5442 non
2911 5403 3296 5458 percussorem,
3347 5388 3440 5443 sed
3483 5389 3831 5455 modestum;

2221 5498 2325 5537 non
2366 5483 2683 5549 litigiosum,
2725 5497 2832 5535 non
2871 5483 3145 5551 cupidum,
3177 5483 3270 5536 sed
3305 5498 3416 5537 sum
3461 5483 3645 5537 domui
3689 5481 3832 5537 bene

2217 5578 2602 5646 prcepositum;
2631 5576 2767 5644 ﬁlios
2808 5574 3086 5631 habentem
3127 5577 3370 5631 subditos
3409 5592 3528 5631 cum
3556 5579 3700 5630 omni
3724 5591 3824 5631 ca-

2219 5672 2429 5725 stitate.
2455 5671 2518 5726 Si
2542 5671 2660 5739 quis
2681 5674 2861 5724 autem
2885 5671 3080 5724 domui
3096 5685 3206 5725 sua:
3221 5686 3448 5741 praeesse
3467 5673 3652 5733 nescit,
3678 5685 3827 5738 quo-

2217 5763 2370 5818 modo
2400 5763 2642 5820 Ecclesiae
2671 5767 2770 5820 Dei
2784 5764 3124 5833 diligentiam
3149 5764 3410 5819 habebit?
3441 5767 3557 5822 Non
3581 5764 3830 5832 neophy-

2222 5863 2356 5920 tum,
2386 5860 2527 5913 netu
2548 5858 2857 5927 superbiam
2886 5859 3062 5913 elatus
3091 5860 3148 5910 in
3163 5857 3431 5926 judicium
3451 5854 3656 5912 incidat
3682 5855 3823 5910 dia-
