4024 6170
200 258 305 313 769

1450 257 1809 317 CONCILIUM
1847 255 1939 316 ΒΟ
1949 259 2184 317 MANUM
2221 261 2264 318 I.

3393 258 3495 322 776

199 381 323 436 boli.
375 381 590 450 Oportet
635 383 813 436 autem
867 385 918 436 et
985 381 1142 438 illum
1187 382 1548 439 testimonium
1593 386 1786 441 habere
1814 390 1866 453 Α
1894 395 2118 460 propter
2166 383 2464 444 auferenda
2498 385 2790 443 schismata
2837 385 2892 442 in
2925 392 3045 444 toto
3086 385 3368 446 decretum
3415 393 3499 448 est

198 475 390 532 bonum
422 475 490 528 ab
517 477 600 530 his
633 479 731 546 qui
764 478 903 543 foris
936 481 1062 531 sunt
1105 481 1168 532 ut
1207 493 1313 532 non
1359 480 1416 532 in
1443 479 1793 549 opprobrium

192 569 404 623 incidat
452 572 505 623 et
563 571 621 622 in
678 570 928 639 laqueum
991 571 1215 627 diaboli.
1286 575 1542 628 Diaconos
1594 575 1790 628 simili-

193 667 277 718 ter
319 663 563 732 pudicos,
613 679 721 718 non
754 664 1036 734 bilingues,
1074 681 1180 720 non
1203 668 1372 720 multo
1407 669 1532 722 vino
1561 667 1813 736 deditos,

188 773 296 811 non
327 761 484 827 turpe
505 758 714 812 lucrum
736 762 1010 828 sectantes,
1041 760 1298 816 habentes
1322 764 1636 831 mysterium
1663 761 1795 831 fidei

187 851 249 904 in
277 851 601 904 conscientia
622 866 786 920 pura.
826 853 896 906 Et
921 853 980 906 hi
1010 854 1256 922 primum
1288 854 1608 922 probentur,
1639 859 1689 908 et
1718 856 1793 908 sic

188 944 524 1006 ministrent,
554 945 764 1000 nullum
803 947 1002 1000 crimen
1042 947 1311 1002 habentes.
1359 948 1608 1003 Mulieres
1635 950 1792 1002 simi-

189 1038 320 1092 liter
359 1039 617 1108 pudicas,
657 1055 763 1093 non
807 1039 1176 1103 detrahentes,
1225 1041 1464 1103 sobrias,
1518 1041 1698 1110 fideles
1735 1043 1792 1095 in

187 1133 455 1186 omnibus.
493 1133 746 1187 Diacones
787 1134 900 1186 sint
940 1134 1050 1187 viri
1093 1135 1257 1188 unius
1298 1135 1506 1199 umoris,
1539 1135 1639 1203 qui
1662 1131 1792 1202 ﬁliis

183 1227 307 1280 suis
351 1225 475 1279 bene
510 1227 738 1295 praesint
784 1230 834 1280 et
879 1227 1122 1280 domibus
1160 1228 1306 1296 suis;
1354 1229 1452 1296 qui
1491 1228 1632 1281 enim
1671 1227 1796 1280 bene

182 1321 636 1385 rninistraverint,
665 1320 894 1388 gradum
928 1320 1034 1375 sibi
1057 1321 1246 1374 bonum
1267 1322 1551 1390 acquirent
1578 1325 1628 1375 et
1653 1322 1794 1374 mul-

180 1417 300 1468 tam
336 1413 598 1482 ﬁduciam
622 1414 681 1468 in
703 1413 808 1483 [ide
830 1429 950 1484 qua
989 1418 1067 1468 est
1098 1416 1156 1468 in
1182 1414 1394 1468 Christo
1420 1417 1543 1470 Jesu
1564 1414 1628 1485 (Ι
1651 1416 1788 1471 Tim.

182 1510 303 1576 ιιι).
328 1510 468 1565 Item
492 1507 564 1563 ad
581 1507 766 1563 Titum
790 1527 809 1563 :
836 1509 1032 1578 Hujus,
1064 1507 1254 1580 inquit,
1282 1512 1364 1563 rei
1388 1512 1568 1578 gratia
1595 1511 1797 1580 reliqui

182 1607 240 1657 te
277 1602 472 1664 Cretes,
503 1606 566 1656 ut
601 1618 664 1656 ea
705 1618 826 1672 qua
865 1603 1057 1658 desunt
1103 1605 1363 1674 corrigas,
1395 1607 1445 1657 et
1497 1605 1791 1658 constituas

174 1713 283 1767 per
321 1697 573 1752 civitates
597 1697 961 1766 presbyteros,
1003 1698 1142 1751 sicut
1174 1713 1268 1767 ego
1297 1697 1400 1750 tibi
1437 1697 1709 1766 disposui;
1739 1700 1793 1753 si

1903 481 2036 538 orbe
2081 489 2142 537 ut
2171 495 2312 537 unus
2339 480 2406 537 de
2449 481 2785 554 presbyteris
2816 489 3224 554 praeponeretur
3264 483 3499 553 caeteris,

1901 575 1969 631 ad
1995 590 2158 648 quem
2200 575 2381 631 omnis
2419 591 2546 630 cura
2579 577 2837 632 Ecclesia:
2883 576 3191 648 pertineret.
3236 580 3370 634 Post
3400 577 3499 635 des

1901 668 2254 740 scriptionem
2279 676 2464 724 autem
2495 668 2730 741 episcOpi
2760 677 2814 725 et
2840 671 3135 743 presbyteri
3171 679 3330 729 caute
3356 677 3498 744 Apo‘

1901 762 2076 818 stolus
2107 762 2381 836 subjungit
2419 761 2489 818 de
2535 762 2858 820 diacouibus
2893 763 2965 821 ita
2995 764 3294 822 decernens
3325 784 3338 821 :
3369 767 3502 822 Dia:

1901 871 2052 911 conos
2079 857 2352 920 similiter,
2401 855 2457 911 id
2501 864 2603 924 est,
2634 861 2843 928 oportet
2887 873 2993 913 esse
3031 859 3280 930 pudicos,
3319 865 3420 916 etc.
3453 859 3505 930 (Ι

1907 953 2041 1006 Tim.
2075 953 2194 1019 III),
2223 967 2288 1006 ac
2309 950 2354 1006 si
2391 949 2598 1006 diceret
2647 970 2658 1006 :
2692 951 2856 1020 Quod
2899 951 2966 1008 de
2995 952 3263 1025 episcopis
3290 962 3344 1009 et
3374 967 3499 1025 ιιι-ει·

1901 1043 2132 1117 sbyteris
2187 1044 2434 1114 decrevi,
2486 1045 2592 1100 hoc
2638 1043 2784 1100 idem
2829 1053 2885 1101 et
2937 1044 3004 1101 de
3049 1045 3365 1102 diaconibus
3408 1057 3499 1104 me

1903 1137 2084 1194 sciatis
2112 1138 2430 1194 decrevisse.
2481 1139 2622 1194 Satis
2656 1155 2786 1211 ergo
2831 1137 3110 1196 evidenter
3139 1147 3306 1211 patet,
3341 1149 3401 1197 ut
3427 1153 3500 1198 ac»

1903 1232 2089 1299 stimo,
2138 1233 2464 1304 Apostolum
2507 1233 2564 1288 in
2610 1232 2979 1304 superioribus
3008 1234 3123 1290 suis
3165 1230 3501 1292 difﬁnitionii

1904 1325 2007 1381 bus
2039 1326 2206 1381 etiam
2236 1327 2582 1399 presbyteros
2625 1342 2753 1383 cum
2781 1327 3046 1400 episcopis
3089 1335 3142 1382 et
3179 1327 3502 1384 diaconibus

1903 1419 2379 1492 comprehendisse
2410 1437 2426 1475 :
2456 1419 2602 1476 unde
2644 1429 2699 1477 et
2725 1420 2925 1476 merito
2962 1421 3190 1493 quilibet
3232 1437 3428 1479 eorum
3470 1435 3501 1478 a

1902 1512 2068 1569 sacris
2113 1512 2310 1569 ofﬁciis
2351 1512 2718 1583 dimoventur,
2763 1514 3071 1586 quicunque
3112 1531 3176 1571 ex
3221 1516 3321 1571 illis
3349 1516 3404 1571 in
3443 1528 3504 1573 se
3549 1555 3552 1564 ι

1899 1607 2256 1678 apostolicam
2302 1605 2754 1663 informationem
2811 1608 3118 1680 corrupisse
3179 1610 3499 1680 probantur.

1900 1703 2111 1772 Nempe
2144 1701 2438 1773 Apostolus
2473 1709 2706 1757 testatur
2738 1702 3040 1773 episcopos,
3072 1701 3416 1774 presbyteros
3445 1707 3505 1760 et

177 1792 306 1860 quis
339 1791 454 1844 sine
481 1791 702 1844 crimine
733 1795 833 1857 est,
866 1792 1028 1845 unius
1064 1792 1250 1845 uxoris
1279 1792 1387 1853 vir,
1412 1791 1552 1859 ﬁlios
1589 1792 1787 1846 habens
1826 1766 1870 1828 Β
1899 1794 2161 1850 diaconos
2214 1803 2466 1866 oportere
2514 1796 2692 1866 turpis
2738 1795 2870 1850 lucri
2921 1811 3032 1850 non
3084 1812 3203 1852 esse
3251 1796 3502 1869 cupidos.

177 1884 384 1954 ﬁdeles,
415 1899 520 1939 non
553 1886 610 1938 in
627 1886 961 1938 accusatione
985 1885 1241 1947 lutcuriw,
1273 1888 1370 1938 aut
1396 1900 1502 1938 non
1526 1885 1786 1941 subditos.

179 1978 406 2046 Oportet
435 1981 610 2032 autem
637 1979 936 2047 episcopum
965 1980 1080 2033 sine
1105 1979 1327 2032 crimine
1353 1992 1460 2032 esse
1473 2020 1490 2041 ,
1531 1981 1667 2032 sicut
1694 1981 1792 2034 Dei

178 2070 644 2140 dispensatorem;
683 2086 790 2125 non
817 2072 1132 2140 superbum,
1175 2087 1280 2126 non
1308 2071 1651 2134 iracundum,
1685 2089 1790 2128 non

176 2166 537 2227 vinolentum,
569 2181 675 2220 non
692 2180 1073 2235 percussorem,
1104 2181 1210 2220 non
1240 2167 1412 2235 turpis
1456 2167 1602 2220 lucri
1643 2170 1792 2236 cupi-

177 2259 334 2321 dum,
381 2259 477 2314 sed
516 2259 858 2329 hospitalem,
911 2259 1213 2328 benignum,
1265 2260 1525 2328 sobrium,
1553 2261 1787 2329 justum,

176 2357 451 2419 sanctum,
477 2355 849 2418 continentem,
891 2353 1290 2422 amplectentem
1332 2369 1451 2408 eum
1479 2357 1578 2424 qui
1601 2371 1789 2410 secun-

178 2447 315 2502 dum
345 2447 652 2502 doct-rinam
690 2451 768 2502 est
806 2447 1017 2517 ﬁdelem
1051 2463 1362 2516 sermonem,
1404 2453 1466 2503 ut
1486 2454 1672 2519 potens
1717 2451 1792 2504 sit

179 2545 234 2596 et
261 2542 547 2596 exhortari
570 2543 632 2595 in
656 2541 899 2596 doctrina
928 2556 1064 2596 sana
1100 2545 1151 2596 et
1177 2556 1260 2596 eos
1289 2543 1391 2611 qui
1413 2544 1792 2598 contradicunt

177 2651 430 2704 arguere.
470 2637 608 2691 Sunt
640 2636 800 2690 multi
822 2635 1202 2702 inobedientes,
1235 2638 1517 2705 vaniloqui
1539 2641 1594 2690 et
1627 2637 1818 2700 sedu—,

181 2732 374 2790 ctores,
400 2730 640 2782 maxime
666 2730 762 2797 qui
785 2728 848 2782 de
873 2730 1265 2782 circumcisione
1283 2732 1439 2794 sunt;
1471 2744 1601 2798 quos
1629 2745 1786 2798 opor-

179 2826 258 2876 tet
287 2821 575 2890 redargui,
602 2824 700 2890 qui
725 2824 1003 2876 universas
1034 2821 1214 2876 domos
1233 2822 1569 2889 subvertant,
1600 2823 1786 2878 docen-

181 2920 281 2977 tes,
308 2931 430 2985 quoe
455 2929 559 2968 non
579 2919 804 2984 oportet,
832 2917 1008 2985 turpis
1033 2915 1173 2969 lucri
1187 2917 1386 2983 gratia.
1414 2917 1480 2970 Et
1508 2923 1630 2986 post
1653 2931 1786 2987 pau-

179 3023 248 3064 ca
279 3027 293 3062 :
323 3011 546 3078 Increpa
584 3008 704 3062 illos
733 3008 887 3072 dure,
916 3012 976 3062 ut
1015 3010 1124 3062 sint
1151 3010 1289 3070 sani
1321 3010 1376 3062 in
1412 3009 1539 3076 ﬁde,
1572 3025 1679 3064 non
1704 3012 1785 3064 in-

1902 1889 2096 1944 Omnis
2124 1897 2308 1944 autem
2332 1888 2671 1944 Simoniacus
2706 1887 3004 1960 turpissimi
3036 1897 3091 1944 et
3116 1884 3504 1946 nefandissimi

1899 1982 2034 2038 lucri
2070 1981 2438 2038 indubitanter
2466 1989 2550 2037 est
2574 1981 2822 2053 cupidus,
2853 1998 2983 2055 ergo
3030 1983 3174 2040 inter
3201 1997 3388 2040 sacros
3415 1999 3504 2040 or-

1899 2073 2056 2131 dine
2092 2075 2398 2131 nullatenus
2438 2083 2521 2131 est
2562 2075 2987 2148 computandas,
3027 2077 3236 2133 scilicet
3281 2072 3503 2150 jamdu-

1899 2168 2030 2224 dum
2061 2184 2158 2240 per
2185 2169 2542 2241 apostolicam
2572 2169 2901 2225 sententiam
2943 2169 3155 2242 penitus
3192 2171 3262 2226 ab
3297 2169 3500 2228 eisdem

1899 2271 2232 2335 segregatus.
2282 2261 2603 2319 Notandum
2656 2271 2872 2330 autem,
2922 2263 2968 2319 si
3009 2265 3319 2337 neophytus
3361 2265 3504 2322 inter

1899 2370 2086 2413 sacros
2114 2356 2335 2413 ordines
2363 2373 2474 2412 non
2509 2357 2787 2429 recipitur,
2819 2356 2911 2429 qui
2944 2366 3133 2414 tamen
3165 2359 3310 2414 inter
3336 2357 3503 2417 laicos

1898 2465 2057 2522 posse
2095 2451 2289 2507 salvari
2321 2451 2575 2519 creditur,
2610 2461 2820 2522 quanto
2870 2452 3044 2524 magis
3088 2451 3214 2508 inde
3257 2462 3386 2509 sunt
3412 2469 3502 2511 sc-

1897 2543 2154 2615 gregandi
2179 2543 2386 2615 cupidi,
2417 2545 2527 2599 sive
2554 2545 2723 2611 avari,
2754 2545 2849 2616 qui
2881 2554 3010 2600 sunt
3029 2546 3309 2604 idolorum
3325 2548 3501 2617 servi;

1897 2639 2006 2706 qui,
2028 2636 2183 2708 juxta
2210 2638 2557 2708 Apostolum,
2583 2639 2891 2693 nullatenus
2911 2639 3108 2694 habent
3136 2642 3505 2698 haereditatem

1897 2733 1954 2784 in
2004 2731 2218 2787 ClzriSto
2248 2735 2299 2785 et
2343 2747 2500 2799 regno
2533 2733 2627 2784 Dei
2663 2733 2881 2801 (Ephes.
2918 2732 2988 2803 v).
3037 2736 3175 2789 Item
3206 2737 3504 2806 Apostolus

1897 2823 2143 2894 praecipit
2186 2823 2241 2877 in
2296 2823 2671 2891 superioribus
2727 2831 2786 2878 ut
2839 2824 3113 2896 episcopi,
3160 2829 3498 2900 presbyteri,

1895 2915 2110 2973 diaconi
2139 2916 2250 2972 sint
2278 2915 2458 2988 pudici
2487 2924 2541 2972 et
2568 2916 2940 2986 continentes;
2971 2934 3072 2974 nec
3101 2919 3303 2976 mirum
3323 2964 3338 2992 ,
3375 2939 3505 2978 eum

1896 3018 1951 3066 et
1981 3009 2143 3065 laicos
2171 3009 2418 3065 hortetur
2442 3008 2510 3065 ad
2539 3010 2957 3078 continentiam,
2978 3011 3169 3067 dicens
3195 3032 3210 3068 :
3244 3016 3378 3070 Volo
3401 3032 3505 3071 au-

181 3102 465 3157 tendentes
521 3101 767 3157 Judaicis
814 3091 1020 3168 fabulis
1070 3105 1121 3156 et
1171 3101 1452 3156 mandatis
1505 3101 1781 3157 hominum
1813 3115 1856 3178 ρ
1893 3109 1996 3158 tem
2025 3119 2197 3159 omnes
2227 3104 2468 3158 homines
2505 3119 2613 3159 esse
2648 3106 2788 3159 sicut
2814 3107 3100 3174 meipsum,
3142 3107 3332 3180 utique
3369 3125 3504 3166 con-

181 3197 558 3250 auersantium
585 3211 638 3251 se
659 3212 693 3249 a
720 3197 943 3250 veritate
969 3195 1097 3266 (Tit.
1131 3198 1196 3260 ι).

255 3291 387 3344 XV.
421 3290 482 3343 In
507 3289 686 3360 primo
718 3288 877 3360 igitur
905 3288 1214 3344 notandum
1247 3297 1333 3345 est
1370 3290 1424 3344 in
1450 3288 1534 3345 his
1562 3297 1780 3360 aposto-

179 3383 305 3440 licis
341 3381 772 3438 institutionibus
801 3381 903 3438 sub
943 3382 1164 3438 nomine
1188 3382 1426 3453 episcopi
1467 3383 1636 3438 etiam
1667 3398 1786 3454 pre-

181 3475 441 3547 sbyteros
481 3474 910 3547 comprehendi;
953 3474 1398 3532 inconvenienter
1442 3475 1592 3531 enim
1643 3481 1790 3546 Apo-

180 3569 360 3627 stolus
389 3577 514 3641 post
548 3568 975 3638 descriptionem
1006 3568 1226 3640 episcop
1286 3568 1477 3624 statim
1505 3568 1572 3624 de
1599 3567 1790 3624 diaco-

182 3663 352 3720 nibus
378 3661 672 3730 subinfert,
717 3662 761 3718 si
797 3679 908 3718 non
951 3670 1008 3717 et
1054 3661 1404 3734 presbyteros
1451 3663 1554 3718 sub
1584 3662 1789 3733 episco-

183 3758 296 3830 pali
309 3756 676 3828 descriptione
693 3755 1206 3828 comprehenderet,
1223 3755 1310 3826 qui
1329 3763 1451 3827 post
1470 3754 1791 3827 episcopum

186 3849 452 3924 proximi,
483 3857 540 3906 et
566 3849 696 3920 ipsis
735 3848 1059 3905 diaconibus
1089 3848 1458 3905 indubitanter
1493 3856 1622 3904 sunt
1645 3857 1790 3905 antc-

187 3943 380 4016 positi.
424 3947 536 3999 Aut
561 3943 712 3999 enim
757 3957 1029 4014 nusquam
1073 3941 1142 3997 de
1183 3942 1524 3998 ordinatione
1565 3943 1791 4015 presby-

185 4047 447 4094 terorum
489 4037 652 4103 dixit,
705 4045 799 4092 aut
849 4035 952 4092 sub
999 4035 1218 4090 nomine
1266 4036 1647 4107 episcoporum
1696 4052 1792 4092 eos

184 4131 499 4203 descripsit.
550 4130 656 4186 Sed
706 4130 1071 4201 incongruum
1123 4136 1265 4184 esset
1313 4137 1373 4184 ut
1422 4130 1790 4200 praztermisso

188 4224 462 4298 magistro
506 4223 818 4280 ministrum
861 4223 981 4295 ejus
1023 4221 1392 4290 describeret,
1422 4237 1551 4278 cum
1601 4231 1791 4278 tamen

189 4319 456 4391 magister
502 4316 884 4386 ecclesiasticis
927 4314 1375 4387 dispositionibus
1418 4316 1592 4388 magis
1649 4324 1792 4372 esset

185 4411 547 4470 necessarius.
597 4412 866 4467 Prmterea
914 4425 1042 4466 cum
1092 4409 1389 4480 Apostolus
1436 4412 1560 4465 Tito
1598 4411 1790 4482 princi-

1892 3197 2131 3253 tinentes
2161 3197 2211 3268 (Ι
2231 3197 2359 3252 Cor.
2388 3198 2520 3265 vn).
2554 3200 2690 3252 Item
2723 3215 2737 3252 :
2765 3199 3048 3270 Reliquum
3077 3204 3175 3268 est,
3206 3206 3266 3255 ut
3290 3203 3396 3271 qui
3414 3202 3505 3257 ha-

1895 3291 2016 3344 bent
2033 3305 2248 3358 utcores,
2271 3296 2536 3360 tanquam
2554 3307 2659 3345 non
2683 3293 2936 3347 habentes
2959 3295 3068 3348 sint
3087 3295 3291 3363 (Ibid).
3318 3297 3454 3351 Item
3484 3315 3498 3351 :
3559 3287 3562 3290 ’

1900 3386 2046 3451 Viri,
2073 3385 2288 3453 diligite
2305 3399 2500 3439 uxores
2527 3389 2757 3451 vestras,
2789 3387 2936 3440 sicut
2968 3391 3018 3440 et
3047 3388 3296 3444 Christus
3322 3391 3498 3446 Eccle-

1897 3479 2038 3531 siam
2076 3479 2292 3548 (Ephes.
2331 3483 2406 3544 v).
2437 3477 2600 3533 Unde
2631 3479 3001 3551 Hieronymus
3051 3498 3064 3535 :
3113 3481 3172 3536 Si
3218 3481 3499 3552 Christus,

1876 3565 2097 3642 inquit,
2133 3580 2341 3637 sancte,
2384 3578 2552 3638 caste,
2593 3572 2637 3625 si
2675 3570 2877 3644 absque
2922 3573 3028 3628 ulla
3075 3575 3288 3631 macula
3330 3575 3508 3649 ditigit‘

1898 3663 2220 3731 Ecclesiam,
2251 3663 2350 3719 viri
2379 3679 2598 3736 quoque
2628 3664 2682 3719 in
2723 3665 2977 3722 castitate
3010 3683 3208 3724 uxores
3251 3685 3378 3725 suas
3413 3669 3509 3726 dib-

1898 3757 2068 3824 liant,
2113 3767 2166 3813 et
2202 3761 2338 3813 sciat
2377 3761 2747 3828 unusquisque
2791 3774 2886 3814 vas
2931 3775 3090 3815 suum
3133 3763 3408 3831 possidere
3443 3766 3511 3818 in!

1897 3853 2316 3920 sanctificatione
2352 3855 2405 3906 et
2447 3851 2659 3914 honore,
2700 3867 2806 3906 non
2845 3853 2907 3907 in
2944 3855 3196 3922 passione
3224 3855 3515 3920 desiderii}.

1897 3946 2034 3999 sicut
2075 3949 2128 3998 et
2153 3949 2357 4015 gentes,
2403 3960 2523 4014 qua:
2566 3947 2734 4000 Deum
2783 3947 3040 4014 ignorant
3087 3948 3134 4017 (Ι
3178 3948 3358 4004 Thess.
3406 3954 3515 4015 xv)’..

1898 4038 2077 4106 Quem
2138 4037 2403 4093 honorem
2467 4036 2540 4093 ita
2600 4037 2990 4110 interpretatur
3049 4038 3241 4096 beatus
3307 4042 3522 4098 Hieme

1896 4146 2097 4202 nymus
2139 4149 2152 4186 :
2186 4131 2263 4198 Si,
2311 4131 2506 4202 inquit,
2537 4131 2874 4188 abstinemus
2914 4148 3017 4189 nos
3059 4148 3094 4188 a
3121 4134 3292 4202 coitu,
3325 4134 3520 4192 bono--

1897 4240 2014 4279 rom
2045 4223 2296 4279 muliebri
2319 4225 2539 4280 vasculo
2567 4225 2895 4295 tribuimus;
2927 4226 2970 4281 si
2995 4243 3108 4283 non
3135 4227 3518 4300 abstinemus,.

1899 4319 2247 4390 perspicuum
2267 4327 2349 4374 est
2368 4318 2561 4374 honori
2583 4323 2914 4378 contrariam
2940 4337 3060 4379 esse
3083 4325 3513 4382 contumeliamx.

1898 4415 2164 4468 Praeterea
2194 4412 2375 4468 omnis
2405 4412 2640 4484 populus
2668 4413 2910 4470 ﬁliorum
2938 4416 3119 4485 Israel,
3151 4417 3217 4472 ad
3248 4427 3518 4475 montem!

187 4508 307 4580 piat
331 4513 392 4562 ut
418 4521 515 4577 per
542 4503 782 4560 civitates
811 4502 1156 4575 presbyteros
1183 4501 1422 4571 ordinet,
1450 4504 1634 4559 statim
1661 4519 1787 4560 eum
1819 4505 1868 4567 D
1899 4521 2211 4561 accessurus
2231 4515 2288 4562 et
2319 4505 2420 4560 Dei
2448 4506 2728 4578 eloquium
2755 4506 2823 4563 de
2852 4508 3148 4580 longinquo
3167 4517 3380 4565 tantum
3405 4526 3524 4566 au--

189 4600 265 4656 de
301 4599 648 4656 ordinatione
672 4613 865 4654 eorum
897 4593 1202 4652 iuformans
1224 4594 1531 4652 subinfert:
1569 4599 1784 4668 Oportet
1893 4599 2126 4665 diturus,
2167 4598 2357 4655 triduo
2398 4597 2722 4654 sanctiﬁcari
2758 4607 2813 4655 et
2850 4615 2909 4656 se
2939 4600 3219 4658 continere
3261 4602 3331 4658 ab
3361 4619 3519 4660 lIXO-'

187 4697 502 4765 episcopum
542 4695 656 4748 sine
696 4693 915 4747 crimine
962 4706 1070 4746 esse
1115 4692 1240 4754 (Tit.
1290 4691 1354 4755 ι).
1390 4688 1546 4745 Idem
1597 4691 1788 4746 Timo—

188 4788 330 4843 theo
367 4787 557 4842 scribit
597 4805 610 4840 :
659 4786 783 4843 Noli
819 4785 1084 4854 negligere
1121 4785 1358 4852 gratiam
1387 4799 1508 4852 qua
1553 4785 1686 4838 data
1713 4790 1791 4840 est

191 4882 303 4936 tibi
315 4896 418 4951 per
431 4880 776 4950 prophetiam
800 4894 914 4932 cum
935 4880 1268 4947 impositione
1292 4892 1552 4931 manuum
1576 4879 1794 4950 presby-

191 4977 327 5029 terii
362 4975 408 5044 (Ι
435 4976 570 5028 Tim.
605 4973 719 5043 IV);
764 4971 848 5027 cui
891 4971 946 5026 in
987 4969 1343 5042 sequentibus
1386 4971 1572 5025 statim
1618 4971 1788 5026 dixit:

193 5069 417 5126 Nemini
438 5083 660 5122 manum
688 5067 791 5120 cito
820 5067 1138 5135 imposueris
1163 5064 1372 5135 (Ibid.),
1405 5064 1551 5136 quod
1579 5066 1792 5136 proprie

194 5163 589 5233 episcoporum
644 5166 726 5215 est
761 5179 775 5215 :
825 5173 955 5230 ergo
997 5156 1259 5214 eumdem
1297 5157 1615 5230 episcopum
1661 5157 1794 5214 dicit

193 5270 368 5328 quem
401 5263 457 5311 et
491 5253 870 5326 presbyterum
899 5251 1216 5306 nominavit.
1247 5251 1336 5307 Sic
1371 5249 1563 5307 beatus
1592 5251 1782 5307 Hiero-

192 5363 402 5421 nymus
444 5356 499 5403 et
535 5355 755 5403 sanctus
809 5343 1164 5408 Ambrosius,
1211 5343 1501 5416 pmdictas
1542 5345 1805 5417 Apostoli-

194 5441 502 5499 sententias
537 5439 766 5496 ﬁdeliter
814 5445 1175 5510 exponentes,
1214 5445 1482 5493 testantur
1520 5436 1665 5509 apud
1701 5454 1796 5494 an-

197 5536 389 5608 tiquos
429 5534 578 5591 idem
614 5532 779 5589 fuisse
831 5531 1156 5602 episcopum
1185 5538 1240 5588 et
1281 5531 1693 5603 presbyterum,
1732 5539 1796 5595 ut

197 5643 414 5686 nomen
451 5643 622 5684 unum
650 5633 796 5682 esset
834 5623 1025 5690 ofﬁcii,
1064 5623 1212 5680 aliud
1249 5624 1443 5680 aztatis.
1479 5627 1668 5680 Postea
1697 5640 1793 5680 au-

195 5733 345 5791 tem,
375 5731 440 5778 ut
477 5722 846 5794 Hieronymus
887 5718 1101 5786 asserit,
1131 5733 1256 5774 cum
1290 5718 1660 5791 unusquisque
1700 5733 1797 5774 eos

198 5830 349 5892 quos
385 5816 755 5888 baptizaverat
800 5829 933 5871 suos
972 5828 1088 5870 esse
1134 5820 1374 5886 putaret,
1421 5827 1530 5868 non
1571 5811 1790 5881 Christi,

1897 4692 2052 4747 ribus
2073 4691 2298 4762 jubetur
2337 4691 2534 4763 (Exod.
2567 4690 2698 4761 xix).
2737 4693 2868 4747 Jure
2905 4708 3035 4765 ergo
3076 4695 3373 4766 Apostolus
3416 4712 3522 4753 saa-

1899 4801 2120 4841 crorum
2164 4785 2426 4840 ministris
2468 4785 2920 4842 incontinentiam
2962 4787 3262 4858 interdixit,
3305 4792 3398 4863 qui
3445 4796 3521 4848 et!

1899 4878 2253 4935 saecularibus
2293 4877 2498 4933 debent
2538 4879 2863 4949 praeminere
2907 4879 2964 4935 in
3001 4882 3283 4951 castitate,
3319 4885 3414 4956 qui
3443 4891 3517 4940 et:

1901 4971 2070 5044 ipsius
2116 4971 2346 5043 Spiritus
2398 4971 2571 5027 sancti
2623 4972 2954 5029 locutorium
3000 4973 3212 5051 effecti,
3258 4977 3514 5048 quotidie!

1901 5065 2206 5121 Dominum
2251 5079 2350 5136 pro
2397 5065 2595 5136 populo
2637 5065 2836 5121 debent
2862 5067 3221 5140 interpellare.
3257 5071 3512 5138 Quicum-

1901 5175 2006 5231 que
2035 5175 2166 5232 ergo
2201 5157 2404 5214 horum
2441 5158 2790 5216 incontinens
2813 5175 2930 5217 esse
2954 5161 3246 5234 detegitur,
3281 5163 3350 5218 ab
3380 5164 3513 5236 ipso‘

1901 5253 2167 5324 Apostolo
2197 5252 2368 5308 sacris
2396 5251 2680 5308 ordinibus
2705 5253 2972 5310 interesse
3001 5254 3345 5325 prohibetur,
3373 5273 3516 5313 curm

1903 5361 1997 5417 per
2058 5345 2454 5402 incontinentia
2503 5347 2814 5418 apostolicae
2862 5347 3191 5403 institutioni
3259 5348 3517 5421 seipsum:

1901 5438 2234 5495 subtraxisse
2276 5439 2538 5495 videatur.
2587 5443 2730 5496 Nam
2775 5439 2922 5512 quod
2967 5441 3265 5512 Apostolus
3307 5443 3440 5501 dicit
3484 5462 3513 5500 ::

1911 5534 2076 5589 Unius
2099 5536 2287 5588 umoris
2316 5535 2497 5588 uirum
2524 5537 2577 5603 (Ι
2599 5537 2733 5597 Tim.
2765 5539 2876 5602 ιιι),
2908 5533 3062 5604 juxta
3101 5537 3520 5594 attestationem:

1902 5635 2220 5682 sanctorum
2245 5627 2491 5693 Patrum,
2523 5637 2649 5684 ante
2682 5626 3091 5684 ordinationem
3123 5637 3358 5699 tantum,
3387 5646 3514 5686 non

1905 5726 2030 5791 post
2066 5718 2239 5791 ipsam
2270 5728 2352 5775 est
2385 5719 2824 5793 intelligendum.
2848 5719 3012 5776 Unde
3039 5730 3258 5777 sanctus
3275 5723 3519 5792 Cypria»

1903 5827 2030 5882 nus,
2071 5813 2128 5868 in
2157 5811 2298 5868 libro
2329 5815 2411 5871 De
2441 5812 2732 5869 duodecim
2770 5811 3144 5881 abusionibus,
3187 5811 3320 5868 dicit
3350 5817 3524 5885 quod;
