4048 6174
495 245 591 305 771

1211 234 1264 289 S.
1307 231 1626 287 GREGORII
1668 231 1752 283 Vll
1792 227 1943 283 OPP.
1986 226 2158 283 PARS
2194 227 2282 283 lii.
2320 256 2394 273 --
2430 225 2743 287 CONCILIA
2781 228 3085 284 ROMANA.

3690 228 3790 283 772

494 368 615 425 talis
662 330 780 425 esse
833 362 1031 425 debeat
1080 359 1363 430 episcopus
1419 365 1481 411 ut
1532 363 1655 413 ante
1711 353 2085 425 episcopatum
2114 356 2167 423 Α
2196 354 2425 413 “Domini
2454 353 2692 409 Jacobus
2722 374 2733 409 :
2768 357 2830 410 in
2856 355 3042 408 multis
3072 355 3213 408 enim
3252 351 3588 419 offendimus
3615 367 3790 406 omnes

496 478 661 521 unam
689 468 901 519 tantum
936 468 1160 515 uxorein
1190 449 1457 516 habuerit,
1480 464 1589 504 non
1617 447 1816 519 plures.
1850 445 2017 507 Unde
2040 454 2095 505 et

502 564 724 615 sanctus
785 553 1155 618 Hieronymus
1220 545 1277 599 in
1326 542 1666 615 apologetico
1714 540 1789 598 ad
1844 544 2095 601 Pamma-

498 649 683 707 chium
732 663 745 699 :
778 639 1048 713 Episcopi,
1090 635 1409 709 presbyteri,
1448 635 1689 702 diaconi,
1731 642 1827 690 aut
1865 633 2097 705 virgines
2144 652 2147 655 ί

498 742 769 811 eligantur
806 744 899 797 aut
946 732 1114 798 vidui,
1164 731 1246 789 vel
1292 739 1440 789 certe
1482 738 1605 800 post
1646 727 2015 786 sacerdotium
2042 726 2097 789 in

495 841 763 890 aeternum
789 828 990 901 pudici.
1019 831 1180 892 item,
1209 825 1404 883 beatus
1424 822 1735 891 Zacharias,
1770 821 1849 879 vir
1878 829 2099 891 aposto-

495 927 651 993 licus,
672 924 917 985 scribens
940 922 1009 981 ad
1038 929 1287 979 sanctum
1318 916 1663 977 Bonifacium
1694 915 2099 988 Moguntiacen-

496 1036 613 1075 sem
644 1018 1111 1088 archiepiscopum
1145 1015 1218 1068 ita
1248 1012 1490 1069 decrevit
1522 1030 1534 1065 :
1572 1012 1733 1076 Cum,
1774 1010 1969 1079 inquit,
2000 1017 2107 1067 tua

498 1113 803 1169 fraternitas
867 1112 919 1173 in
966 1109 1193 1167 concilio
1257 1106 1576 1177 Moguntino
1623 1103 1927 1161 consederit
1970 1118 2097 1161 cum

499 1207 900 1265 Carolomanno
930 1200 1390 1259 excellentissimo
1416 1199 1554 1267 viro,
1588 1199 1633 1257 si
1663 1213 1801 1269 quos
1832 1196 2098 1267 repererit

501 1303 801 1373 episcopos,
826 1297 1195 1369 presbyteros,
1215 1302 1311 1357 aut
1334 1294 1613 1357 diaconos,
1645 1300 1832 1351 contra
1854 1305 2097 1349 canones

490 1398 582 1468 ‘vel
630 1404 833 1453 statuta
873 1397 1097 1451 Patrum
1141 1389 1459 1456 excessisse,
1500 1387 1557 1442 id
1601 1395 1681 1445 est
1706 1386 1761 1440 in
1800 1384 2092 1453 adulterio,

502 1490 581 1565 vel
624 1490 669 1544 si
710 1488 891 1559 plures
929 1500 1127 1545 uxores
1164 1483 1500 1547 habuerunt,
1532 1487 1627 1536 aut
1657 1478 1821 1535 etiam
1862 1478 1984 1534 aliis
2014 1493 2102 1535 ca-

503 1582 709 1654 pitulis,
752 1582 948 1651 quibus
994 1593 1229 1637 canones
1269 1576 1513 1633 obviasse
1557 1574 1776 1644 reperit,
1828 1580 1921 1631 tua
1970 1588 2096 1629 san-

501 1677 661 1735 ctitas
697 1675 847 1733 nulla
883 1674 1092 1731 ratione
1125 1671 1422 1742 apostolica
1458 1668 1779 1726 auctoritate
1818 1665 2101 1737 permittat

502 1788 594 1828 eos
630 1768 931 1825 sacerdotio
964 1766 1134 1838 fungi,
1178 1766 1307 1836 quia
1353 1764 1491 1821 tales
1532 1780 1561 1817 a
1604 1778 1706 1818 suo
1735 1760 1956 1837 proprio
2003 1775 2100 1817 ore
2132 1727 2178 1795 Β

500 1864 620 1923 falsi
656 1863 1016 1923 nominantur
1043 1859 1376 1927 sacerdotes,
1408 1868 1462 1915 et
1488 1856 1788 1917 deteriores
1830 1853 2101 1913 saeculari-

502 1959 604 2019 bus
646 1973 764 2014 esse
809 1963 1114 2012 noscuntur
1152 1954 1334 2026 quise
1371 1966 1547 2021 neque
1577 1967 1607 2009 a
1638 1947 2101 2009 fornicationibus

503 2068 677 2124 neque
712 2068 741 2105 a
772 2049 996 2109 nefariis
1039 2047 1396 2109 matrimoniis
1438 2046 1741 2103 abstinent.
1776 2046 1917 2101 Nam
1948 2039 2098 2112 quod

505 2145 632 2205 inde
660 2144 923 2218 sentiunt,
959 2142 1174 2203 dicente
1210 2140 1453 2201 Domino
1497 2156 1510 2193 :
1543 2138 1851 2193 Sacerdotes
1890 2137 1994 2190 mei
2022 2151 2099 2189 se-

507 2240 607 2295 mel
634 2237 872 2302 nubant;
909 2241 963 2295 et
992 2234 1283 2305 Apostolus
1319 2252 1333 2285 :
1372 2234 1541 2287 Unius
1582 2233 1769 2288 umoris
1806 2231 2013 2293 uirum;
2044 2234 2101 2282 et

507 2333 611 2391 hoc
650 2339 777 2387 ante
814 2328 1187 2389 sacerdotium
1230 2335 1544 2396 susceptum
1588 2325 1664 2383 uti
1696 2324 1900 2381 licitum
1946 2330 2031 2379 est
2082 2340 2096 2376 :

508 2441 639 2484 nam
667 2440 697 2479 a
734 2424 823 2479 die
852 2422 1086 2496 suscepti
1116 2419 1411 2481 sacerdotii
1440 2419 1601 2481 etiam
1633 2418 1700 2474 ab
1730 2418 1850 2488 ipso
1880 2414 2100 2487 proprio

506 2518 760 2591 coujugio
821 2516 1139 2588 prohibendi
1196 2523 1339 2571 sunt.
1407 2512 1573 2570 Unde
1608 2520 1677 2567 'et
1727 2511 2100 2580 Hieronymus

506 2614 574 2670 ad
607 2612 961 2685 Vigilantium
993 2610 1236 2667 scribens
1276 2616 1508 2665 testatur
1558 2625 1572 2663 ς
1603 2604 1848 2662 Ecclesia
1895 2603 2099 2659 Orien-

507 2708 576 2765 tis
622 2713 677 2762 et
728 2706 973 2777 Aigypti,
1028 2715 1085 2760 et
1134 2702 1429 2774 apostolica
1477 2699 1662 2766 sedes,
1719 2706 1814 2755 aut
1867 2697 2100 2767 virgines

506 2801 731 2856 clericos
784 2798 1058 2871 accipiunt
1107 2806 1200 2854 aut
1255 2796 1625 2861 continentes,
1678 2800 1798 2861 aut,
1858 2791 1906 2847 si
1957 2806 2098 2846 uxo-

508 2911 593 2954 res
619 2893 931 2961 habuerint,
963 2891 1146 2955 mariti
1172 2907 1289 2951 esse
1316 2890 1621 2957 desistunt;
1646 2884 1929 2959 quomodo
1956 2884 2101 2941 enim

498 2989 655 3060 juxta
731 2985 987 3051 eumdem
1056 2985 1419 3057 Apostolum,
1492 2991 1553 3039 ut
1610 2980 1929 3051 praedictum
1984 2984 2097 3043 est,

508 3099 566 3140 se
638 3082 1010 3148 continerent,
1089 3080 1137 3137 si
1180 3095 1311 3137 cum
1382 3075 1709 3148 eonjugibus
1767 3072 2101 3130 ineontinen-
2118 3110 2180 3173 Ε

509 3177 644 3235 tiam
672 3190 922 3233 exercere
950 3172 1253 3231 deberent?
1296 3175 1435 3243 Quae
1480 3170 1611 3241 quia
1639 3167 1911 3225 contraria
1942 3173 2097 3232 sunt,

509 3271 818 3327 nullatenus
845 3267 1006 3325 simul
1035 3282 1151 3323 esse
1182 3273 1431 3337 possunt.
1462 3262 1571 3323 Sed
1601 3271 1655 3319 et
1681 3261 1786 3319 hoc
1813 3260 2103 3331 diligenter

510 3362 912 3435 inspiciendum
932 3361 1077 3434 quod
1098 3360 1399 3431 Apostolus
1418 3358 1644 3430 jusserit
1672 3355 1796 3427 eligi
1825 3353 1895 3410 ad
1921 3368 2101 3411 sacer-

508 3458 743 3527 dotium,
774 3473 903 3517 nam
931 3456 1021 3528 qui
1041 3456 1159 3528 jam
1204 3470 1297 3525 per
1335 3451 1795 3511 incontinentiam
1838 3448 1975 3505 ﬁlios
2004 3463 2103 3517 ge-

508 3562 745 3619 neraret,
774 3552 872 3609 sed
902 3552 997 3622 qui
1020 3550 1230 3607 dudum
1260 3548 1400 3607 ﬁlios
1428 3547 1644 3607 adultos
1674 3553 1729 3605 et
1756 3544 1896 3602 bene
1925 3541 2100 3599 nutri.

508 3656 595 3702 tos
624 3646 919 3703 habuisset.
1014 3636 1021 3641 ’

578 3743 719 3796 Nota
755 3747 940 3796 autem
969 3736 1297 3807 Apostoium
1347 3734 1727 3792 inobedientes
1779 3739 1835 3787 et
1893 3729 2103 3787 vanilo-

508 3849 648 3907 quos
689 3832 998 3887 nullatenus
1044 3830 1185 3886 inter
1229 3844 1414 3885 sacros
1456 3828 1675 3883 ordines
1722 3832 2098 3894 computasse,

509 3928 622 3983 imo
655 3925 855 3995 peritos
890 3923 1198 3983 sacerdotes
1243 3921 1499 3977 constitui
1532 3918 1849 3991 praecepisse
1893 3916 1960 3973 ad
2002 3915 2104 3971 hos

512 4021 698 4090 utique
728 4015 1037 4091 arguendos
1083 4016 1176 4087 qui
1207 4015 1492 4070 universas
1529 4013 1725 4069 domos
1754 4011 2099 4071 subvertunt,

510 4115 767 4171 docentes
797 4128 920 4183 qua:
949 4126 1068 4168 non
1098 4118 1317 4180 oportet
1350 4108 1523 4179 turpis
1564 4106 1696 4163 lucri
1725 4105 1933 4178 gratia;
1964 4119 2103 4175 quos

509 4209 671 4265 etiam
707 4206 843 4264 dure
866 4205 1128 4276 increpari
1150 4204 1309 4276 jubet
1334 4219 1404 4259 ne
1423 4202 1665 4260 Judaicis
1692 4200 1889 4256 fabuiis
1918 4200 2102 4255 inten-

508 4301 660 4369 dant,
691 4309 746 4361 ει
774 4300 1051 4360 mandatis
1089 4300 1376 4357 hominum
1404 4296 1768 4354 aversantium
1811 4310 1871 4351 se
1899 4312 1933 4351 a
1961 4293 2103 4349 veri-

508 4404 639 4461 tate,
681 4403 740 4455 ut
774 4396 844 4451 illi
874 4394 966 4466 qui
1001 4394 1156 4465 juxta
1194 4394 1522 4451 mandatum
1555 4391 1707 4447 Pauli
1734 4388 2099 4453 Samosateni,

2199 450 2343 516 (Jac.
2401 446 2491 518 ιι).
2542 448 2702 503 Multi
2753 454 2937 503 autem
2988 447 3105 502 sine
3153 444 3381 509 crimine
3429 444 3789 515 reperiuntur.

2201 541 2367 599 Unde
2406 542 2597 599 beatus
2638 542 2975 613 Augustinus
3005 541 3061 596 in
3108 547 3343 597 tractatu
3376 538 3793 611 quadragesimo

2201 635 2378 709 primo
2407 652 2570 708 super
2596 636 2825 693 Joannis
2860 635 3191 707 evangelium
3221 642 3471 691 testatur.
3502 633 3607 689 Sed
3640 634 3795 704 plane

2202 730 2361 788 multi
2388 730 2522 802 justi
2546 729 2682 787 dicti
2716 739 2849 787 sunt
2875 730 2993 786 sine
3019 728 3261 801 querela,
3291 727 3440 801 quod
3480 727 3797 799 intelligitur

2204 824 2318 881 sine
2345 824 2595 880 crimine.
2638 823 2800 879 Nulla
2837 824 2981 885 enim
3010 823 3227 893 querela
3249 822 3394 895 justa
3423 830 3506 876 est
3529 820 3597 877 de
3626 821 3714 877 his
3742 822 3797 876 in

2203 918 2364 975 rebus
2414 917 2703 985 humanis,
2751 917 2846 990 qui
2896 933 3010 973 non
3056 915 3260 971 habent
3303 916 3532 972 crimen.
3577 916 3799 970 Crimen

2204 1028 2329 1069 vero
2362 1020 2445 1069 est
2472 1020 2753 1084 peccatum
2785 1027 2947 1083 grave
2987 1010 3331 1066 accusatione
3366 1018 3421 1065 et
3448 1009 3801 1065 damnatione

2204 1107 2623 1177 dignissimum;
2666 1107 2760 1177 qui
2804 1122 2931 1178 ergo
2960 1115 3074 1160 tam
3110 1121 3273 1177 grave
3312 1104 3619 1171 admiserit,
3644 1104 3799 1175 juxta

2204 1200 2564 1271 Apostolum,
2618 1207 2935 1272 peccatum,
2984 1215 3203 1255 sacrum
3252 1198 3501 1258 ordinem
3553 1198 3800 1254 obtinere

2198 1302 2310 1351 non
2336 1294 2551 1351 debeat.

2273 1392 2424 1445 XVI.
2458 1392 2535 1446 Ut
2560 1398 2744 1445 autem
2772 1388 2892 1445 hinc
2916 1388 3215 1460 apostolica
3240 1385 3509 1444 institutio
3536 1386 3605 1444 de
3632 1386 3802 1444 sacris

2205 1483 2484 1540 ordinibus
2505 1484 2664 1543 nobis
2693 1482 2997 1541 evidentior
3024 1484 3138 1550 ﬁat,
3177 1483 3319 1538 beati
3361 1480 3675 1554 Hieronymi
3705 1497 3801 1537 ex-

2206 1565 2532 1649 position'em
2567 1594 2733 1649 super
2776 1578 3031 1633 eamdem
3060 1577 3403 1633 considerare
3448 1592 3559 1631 non
3592 1577 3797 1646 pigeat,

2208 1674 2299 1744 qui
2333 1689 2453 1729 eam
2496 1673 2552 1728 in
2599 1674 2735 1729 libro
2781 1682 2975 1729 contra
3017 1671 3371 1728 Iovinianum
3411 1670 3483 1725 ita
3521 1670 3797 1725 dilucidat.

2208 1766 2313 1822 Sed
2353 1777 2409 1823 et
2451 1766 2566 1838 ipsa
2619 1767 2940 1839 episcopalis
2983 1766 3174 1822 electio
3218 1781 3433 1821 mecum
3479 1764 3642 1831 facit;
3695 1779 3806 1822 non

2207 1862 2351 1917 enim
2397 1862 2593 1918 dicitur
2635 1880 2651 1918 :
2708 1862 2949 1933 Eligatur
2988 1861 3274 1932 episcopus
3310 1859 3404 1931 qui
3443 1874 3611 1914 unam
3654 1857 3807 1913 ducit

2209 1972 2458 2023 uxorem,
2489 1965 2544 2012 et
2574 1955 2715 2011 ﬁlios
2736 1954 2922 2022 faciat,
2953 1953 3051 2010 sed
3075 1953 3167 2025 qui
3191 1968 3357 2011 unam
3386 1952 3631 2008 habuerit
3658 1967 3804 2007 uxo-

2208 2066 2323 2105 rem
2354 2059 2407 2105 et
2443 2050 2582 2105 ﬁlios
2610 2050 2663 2105 in
2694 2050 2844 2105 omni
2876 2048 3124 2105 subditos
3151 2047 3452 2118 disciplina.
3485 2048 3646 2102 Certe
3668 2062 3806 2101 con-

2210 2144 2373 2199 fiteris
2401 2159 2514 2199 non
2545 2159 2704 2215 posse
2742 2158 2861 2199 esse
2898 2142 3219 2215 episcopum
3251 2141 3341 2212 qui
3390 2141 3443 2196 in
3486 2140 3807 2212 episcopatu

2209 2238 2349 2294 ﬁlios
2394 2235 2574 2294 faciat.
2628 2237 2892 2310 Alioquin
2941 2236 2985 2293 si
3033 2235 3408 2308 deprehensus
3448 2232 3645 2301 fuerit,
3698 2249 3809 2288 non

2209 2332 2365 2403 quasi
2414 2332 2499 2385 vir
2542 2331 2835 2398 tenebitur,
2884 2330 2981 2386 sed
3033 2330 3190 2402 quasi
3247 2328 3459 2385 adulter
3517 2328 3808 2385 damnabi-

2207 2432 2327 2492 tur;
2360 2434 2455 2481 aut
2491 2426 2746 2496 permitte
2787 2424 3164 2480 sacerdotibus
3192 2420 3441 2483 exercere
3488 2438 3653 2493 opera
3703 2438 3810 2477 nu-

2208 2520 2465 2591 ptiarum,
2508 2527 2568 2575 ut
2609 2519 2754 2579 idem
2788 2519 2897 2574 sint
2926 2518 3165 2591 virgines
3207 2517 3351 2589 quod
3397 2516 3599 2581 mariti,
3631 2524 3731 2570 aut
3760 2515 3808 2570 si

2207 2612 2587 2670 sacerdotibus
2628 2628 2827 2669 uxores
2855 2628 2968 2667 non
3008 2611 3135 2666 licet
3158 2619 3404 2682 tangere,
3436 2609 3490 2664 in
3517 2625 3581 2663 eo
3622 2609 3806 2664 sancti

2208 2715 2335 2761 sunt
2376 2706 2504 2778 quia
2554 2706 2844 2762 imitantur
2883 2704 3203 2777 pudicitiam
3244 2703 3569 2775 virginalem.
3600 2701 3708 2758 Sed
3750 2710 3809 2757 et

2209 2800 2317 2857 hoc
2341 2799 2691 2856 inferendum
2727 2818 2741 2855 :
2765 2800 2819 2855 Si
2848 2799 3014 2855 laicus
3037 2807 3090 2855 et
3113 2798 3419 2870 quicunque
3447 2796 3622 2853 ﬁdelis
3647 2811 3809 2851 orare

2209 2910 2317 2949 non
2368 2903 2548 2966 potest
2574 2894 2680 2950 nisi
2726 2902 2878 2950 vacet
2919 2896 3144 2961 [careat]
3173 2892 3245 2948 ab
3289 2891 3471 2948 ofﬁcio
3508 2890 3803 2961 eonjugali,

2211 2988 2499 3058 sacerdoti,
2544 2989 2629 3045 cui
2662 3003 2882 3059 semper
2922 3003 3018 3059 pro
3057 2987 3261 3058 populo
3295 2984 3577 3041 offerenda
3606 2984 3808 3039 sacriflo

2207 3084 2315 3151 cia,
2344 3098 2558 3155 semper
2579 3090 2661 3138 est
2696 3082 2971 3138 orandum
3002 3101 3016 3139 τ
3059 3081 3105 3136 si
3143 3096 3359 3153 semper
3400 3078 3672 3134 orandum
3702 3086 3804 3143 cst,

2208 3194 2337 3247 ergo
2364 3192 2580 3247 semper
2615 3176 2913 3232 carendum
2951 3174 3324 3231 matrimonio.
3355 3176 3493 3229 Nam
3524 3181 3580 3228 et
3620 3171 3678 3227 in
3712 3187 3810 3227 ve-

2209 3271 2308 3326 teri
2343 3271 2480 3343 lege,
2510 3270 2604 3343 qui
2629 3286 2728 3342 pro
2762 3271 2962 3343 populo
2983 3269 3190 3325 hostias
3215 3266 3541 3335 offerebant,
3568 3282 3683 3321 non
3715 3281 3807 3321 so-

2210 3366 2322 3420 lum
2362 3365 2419 3419 in
2448 3363 2701 3420 domibus
2737 3364 2847 3420 suis
2888 3380 2999 3419 non
3023 3372 3199 3429 erant,
3227 3364 3320 3418 sed
3354 3362 3520 3417 etiam
3547 3359 3808 3432 puriﬁca-

2209 3459 2408 3514 bantur
2426 3462 2445 3527 [
2456 3458 2522 3514 ad
2544 3456 2780 3529 tempus]
2805 3458 2873 3513 ab
2898 3458 3165 3513 uxoribus
3192 3455 3424 3528 separati
3440 3464 3504 3510 et
3530 3454 3723 3509 vinum
3753 3462 3811 3509 et

2208 3554 2441 3609 siceram
2456 3569 2570 3608 non
2593 3552 2849 3609 bibebant
2869 3555 3060 3618 (Leuit.
3084 3556 3160 3619 Χ),
3181 3567 3305 3623 qua:
3324 3550 3501 3605 solent
3520 3548 3808 3604 libidinem

2208 3663 2521 3719 provocare.
2548 3648 2835 3719 Eliguntur
2858 3645 3039 3701 mariti
3062 3646 3120 3701 in
3144 3644 3512 3701 sacerdotium
3537 3662 3550 3697 :
3571 3657 3687 3698 non
3713 3657 3811 3698 ne-

2209 3758 2300 3813 go,
2325 3742 2449 3812 quia
2478 3757 2591 3796 non
2621 3748 2747 3796 sunt
2778 3740 2919 3795 tanti
2961 3737 3197 3811 virgines
3230 3738 3417 3810 quanti
3456 3745 3588 3792 sunt
3616 3752 3813 3791 neces-

2208 3835 2330 3889 sarii
2358 3834 2690 3890 sacerdotes.
2733 3834 2991 3905 Nunquid
3018 3834 3143 3905 quia
3185 3833 3243 3887 in
3280 3830 3524 3887 exercitu
3566 3829 3810 3885 fortissi-

2211 3943 2332 3984 mus
2357 3928 2582 3999 quisque
2600 3928 2886 3999 eligendus
2906 3936 3007 3994 est,
3026 3927 3227 3983 idcirco
3250 3942 3365 3981 non
3387 3933 3740 3980 assumentur
3754 3931 3813 3979 et

2208 4021 2559 4088 inﬁrmiores,
2590 4038 2717 4077 cum
2741 4037 2935 4077 omnes
2963 4021 3133 4076 fortes
3161 4036 3281 4075 esse
3317 4035 3427 4074 non
3461 4020 3733 4089 possunt?
3758 4015 3808 4071 si

2210 4117 2481 4172 exercitus
2531 4117 2735 4173 viribus
2778 4125 2993 4172 tantum
3026 4122 3325 4181 constaret,
3373 4122 3430 4169 et
3479 4127 3587 4168 non
3635 4109 3806 4165 etiam

2207 4226 2438 4266 numero
2460 4210 2714 4277 militum,
2741 4210 3105 4281 adjicerentur
3123 4207 3508 4264 imbecilliores
3534 4226 3547 4260 :
3574 4219 3724 4261 nunc
3754 4210 3814 4259 et

2209 4304 2574 4360 secundarum
2604 4313 2659 4359 et
2693 4304 2977 4360 tertiamm
3008 4304 3213 4359 virium
3242 4300 3443 4374 gradus
3482 4298 3811 4366 assumitur,

2211 4406 2271 4452 ut
2314 4398 2475 4453 turba
2514 4406 2568 4453 et
2594 4413 2826 4453 numero
2856 4397 3125 4453 exercitus
3151 4396 3513 4467 compleatur.
3560 4395 3629 4447 Et
3671 4407 3814 4464 quo-

508 4491 621 4547 sive
670 4489 921 4558 Ebionis,
963 4488 1246 4547 Judaicam
1290 4485 1741 4545 incontinentiam
1777 4484 2102 4540 Christianis
2131 4493 2183 4556 D
2216 4491 2400 4557 modo,
2441 4490 2680 4563 inquies,
2710 4490 3020 4563 frequenter
3064 4491 3121 4545 in
3161 4489 3504 4546 ordinatione
3547 4486 3810 4542 sacerdo-

508 4584 878 4642 sacerdotibus
920 4583 1085 4639 licere
1123 4580 1515 4652 dogmatizant.
1555 4578 1700 4646 Quid
1738 4593 1869 4649 ergo
1898 4579 2100 4635 mirum

507 4677 550 4732 si
579 4678 745 4733 etiam
787 4684 974 4731 noster
1005 4674 1335 4746 apostolicus
1370 4671 1688 4741 huiusmodi
1730 4672 2104 4729 inobedientes

508 4787 539 4827 a
582 4786 737 4827 sacro
777 4768 960 4825 ofﬁcio
988 4767 1238 4833 dimovit,
1285 4783 1426 4839 quos
1462 4775 1519 4822 et
1546 4768 1840 4838 Apostolus
1867 4766 2003 4822 dure
2034 4765 2107 4821 in-

508 4864 744 4934 crepari,
782 4878 894 4919 non
919 4861 1087 4917 sacris
1115 4861 1405 4917 ordinibus
1429 4862 1798 4929 annumerari,
1828 4862 2103 4918 decrevit?

511 4958 749 5015 Videsne
792 4971 923 5027 ergo
966 4971 1132 5027 quam
1174 4956 1553 5012 inevitabiliter
1603 4958 1717 5012 sint
1767 4956 2105 5012 observanda

510 5050 683 5107 nostri
729 5049 976 5122 Gregorii
1021 5057 1245 5115 statuta,
1287 5064 1411 5121 quae
1458 5066 1487 5104 a
1535 5050 1904 5107 saeratissimo
1954 5048 2106 5104 fonte

509 5144 915 5217 Scripturarum
962 5144 1210 5201 videmus
1253 5143 1532 5201 derivata?
1567 5142 1866 5198 Sciendum
1915 5152 2107 5199 autem

513 5240 844 5311 Apostolum
890 5240 1232 5295 constituisse
1274 5247 1335 5293 ut
1379 5236 1665 5292 ordinandi
1719 5237 1831 5291 sive
1875 5236 2109 5299 ordinati

511 5332 627 5390 sine
641 5334 878 5393 crimine
899 5342 1099 5399 essent,
1122 5348 1232 5386 non
1251 5330 1371 5385 sine
1396 5338 1643 5399 peccato.
1666 5332 1804 5385 Nam
1825 5330 1879 5385 in
1894 5331 2106 5388 mundo

508 5428 714 5495 nullus,
752 5427 912 5499 juxta
941 5424 1328 5496 Augustinum,
1377 5423 1620 5495 exceptis
1648 5424 1883 5494 parvulis
1922 5424 2108 5496 bapti-

509 5520 669 5583 zatis,
711 5521 829 5575 sine
870 5527 1089 5589 peccato
1118 5524 1485 5583 conversatur,
1518 5525 1809 5573 attestante
1859 5520 1977 5591 ipso
2014 5519 2107 5574 ἀίε-

507 5612 801 5671 lectissime
842 5610 1066 5667 Domini
1106 5613 1319 5667 Joanne
1371 5628 1384 5666 :
1435 5614 1499 5669 Si
1543 5613 1862 5677 desierimus,
1904 5614 2104 5685 inquit,

507 5710 635 5778 quia
653 5710 930 5779 peceatum
963 5721 1074 5761 non
1108 5705 1380 5773 habemus,
1414 5708 1521 5777 ipsi
1560 5722 1656 5763 nos
1700 5709 2020 5774 seducimus,
2055 5712 2109 5763 et

507 5805 706 5860 ueritas
734 5803 793 5857 in
832 5801 985 5858 nobis
1020 5816 1125 5857 non
1169 5804 1322 5871 astu
1346 5804 1497 5857 Joon.
1552 5807 1705 5871 rm).
1747 5804 1889 5859 Item
1936 5801 2105 5860 frater

2209 4586 2305 4640 tali
2355 4584 2611 4640 sacerdos
2650 4586 2803 4658 virgo
2852 4584 3172 4657 negligitur,
3217 4593 3273 4640 et
3298 4582 3530 4638 maritus
3577 4579 3816 4635 assumi-

2211 4682 2350 4734 tur?
2376 4679 2513 4747 Quia
2541 4678 2687 4735 forte
2704 4687 2759 4734 et
2786 4688 2979 4735 caetera
3003 4694 3167 4749 opera
3191 4675 3483 4749 virginitati
3506 4689 3616 4729 non
3644 4673 3816 4729 habet

2210 4774 2586 4844 congruentia,
2618 4782 2711 4829 aut
2737 4774 2889 4844 virgo
2921 4781 3168 4844 putatur,
3207 4780 3264 4827 et
3303 4787 3415 4826 non
3460 4777 3562 4834 est,
3592 4775 3689 4821 aut
3726 4772 3816 4822 est

2214 4866 2539 4939 virginitatis
2583 4867 2906 4939 [virginitas]
2942 4865 3183 4934 infamis,
3224 4871 3319 4919 aut
3358 4872 3505 4919 certe
3545 4862 3663 4932 ipsa
3704 4861 3815 4916 vir-

2214 4960 2408 5035 ginitas
2436 4960 2579 5034 parit
2606 4961 2653 5016 ei
2682 4960 3017 5032 superbiam,
3050 4968 3104 5015 et
3131 4959 3267 5015 dum
3300 4958 3402 5013 sibi
3434 4953 3717 5029 applaudit
3741 4954 3813 5011 de

2213 5056 2329 5112 sola
2368 5056 2616 5126 corporis
2664 5057 2942 5121 castitate,
2992 5054 3222 5110 virtutes
3263 5061 3497 5109 caeteras
3536 5048 3808 5121 negiigit:

2212 5166 2324 5205 non
2361 5148 2513 5205 fovet
2539 5163 2822 5222 pauperes,
2854 5155 2948 5203 aut
2972 5149 3217 5221 pecuniae
3254 5146 3506 5218 cupidior
3533 5153 3634 5200 est.
3667 5145 3810 5199 Eva.

2215 5244 2297 5299 nit
2335 5242 2613 5300 interdum
2656 5250 2715 5297 ut
2743 5242 2954 5297 tristior
2993 5242 3194 5305 vultus,-
3223 5240 3522 5296 adductum
3559 5238 3815 5309 superci-

2214 5338 2369 5405 lium,
2407 5338 2649 5392 incessus
2696 5351 3018 5407 pomparum
3069 5334 3288 5391 ferculis
3335 5333 3579 5402 [similis]
3626 5329 3809 5387 offen-

2212 5429 2307 5485 dat
2334 5429 2619 5502 populum,
2651 5437 2707 5484 et
2748 5430 2837 5501 qui
2881 5429 3016 5483 nihil
3048 5429 3214 5485 habet
3240 5427 3389 5501 quod
3438 5423 3811 5497 reprehendat

2212 5523 2267 5578 in
2317 5524 2423 5578 vita
2460 5523 2703 5578 habitum
2744 5523 2925 5579 solum
2974 5523 3153 5579 oderit
3192 5532 3247 5579 et
3293 5523 3587 5577 incessum.
3642 5518 3811 5575 Multi

2212 5618 2485 5689 eliguntur
2512 5633 2620 5672 non
2650 5633 2838 5673 amore
2874 5618 2976 5686 sui,
3007 5617 3104 5673 sed
3146 5617 3368 5673 alterius
3411 5615 3557 5671 odio.
3593 5616 3657 5669 ln
3687 5613 3811 5684 ple-

2210 5711 2390 5783 risque
2417 5709 2743 5783 suffragium
2769 5721 3013 5769 meretur
3047 5713 3163 5769 sola
3198 5710 3540 5784 simplicitas,
3578 5716 3634 5765 et
3665 5710 3815 5765 alte-

2210 5805 2325 5862 rius
2362 5807 2668 5878 prudcntis
2699 5813 2758 5867 et
2795 5805 3077 5863 calliditati
3116 5806 3274 5879 quasi
3314 5804 3523 5861 malitia
3572 5801 3824 5874 opponi-
