4048 6174
238 251 339 304 773

232 467 292 523 in
351 464 729 526 sacerdOtibus
784 462 1213 534 cornprobandis
1275 463 1655 534 unusquisque
1719 463 1834 524 suis

234 561 490 622 moribus
526 559 688 628 favet,
737 567 798 615 ut
818 575 934 620 non
958 567 1076 618 tam
1114 559 1322 618 bonum
1353 573 1521 629 quam
1547 558 1633 618 sui
1672 558 1838 619 simi—

233 654 348 709 lem
393 662 602 724 quaerat
645 652 1024 724 praepositum.
1068 653 1263 708 Evenit
1294 651 1580 723 aliquoties
1611 660 1672 707 ut
1722 668 1838 707 ma-

230 750 354 815 riti,
397 764 522 824 qua
551 763 676 820 pars
716 747 895 819 major
935 756 1020 806 est
1061 748 1120 806 in
1164 747 1402 820 populo,
1432 747 1642 806 maritis
1683 746 1837 817 quasi

233 842 340 902 sibi
367 842 724 921 epplaudant,
751 851 809 900 et
837 844 893 902 in
922 857 990 902 eo
1013 858 1072 902 se
1094 857 1215 900 esse
1245 841 1584 904 arbitrentur
1602 856 1716 898 non
1737 841 1840 898 viro

233 937 408 1009 gines,
443 936 489 992 si
517 936 700 996 mariti
737 936 934 1008 virgini
963 944 1372 1008 praponantur.
1415 934 1612 996 Dicam
1635 933 1839 1005 aliquid

232 1030 387 1103 quod
439 1029 621 1088 forsan
681 1046 812 1090 cum
863 1029 1166 1092 offensione
1229 1030 1541 1092 multorum
1593 1028 1841 1088 dicturus

235 1142 384 1193 sum,
415 1125 514 1182 sed
549 1125 678 1184 boni
709 1141 824 1184 non
847 1124 986 1184 mihi
1018 1124 1348 1192 irascentur,
1373 1124 1502 1195 quia
1530 1139 1624 1180 eos
1657 1139 1837 1194 pecca-

237 1220 279 1275 ti
320 1218 659 1278 conscientia
694 1234 809 1277 non
837 1217 1140 1278 remordet.
1175 1217 1463 1282 Interdum
1490 1216 1597 1280 hoc
1625 1225 1683 1276 et
1707 1232 1843 1286 pon-

239 1313 452 1372 tiﬁcum
491 1312 620 1372 vitio
639 1311 837 1374 accidit
872 1313 999 1385 quia
1028 1328 1140 1372 non
1165 1313 1458 1378 meliores,
1481 1312 1574 1372 sed
1600 1311 1839 1384 argutio-

237 1424 326 1466 res
354 1408 416 1466 in
456 1407 666 1464 clerum
692 1408 926 1477 eligunt,
972 1415 1029 1464 et
1064 1407 1347 1477 simplices
1393 1421 1643 1478 quosque
1679 1414 1841 1477 atque

241 1503 562 1560 innocentes
599 1500 862 1562 inhabiles
900 1509 1113 1573 putant.
1168 1503 1239 1556 Et
1275 1499 1538 1558 afﬁnibus
1560 1509 1617 1556 et
1643 1515 1840 1572 cogna-

243 1595 312 1653 tis
338 1595 496 1667 quasi
522 1603 754 1654 terrenm
791 1594 1004 1654 militia
1027 1593 1206 1656 ofﬁcia
1243 1593 1586 1666 largiuntur;
1626 1594 1737 1652 sive
1763 1594 1842 1656 di-

238 1690 412 1752 vitum
462 1689 725 1750 obediunt
745 1689 1012 1761 iussioni;
1060 1688 1320 1760 quodque
1361 1687 1448 1748 his
1491 1688 1663 1760 pejus.
1696 1687 1836 1760 [illis]

237 1879 473 1939 deliniti.
505 1880 728 1952 Alioqui
760 1880 808 1938 si
841 1881 1000 1953 juxta
1041 1881 1376 1938 sententiam
1421 1877 1692 1950 Apostoli,
1725 1894 1836 1938 non

240 1983 406 2032 erum
438 1975 702 2046 episcopi,
744 1974 848 2033 nisi
887 1973 1092 2040 mariti,
1137 1973 1252 2044 ipse
1293 1973 1590 2044 Apostolus
1626 1972 1837 2042 episco-

238 2084 341 2140 pus
368 2084 491 2126 esse
524 2084 638 2127 non
665 2068 848 2137 debet,
885 2076 948 2123 ut
975 2068 1069 2140 qui
1108 2066 1271 2124 docet
1309 2065 1426 2139 [qui
1463 2065 1622 2137 dixit]
1659 2084 1672 2122 :
1709 2067 1838 2122 Volo

239 2168 420 2220 mussi
449 2177 624 2221 omnes
647 2179 758 2219 esse
783 2164 923 2222 sint:
951 2178 1044 2230 ego
1074 2178 1194 2224 sum
1222 2165 1268 2226 (1
1297 2163 1415 2218 Ger.
1455 2161 1592 2232 vn).
1637 2163 1706 2220 Et
1745 2163 1839 2220 Jo-

235 2272 408 2314 annes
450 2256 708 2328 indiguus
749 2255 857 2314 hoc
901 2255 1076 2327 gradu
1123 2255 1504 2324 aestimabitur,
1545 2264 1601 2314 et
1643 2269 1840 2318 omnes

237 2351 480 2424 virgines
519 2349 618 2422 [et]
667 2351 1046 2418 continentes,
1081 2349 1292 2422 quibus
1337 2348 1494 2420 quasi
1539 2347 1838 2420 pulcherri-

237 2445 344 2502 mis
374 2444 608 2516 gemmis
633 2443 891 2503 Eedesia:
919 2443 1130 2504 monile
1153 2443 1468 2504 decoratur.
1513 2441 1837 2513 Episcopus,

236 2540 545 2611 presbyter,
591 2537 878 2604 diaconus,
912 2554 1025 2596 non
1065 2544 1194 2596 sunt
1221 2537 1547 2596 meritorum
1588 2537 1838 2603 nomine,

237 2634 336 2689 sed
367 2631 638 2700 ofﬁcium,
666 2648 772 2689 nec
799 2632 999 2690 dicitur
1040 2649 1055 2688 :
1101 2633 1166 2690 ,εἰ
1200 2635 1322 2702 quis
1362 2635 1722 2702 episcopatum
1750 2633 1843 2690 dce

237 2727 470 2794 ddunt,
515 2727 727 2783 bonum
771 2725 1038 2784 honorem
1081 2724 1358 2798 [gradum]
1401 2725 1703 2793 desiderat,
1744 2725 1842 2786 sed

241 2820 434 2876 bonum
469 2835 603 2889 opus
637 2820 908 2876 desiderat
949 2818 1001 2890 (Ι
1040 2822 1175 2878 Tim.
1207 2819 1326 2890 ιιι),
1355 2818 1510 2891 quod
1557 2819 1616 2879 in
1645 2818 1843 2890 majori

235 2913 436 2982 ordine
463 2913 800 2971 constitutus
826 2913 1020 2984 possit.
1047 2914 1097 2971 si
1136 2912 1283 2978 velit,
1306 2913 1653 2973 occasionem
1678 2927 1840 2974 exer-

235 3007 545 3064 cendarum
579 3007 780 3064 habere
817 3009 1103 3066 virtutum.
1139 3009 1360 3077 Oportet
1397 3023 1520 3076 ergo
1545 3009 1841 3077 episcopum

233 3103 760 3171 inreprehensibilem
785 3117 913 3165 esse,
942 3109 1005 3158 ut
1031 3100 1170 3159 nulli
1201 3101 1338 3160 vitio
1367 3100 1718 3171 mancipatus
1736 3099 1840 3167 sit;

1481 244 1842 308 CONCILIUM
1879 246 2211 309 ROMANI}!
2249 249 2269 303 Ι
2278 287 2292 304 .

236 383 344 431 tur.
381 375 793 444 Nonnunquam
823 377 943 430 erat
972 369 1115 443 vulgi
1148 369 1414 442 pebisque
1435 370 1734 442 judicium,
1777 380 1832 428 et
1859 379 1912 444 Α
1940 372 2108 444 scopi,
2150 370 2471 444 presbyteri,
2513 378 2610 430 aut
2654 370 2872 436 diaconi
2903 381 3050 437 sunt.
3105 372 3200 432 sed
3228 375 3276 437 si
3305 375 3534 438 virtutes
3642 369 3644 379 ’

1942 467 2230 528 habuerint
2255 467 2546 530 nominum
2574 473 2801 532 suorum
2831 476 2888 524 et
2917 467 3250 532 ciliciorum.
3280 469 3536 542 Alioquin

1941 560 1986 616 si
2035 558 2298 618 diaconus
2327 561 2584 632 episcopo
2605 576 2706 620 suo
2750 561 2991 620 sanctior
3027 559 3210 628 fuerit,
3242 579 3377 626 num
3419 579 3534 624 non

1941 669 2008 710 ex
2039 669 2104 710 eo
2138 652 2286 724 quod
2327 652 2382 708 in
2414 653 2659 714 inferiori
2703 654 2875 726 gradu
2919 663 3023 720 est,
3069 655 3212 729 apud
3248 657 3533 720 Christum

1942 745 2182 806 deterior
2204 745 2344 804 erit?
2371 746 2534 806 Absit
2560 756 2622 804 ut
2645 748 2950 820 Stephanus
2985 747 3281 822 diaconus,
3307 749 3403 820 qui
3428 749 3535 824 pri-

1942 857 2070 898 mus
2109 842 2376 913 martyrio
2425 851 2509 900 est
2539 853 2866 910 coronatus,
2898 845 3082 904 minor
3135 845 3359 906 futurus
3381 846 3456 904 sit
3483 846 3538 904 iu

1942 952 2113 1008 regno
2161 936 2432 1000 caelorum
2476 937 2668 998 turritis
2711 937 3004 1010 episcopis,
3047 947 3104 996 et
3151 939 3444 1003 Timotheo
3486 946 3541 996 et

1942 1032 2091 1098 Tito,
2135 1047 2278 1104 quos
2317 1041 2378 1090 ut
2423 1032 2695 1104 subjicere
2737 1048 2850 1090 non
2891 1033 3089 1102 audeo,
3139 1035 3214 1096 ita
3253 1051 3354 1094 nec
3383 1043 3539 1094 ante-

1945 1141 2168 1196 ponere.

2016 1223 2311 1291 ﬂuensque
2353 1228 2574 1277 sanctus
2623 1220 3030 1292 Hieronymus,
3065 1221 3161 1290 qui
3200 1229 3420 1291 quanta:
3449 1238 3541 1288 auo

1944 1315 2213 1375 ctoritatis
2261 1313 2442 1380 fuerit,
2491 1315 2660 1376 etiam
2689 1312 2838 1385 apud
2863 1314 3173 1386 episcopos,
3227 1315 3544 1388 apostolicae

1945 1407 2090 1466 sedis
2137 1408 2353 1482 decreta
2401 1408 2542 1464 beati
2599 1407 2799 1465 Gelasii
2852 1422 3010 1480 papae
3054 1407 3186 1466 satis
3237 1405 3540 1479 insinuant,

1946 1518 2069 1575 quae
2095 1503 2242 1562 inter
2277 1501 2618 1564 authenticos
2646 1511 2703 1559 et
2740 1501 3033 1562 canonicas
3062 1501 3376 1562 sanctiones
3403 1518 3545 1573 cpu-

1944 1599 2313 1670 scularipsius
2367 1598 2679 1669 recipienda
2726 1614 2844 1656 esse
2884 1597 3189 1663 decernunt
3233 1617 3248 1652 :
3295 1597 3441 1658 sicut
3489 1605 3547 1658 et

238 1690 412 1752 vitum
462 1689 725 1750 obediunt
745 1689 1012 1761 jussioni;
1060 1689 1320 1760 quodque
1361 1689 1448 1748 his
1491 1689 1663 1760 pejus,
1696 1689 1836 1760 [illis]
1905 1689 1908 1692 ’
1944 1693 2115 1752 sancti
2156 1693 2432 1765 Cypriani,
2461 1693 2756 1758 Ambrosii,
2799 1693 3091 1764 Augustini
3120 1694 3403 1764 opuscula,
3433 1691 3545 1750 sive

237 1785 525 1845 clericum
567 1785 777 1848 donant
817 1786 1068 1848 Erotium.
1121 1801 1358 1848 quorum
1389 1785 1670 1848 obsequiis
1726 1783 1838 1844 sint
1864 1757 1910 1818 Β
1947 1795 2211 1846 tractatus
2263 1788 2600 1848 reliquorum
2652 1796 2971 1846 sanctorum
3017 1791 3275 1848 Patrum.
3316 1787 3408 1848 qui
3448 1803 3545 1846 nec

286 1794 525 1845 (tricenis
567 1794 777 1848 donant
817 1794 1068 1858 gradum,
1121 1801 1358 1857 quorum
1389 1794 1670 1856 obsequiis
1726 1800 1814 1844 sui

1947 1795 2211 1846 tractatus
2263 1788 2600 1858 reliquorum
2652 1796 2971 1846 sanctorum
3017 1791 3275 1855 Patrum,
3316 1787 3408 1859 qui
3448 1803 3547 1846 nec

1946 1882 2003 1938 in
2026 1881 2136 1940 ﬁde
2164 1897 2267 1939 nec
2292 1881 2346 1935 in
2376 1881 2765 1954 praedicatione
2799 1897 2830 1940 ε
2863 1890 3049 1939 sancta
3077 1884 3324 1944 Romana
3353 1881 3544 1938 Eccleo

1946 1975 2024 2034 sia
2064 1975 2368 2044 deviarunt,
2414 1975 2517 2032 sed
2547 1976 2605 2036 in
2651 1975 2770 2047 ejus
2821 1976 3326 2038 communicatione
3370 1989 3544 2047 usque

1947 2068 2020 2125 ad
2047 2069 2218 2130 tinem
2249 2070 2371 2128 vitae
2407 2069 2794 2140 perdurarunt.
2831 2071 3116 2130 Intactum
3146 2085 3385 2142 namque
3419 2069 3544 2126 bea~

1946 2171 2038 2219 tus
2091 2162 2343 2222 Gelasius
2403 2163 2461 2224 in
2511 2162 2794 2234 praedictis
2866 2161 3104 2244 decretis
3159 2162 3544 2224 auctoritatem

1948 2257 2123 2318 sancti
2156 2256 2478 2328 Hieronymi
2519 2256 2678 2314 nobis
2717 2255 3077 2318 commendat
3115 2265 3178 2314 ut
3221 2264 3279 2314 et
3306 2256 3543 2320 aliorum

1947 2351 2228 2423 opuscula,
2271 2353 2429 2421 juxta
2479 2351 2602 2421 ejus
2649 2349 2944 2422 judicium.
2985 2349 3244 2421 rapienda
3301 2349 3382 2406 vel
3443 2366 3535 2410 re-

1949 2444 2194 2516 spuenda
2222 2461 2343 2503 esse
2377 2443 2582 2506 ibidem
2609 2443 2888 2503 decernat.
2921 2444 3246 2515 Quicunque
3277 2459 3409 2516 ergo
3445 2443 3544 2508 de.

1949 2537 2129 2598 bitam
2167 2538 2546 2600 obedientiam
2585 2537 2904 2608 apostolica)
2933 2535 3050 2596 sedi
3081 2535 3402 2609 impendere
3450 2551 3542 2594 vo-

1951 2631 2140 2698 luerit,
2189 2631 2505 2690 nullatenus
2564 2630 2884 2702 hujusmodi
2944 2639 3260 2688 sanctorum
3319 2633 3546 2694 Patrum

1949 2725 2314 2797 singularibus
2353 2724 2645 2781 sententiis
2673 2723 3020 2796 repugnabit.
3066 2727 3365 2796 ﬂuensque
3393 2722 3547 2784 sufﬁ-

1950 2818 2061 2875 ciat
2097 2818 2296 2875 dixisse
2349 2817 2486 2888 quid
2525 2817 2828 2888 Apostolus
2867 2818 3047 2888 exigat
3084 2834 3117 2872 a
3147 2816 3545 2884 sacerdotibus,

1949 2912 2099 2985 quod
2150 2913 2466 2985 quicunque
2509 2911 2746 2972 ﬁdeliter
2800 2909 3156 2983 perspexerit,
3203 2926 3545 2984 nequaquam

1953 3014 2160 3064 statuta
2197 3007 2373 3066 nostri
2401 3006 2686 3078 apostolici
2730 3003 3075 3064 obliteranda
3104 3005 3392 3076 judicabit,
3423 3021 3547 3077 qua:

1954 3115 2057 3158 nec
2113 3101 2309 3172 aliquis
2356 3109 2708 3163 contemnere
2759 3099 2980 3171 poterit.
3035 3098 3144 3158 nisi
3201 3106 3257 3156 et
3301 3098 3548 3173 ipsorum

237 3200 408 3254 mare
457 3191 652 3252 me
701 3198 909 3258 cirum,
939 3196 1037 3268 qui
1083 3211 1255 3254 unam
1281 3211 1521 3254 uxorem
1567 3193 1840 3260 habuerit,
1884 3191 1927 3218 ν
1955 3195 2333 3268 apostolorum
2363 3194 2654 3254 sententiis
2680 3207 2984 3264 repugnare
3023 3191 3170 3260 velit,
3210 3191 3408 3264 quibus
3436 3193 3549 3265 ipsa

238 3306 358 3346 non
391 3289 635 3360 habeat;
663 3290 922 3356 sobrium,
961 3289 1095 3354 sive,
1134 3298 1198 3347 ut
1220 3289 1422 3354 melius
1448 3288 1503 3346 in
1531 3289 1726 3348 Graeco
1751 3288 1840 3348 di-

237 3385 413 3450 ciunt,
440 3386 780 3453 vigilantem,
823 3383 1097 3453 νηφάλιων,
1127 3385 1407 3454 pudicum,
1451 3383 1554 3441 hoc
1590 3382 1736 3440 enim
1770 3381 1842 3440 εί·-

239 3479 478 3552 gniﬁcat
523 3479 728 3550 σώφρων
757 3480 1081 3548 [umquam];
1131 3482 1387 3535 crinitum
1413 3485 1472 3532 et
1511 3477 1762 3535 castitate
1789 3484 1843 3532 et

240 3571 522 3637 moribus;
549 3573 887 3642 hospitalem,
905 3580 968 3628 ut
993 3571 1282 3628 imitemur
1299 3569 1600 3637 Abraham.
1633 3579 1691 3627 et
1711 3585 1841 3626 cum

238 3665 578 3738 peregrinis,
623 3666 739 3722 imo
782 3665 843 3721 in
883 3665 1186 3737 peregrinis
1231 3663 1492 3735 suscipiat
1528 3663 1840 3732 Christum;

238 3761 536 3821 doctorem,
579 3758 714 3814 nihil
760 3759 909 3818 enim
955 3758 1176 3829 prodest
1201 3758 1254 3816 ei
1299 3757 1641 3815 conscientia
1671 3758 1842 3816 virtu-

237 3862 373 3908 tum
402 3851 623 3924 perfrui,
660 3852 772 3910 nisi
807 3859 867 3907 et
895 3850 1169 3910 creditum
1213 3850 1322 3909 sibi
1364 3853 1624 3923 populum
1676 3851 1844 3922 possit

240 3947 527 4002 instruere
561 3953 620 4002 et
645 3946 819 4002 valeat
847 3945 1124 4004 exhortari
1162 3945 1221 4001 in
1248 3943 1496 4002 doctrina
1531 3954 1588 4002 et
1628 3961 1724 4002 eos
1750 3945 1844 4016 qui

238 4038 636 4096 contradicunt
663 4037 1018 4113 redarguere;
1056 4055 1164 4094 non
1197 4040 1544 4102 comisatum,
1581 4040 1710 4111 quia
1749 4039 1845 4110 qui

238 4149 470 4206 semper
508 4134 564 4189 in
607 4134 816 4190 sanctis
840 4141 1157 4196 sanctorum
1185 4140 1290 4199 est,
1321 4141 1377 4189 et
1404 4130 1573 4190 offert
1609 4132 1842 4200 hostias,

238 4236 306 4284 et
364 4227 559 4282 vinum
607 4235 664 4283 et
707 4228 942 4284 siceram
982 4243 1098 4284 non
1149 4226 1318 4293 bibit;
1372 4227 1512 4298 [qui]
1561 4225 1638 4282 sic
1694 4225 1847 4284 bibat

242 4323 544 4393 episcopus
583 4327 646 4376 ut
672 4337 745 4376 an
795 4320 991 4378 biberit
1035 4321 1316 4393 ignoretur
1343 4320 1496 4392 [quia
1526 4318 1582 4376 in
1610 4319 1739 4378 vino
1769 4320 1847 4378 lu-

241 4415 408 4476 xuria
435 4413 569 4487 est];
601 4430 711 4470 non
729 4428 1108 4485 percussorem,
1137 4413 1196 4474 id
1223 4421 1324 4482 est,
1363 4413 1458 4485 qui
1485 4414 1848 4472 conscientias

1952 3290 2166 3346 Veritas
2207 3291 2266 3348 in
2306 3290 2598 3362 Evangelia
2645 3289 2967 3352 ﬁdelissime
3007 3288 3277 3360 promittit
3317 3305 3332 3344 :
3376 3290 3548 3346 Amen

1951 3386 2070 3442 dico
2091 3385 2242 3442 vobis
2269 3401 2288 3438 .·
2317 3387 2446 3442 Erit
2472 3387 2752 3442 remissius
2781 3389 2949 3439 terra:
2983 3384 3226 3440 Sodoma:
3257 3387 3314 3440 iu
3343 3383 3434 3440 die
3454 3386 3546 3453 iu-

1951 3480 2082 3534 dicii:
2119 3496 2281 3549 quam
2328 3479 2436 3537 illis
2463 3479 2558 3550 qui
2585 3493 2871 3539 sermones
2915 3485 3126 3536 vestros
3170 3493 3286 3540 non
3328 3493 3546 3548 recepe~

1950 3581 2081 3629 runt
2119 3573 2335 3638 (Matth.
2367 3572 2477 3643 χι).

2022 3668 2192 3721 XVII.
2221 3653 2495 3734 Quartum
2521 3673 2707 3722 autem
2738 3665 2914 3722 nostri
2941 3664 3226 3736 apostolici
3262 3663 3549 3721 decretum

1952 3759 2198 3830 prmeipit
2225 3769 2286 3815 ut
2315 3759 2547 3831 populus
2571 3759 2897 3816 clericorum
2942 3757 3121 3816 officia
3151 3775 3264 3820 non
3297 3759 3545 3829 recipiat,

1953 3869 2093 3925 quos
2120 3853 2285 3910 sacris
2312 3852 2630 3920 canonibus,
2675 3853 2792 3909 imo
2821 3852 3152 3924 evangelicis
3201 3861 3260 3910 et
3293 3853 3553 3922 apostoli-

1953 3947 2028 4002 cis
2069 3946 2534 4010 institutionibus,
2591 3944 2877 4004 adversari
2919 3937 3185 4016 percipiat
3237 3963 3252 3999 :
3305 3945 3553 4002 videlicet

1953 4057 2090 4112 quos
2113 4041 2268 4112 juxta
2306 4056 2600 4097 censuram
2630 4049 2947 4098 sanctorum
2995 4042 3217 4100 Patrum
3247 4038 3549 4100 damnatos

1953 4135 2012 4190 in
2043 4135 2317 4206 propriam
2345 4151 2540 4191 eorum
2591 4134 2888 4205 perniciem
2919 4133 3079 4190 altari
3123 4133 3441 4194 ministrare
3471 4133 3551 4187 vi.-

1955 4213 2098 4284 deat.
2122 4230 2336 4298 Nempe
2365 4227 2774 4287 Antiochenam
2799 4227 3096 4285 conci-lium
3123 4243 3154 4282 a
3183 4225 3552 4288 sacratissimo

1956 4320 2383 4379 Chalcedonensi
2409 4319 2666 4387 concilio,
2711 4327 2772 4378 ut
2811 4320 3190 4389 praediximus,
3236 4318 3551 4384 indubitan-

1958 4422 2040 4471 ter
2079 4415 2421 4483 roboratum,
2476 4409 2658 4472 ofﬁcia
2705 4412 3097 4476 damnatorum
3147 4413 3472 4472 clericorum
3524 4428 3555 4470 ει

238 4509 600 4579 singulorum
625 4524 742 4564 non
771 4509 1066 4579 percutiat;
1097 4523 1278 4580 neque
1305 4509 1457 4568 enim
1493 4507 1730 4582 pugilem
1753 4509 1844 4565 de-
1875 4523 1924 4594 Ι)
1955 4509 2167 4581 populis
2229 4507 2391 4579 recipi
2454 4505 2859 4567 districtissime
2930 4505 3202 4576 prohibet,
3281 4505 3554 4574 intactum

240 4602 443 4658 scribit
474 4617 666 4658 sermo
686 4602 1046 4672 postolieus,
1077 4601 1177 4664 sed
1219 4602 1541 4673 pontiﬁcem
1578 4603 1844 4673 instituit;

243 4695 385 4769 quid
431 4694 615 4752 facere
639 4711 756 4752 non
781 4695 979 4752 debeat
997 4693 1165 4752 docet
1179 4739 1195 4765 ,
1224 4712 1370 4752 nunc
1405 4712 1437 4752 e
1464 4697 1687 4767 regione
1715 4696 1852 4769 quid

240 4789 435 4846 faciat.
470 4789 578 4847 Sed
606 4790 771 4862 quid?
795 4791 1114 4854 modestum,
1143 4806 1250 4845 non
1277 4791 1592 4859 litigiosum,
1620 4807 1728 4846 non
1756 4807 1848 4846 cu-

237 4883 468 4954 pidum,
494 4883 734 4942 domum
756 4899 915 4940 suain
939 4892 1249 4956 regentem,
1272 4885 1407 4954 ﬁlios
1436 4883 1715 4939 habentem
1729 4885 1855 4939 sub.

244 4978 396 5032 dites
421 4993 546 5032 ωσι
577 4980 726 5032 omni
761 4980 1015 5034 castitate
1054 4977 1108 5042 (Ι
1151 4979 1290 5033 Tim.
1333 4981 1451 5039 tu).
1482 4977 1620 5034 Vide
1648 4985 1853 5048 quanta

243 5070 513 5143 pudicitia
541 5072 790 5143 exigatur
815 5072 874 5126 in
909 5071 1185 5143 episcopo,
1220 5077 1280 5126 ut
1302 5070 1351 5127 si
1378 5071 1477 5127 ﬁlii
1501 5070 1621 5141 ejus
1659 5071 1874 5142 impun!

244 5164 362 5221 dici
381 5163 610 5232 tulerint,
635 5165 751 5236 ipse
774 5165 1061 5236 episcopus
1085 5179 1204 5220 esse
1224 5179 1340 5220 non
1362 5163 1555 5234 possit,
1577 5172 1633 5220 et
1658 5165 1850 5221 eodem

243 5257 442 5316 ofﬁcio
459 5256 714 5313 offendat
729 5257 1036 5316 Dominum
1055 5273 1163 5329 quo
1187 5255 1428 5314 offendit
1456 5265 1512 5313 et
1536 5258 1662 5316 Heli
1683 5259 1856 5330 ponti-

245 5349 371 5418 fex;
393 5351 736 5423 corripuerat
754 5351 982 5422 quidem
1005 5351 1168 5416 ﬁlios,
1194 5351 1288 5408 sed
1300 5351 1426 5423 quia
1448 5368 1564 5409 non
1582 5352 1855 5425 abjecerat

245 5441 654 5516 deinquentes,
669 5445 1240 5506 retrorsumeeciditst
1255 5453 1510 5502 mortuus
1518 5455 1622 5515 est,
1637 5447 1854 5504 lucerna

246 5537 362 5594 Dei
380 5547 678 5611 antequam
693 5541 1152 5612 eutingusretur.
1178 5541 1429 5596 Mulieres
1467 5542 1721 5596 siruititer
1749 5558 1855 5612 pu-

250 5632 410 5688 dicas
447 5641 506 5689 et
530 5634 739 5707 reliqua
755 5635 964 5705 (ιδιά).
999 5635 1066 5689 ιι
1093 5633 1250 5690 omni
1267 5633 1442 5707 gradu
1463 5642 1520 5690 et
1543 5650 1677 5691 sexu
1706 5643 1857 5691 tenet

249 5724 530 5801 pudicitia
572 5729 896 5799 primatum.
941 5729 1139 5788 Cernis
1176 5744 1308 5801 ergo
1359 5728 1508 5802 quod
1543 5729 1854 5802 episcopus,

249 5819 568 5892 Mter,
611 5820 882 5880 diaconus
913 5837 1030 5888 non
1067 5821 1194 5880 ideo
1235 5823 1349 5880 sint
1389 5821 1542 5882 beati
1584 5822 1859 5897 quia‘epiv

1957 4603 2165 4660 scilicet
2188 4613 2252 4658 ut
2293 4601 2461 4661 etiam
2515 4600 2584 4660 ab
2613 4600 2836 4660 ecclesia
2881 4598 3214 4672 abjiciendos
3263 4613 3382 4658 esse
3425 4614 3553 4660 ceu,

1957 4707 2075 4753 seat
2095 4697 2190 4769 qui
2215 4696 2322 4752 illis
2345 4694 2556 4752 clericis
2597 4694 2792 4752 saltem
2820 4692 3373 4759 eommunicaverint,
3417 4708 3556 4765 quos

1959 4791 2323 4848 interdictum
2349 4789 2459 4846 sibi
2482 4787 3143 4858 ministerium-usurpare
3171 4787 3550 4859 cognoverint.

1959 4885 2049 4942 Sic
2075 4884 2225 4940 enim
2265 4891 2523 4954 quartum
2551 4881 2800 4954 ejusdem
2825 4881 3042 4940 concilii
3069 4889 3233 4953 caput
3264 4889 3504 4944 testatur
3544 4900 3557 4938 :

1959 4978 2016 5034 Si
2043 4976 2164 5049 quis
2199 4975 2492 5048 episcopus
2520 4992 2550 5032 a
2571 4975 2782 5048 synodo
2803 4974 3124 5042 damnatus,
3153 4974 3239 5032 vel
3269 4975 3556 5047 presbyter

1961 5079 2058 5128 aut
2109 5071 2380 5130 diaconus
2411 5070 2484 5136 ab
2516 5069 2792 5142 episcopo,
2822 5069 2938 5125 ausi
2976 5068 3184 5128 fuerint
3232 5068 3440 5140 aliquid
3486 5068 3555 5128 de

1960 5181 2115 5222 sacro
2165 5163 2474 5222 ministerio
2519 5164 2862 5235 contingere.
2890 5162 3008 5222 sive
3059 5162 3353 5234 episcopus
3391 5156 3558 5234 juxta

1961 5259 2363 5333 praecedentem
2383 5257 2865 5325 consuetudinem,
2889 5257 3004 5314 sive
3025 5255 3307 5334 presbyter
3325 5264 3422 5314 aut
3442 5255 3560 5312 dia-

1961 5369 2154 5418 conus,
2185 5353 2332 5408 nullo
2360 5351 2529 5407 modo
2562 5352 2722 5408 liceat
2755 5352 2804 5406 ei
2834 5358 2890 5406 et
2925 5351 2980 5406 in
3028 5351 3134 5408 alia
3161 5349 3373 5422 synodo
3399 5349 3556 5408 resti-

1959 5446 2192 5505 tutionis
2215 5462 2370 5518 spem
2391 5453 2486 5504 aut
2509 5445 2696 5504 locum
2717 5444 2921 5504 habere
2938 5443 3370 5513 satisfactionis;
3391 5443 3486 5504 sed
3508 5452 3562 5500 et
3652 5458 3655 5460 ·

1960 5540 2440 5598 communicantes
2468 5540 2520 5596 ei
2547 5554 2744 5598 omnes
2769 5538 2931 5610 abjici
2967 5538 3039 5596 de
3072 5537 3327 5602 ecclesia,
3356 5545 3411 5594 et
3438 5553 3559 5596 ma-

1962 5635 2112 5692 xime
2142 5642 2499 5707 posteaquam
2525 5635 2710 5700 Vorte,
2742 5631 2836 5703 qui
2870 5635 3246 5703 posteaquam]
3277 5631 3564 5688 didicerint

1961 5728 2222 5786 adversus
2239 5735 2579 5786 memoratos
2603 5726 2877 5800 prolatam
2904 5723 3076 5783 fuisse
3095 5725 3451 5789 sectandam,
3480 5723 3561 5782 eis

1963 5821 2372 5880 communicare
2396 5819 2749 5882 mutaverint.
2779 5819 2941 5878 Juxta
2970 5818 3135 5890 hujus
3169 5817 3368 5890 capitis
3404 5823 3562 5874 teno-

3429 253 3532 320 775
3635 303 3645 309 .
