4048 6174
568 220 668 278 775
726 268 731 283 ,
1164 228 1167 235 '
1278 217 1333 271 S.
1375 214 1695 271 GREGORII
1734 213 1824 268 νη
1860 211 2005 268 OPP.
2049 209 2223 267 PARS
2261 211 2348 268 Ill.
2388 240 2460 252 -—
2496 210 2805 268 CONCILIA
2841 211 3147 269 ROMANA.
3753 216 3859 271 776

572 363 692 405 rem
730 348 909 405 sancti
934 348 1142 410 Patres,
1172 342 1262 414 qui
1288 342 1345 396 in
1375 340 1714 397 Chalcedone
1750 338 2153 395 sacratissimos
2179 343 2232 406 Α
2260 338 2371 395 illis
2398 339 2700 407 calamitas,
2731 339 2826 395 ubi
2866 340 2999 395 tales
3024 338 3411 397 intercessores
3455 340 3527 397 ad
3552 342 3738 397 locum
3778 358 3864 400 re-

571 436 811 499 canones
861 439 1371 513 promulgaverunt,
1419 450 1614 491 omnes
1665 434 2158 501 communicatores
2264 432 2482 505 giminis
2506 432 2872 503 adducuntur,
2905 433 2997 504 qui
3016 433 3116 490 Dei
3145 436 3323 508 magis
3351 435 3409 491 in
3431 452 3490 492 se
3514 434 3862 493 iracundiam

572 536 859 609 cujusdam
912 532 1159 589 damnati
1196 530 1474 586 Timothei
1508 529 1863 586 Alexandrini
1906 528 2158 600 praesulis
2263 535 2589 601 promovent
2628 542 2795 600 quam
2848 543 2947 601 per
2991 531 3319 600 semetipsos
3374 530 3589 603 populis
3637 532 3861 603 placare

570 626 1072 685 excommunicatos
1099 639 1216 681 esse
1246 633 1622 692 censuerunt;
1658 624 1748 697 qui
1780 622 1958 680 Leoni
1987 624 2159 696 impe-
2262 620 2591 678 debuerant.

567 721 737 777 ratori
780 735 877 791 pro
918 719 1112 775 eodem
1141 718 1433 775 Timotheo
1484 718 1785 775 consulenti
1832 718 1939 773 hoc
1990 717 2157 773 modo
2334 720 2467 774 Jure
2515 733 2646 790 ergo
2699 718 2875 774 nostri
2913 719 3178 791 temporis
3233 719 3538 792 Gregorius
3587 720 3859 792 populum

564 814 962 884 rescripserunt
1008 831 1021 868 :
1053 815 1164 868 Eos
1210 813 1376 868 etiam
1405 812 1518 885 qui,
1555 828 1682 868 cum
1717 812 1921 869 scirent
1966 812 2157 866 Timo-
2264 812 3058 885 hujusmodipraesumptorum
3080 814 3262 871 ofﬁcia
3291 815 3534 887 recipere
3552 814 3859 887 prohibuit,

564 907 761 964 theum
790 906 957 964 fuisse
982 905 1329 971 damnatum,
1363 907 1770 963 communicare
1796 907 1874 961 illi
1910 908 2029 961 sine
2058 921 2158 977 pe-
2261 923 2398 979 quos
2437 908 2815 964 sanctissimus
2856 908 3169 981 aequivocus
3199 916 3254 965 et
3287 925 3525 982 regnum
3563 911 3722 983 culpa
3752 926 3855 967 sua

564 1002 737 1059 riculo
779 1001 1150 1070 crediderunt,
1197 1009 1486 1058 extraneos
1526 1017 1643 1057 esse
1680 1018 1711 1057 a
1763 999 1866 1055 Dei
1916 1000 2155 1055 Ecclesia
2262 1016 2625 1073 praegravare,
2657 1011 2713 1058 et
2753 1003 2856 1057 Dei
2882 1002 3222 1059 iracundiam
3246 1004 3304 1059 in
3345 1019 3404 1061 se
3432 1004 3610 1077 magis
3663 1022 3861 1077 provo-

558 1096 901 1169 judicamus,
971 1095 1270 1151 secundum
1336 1095 1783 1167 consequentiam
1848 1095 2155 1166 regularem
2259 1110 2384 1151 care
2411 1097 2646 1152 asseruit
2677 1115 2689 1151 :
2722 1096 2986 1169 scriptum
3006 1105 3089 1153 est
3107 1098 3252 1153 enim
3290 1115 3304 1154 :
3338 1101 3446 1167 Qui
3474 1102 3733 1154 averterit
3761 1117 3861 1155 au-

562 1189 707 1245 nulla
733 1190 811 1245 eis
849 1189 1003 1245 venia
1044 1205 1145 1245 nec
1180 1204 1276 1261 spe
1311 1186 1675 1243 restitutionis
1716 1187 1828 1243 ullo
1871 1187 2036 1243 modo
2064 1202 2152 1243 re-
2258 1206 2370 1246 rem
2384 1206 2541 1245 suam
2555 1207 2625 1246 ne
2643 1191 3031 1260 audiatlegem,
3050 1193 3398 1247 exsecrabilis
3417 1195 3525 1247 erit
3538 1195 3653 1263 ejus
3675 1198 3859 1249 oratio

557 1290 836 1351 manente,
863 1284 1002 1339 sicut
1037 1289 1105 1339 83
1134 1281 1318 1355 regula
1353 1282 1422 1338 de
1445 1282 1643 1337 talibus
1680 1289 1863 1353 aperte
1890 1282 2151 1350 decernit,
2260 1290 2439 1352 (Prov.
2470 1291 2715 1353 xxvm).
2744 1288 2866 1357 Quo
2893 1286 3123 1342 crimine
3154 1302 3345 1343 omnes
3373 1288 3707 1360 obligantur,
3732 1291 3855 1361 qui-

559 1381 725 1452 cujus
755 1381 976 1437 initium
1001 1388 1081 1435 est
1110 1399 1122 1434 :
1155 1380 1213 1436 Si
1254 1380 1379 1452 quis
1404 1380 1690 1450 episcopus
1717 1394 1745 1433 a
1779 1377 2013 1451 synodo,
2045 1388 2146 1434 etc.
2260 1395 2477 1452 cunque
2500 1380 2777 1435 canonicis
2823 1380 3200 1436 sanctionibus
3223 1379 3504 1437 obstinato
3550 1382 3740 1438 animo
3771 1399 3856 1439 re-

561 1478 913 1547 Quapmpter
964 1481 1018 1529 et
1064 1481 1253 1529 noster
1310 1472 1639 1545 apostolicus
1686 1472 1885 1527 merito
1940 1473 2153 1544 populis
2218 1499 2230 1508 -
2259 1475 2569 1546 fragantur;
2619 1474 2767 1531 unde
2802 1482 2859 1529 et
2904 1490 3100 1531 eorum
3149 1474 3330 1531 ofﬁcia
3385 1476 3589 1532 merito
3634 1478 3855 1549 populis

562 1569 751 1624 ofﬁcia
775 1566 1088 1640 hujusmodi
1127 1567 1452 1625 clericorum
1476 1567 1783 1639 prohibuit,
1812 1582 2033 1635 eorum,
2064 1568 2151 1621 in-
2258 1568 2660 1624 interdicuntur
2704 1583 2941 1640 quorum
2988 1568 3263 1625 orationes
3312 1569 3663 1641 omnipotens
3704 1574 3854 1627 Deus

557 1676 745 1733 quam,
777 1676 915 1732 quos
951 1677 1063 1717 non
1090 1670 1206 1716 tam
1245 1663 1362 1732 ipse
1387 1661 1670 1717 damnavit
1692 1676 1856 1733 quam
1893 1677 1923 1715 a
1948 1660 2152 1716 sanctis
2256 1679 2368 1719 non
2418 1663 2541 1719 dico
2568 1678 2682 1719 non
2723 1663 2935 1734 recipit,
2986 1662 3082 1719 sed
3126 1673 3459 1719 exsecratur.
3492 1662 3598 1720 Sed
3618 1663 3739 1736 jam
3785 1665 3851 1721 ad

554 1754 807 1810 Patribus
861 1752 1193 1825 jamdudum
1257 1754 1551 1811 damnatos
1606 1770 1722 1810 esse
1784 1755 2135 1810 monstravit.
2174 1750 2220 1812 B
2254 1758 2435 1828 ipsum
2495 1760 2604 1813 Vas
2650 1757 2938 1813 electionis
2990 1756 3301 1826 veniamus,
3347 1759 3442 1830 qui
3488 1767 3543 1814 et
3590 1760 3849 1829 presenti

556 1852 825 1905 Praeterea
862 1849 1243 1905 sanctissimus
1272 1864 1407 1921 papa
1437 1848 1779 1917 Alexander,
1822 1864 1854 1903 a
1882 1852 1946 1904 B.
1979 1849 2146 1905 Petro
2255 1858 2462 1905 statuto
2491 1849 2662 1905 nostri
2702 1849 2987 1921 apostolici
3027 1864 3330 1906 consonare
3355 1866 3467 1907 non
3509 1850 3791 1908 dubitatur
3835 1870 3849 1908 :

552 1943 800 2015 quintus,
853 1944 946 2015 qui
994 1943 1179 2015 potius
1229 1943 1289 1998 in
1342 1946 1562 1998 camino
1618 1944 1758 2014 ignis
1804 1943 2144 1999 concremari
2254 1948 2314 2002 Si
2342 1949 2407 2013 is,
2457 1945 2660 2017 inquit,
2689 1947 2788 2015 qui
2829 1948 3011 2013 frater
3038 1948 3373 2013 nominatur,
3424 1951 3499 2000 est
3524 1948 3855 2016 fornicator,

547 2051 711 2108 quam
741 2037 962 2093 mentiri
1002 2036 1334 2093 fortissimus
1362 2037 1561 2091 athleta
1589 2036 1805 2108 delegit,
1852 2038 1965 2108 ipse
1992 2053 2148 2092 nam—
2252 2046 2351 2094 aut
2401 2054 2634 2103 avarus,
2687 2044 2785 2094 aut
2830 2040 2989 2095 idolis
3034 2042 3305 2104 serviens,
3374 2045 3474 2095 aut
3521 2040 3852 2107 maledicus,

549 2147 653 2203 que
678 2147 783 2187 nec
822 2130 1161 2203 loquendum
1198 2131 1281 2186 eis
1305 2146 1423 2186 esse
1451 2138 1683 2185 testatur
1722 2129 1922 2201 quibus
1952 2138 2007 2185 et
2034 2130 2145 2201 epi-
2252 2138 2348 2187 aut
2376 2134 2636 2200 ebriosus,
2668 2138 2769 2188 aut
2803 2150 3013 2203 rapax,
3046 2150 3165 2188 cum
3205 2134 3517 2204 hujusmodi
3540 2150 3635 2189 nec
3670 2136 3852 2189 cibum

550 2240 749 2297 scopus
791 2241 892 2296 pro
932 2224 1231 2281 sceleribus
1256 2239 1452 2280 eorum
1480 2223 1712 2279 sentitur
1753 2222 2054 2293 adversus,
2091 2232 2147 2280 et
2252 2229 2447 2282 sumite
2489 2229 2540 2293 (Ι
2574 2227 2691 2283 Cor.
2745 2226 2865 2298 Ill),
2917 2226 3171 2283 videlicet
3196 2227 3291 2299 qui
3334 2226 3532 2283 nolunt
3558 2228 3719 2299 juxta
3764 2243 3854 2284 ec-

552 2319 663 2376 hoc
687 2335 753 2375 ex
782 2320 955 2391 ipsius
987 2319 1241 2390 principis
1268 2318 1644 2388 apostolorum
1673 2318 1995 2372 auctoritate
2017 2332 2147 2373 con-
2254 2318 2584 2376 clesiasticas
2619 2321 2932 2376 sanctiones
2971 2320 3276 2387 emendari,
3308 2320 3435 2376 licet
3469 2322 3632 2376 certis
3665 2329 3725 2377 et
3751 2337 3851 2395 pu-

545 2412 758 2483 ﬁrmat,
784 2414 859 2470 ita
880 2412 1086 2480 dicens,
1117 2428 1235 2483 cap.
1273 2416 1309 2464 6
1338 2430 1351 2466 :
1383 2414 1447 2467 B.
1486 2415 1681 2467 Petrus
1719 2410 1773 2464 in
1803 2409 2147 2466 ordinatione
2253 2414 2412 2469 blicis
2450 2413 2774 2470 criminibus
2802 2414 2911 2469 sint
2933 2414 3175 2487 obligati.
3216 2416 3359 2470 Item
3387 2413 3456 2469 ad
3489 2415 3855 2473 Thessaloni-

440 2492 443 2495 ἤ
552 2508 727 2563 sancti
791 2506 1205 2579 praedecessoris
1266 2505 1440 2561 nostri
1503 2504 1801 2560 Clementis
1860 2504 2146 2559 instruens
2253 2522 2441 2564 censes
2462 2509 2889 2564 :Renuntiamus
2912 2513 3091 2563 autem
3117 2509 3284 2576 vobis,
3306 2510 3530 2576 fratres,
3554 2511 3613 2563 in
3636 2513 3856 2567 nomine

545 2601 751 2657 clerum
794 2608 850 2656 et
876 2600 1138 2673 populum
1178 2598 1253 2654 ait
1285 2617 1297 2653 :
1330 2600 1388 2655 Si
1416 2598 1671 2654 inimicus
1699 2597 1860 2653 fuerit
1897 2598 2146 2653 Clemens
2258 2602 2473 2657 Domini
2514 2603 2687 2655 nostri
2727 2605 2850 2657 Iesu
2904 2601 3125 2664 Christi,
3158 2610 3227 2657 ut
3262 2602 3593 2657 subtrahatis
3628 2618 3724 2657 vos
3773 2604 3850 2658 ab

541 2696 702 2751 alicui
748 2710 846 2767 pro
886 2695 1094 2749 actibus
1137 2694 1267 2761 suis,
1320 2694 1491 2749 nolite
1543 2708 1640 2749 vos
1687 2701 2016 2764 exspectare,
2080 2699 2144 2745 ut
2254 2699 2401 2750 omni
2435 2697 2614 2762 fratre
2654 2697 2968 2750 ambulante
2996 2696 3304 2750 inordinate
3332 2700 3384 2750 et
3426 2711 3527 2751 non
3551 2697 3850 2751 secundum

540 2790 655 2861 ipse
691 2788 847 2844 vobis
891 2788 1042 2844 dicat
1088 2807 1103 2844 :
1135 2789 1277 2843 Cum
1308 2788 1402 2843 illo
1451 2787 1625 2843 nolite
1663 2787 1827 2842 amici
1870 2801 2017 2854 esse;
2051 2785 2147 2841 sed
2254 2790 2603 2844 traditionem
2650 2805 2817 2859 quam
2840 2794 3210 2860 acceperunta
3233 2789 3386 2844 nobis
3414 2792 3498 2857 (Il
3523 2790 3699 2844 Thess.
3726 2798 3847 2857 ιιι).

543 2882 832 2940 observare
862 2882 1161 2953 prudenter
1185 2880 1398 2936 debetis
1427 2888 1483 2936 et
1508 2880 1774 2935 voluntati
1803 2880 1920 2951 ejus
1940 2880 2145 2950 absque
2255 2883 2324 2938 Et
2352 2883 2512 2953 paulo
2537 2891 2664 2953 post
2704 2901 2719 2939 :
2750 2885 2812 2939 Si
2832 2887 2955 2953 quis
2982 2899 3085 2938 non
3111 2883 3289 2938 obedit
3324 2884 3486 2938 verbo
3508 2890 3717 2948 nostro,
3752 2900 3853 2955 per

539 2975 975 3033 commouitione
1020 2974 1423 3042 obsecundare,
1464 2982 1519 3029 et
1546 2982 1792 3029 avertere
1838 2988 1935 3029 vos
1964 2973 2035 3029 ab
2080 2987 2146 3028 eo
2254 2977 2532 3045 epistolam
2582 2978 2721 3031 hunc
2761 2982 2960 3039 notate,
3001 2981 3053 3031 et
3088 2992 3197 3031 non
3234 2978 3680 3031 commisceamini
3729 2993 3851 3032 cum

538 3072 624 3127 cui
662 3072 844 3143 ipsum
874 3070 1086 3126 sentitis
1114 3068 1433 3134 adversum;
1483 3066 1578 3122 sed
1603 3082 1705 3121 nec
1734 3066 1882 3137 loqui
1922 3066 2006 3121 his
2034 3066 2148 3137 qui“
2175 3128 2211 3143 η
2253 3067 2374 3137 illo,
2404 3074 2466 3124 ut
2485 3070 2855 3136 confundatur
2875 3070 3038 3141 (Ibid.
3058 3073 3095 3135 ).
3125 3071 3265 3126 Cum
3280 3069 3486 3141 quibus
3508 3069 3680 3142 igitur
3705 3076 3853 3143 Apo-

537 3163 643 3220 bus
685 3165 799 3236 ipse
828 3179 940 3219 non
979 3163 1240 3234 loquitur,
1276 3169 1339 3217 ut
1365 3160 1742 3232 unusquisque
1771 3160 1866 3231 qui
1893 3159 1948 3214 in
1980 3161 2136 3231 culpa
2170 3128 2213 3188 Ο
2249 3161 2424 3219 stolus
2473 3162 2661 3218 ﬁdeles
2706 3178 2811 3218 nec
2840 3164 3185 3235 corporalem
3212 3163 3413 3233 {cibum
3457 3178 3680 3219 sumere
3720 3179 3848 3235 per-

538 3266 650 3325 est,
692 3258 830 3314 dum
868 3256 1019 3328 cupit
1061 3256 1317 3311 omnium
1368 3262 1605 3317 vestrum
1650 3253 1916 3309 amicitias
1962 3252 2135 3320 ferre,
2244 3254 2438 3321 mittit,
2489 3262 2545 3311 et
2595 3270 2627 3311 a
2672 3270 2914 3327 quorum
2977 3256 3260 3312 consortio
3317 3254 3505 3311 ﬁdeles
3561 3254 3849 3312 discedere

537 3352 760 3407 festinet
786 3352 946 3407 citius
976 3350 1316 3407 reconciliari
1341 3350 1391 3406 ei
1416 3348 1508 3420 qui
1546 3348 1804 3404 omnibus
1834 3355 2051 3420 praeest,
2083 3355 2137 3402 et
2240 3348 2502 3419 praecipit,
2551 3348 2621 3405 de
2675 3348 2885 3405 eisdem
2931 3349 3251 3421 apostolicae
3307 3349 3671 3405 institutionis
3714 3365 3847 3406 con-

534 3461 634 3517 per
674 3445 777 3501 hoc
826 3445 1015 3501 redeat
1060 3443 1131 3500 ad
1179 3444 1434 3512 salutem,
1489 3458 1617 3498 cum
1658 3442 1880 3497 obedire
1911 3440 2136 3513 cmperit
2238 3442 2605 3513 temptoribus
2642 3444 2847 3514 popqu
2885 3443 3139 3514 praecipit
3174 3450 3365 3499 noster
3403 3443 3759 3515 apostolicus,
3786 3454 3849 3500 ut

534 3539 764 3595 monitis
809 3539 1167 3611 praesidentis.
1216 3539 1272 3594 Si
1299 3553 1426 3592 vero
1453 3537 1575 3608 quis
1606 3536 1813 3591 amicus
1862 3534 2025 3589 fuerit
2050 3534 2133 3589 his
2238 3538 2318 3593 eis
2345 3537 2545 3593 saltem
2574 3536 2643 3592 ad
2680 3537 3034 3593 Dominicam
3080 3552 3336 3593 mensam
3374 3552 3487 3593 non
3522 3538 3844 3593 communi-

534 3632 731 3702 quibus
778 3632 895 3702 ipse
922 3648 1034 3686 non
1078 3631 1342 3701 loquitur,
1374 3645 1519 3684 unus
1561 3636 1642 3683 est
1687 3637 1743 3684 et
1770 3630 1885 3699 ipse
1922 3645 1983 3683 ex
2025 3627 2129 3682 illis
2237 3639 2407 3697 caret,
2444 3639 2500 3687 et
2525 3646 2720 3687 eorum
2746 3630 2992 3687 societati
3021 3646 3079 3687 se
3117 3631 3312 3687 saltem
3341 3646 3408 3687 eo
3433 3639 3688 3703 tempore
3715 3631 3842 3687 sub-

532 3726 626 3795 qui
655 3725 1014 3779 exterminare
1044 3723 1145 3777 Dei
1179 3723 1475 3777 Ecclesiam
1503 3722 1726 3790 volunt;
1757 3730 1968 3777 etcum
2002 3736 2129 3776 cor-
2239 3724 2506 3788 traheret,
2552 3740 2681 3779 cum
2715 3723 2791 3779 illi
2822 3732 3009 3779 contra
3048 3724 3130 3780 fas
3176 3733 3233 3779 et
3267 3724 3361 3796 jus
3389 3740 3539 3780 sacra
3577 3726 3845 3798 mysteria

533 3832 668 3889 pore
687 3816 968 3871 vobiscum
995 3831 1112 3890 esse
1138 3814 1410 3876 videatur,
1441 3823 1625 3869 mente
1644 3822 1699 3868 et
1720 3816 1909 3869 animo
1937 3822 2127 3871 contra
2237 3817 2293 3872 in
2344 3817 2643 3887 perniciem
2693 3832 2852 3873 suam
2914 3820 3279 3889 usurparent;
3312 3817 3467 3889 juxta
3508 3820 3845 3890 Apostolum

451 3902 459 3909 ’
534 3924 632 3966 vos
659 3916 778 3975 est;
817 3916 873 3963 et
910 3889 1004 3963 est
1034 3906 1213 3963 multo
1244 3906 1475 3977 nequior
1513 3905 1684 3961 hostis
1730 3906 1821 3961 hic
1849 3921 2016 3976 quam
2047 3906 2127 3961 illi
2236 3911 2384 3965 enim
2416 3926 2430 3965 :
2472 3912 2774 3981 quicunque
2810 3914 3150 3967 Dominicum
3179 3927 3380 3981 panem
3410 3918 3461 3966 et
3490 3889 3716 3967 calicem
3744 3927 3846 3966 su-

532 4002 626 4075 qui
657 4002 791 4057 foris
823 4009 968 4069 sunt,
1009 4009 1066 4056 et
1105 3999 1386 4056 evidenter
1415 3998 1627 4053 inimici
1654 4006 1813 4065 sunt;
1863 3998 1954 4053 hic
1979 4000 2127 4054 enim
2236 4006 2341 4059 mit
2366 4004 2603 4073 indigne,
2632 4007 2865 4075 corporis
2897 4010 2948 4060 et
2975 4008 3267 4075 sanguinis
3305 4006 3517 4060 Domini
3544 4021 3667 4060 reus
3708 4008 3844 4073 erit,

533 4114 631 4168 per
654 4096 1015 4152 amicitiarum
1053 4094 1291 4166 speciem
1318 4108 1442 4165 qum
1470 4091 1691 4147 inimica
1721 4100 1854 4149 sunt
1880 4092 2043 4165 gerit,
2075 4101 2129 4148 et
2232 4102 2282 4152 et
2303 4098 2580 4167 judicium
2603 4099 2712 4154 sibi
2736 4098 3029 4154 manducat
3056 4104 3107 4155 et
3135 4098 3275 4154 bibit
3296 4098 3344 4169 (1
3366 4100 3485 4155 Cor.
3536 4104 3647 4164 x1);
3677 4099 3845 4170 quod

530 4191 831 4247 Ecclesiam
876 4190 1139 4263 dispergit
1163 4206 1227 4245 ac
1264 4197 1458 4245 vastat.
1505 4189 1618 4245 Ubi
1662 4204 1793 4261 ergo
1836 4188 1949 4260 ipse
1980 4174 2127 4260 prin-'-
2234 4206 2428 4246 omnes
2470 4190 2700 4257 faciunt,
2726 4193 2816 4264 qui
2847 4191 3271 4247 fornicationem
3313 4200 3371 4248 et
3414 4191 3695 4247 avaritiam
3724 4206 3851 4248 non

531 4300 659 4357 ccps
703 4285 1082 4355 apostolorum
1125 4292 1241 4340 tam
1269 4284 1454 4340 stricte
1486 4281 1740 4354 prohibet
1790 4298 1861 4338 ne
1905 4283 2027 4354 quis
2050 4282 2126 4338 eis
2233 4285 2414 4340 solum
2443 4300 2715 4353 exercere,
2747 4285 2842 4341 sed
2867 4285 3345 4342 etiamobstinato
3365 4286 3551 4341 animo
3579 4283 3849 4343 defende-

530 4380 724 4435 saltem
753 4378 1010 4451 loquatur
1035 4379 1125 4450 qui
1163 4378 1479 4450 apostolicis
1522 4377 1788 4432 institutis
1814 4393 1925 4432 non
1964 4376 2123 4433 obse-
2232 4392 2293 4433 re
2335 4388 2678 4449 praesumunt
2716 4399 2729 4434 :
2763 4378 2830 4434 de
2868 4379 3071 4451 quibus
3114 4380 3413 4451 Apostolus
3453 4378 3595 4434 dicit
3641 4401 3655 4436 :
3689 4381 3849 4447 Quo-

528 4474 768 4530 cundare
819 4473 1318 4544 deprehendantur,
1376 4473 1453 4527 ibi
1507 4471 1669 4526 etiam
1720 4470 2124 4526 evidentissima
2154 4513 2201 4574 (1
2230 4473 2383 4526 niam
2407 4474 2507 4541 qui
2546 4474 2681 4527 talia
2710 4479 2903 4541 agunt,
2948 4489 3173 4542 regnum
3216 4477 3316 4529 Dei
3338 4489 3445 4528 non
3482 4473 3851 4543 possidebunt

531 4576 677 4623 vetat
704 4583 775 4623 ne
824 4568 1053 4638 populus
1100 4566 1293 4622 missas
1333 4573 1427 4620 aut
1468 4565 1673 4635 reliqua
1716 4562 1897 4618 ofﬁcia
1935 4563 2120 4634 hujus-
2160 4562 2201 4574 “
2234 4564 2370 4634 (Gal.
2419 4572 2477 4630 v)
2526 4566 2664 4637 :qui
2711 4566 2879 4621 etiam
2919 4582 3017 4638 pro
3067 4566 3278 4623 eisdem
3322 4566 3641 4622 criminibus
3672 4567 3849 4638 juxta

528 4659 682 4715 modi
726 4660 795 4715 ab
822 4661 902 4715 eis
933 4660 1177 4731 recipiat.
1224 4661 1345 4715 Mos
1374 4658 1526 4713 enim
1572 4658 1761 4730 populi
1812 4656 1942 4723 Dei,
1965 4657 2122 4728 juxta
2233 4657 2516 4714 canonicas
2548 4659 2855 4714 sanctiones
2891 4659 3133 4715 damnati
3175 4659 3522 4716 interdictum
3565 4658 3671 4715 sibi
3716 4659 3851 4716 ofﬁ-

527 4754 897 4824 Augustinum
921 4792 936 4819 ,
980 4768 1081 4824 pro
1126 4754 1244 4823 lege
1288 4750 1560 4807 tenendus
1598 4751 1923 4823 comprobat
1958 4749 2122 4805 nobis
2230 4753 2378 4807 cium
2405 4753 2695 4808 temeraria
2718 4753 3072 4824 usurpatione
3092 4752 3461 4824 frequentant.
3488 4754 3710 4823 Nempe
3734 4754 3852 4827 ipsi

526 4861 653 4901 cum
674 4845 994 4911 canonibus,
1008 4854 1071 4900 ut
1091 4846 1269 4914 (forte,
1284 4848 1374 4913 ne)
1403 4844 2023 4915 populuscujuscunque
2044 4859 2121 4898 sa-
2229 4860 2369 4917 quos
2412 4846 2635 4918 proprie
2676 4861 2934 4902 vocamus
2979 4847 3346 4923 ppuitentes,
3394 4846 3519 4902 licet
3570 4861 3675 4917 pro
3741 4847 3855 4902 bu-

529 4937 767 4994 cerdotis
794 4938 990 4992 missas
1027 4936 1236 5004 audiat,
1282 4937 1401 5008 ejus
1442 4938 1609 4992 etiam
1649 4938 1879 5008 singulis
1918 4937 2124 4992 saluta-
2223 4937 2469 5009 jusmodi
2499 4940 2821 4996 criminibus
2865 4941 3151 4995 canonica:
3178 4939 3485 5011 disciplina:
3522 4940 3665 4995 colla
3694 4941 3855 4996 sub-

527 5031 776 5088 tionibus
812 5032 873 5087 in
912 5031 1079 5086 missa
1120 5031 1464 5101 respondeat.
1497 5032 1844 5101 Quapropter
1886 5031 2118 5101 populus
2212 5032 2483 5103 mittant,
2508 5050 2618 5090 non
2639 5044 2831 5090 tamen
2857 5032 3058 5089 divinis
3081 5032 3443 5089 sacramentis
3462 5041 3582 5088 tam
3611 5040 3855 5091 temere

526 5126 845 5199 hujusmodi
888 5126 1369 5196 praevaricatorum
1406 5124 1606 5179 missas
1645 5125 1959 5179 nullatenus
1985 5125 2120 5180 reci-
2227 5128 2628 5199 approximant.
2659 5126 2844 5194 Unde,
2884 5127 3046 5200 juxta
3083 5128 3419 5183 sententiam
3469 5126 3617 5181 beati
3659 5128 3856 5183 Im

528 5222 660 5291 piat,
714 5220 757 5275 si
822 5220 997 5293 ipsius
1043 5217 1302 5290 principis
1360 5216 1736 5289 apostolorum
1790 5219 2117 5275 serntentiam
2228 5222 2394 5277 centii
2442 5235 2624 5291 papae,
2663 5236 2765 5276 nec
2811 5221 3064 5277 inﬁrmos
3113 5222 3436 5292 pmnitentes
3483 5228 3540 5276 et
3583 5218 3859 5293 reliquos

525 5313 822 5370 observare
847 5314 1009 5369 volet.
2227 5321 2559 5384 aegrotantes
2588 5328 2745 5369 sacro
2792 5312 3089 5370 chrismate
3131 5315 3265 5387 ungi
3302 5315 3451 5381 licet,
3479 5312 3713 5385 quibus,
3753 5316 3857 5372 in-

592 5409 802 5463 XVlll.
844 5405 1225 5463 Sanctissimus
1266 5421 1399 5478 papa
1439 5405 1740 5478 Gregorius
1776 5405 2020 5462 scribens
2049 5407 2118 5463 ad
2225 5407 2364 5477 quit,
2394 5405 2790 5478 pauitantibus
2831 5407 3040 5479 reliqua
3069 5407 3412 5479 denegantur
3453 5416 3857 5475 sacramenta,

522 5516 681 5574 reges
727 5502 1064 5557 Francorum
1100 5498 1168 5555 de
1208 5500 1523 5573 hujusmodi
1551 5499 1931 5556 sacerdotibus
1959 5516 2119 5555 cano-
2226 5514 2295 5554 ne
2318 5499 2562 5571 sibiipsis
2587 5499 2994 5557 damnationem
3039 5500 3221 5572 potius
3242 5516 3408 5572 quam
3432 5499 3857 5559 remissionem

521 5610 659 5651 num
677 5594 1170 5666 contemptoribus,
1191 5610 1309 5667 cap.
1336 5600 1703 5665 135,testatur
1718 5595 1862 5669 quod
1883 5610 2117 5667 regnum
2226 5592 2533 5664 acquirant,
2564 5594 2613 5649 si
2640 5594 2836 5650 eadem
2866 5600 2978 5649 tam
3016 5593 3243 5667 indigni,
3284 5592 3536 5649 nondum
3560 5607 3705 5649 sane
3742 5607 3858 5665 per

519 5704 586 5744 ex
614 5688 771 5760 culpa
813 5688 1011 5744 talium
1047 5687 1396 5745 sacerdotum
1441 5698 1841 5761 pmgravetur;
1897 5696 1952 5743 et
1990 5695 2120 5759 post
2224 5688 2606 5760 penitentiam
2633 5687 2705 5744 ad
2723 5688 2946 5763 plenum
2965 5688 3199 5761 purgati,
3239 5686 3561 5759 percipiant.
3603 5685 3660 5741 Si
3693 5702 3856 5761 ergo

515 5797 687 5855 pauca
711 5781 993 5856 subiungit
1026 5802 1038 5838 :
1068 5782 1268 5855 Major,
1300 5784 1500 5856 inquit,
1530 5782 1823 5838 metuenda
1860 5790 1944 5837 est
1974 5781 2110 5836 locis
2224 5782 2576 5853 praenitentes,
2606 5782 2776 5839 etiam
2808 5783 3069 5840 canonice
3096 5797 3198 5855 pro
3224 5779 3546 5840 criminibus
3572 5778 3697 5837 suis
3741 5796 3850 5838 Ia—
