4048 6174
276 232 372 281 777

1512 235 1871 293 CONCILIUM
1911 240 2245 300 ROMANUM
2284 246 2323 300 I.

3464 260 3567 315 778

269 349 634 454 tisfacientes,
660 350 1245 454 divinis-sacramentis
1277 355 1596 428 judicantur
1629 359 1857 433 indigni,
1891 369 1943 429 Α
1976 369 2280 437 perniciem
2311 369 2668 441 depravantes
2697 374 2771 430 ita
2802 378 3159 445 pronuntiant
3201 399 3214 435 :
3248 381 3569 454 Quicunque

263 454 469 516 quanto
492 446 667 517 magis
690 446 766 501 illi
795 447 885 518 qui
918 464 1026 503 non
1064 449 1349 520 poenitere,
1377 451 1473 507 sed
1512 452 1697 524 culpas
1734 471 1863 511 suas

259 537 585 610 jamdudum
625 539 922 611 publicatas
959 544 1305 613 pertinaciter
1342 544 1637 603 defendere
1662 565 1864 605 conan-

264 640 368 699 tur,
417 634 509 705 qui
539 641 593 689 et
631 634 905 690 obstinato
935 636 1124 692 animo
1173 640 1492 695 resistentes
1534 642 1699 697 etiam
1741 642 1863 713 Spi-

261 726 423 782 ritum
474 735 722 783 sanctum
766 729 1147 801 blasphemare
1205 733 1550 803 probantur?
1587 734 1674 790 Sic
1717 736 1864 790 enim

262 820 451 876 beatus
486 825 758 877 Damasus
784 837 921 894 papa
961 824 1015 878 in
1045 825 1275 895 epistola
1301 825 1371 881 ad
1411 835 1660 883 sanctum
1691 833 1864 884 Aure-

259 913 391 969 lium
429 915 917 987 Carthaginensem
940 917 1408 990 archiepiscopum
1450 928 1698 977 testatur.
1728 923 1861 977 Vio-

258 1008 477 1074 latores,
507 1009 705 1081 inquit,
744 1026 1024 1067 canonum
1058 1014 1347 1069 voluntarii
1400 1017 1636 1087 graviter
1676 1034 1705 1071 a
1733 1032 1863 1073 san-

257 1102 357 1158 ctis
400 1104 661 1159 Patribus
683 1105 1021 1175 judicantur,
1052 1117 1107 1163 et
1149 1125 1178 1162 a
1212 1109 1420 1179 Spiritu
1450 1118 1666 1177 sancto,
1706 1110 1863 1182 cujus

255 1195 519 1252 instinctu
559 1213 623 1252 ac
659 1198 803 1253 dono
832 1199 992 1255 ditati
1018 1209 1167 1268 sunt,
1196 1201 1557 1271 damnantur,
1600 1205 1863 1276 quoniam

254 1290 635 1363 blaSphemare
672 1294 934 1365 Spiritum
976 1305 1233 1352 sanctum
1271 1312 1385 1352 non
1433 1298 1729 1369 incongrue
1784 1299 1858 1353 vi-

254 1384 480 1455 dentur,
510 1388 602 1458 qui
637 1388 803 1443 etiam
850 1398 1041 1445 contra
1084 1400 1301 1448 sanctos
1338 1408 1577 1448 canones
1622 1408 1736 1448 non
1764 1408 1859 1448 ne-

255 1481 509 1536 cessitate
556 1483 844 1553 compulsi,
884 1484 979 1539 sed
1028 1484 1281 1551 libenter,
1329 1495 1390 1541 ut
1434 1486 1720 1557 praefixum
1780 1494 1863 1542 est

253 1574 462 1646 aliquid
509 1584 603 1631 aut
632 1586 880 1648 proterve
927 1587 1119 1650 agunt,
1169 1589 1265 1634 aut
1308 1580 1455 1650 loqui
1495 1588 1859 1651 praesumunt,

250 1680 345 1725 aut
400 1670 575 1726 facere
644 1673 955 1728 volentibus
1017 1682 1216 1745 sponte
1279 1676 1654 1731 consentiunt.
1709 1676 1861 1731 Talis

1972 465 2316 544 recusaverit,
2338 466 2565 522 missam
2597 469 2871 542 conjugati
2916 472 3231 544 presbyteri,
3277 476 3569 532 anathema

1971 554 2063 621 sit,
2092 542 2344 612 videlicet
2384 568 2446 615 ut
2500 576 2594 616 eos
2636 563 3131 621 anathematizatos
3182 584 3301 623 esse
3343 568 3569 625 demon-

1971 655 2150 702 strent
2176 652 2269 719 qui
2314 654 2631 723 apostolicis
2676 656 2943 713 institutis
2980 660 3297 716 obedientes
3336 662 3568 717 inconti-

1974 743 2223 796 nentium
2253 746 2599 801 sacerdotum
2626 750 2822 805 missas
2848 752 3086 823 recipere
3108 753 3431 810 detrectant.
3460 756 3569 812 Sed

1972 831 2210 901 frustra;
2252 852 2381 891 nam
2432 839 2755 909 praedictum
2801 853 2963 914 caput
3002 846 3127 902 illos
3170 856 3388 903 tantum
3432 865 3569 904 ana-

1972 927 2299 983 thematizat
2335 932 2429 1000 qui
2458 944 2722 1004 respuunt
2746 937 3047 1009 presbyteri
3072 941 3429 1011 oblationem,
3457 958 3569 997 non

1972 1022 2067 1093 qui
2096 1022 2262 1078 modo
2300 1024 2483 1093 habet,
2514 1026 2609 1081 sed
2640 1028 2730 1098 qui
2774 1031 3055 1099 quondam
3097 1032 3289 1088 habuit
3316 1052 3566 1092 uxorem.

1975 1117 2055 1170 Eo
2093 1117 2239 1172 enim
2270 1126 2537 1189 tempore,
2582 1129 2643 1174 ut
2687 1125 2945 1195 prologus
2974 1126 3306 1196 Gangrensis
3348 1129 3569 1184 concilii

1970 1216 2223 1277 testatur,
2255 1221 2410 1267 erant
2438 1214 2684 1269 haeretici
2714 1224 3010 1272 sectatores
3050 1218 3333 1289 cujusdam
3380 1224 3568 1277 Eusta-

1970 1302 2092 1371 thii,
2140 1306 2233 1375 qui
2278 1305 2547 1377 legitimas
2590 1310 2811 1379 nuptias
2876 1311 3023 1381 quali
3080 1314 3312 1367 mortale
3357 1314 3568 1369 crimen

1970 1396 2441 1464 condemnabant,
2516 1411 2816 1457 asserentes
2881 1404 3094 1459 nullum
3163 1406 3220 1459 in
3300 1406 3573 1477 conjugali

1972 1490 2143 1562 gradu
2181 1492 2421 1561 positum
2466 1508 2619 1563 spem
2649 1494 2849 1551 habere
2879 1498 3024 1568 apud
3066 1500 3399 1563 Dominum;
3428 1499 3572 1555 unde

1973 1591 2028 1638 et
2043 1584 2345 1640 oblationes
2362 1586 2810 1658 presbyterorum
2836 1590 2999 1645 etiam
3015 1599 3143 1647 ante
3160 1592 3567 1647 ordinationem

1974 1676 2211 1749 legitime
2249 1679 2665 1751 conjugatorum
2692 1684 2965 1754 respuisse
3008 1684 3323 1751 traduntur,
3368 1686 3570 1756 quippe

253 1764 401 1819 enim
458 1766 817 1836 praesumptio
848 1766 1133 1823 manifeste
1179 1784 1351 1823 unum
1402 1786 1571 1841 genus
1612 1778 1695 1825 est
1743 1770 1854 1824 bla-
1892 1748 1937 1810 Β
1970 1748 2278 1841 legitimum
2314 1748 2630 1845 conjugium
2662 1792 2761 1846 pro
2783 1748 3011 1831 inortali
3040 1778 3274 1833 crimine
3311 1748 3570 1849 deputan-

251 1859 666 1929 sphemantium
709 1862 971 1932 Spiritum
1018 1872 1295 1930 sanctum,
1325 1864 1614 1934 quoniam,
1657 1873 1718 1919 ut
1740 1864 1856 1937 jam

254 1953 601 2025 prmlibatum
639 1963 743 2021 est,
775 1963 964 2010 contra
993 1971 1120 2011 eum
1152 1957 1281 2028 agit,
1312 1957 1467 2029 cujus
1493 1958 1613 2012 nisu
1647 1966 1703 2012 et
1728 1973 1854 2029 gra-

252 2047 322 2101 tia
364 2046 534 2102 iidem
574 2048 747 2103 sancti
786 2065 1025 2104 canones
1054 2059 1183 2104 sunt
1212 2050 1363 2105 editi.
1412 2053 1602 2121 Itaque
1639 2051 1711 2105 illi
1764 2067 1857 2107 sa—

252 2141 526 2209 cerdotes,
556 2142 650 2212 qui
689 2150 803 2197 tam
834 2143 1173 2215 gravissimis
1193 2144 1512 2200 criminibus
1556 2154 1688 2201 sunt
1715 2146 1855 2201 obli-

250 2236 385 2306 gati,
420 2237 533 2290 imo
576 2237 669 2308 qui
699 2253 798 2309 pro
828 2237 1036 2293 eisdem
1078 2240 1380 2295 secundum
1411 2241 1666 2296 canonica
1701 2240 1860 2295 insti-

253 2336 372 2383 tuta
396 2328 512 2399 jam
540 2337 666 2383 sunt
696 2329 971 2398 damnati,
1003 2331 1320 2387 nullatenus
1348 2332 1454 2387 nisi
1482 2332 1535 2387 in
1564 2332 1859 2402 perniciem

250 2439 410 2479 suam
458 2424 765 2479 sacrificare
808 2433 1055 2495 possunt.
1096 2424 1259 2481 Unde
1288 2434 1343 2481 et
1384 2426 1463 2480 illi
1504 2442 1614 2481 non
1664 2442 1861 2497 parum

250 2516 599 2588 deliquerunt
632 2518 814 2587 Vorte,
851 2517 1277 2590 delinquerent],
1309 2518 1613 2590 quicunque
1640 2520 1767 2590 ipsis
1808 2520 1861 2574 in

254 2610 535 2682 propriam
564 2627 760 2667 necem
792 2612 1100 2668 sacriﬁcare
1140 2614 1526 2684 usurpantibus
1552 2631 1647 2683 per
1670 2615 1865 2670 solitas

252 2706 634 2777 responsiones
660 2707 720 2762 in
759 2708 924 2763 missa
966 2710 1202 2764 scienter
1246 2710 1529 2780 cooperari
1568 2725 1863 2780 praesume-

254 2808 396 2854 rent.
446 2802 569 2856 Non
617 2802 761 2856 enim
809 2818 906 2873 pro
952 2817 1121 2872 parvo
1160 2802 1389 2857 crimine
1444 2802 1759 2868 haberetur,
1816 2802 1861 2857 si

251 2896 375 2965 quis
413 2895 575 2951 alicui
604 2896 844 2967 seipsum
874 2896 1164 2952 crudeliter
1192 2897 1457 2953 occidenti
1499 2898 1735 2953 scienter
1772 2914 1862 2953 co-

254 2999 600 3059 operaretur.
648 2990 1054 3061 Sapientissime
1105 3006 1237 3061 ergo
1284 2991 1364 3045 vir
1403 2992 1734 3061 apostolicus
1763 3009 1863 3064 po-

1964 1872 2073 1931 tes;
2109 1865 2294 1935 quales
2324 1868 2494 1922 etiam
2528 1868 2574 1922 si
2627 1870 2750 1939 quis
2798 1869 2903 1925 hoc
2932 1878 3179 1942 tempore
3232 1881 3570 1942 perpetrasse

1964 1956 2258 2031 detegitur,
2290 1960 2453 2015 altari
2482 1962 2799 2017 ministrare
2822 1963 2980 2034 juxta
3024 1981 3266 2020 canones
3310 1981 3419 2020 non
3454 1982 3570 2037 per-

1966 2052 2221 2107 mittitur.
2256 2054 2455 2108 Merito
2484 2070 2614 2125 ergo
2641 2056 3186 2112 anathematizantur
3214 2058 3379 2112 iidem
3406 2059 3572 2114 hznre-

1965 2145 2058 2199 tici
2088 2146 2526 2215 dogmatizantes
2569 2158 2759 2203 contra
2789 2150 2923 2205 illud
2970 2150 3261 2220 Apostoli:
3320 2153 3382 2206 Si
3425 2168 3571 2206 acce-

1960 2241 2110 2309 peris
2147 2257 2388 2304 umorem,
2432 2258 2539 2295 non
2578 2246 2808 2310 peccasti
2851 2246 2900 2308 (Ι
2953 2246 3069 2300 Cor.
3116 2250 3259 2309 vn);
3293 2253 3347 2298 et
3389 2244 3565 2299 illud:

1969 2335 2182 2402 Oportet
2202 2337 2504 2405 episcopum
2522 2339 2680 2391 unius
2697 2340 2885 2391 umoris
2905 2354 3011 2392 esse
3026 2340 3201 2391 virum
3220 2342 3269 2404 (Ι
3292 2341 3431 2393 Tim.
3456 2344 3568 2405 III).

1967 2428 2120 2497 Saepe
2163 2430 2407 2498 positum
2463 2438 2649 2485 autem
2702 2430 2875 2485 nostri
2920 2431 3213 2501 apostolici
3262 2431 3572 2487 institutum

1969 2520 2101 2574 nulli
2143 2522 2395 2591 prohibet
2418 2522 2611 2579 audire
2646 2524 2876 2579 missam
2922 2524 3068 2580 illius
3108 2525 3410 2596 presbyteri
3454 2525 3571 2596 qui,

1965 2612 2121 2683 juxta
2149 2615 2501 2685 apostolicam
2534 2617 2977 2686 permissionem,
3010 2626 3134 2672 ante
3179 2633 3401 2673 sacrum
3431 2618 3576 2673 ordi-

1970 2721 2099 2760 nem
2130 2723 2301 2762 unam
2339 2716 2558 2763 tantum
2590 2726 2820 2764 uxorem
2851 2708 3061 2775 habuit,
3106 2711 3323 2780 quando
3369 2720 3423 2765 et
3451 2712 3573 2766 sine

1970 2800 2199 2854 crimine
2226 2816 2453 2856 uxorem
2484 2801 2685 2857 ducere
2712 2803 2917 2873 potuit;
2959 2802 3054 2857 sed
3086 2802 3234 2858 illius
3277 2804 3576 2875 presbyteri

1972 2893 2093 2964 qui,
2142 2902 2333 2948 contra
2386 2895 2734 2965 Apostolum,
2793 2895 2851 2949 in
2904 2895 3139 2950 crimine
3196 2895 3577 2950 fornicationis

1972 2986 2243 3058 detegitur
2280 2988 2481 3059 jacere,
2539 3004 2704 3060 quem
2743 2988 2864 3058 ipse
2919 2988 3239 3059 Apostolus,
3286 2997 3339 3043 et
3382 2989 3576 3059 reliqui

257 3083 451 3151 pulum
475 3081 1283 3155 hujusmodiprwsumptorum
1309 3084 1859 3154 usurpationibusin-
1904 3108 1947 3171 Ο
1977 3082 2150 3135 sancti
2212 3084 2401 3137 Patres
2454 3096 2844 3152 successorque
2901 3098 3095 3137 eorum
3141 3090 3326 3137 noster
3362 3091 3577 3152 aposto-

254 3182 462 3231 teresse
491 3173 795 3246 prohibuit,
824 3191 962 3247 quas
992 3192 1103 3231 non
1126 3176 1305 3231 solum
1331 3176 1646 3233 ductoribus
1676 3193 1870 3231 eorum

261 3268 357 3323 sed
387 3277 443 3323 et
474 3269 876 3339 receptoribus,
908 3268 1246 3340 perniciosas
1282 3285 1402 3326 esse
1431 3286 1544 3325 non
1575 3270 1867 3343 ignoravit.

257 3362 349 3416 Sic
368 3360 518 3417 enim
542 3362 658 3433 ipse
684 3363 958 3417 Dominus
982 3378 1011 3416 a
1028 3364 1165 3418 Core
1193 3362 1415 3435 ejusque
1438 3364 1763 3436 sequacibus
1779 3380 1869 3420 sa-

254 3454 539 3510 criﬁcandi
586 3454 831 3510 ofﬁcium
887 3457 1275 3528 usurpantibus
1320 3458 1556 3530 reliquos
1607 3458 1747 3513 ﬁlios
1784 3460 1869 3513 Is-

254 3550 364 3603 rael
394 3548 679 3605 discedere
713 3550 997 3622 praecepit,
1045 3567 1113 3605 ne
1137 3552 1378 3621 peccatis
1406 3566 1600 3607 eorum
1625 3551 1863 3607 involve-

252 3651 467 3711 rentur,
498 3642 682 3716 sicque
703 3644 1079 3699 crudelissima
1108 3652 1287 3700 morte
1317 3661 1445 3700 cum
1476 3645 1679 3701 eisdem
1706 3644 1867 3700 dam-

251 3736 373 3791 nari
420 3744 784 3791 mererentur.
822 3740 969 3793 Nam
1040 3737 1142 3807 ipsi
1185 3736 1579 3807 hieresiarchze,
1620 3738 1871 3794 videlicet

252 3832 418 3897 Core,
447 3829 690 3896 Dathan,
718 3838 772 3885 et
810 3830 1043 3897 Abiron,
1067 3846 1196 3885 cum
1216 3831 1469 3887 universa
1499 3847 1691 3887 eorum
1721 3831 1873 3887 subs.

250 3924 429 3978 tantia
457 3923 561 3978 vivi
588 3923 655 3978 ad
700 3922 981 3979 infernum
1012 3939 1075 3978 ex
1107 3924 1412 3995 improviso
1437 3924 1865 3989 descenderunt;

250 4032 520 4088 sequaces
544 4032 674 4071 vero
718 4032 910 4072 eorum
943 4032 1037 4088 per
1067 4017 1253 4088 ignem
1298 4033 1329 4073 a
1373 4018 1611 4073 Domino
1656 4018 1868 4090 penitus

248 4110 511 4166 comburi
585 4119 906 4167 meruerunt
977 4110 1156 4181 (Num.
1201 4110 1352 4181 xvr).
1394 4112 1611 4165 Horum
1692 4111 1869 4183 itaque

250 4206 595 4260 subitaneam
626 4216 680 4259 et
702 4204 1139 4260 crudelissimam
1167 4204 1431 4260 ultionem
1460 4204 1536 4259 illi
1580 4204 1870 4275 diligenter

250 4298 560 4367 attendant,
601 4299 697 4371 qui
740 4307 928 4355 contra
961 4298 1261 4369 apostolica
1312 4306 1585 4369 praecepta
1636 4297 1869 4353 interdi-

254 4398 411 4444 ctum
449 4389 553 4445 sibi
582 4390 918 4446 sacerdotale
946 4390 1194 4446 officium
1236 4389 1511 4445 obstinata
1558 4390 1867 4445 temeritate

1979 3174 2110 3229 licus
2138 3190 2169 3229 a
2198 3176 2575 3230 sacratissimo
2604 3174 2787 3230 ofﬁcio
2825 3190 3199 3247 segregavere.
3249 3176 3418 3246 Igitur
3449 3175 3576 3246 qui-

1978 3283 2194 3337 cunque
2241 3268 2559 3338 hujusmodi
2608 3268 3051 3342 presbyterorum
3106 3268 3300 3323 missas
3346 3269 3576 3339 respuit,

1981 3361 2293 3416 nullatenus
2320 3370 2504 3416 tamen
2532 3361 2800 3433 superiori
2828 3360 3317 3417 Eustathianorum
3348 3362 3577 3417 anathe-

1978 3453 2113 3509 mati
2136 3453 2465 3525 subjacebit,
2484 3470 2611 3509 cum
2636 3454 2842 3525 optime
2864 3455 3127 3526 Apostolo
3154 3455 3457 3510 consentiat
3485 3456 3577 3527 qui

1976 3555 2030 3602 et
2071 3547 2443 3603 sacerdotibus
2479 3547 2877 3603 continentiam
2908 3548 3099 3604 indicit
3132 3558 3187 3603 et
3223 3547 3410 3604 ﬁdeles
3436 3565 3577 3620 prae-

1976 3640 2369 3697 varicatoribus
2410 3657 2732 3697 sermonum
2780 3641 2896 3713 ejus
2955 3640 3241 3698 admisceri
3292 3659 3401 3697 non
3453 3658 3577 3713 per-

1976 3734 2164 3791 mittit.
2220 3735 2541 3791 Notandum
2592 3744 2776 3790 autem
2828 3735 2978 3806 quod
3032 3744 3219 3792 noster
3261 3735 3577 3807 Gregorius,

1968 3829 2128 3901 juxta
2182 3838 2495 3886 sanctorum
2552 3831 2779 3884 Patrum
2842 3838 3069 3895 statuta,
3140 3827 3286 3900 prius
3344 3829 3579 3885 inconti-

1974 3930 2168 3977 nentes
2238 3922 2584 3995 presbyteros
2656 3922 2837 3977 ofﬁcio
2902 3922 3154 3993 privavit,
3224 3923 3577 3994 postmodum

1976 4017 2199 4088 populo,
2248 4032 2315 4071 ne
2366 4032 2559 4072 eorum
2618 4015 2797 4072 officia
2873 4016 3157 4088 reciperet,
3237 4016 3510 4071 interdixit
3562 4031 3576 4070 :

1977 4110 2120 4166 unde
2170 4126 2280 4165 non
2324 4119 2439 4165 tam
2487 4109 2948 4165 incontinentium
2993 4126 3157 4180 quam
3190 4126 3287 4180 pro
3334 4107 3579 4165 inconti-

1978 4205 2161 4259 nentia
2218 4202 2605 4258 damnatorum
2659 4202 2853 4258 missas
2913 4190 3447 4275 audire'prohibuit,
3509 4218 3579 4259 ne

1978 4306 2033 4352 et
2088 4295 2320 4368 populus
2376 4312 2434 4351 se
2473 4294 2631 4367 juxta
2671 4295 3083 4352 Antiochenum
3134 4297 3424 4352 concilium
3477 4296 3579 4351 sub

1977 4388 2545 4446 excommunicatione
2613 4397 2859 4460 poneret,
2916 4387 2963 4443 si
3006 4406 3198 4445 eorum
3250 4388 3425 4444 officia
3488 4405 3577 4444 re-

255 4496 561 4554 usurpant;
621 4500 722 4539 nec
765 4484 939 4539 otiose
988 4492 1226 4539 mortem
1282 4486 1441 4539 Osca:
1493 4483 1860 4548 considerent,
1894 4478 1946 4539 D
1976 4485 2157 4556 cipere
2208 4492 2586 4556 praesumeret.
2642 4485 2763 4554 Ipse
2823 4491 3008 4538 autem
3069 4482 3301 4553 Spiritus
3354 4491 3575 4537 sanctus

254 4580 374 4649 qui,
402 4595 531 4634 cum
558 4578 733 4633 David
762 4594 944 4634 arcam
974 4580 1199 4634 Domini
1228 4579 1295 4635 de
1316 4578 1615 4634 Philistiim
1647 4579 1698 4633 in
1722 4594 1865 4633 novo

255 4673 505 4744 plaustro
547 4672 850 4739 reduceret,
881 4689 911 4727 a
950 4672 1188 4727 Domino
1235 4688 1522 4744 percussus
1552 4671 1773 4743 interiit,
1802 4688 1867 4727 eo

254 4766 408 4835 quod
449 4781 653 4829 arcam,
706 4766 831 4821 licet
876 4765 990 4837 jam
1040 4782 1314 4833 casuram,
1358 4783 1527 4822 manu
1564 4774 1866 4822 sustentare

256 4858 689 4929 praesumpserit.
719 4858 776 4914 Si
813 4860 962 4913 enim
992 4857 1078 4913 ille
1106 4858 1309 4915 merito
1339 4859 1496 4930 periit
1539 4861 1628 4933 qui
1660 4870 1867 4918 temere

256 4950 511 5022 quidem,
548 4951 644 5006 sed
665 4950 922 5023 benigne,
950 4968 1135 5007 arcam
1165 4952 1384 5007 Domini
1428 4961 1642 5009 tantum
1666 4955 1866 5027 tetigit,

257 5052 470 5115 quanto
500 5045 674 5115 magis
703 5044 791 5099 ille
822 5046 916 5115 qui
964 5054 1159 5100 contra
1190 5042 1272 5101 fas
1313 5055 1364 5101 et
1396 5046 1491 5117 jus
1534 5046 1713 5119 ipsum
1744 5065 1867 5104 cor-

256 5153 365 5208 pus
410 5138 630 5192 Domini
676 5146 1021 5195 contrectare
1064 5138 1275 5212 sibique
1326 5139 1679 5211 incorporare
1725 5158 1865 5213 prae-

257 5228 433 5283 sumit
468 5229 764 5300 indignus?

332 5323 498 5377 XIX.
541 5322 778 5391 Quidam
824 5332 1012 5381 tamen
1061 5324 1192 5381 satis
1238 5323 1495 5397 imperite
1524 5336 1714 5383 nostro
1744 5344 1871 5399 apo-

218 5455 235 5475 ι.
260 5416 458 5470 stolico
492 5416 763 5487 objiciunt
800 5428 1057 5489 quartum
1102 5420 1442 5491 Gangrensis
1467 5420 1687 5475 concilii
1728 5422 1871 5493 capi-

258 5514 446 5567 tulum
470 5533 482 5566 :
512 5516 832 5586 Quicunque
859 5516 1115 5572 discernit
1132 5533 1160 5571 a
1184 5518 1500 5589 presbytero
1529 5519 1618 5589 qui
1639 5534 1871 5574 uxorem

259 5605 457 5660 habuit
484 5606 630 5676 quod
672 5623 785 5663 non
829 5616 1082 5679 oporteat
1110 5625 1175 5666 eo
1221 5612 1563 5668 ministrante
1599 5614 1667 5669 de
1717 5613 1872 5670 obla-

256 5700 416 5755 tione
443 5700 741 5772 percipere,
771 5702 1063 5759 anathema
1085 5704 1177 5758 sit.
1202 5706 1322 5761 Hoc
1352 5707 1518 5763 etiam
1543 5708 1871 5779 capitulum,

248 5796 413 5865 juxta
442 5795 595 5851 Petri
618 5797 852 5865 apostoli
880 5798 1313 5865 attestationem,
1338 5800 1394 5856 in
1434 5816 1596 5857 suam
1617 5801 1869 5873 ipsorum

557 5886 785 5941 ΡΑτιιοι..
824 5887 1084 5942 CXLVIII.

1976 4595 2073 4649 per
2101 4578 2404 4634 Samuelem
2445 4574 2768 4649 prophetam
2796 4576 2958 4632 docet
3004 4574 3269 4647 populum
3302 4582 3361 4629 ut
3407 4591 3578 4632 cano-

1977 4672 2114 4728 nicis
2145 4672 2583 4727 institutionibus
2607 4671 2777 4726 nostri
2820 4669 3105 4742 apostolici
3138 4669 3320 4740 potius
3357 4668 3582 4725 obediat

1974 4782 2139 4839 quam
2166 4764 2486 4836 hujusmodi
2530 4774 2996 4837 praesumptorum
3028 4763 3289 4817 sacriﬁcia
3331 4763 3384 4817 in
3433 4762 3571 4833 peri-

1972 4861 2157 4917 culum
2201 4875 2362 4915 suum
2405 4858 2655 4931 recipiat.
2688 4858 2833 4914 Dicit
2884 4858 3026 4913 enim
3061 4877 3074 4912 :
3104 4858 3290 4913 Melior
3345 4862 3424 4912 est
3464 4859 3579 4912 obe-

1974 4956 2179 5010 dientia
2221 4971 2385 5025 quam
2444 4956 2691 5017 victimae,
2742 4957 2792 5008 et
2830 4953 3133 5007 auscultare
3197 4954 3373 5021 magis
3412 4967 3575 5019 quam

1975 5049 2170 5119 afferre
2194 5050 2403 5118 adipem
2426 5050 2676 5111 arietum,
2707 5048 2959 5117 quoniam
2979 5049 3141 5115 quasi
3150 5051 3423 5115 peccatum
3443 5042 3579 5098 ario-

1976 5145 2134 5198 landi
2155 5148 2231 5198 est
2258 5159 2579 5213 repugnare,
2602 5146 2653 5196 et
2681 5143 2843 5210 quasi
2878 5141 3044 5195 scelus
3072 5140 3395 5193 idololatria:
3439 5138 3578 5192 nolle

1977 5241 2306 5308 acquiescere
2356 5238 2401 5305 (Ι
2431 5240 2557 5304 Reg.
2610 5239 2727 5300 xv).
2780 5233 2954 5305 Igitur
3001 5234 3232 5303 p0pulus
3263 5229 3575 5301 apostolicis

1977 5331 2237 5387 institutis
2265 5330 2525 5385 obediens
2554 5327 2990 5383 inobedientium
3022 5324 3367 5380 sacerdotum
3395 5324 3572 5379 officia

1979 5435 2033 5480 et
2076 5432 2419 5480 sacramenta
2467 5430 2699 5488 recusat,
2729 5438 2797 5476 ne
2846 5418 2961 5491 ipse
3004 5418 3215 5473 crimen
3256 5417 3577 5471 idololatriae

1980 5534 2076 5590 per
2100 5516 2526 5574 iuobedientiam
2558 5515 2820 5570 incurrat.
2854 5514 2991 5567 Item
3021 5511 3292 5566 Dominus
3308 5510 3433 5565 alibi
3462 5524 3581 5580 pro-

1978 5619 2209 5667 testatur
2252 5631 2269 5667 :
2332 5608 2755 5665 Misericordiam
2817 5605 2950 5671 volo,
3007 5608 3057 5658 et
3104 5620 3211 5657 non
3267 5605 3580 5670 sacriﬁcium

1979 5707 2197 5775 (Matth.
2224 5710 2333 5771 Ix),
2364 5704 2556 5775 quibus
2582 5700 2783 5756 scilicet
2814 5698 3032 5769 placens
3062 5698 3199 5761 Deo,
3236 5704 3294 5748 ut
3326 5709 3417 5763 per
3442 5693 3578 5746 ohe-

1978 5801 2245 5857 dientiam
2270 5798 2447 5871 potius
2474 5794 2674 5852 animae
2702 5807 2815 5848 suae
2842 5791 3169 5845 misereatur
3198 5787 3380 5851 (Eccli.
3407 5782 3580 5854 xxx),

3152 5879 3220 5929 25
