4048 6174
524 265 627 318 779

1237 256 1291 311 S.
1335 254 1655 310 GREGORII
1685 252 1776 307 νη
1814 252 1963 307 ΟΡΡ.
2003 249 2179 306 PARS
2218 246 2303 305 lli.
2346 277 2414 290 -
2452 247 2762 303 CONCILIA
2800 244 3104 300 ROMANA.

3714 242 3816 294 780

522 387 609 443 cui
643 386 990 459 potissimum
1036 390 1121 438 est
1147 378 1542 446 miserendum,
1574 393 1742 449 quam
1770 392 1896 432 cum
1925 376 2116 432 inobe-
2144 378 2196 443 Α
2231 373 2617 431 hzeresiarchis
2654 370 2821 427 ﬁdem
2863 377 3180 426 sanctorum
3208 369 3431 422 Patrum
3468 364 3818 437 impugnent,

524 480 749 547 dientia,
781 488 872 534 aut
900 493 994 549 per
1022 491 1079 530 se
1124 480 1215 529 aut
1240 474 1409 529 alium
1438 471 1678 527 Domino
1710 468 1911 527 offerat
1954 469 2121 526 sacri—

528 574 733 629 ﬁcium.
786 572 945 627 Libet
984 578 1165 625 autem
1212 567 1552 623 considerare
1609 582 1775 637 quam
1833 566 2125 621 clementer

525 676 711 723 noster
748 664 1073 736 apostolicus
1118 664 1281 718 etiam
1326 662 1469 733 ipsos
1507 669 1912 730 contemptores
1958 675 2120 714 cano-

526 777 661 816 num
693 760 751 814 in
776 758 1148 829 superioribus
1182 757 1407 812 statutis
1436 754 1713 820 tractavit,
1746 769 1884 825 quos
1908 761 2121 807 tantum

528 870 560 910 a
588 854 679 909 tali
711 852 894 908 ofﬁcio
926 852 1177 917 removit,
1212 850 1359 921 quod
1389 858 1574 904 tamen
1606 847 1911 902 nullatenus
1940 847 2039 901 nisi
2068 846 2123 899 in

524 945 826 1020 perniciem
855 962 1011 1002 suam
1041 945 1313 1000 celebrare
1340 951 1585 1015 possent,
1617 942 1662 997 si
1697 940 1971 996 canonicis
1998 956 2125 995 san-

524 1040 799 1097 ctionibus
829 1048 1194 1112 repugnantes
1231 1038 1413 1109 ipsum
1443 1036 1703 1107 Spiritum
1725 1043 1975 1091 sanctum
2004 1033 2127 1088 bla-

527 1135 812 1207 sphemare
854 1151 965 1189 non
994 1132 1333 1188 desisterent.
1364 1134 1619 1202 Ipsorum
1655 1145 1781 1185 sane
1810 1129 2126 1185 diuturnam

527 1229 951 1285 obstinationem
994 1226 1323 1300 jamdudum
1371 1226 1549 1279 acrius
1595 1223 1937 1294 plectendam
1980 1239 2127 1277 non-

527 1322 664 1379 dum
702 1322 881 1378 debita
910 1321 1187 1376 severitate
1229 1318 1457 1390 punivit.
1500 1317 1603 1373 Sed
1649 1318 1788 1385 illos,
1829 1325 1890 1371 ut
1934 1318 2126 1371 saltem

527 1415 707 1472 adhuc
740 1416 982 1471 redirent
1010 1413 1079 1469 ad
1108 1430 1224 1481 cor,
1270 1422 1497 1483 paterno
1526 1410 1729 1466 affectu
1774 1409 2123 1481 exspectavit,

528 1517 591 1566 ut
612 1510 694 1565 vel
726 1511 781 1564 in
802 1508 908 1565 hoc
928 1525 1084 1564 suam
1110 1507 1525 1563 damnationem
1545 1520 1877 1577 cognoscere
1906 1504 2123 1573 vellent,

528 1620 654 1659 cum
682 1603 943 1675 populum
969 1619 999 1657 a
1025 1601 1352 1673 recipiendis
1382 1616 1577 1656 eorum
1608 1597 1803 1655 ofﬁciis
1822 1597 2127 1670 justissima

528 1696 869 1769 prohibitum
898 1712 1094 1767 negare
1132 1712 1241 1751 non
1282 1702 1519 1766 possent.

596 1794 732 1847 ΧΧ.
766 1822 832 1830 -
859 1791 1131 1846 Fortassis
1160 1797 1347 1845 autem
1378 1788 1571 1860 aliquis
1595 1786 1723 1842 dicit
1748 1805 1761 1841 :
1804 1787 1916 1841 Cur
1942 1792 2130 1841 noster

526 1885 823 1958 Gregorius
842 1892 956 1939 tam
985 1884 1257 1939 contraria
1288 1890 1490 1939 nostris
1519 1879 1899 1937 consuetudini
1928 1887 2127 1935 statuta

525 1979 799 2036 observari
843 1978 1181 2050 praeceperit,
1228 1994 1326 2032 cur
1366 1993 1475 2031 non
1508 1976 1689 2047 potius
1716 1983 1963 2029 nostram
1993 1990 2127 2029 con-

535 2072 883 2129 suetudinem
932 2071 1081 2143 quasi
1124 2070 1469 2125 misericordi
1515 2068 1949 2123 dissimulatione
1996 2054 2131 2123 tolei

534 2167 707 2222 rarit?
746 2165 851 2222 Sed
882 2165 970 2219 ille
997 2164 1178 2219 audiat
1219 2163 1352 2235 quid
1380 2166 1445 2217 B.
1480 2164 1590 2217 Leo
1630 2178 1785 2233 papa,
1817 2160 1908 2233 qui
1946 2177 2125 2217 sacra-

526 2260 738 2314 tissimo
789 2256 1220 2315 Chalcedonensi
1270 2256 1501 2311 concilio
1542 2255 1784 2325 praefuit,
1834 2254 2125 2324 decernat;

527 2353 621 2425 qui
650 2353 893 2407 Anatolii
937 2351 1181 2423 praesulis
1227 2349 1821 2421 Constantinopolitani
1863 2365 2126 2420 praesum-

525 2447 770 2518 ptionem
801 2445 1062 2502 cohibens
1109 2446 1179 2500 ita
1214 2444 1579 2515 pronuntiat:
1620 2443 1767 2515 quod
1812 2444 1866 2497 in
1914 2453 2126 2498 reatum

523 2540 763 2597 Romani
816 2539 1088 2611 pontiﬁcis
1132 2538 1443 2610 deputetur,
1476 2538 1519 2592 si
1550 2536 1822 2593 institutio
1852 2552 2126 2591 canonum

517 2651 627 2690 non
660 2633 1004 2705 prohibente,
1049 2641 1105 2687 et
1137 2632 1191 2686 in
1232 2632 1337 2687 hoc
1357 2631 1509 2702 quasi
1556 2631 1879 2685 connivente
1923 2630 2125 2685 alicubi

520 2728 768 2783 violetur.
806 2730 948 2781 Item
982 2726 1359 2781 sanctissimus
1390 2724 1563 2779 nostri
1607 2723 1892 2795 apostolici
1934 2723 2126 2779 homo-

522 2837 721 2893 nymus
767 2821 1013 2875 scribens
1063 2819 1267 2873 Victori
1319 2817 1574 2889 episcopo
1634 2816 1773 2872 hanc
1821 2816 2124 2872 terribilem

515 2922 569 2970 et
592 2914 899 2987 generalem
932 2912 1263 2969 sententiam
1308 2912 1536 2983 protulit
1568 2933 1579 2967 :
1625 2911 1883 2983 Quisquis
1910 2910 1978 2965 ad
2011 2910 2117 2966 hoc

514 3007 744 3077 facinus,
776 3007 1025 3063 videlicet
1053 3007 1382 3062 Simoniacze
1428 3014 1520 3059 aut
1562 3004 1967 3077 neophytorum
1998 3004 2115 3060 hae-

512 3118 715 3171 reseos,
745 3100 1153 3157 emendandum
1184 3097 1350 3155 ofﬁcii
1378 3099 1458 3155 sui
1481 3098 1915 3153 consideratione
1942 3097 2113 3153 vehe-

512 3205 728 3251 menter
755 3212 865 3251 non
890 3195 1103 3262 arserit,
1129 3210 1257 3249 cum
1284 3195 1401 3264 ipso
1442 3208 1499 3247 se
1524 3192 1723 3247 habere
1753 3207 1866 3248 non
1905 3190 2116 3246 dubitet

511 3290 818 3361 portionem
857 3306 888 3344 a
936 3303 1043 3360 quo
1095 3287 1245 3359 prius
1294 3287 1396 3342 hoc
1437 3286 1701 3358 piaculare
1750 3286 2015 3355 ﬂagitium
2061 3294 2117 3341 et

509 3384 717 3438 crimen
748 3383 985 3454 sumpsit
1009 3381 1317 3437 exordium.
1349 3381 1524 3453 Igitur
1544 3388 1597 3434 et
1637 3380 1722 3435 ille
1755 3380 2115 3435 nihilominus

511 3476 742 3532 Ebionis
772 3476 1151 3533 haeresiarchas
1180 3474 1447 3547 particeps
1476 3474 1769 3547 detegitur,
1801 3474 2114 3546 quicunque

510 3587 608 3643 pro
639 3570 822 3625 debito
853 3569 1017 3625 ofﬁcii
1044 3568 1185 3624 illius
1218 3568 1496 3636 haeresim,
1526 3567 1579 3623 id
1605 3576 1689 3623 est
1711 3566 1997 3623 Judaicam
2028 3567 2111 3621 in-

512 3663 932 3729 continentiam,
966 3662 1245 3717 modernis
1271 3662 1644 3717 sacerdotibus
1683 3661 1972 3731 prohibcre
2000 3678 2113 3717 non

511 3754 799 3812 studuerit.
829 3756 949 3825 Ipsa
968 3769 1192 3826 quoque
1218 3754 1583 3809 sacratissima
1610 3753 1861 3821 concilia,
1894 3770 1960 3810 ex
1986 3753 2110 3825 qui-

509 3849 611 3905 bus
638 3857 840 3904 statuta
864 3847 1039 3903 nostri
1080 3847 1369 3918 apostolici
1396 3847 1792 3919 proﬁuxerant,
1821 3847 1959 3903 adeo
1989 3863 2110 3902 am-

508 3943 713 4016 plexati
741 3950 868 3997 sunt
893 3941 1068 3996 sancti
1104 3944 1306 4007 Patres,
1333 3948 1415 4007 ut,
1460 3940 1604 3995 sicut
1631 3941 1879 4011 ipsorum
1909 3941 2111 4012 scripta

507 4044 801 4104 testantur,
849 4034 1035 4106 potius
1074 4032 1281 4105 seipsos
1326 4033 1557 4089 diversis
1588 4033 1878 4089 tormentis
1916 4033 2106 4107 afﬂigi,

442 4138 443 4141 “
508 4131 623 4186 imo
652 4146 709 4185 se
752 4128 933 4201 potius
961 4127 1249 4183 crudeliter
1297 4127 1471 4183 occidi
1518 4126 1899 4199 permitterent
1940 4144 2106 4200 quam

508 4224 859 4280 violatoribus
887 4221 1205 4278 earumdem
1248 4222 1591 4277 sanctionum
1626 4221 1934 4277 consentire
1991 4222 2106 4278 vel-

508 4320 639 4374 lent.
666 4318 752 4374 Ob
775 4317 917 4372 hanc
942 4332 1167 4373 causam
1188 4331 1417 4388 magnus
1444 4315 1771 4372 Athanasius
1800 4315 2108 4389 patriarcha

506 4412 902 4469 Alexandrinus
945 4420 1070 4483 post
1105 4410 1347 4466 diversas
1394 4410 1729 4466 calamitates
1766 4411 1825 4465 in
1863 4411 2110 4466 exsilium

505 4506 844 4579 deportatur.
878 4505 962 4561 Ob
992 4505 1099 4560 hoc
1142 4506 1309 4560 etiam
1354 4504 1501 4559 Felix
1544 4521 1681 4576 papa
1726 4506 2016 4559 Romanus
2044 4505 2110 4560 ab

506 4601 819 4671 episcopatu
856 4599 1133 4670 depositus
1175 4598 1443 4670 martyrio
1481 4598 1681 4670 legitur
1707 4608 2021 4663 coronatus,
2056 4606 2110 4653 et

505 4693 663 4747 multi
694 4694 813 4765 ejus
858 4692 1174 4764 presbyteri,
1222 4692 1478 4747 diacones
1512 4700 1565 4747 et
1595 4691 1793 4765 reliqui
1834 4708 1899 4747 ex
1938 4694 2106 4761 clero,

502 4786 669 4841 etiam
692 4786 836 4840 intra
863 4784 1187 4851 Ecclesiam,
1210 4786 1280 4839 ob
1297 4784 1553 4841 eamdem
1576 4800 1817 4854 causam,
1833 4784 1962 4842 heu!
1979 4803 2099 4843 cru-

498 4875 778 4943 delissime
815 4877 981 4933 occisi
1022 4877 1299 4947 leguntur,
1349 4876 1599 4933 videlicet
1639 4879 1763 4950 quia
1814 4880 2100 4936 sectatori-

503 4972 610 5031 hns
657 4972 773 5027 Arii
821 4971 873 5026 in
936 4970 1293 5026 violationem
1337 4971 1549 5028 Nicazni
1592 4972 1806 5028 concilii
1849 4975 2098 5029 assentiri

497 5066 779 5123 nolebant.
800 5067 933 5121 Haec
956 5072 1141 5119 autem
1167 5072 1220 5120 et
1240 5064 1560 5136 hujusmodi
1586 5065 1999 5122 innumerabilia
2034 5084 2096 5124 ex

501 5159 877 5218 ecclesiasticis
947 5156 1191 5213 historiis
1275 5156 1486 5213 affatim
1540 5158 1791 5229 colligere
1856 5162 2086 5230 poteris.

498 5256 659 5311 Dicat
686 5270 813 5327 ergo
842 5252 1014 5324 quivis
1059 5250 1343 5324 quomodo
1386 5259 1575 5307 noster
1603 5252 1934 5322 apostolicus
1976 5255 2095 5311 sine

498 5360 599 5407 Suo
627 5347 866 5420 periculo
906 5354 999 5401 aut
1029 5345 1209 5416 potius
1246 5344 1411 5399 exitio
1441 5344 1709 5416 negligere
1740 5355 1919 5417 posset
1960 5349 2093 5419 quin

496 5451 611 5498 tam
658 5440 1051 5497 iuevitabilium
1096 5438 1467 5505 sanctionum,
1516 5454 1624 5492 non
1663 5438 1782 5494 dico
1814 5440 2091 5498 violatori-

497 5537 619 5603 bus,
650 5535 746 5591 sed
771 5531 1265 5605 impugnatoribus,
1301 5548 1364 5587 ex
1395 5531 1580 5588 debito
1632 5532 1801 5589 ofﬁcii
1849 5538 1932 5592 sui
1987 5522 2111 5594 ob?

492 5631 684 5699 viaret,
714 5628 910 5702 quibus
941 5627 1091 5698 ipsos
1131 5634 1347 5682 sanctos
1375 5630 1562 5683 Patres
1601 5627 1764 5683 etiam
1814 5646 1984 5703 usque
2021 5632 2090 5687 ad

492 5725 813 5800 sanguinem
850 5721 1111 5779 restitisse
1148 5737 1258 5776 non
1300 5722 1597 5793 ignoraret.
1640 5722 1896 5791 Quamvis
1939 5725 2088 5781 enim

494 5819 660 5876 modo
688 5817 909 5892 quidam
937 5832 1050 5875 non
1087 5824 1201 5872 tam
1231 5824 1418 5888 aperte
1451 5832 1577 5874 cum
1606 5816 1738 5874 Ario
1779 5825 1833 5875 et
1862 5818 2087 5889 reliquis

2229 477 2415 524 tamen
2445 482 2638 523 eorum
2667 464 2969 519 moralibus
3015 462 3234 519 statutis
3282 477 3409 516 cum
3448 461 3566 532 ipsa
3598 458 3825 529 quidem

2230 562 2336 619 ﬁde
2354 578 2448 634 per
2458 560 2677 617 eosdem
2694 567 2910 614 sanctos
2933 561 3118 613 Patres
3139 556 3335 612 eodem
3357 563 3604 626 tempore
3626 552 3819 609 eadem

2231 656 2628 729 subscriptione
2674 653 2947 709 roboratis
2989 651 3255 707 obstinate
3288 650 3572 713 resistunt,
3605 663 3727 719 qua?
3770 655 3823 703 et

2231 768 2359 808 eum
2392 752 2581 805 eadem
2607 747 2713 803 ﬁde
2742 763 2807 804 ex
2837 747 3202 803 sacratissimo
3232 743 3382 799 fonte
3418 742 3822 814 Scripturarum

2232 852 2641 901 emanaverunt.

2304 938 2409 995 Sed
2436 939 2494 992 in
2537 937 2637 992 hac
2665 951 2857 992 eorum
2886 932 3280 990 nefandissima
3312 931 3609 988 rebellione
3652 929 3821 987 etiam

2234 1032 2405 1106 ipsam
2431 1031 2593 1087 ﬁdem
2623 1030 2792 1086 sancti
2818 1032 3004 1084 Patres
3028 1029 3337 1110 probantur
3366 1026 3667 1090 adnullare,
3694 1041 3823 1080 cum

2234 1128 2292 1182 in
2317 1125 2645 1181 authenticis
2670 1122 3037 1179 sanctionibus
3065 1122 3443 1178 auctoritatem
3466 1119 3689 1175 illorum
3726 1135 3825 1190 pro

2234 1221 2406 1276 nihilo
2430 1220 2637 1275 ducunt
2653 1219 2743 1291 qui
2773 1228 2827 1275 et
2849 1217 3015 1273 ﬁdem
3040 1232 3141 1272 sua
3172 1216 3493 1272 auctoritate
3520 1214 3826 1269 conﬁrma-

2236 1324 2446 1371 verunt.
2480 1314 2796 1371 Nullatenus
2838 1328 2965 1368 sane
3004 1311 3161 1366 alicui
3206 1310 3338 1366 ﬁdes
3372 1317 3694 1365 sanctorum
3722 1312 3823 1363 Pa-

2235 1420 2381 1466 trum
2408 1407 2649 1480 proderit
2676 1406 2766 1479 qui
2793 1423 2983 1462 eorum
3009 1404 3286 1461 canonicis
3322 1412 3485 1477 atque
3526 1403 3827 1459 moralibus

2236 1503 2521 1576 prameptis
2550 1519 2661 1558 non
2678 1500 2916 1568 obedire,
2940 1500 3037 1556 sed
3061 1500 3406 1573 pertinaciter
3432 1500 3686 1554 resistere
3714 1506 3827 1553 stu-

2235 1598 2447 1664 duerit;
2496 1613 2644 1664 nam,
2702 1604 2763 1651 ut
2791 1595 3027 1651 Iacobus
3069 1593 3237 1649 frater
3286 1593 3507 1649 Domini
3541 1601 3821 1648 testatur:

2235 1692 2396 1749 Fides
2425 1694 2539 1747 sine
2566 1692 2812 1761 operibus
2840 1694 3061 1743 mortua
3091 1693 3165 1742 est
3210 1688 3339 1759 (Jac.
3390 1692 3493 1755 II);
3524 1688 3741 1758 qualem
3774 1694 3825 1742 et

2235 1786 2516 1843 daemones
2558 1785 2758 1840 habere
2800 1783 3019 1841 fatetur.
3069 1785 3195 1837 Non
3225 1797 3355 1854 ergo
3404 1782 3706 1836 minusest
3737 1797 3820 1836 re-

2234 1879 2539 1937 sistendum
2560 1878 2931 1951 pertinacibus
2954 1875 3395 1933 authenticarum
3418 1875 3822 1930 institutionum

2232 1974 2703 2047 impugnatoribus
2732 1988 2895 2044 quam
2916 1984 3095 2027 sacra:
3125 1970 3251 2026 ﬁdei
3279 1968 3659 2035 violatoribus,
3693 1985 3823 2025 eum

2236 2080 2292 2124 et
2334 2066 2684 2123 daemonibus
2721 2066 3090 2121 assimilentur
3154 2063 3465 2136 quicunque
3518 2062 3825 2119 institutio-

2234 2177 2363 2217 nem
2392 2170 2706 2218 sanctorum
2737 2163 2961 2216 Patrum
2990 2158 3044 2214 in
3074 2158 3185 2214 ﬁde
3205 2166 3421 2213 tantum
3439 2165 3493 2213 et
3516 2174 3631 2212 non
3656 2159 3823 2212 etiam

2234 2254 2289 2310 in
2335 2254 2751 2311 conversatione
2792 2256 2891 2325 pro
2940 2254 3142 2308 viribus
3207 2260 3565 2319 assectantur,
3611 2252 3704 2322 qui
3774 2258 3828 2306 et

2234 2350 2468 2421 culpam,
2501 2350 2625 2420 quia
2668 2348 2972 2404 humanum
3013 2346 3118 2402 fuit
3144 2346 3507 2411 committere,
3553 2344 3829 2401 diabolica

2232 2443 2491 2498 instinctu
2518 2459 2628 2497 non
2654 2442 2854 2497 timent
2873 2442 3219 2513 pertinaciter
3247 2438 3553 2496 defendere.
3579 2440 3830 2510 Amplius

2233 2538 2415 2608 ipsum
2446 2541 2556 2594 Vas
2586 2536 2865 2591 electionis
2894 2537 2949 2591 in
2979 2552 3074 2592 sua
3108 2551 3339 2607 persona
3370 2534 3626 2589 omnibus
3651 2534 3827 2589 eccle-

2231 2631 2459 2686 siasticis
2487 2630 2795 2701 pastoribus
2818 2629 2949 2684 dicit
2983 2648 2994 2683 :
3026 2631 3085 2683 Si
3113 2630 3576 2698 mmngelimvero,
3601 2644 3705 2681 non
3739 2636 3825 2683 est

2231 2725 2366 2778 mihi
2383 2725 2580 2796 gloria,
2601 2727 2883 2779 necessitas
2905 2726 3041 2778 enim
3066 2723 3212 2777 mihi
3231 2724 3533 2787 incumbit;
3575 2738 3651 2774 me
3673 2723 3827 2775 enim

2233 2824 2311 2872 est
2335 2818 2494 2880 mihi,
2527 2820 2577 2871 si
2598 2834 2701 2873 non
2722 2819 3154 2886 evangelizavero
3175 2818 3223 2887 (Ι
3246 2819 3361 2873 Cor.
3392 2819 3502 2883 Ix).
3524 2815 3826 2883 Quomodo

2227 2927 2355 2983 ergo
2384 2919 2571 2966 noster
2603 2911 2934 2983 apostolicus
2963 2910 3108 2965 istud
3138 2927 3217 2964 ea!
3265 2909 3650 2981 subterfugere
3699 2926 3826 2981 pos-

2223 3012 2325 3073 set,
2351 3005 2395 3060 si
2420 3021 2636 3077 gregem
2664 3005 2768 3060 sibi
2797 3006 3161 3061 commissum
3185 3005 3339 3076 juxta
3364 3003 3529 3075 ipsius
3571 3003 3825 3075 Apostoli

2225 3108 2491 3171 praecepta
2534 3100 2813 3153 instituere
2853 3099 3186 3171 negligeret?
3225 3100 3456 3154 Sanctus
3487 3098 3655 3153 etiam
3700 3097 3826 3168 Spi-

2145 3158 2190 3222 Ο
2224 3194 2361 3248 ritus
2404 3208 2499 3264 per
2541 3192 2880 3247 Ezechielem
2926 3158 3268 3265 Vprbphetam
3333 3191 3559 3246 cuilibet
3614 3158 3823 3262 pastori

2222 3287 2520 3343 terribilem
2552 3286 2815 3359 prOponit
2861 3285 3234 3342 conditionem
3269 3308 3288 3342 .-
3343 3288 3421 3348 Si,
3469 3286 3665 3367 inquit,
3722 3302 3825 3339 non

2221 3383 2433 3437 diceet-is
2456 3384 2751 3453 peccatori,
2805 3385 2977 3438 Morte
3024 3382 3325 3449 morieris,~
3346 3386 3395 3435 et
3424 3381 3722 3435 ostenderis
3766 3384 3826 3434 ut

2221 3477 2436 3531 recedat
2465 3478 2532 3529 ab
2562 3475 2949 3546 iniquitatibus
2970 3477 3105 3539 suis,
3128 3477 3239 3545 ipse
3266 3475 3482 3547 quidem
3506 3476 3563 3528 in
3590 3478 3823 3544 peccatis

2219 3573 2328 3625 suis
2356 3573 2635 3639 morietur,
2678 3572 2995 3641 sanguinem
3034 3574 3217 3623 autem
3254 3568 3367 3638 ejus
3419 3570 3483 3623 de
3524 3585 3689 3622 manu
3730 3574 3822 3622 tua

2217 3667 2517 3733 requiram.
2551 3666 2612 3718 Si
2635 3669 2815 3718 autem
2853 3664 3081 3726 dixeris,
3114 3668 3163 3716 et
3192 3664 3286 3717 ille
3348 3665 3730 3731 contempserit
3775 3668 3821 3716 et

2218 3773 2321 3811 non
2371 3756 2652 3819 obedierit,
2682 3758 2772 3810 ille
2795 3760 2853 3811 in
2908 3758 3191 3811 sceleribus
3241 3758 3353 3811 suis
3404 3759 3693 3823 morietur,-
3764 3762 3819 3811 tu

2184 3860 2187 3861 '
2219 3855 2400 3905 autem
2427 3851 2670 3904 (mimum
2700 3855 2853 3905 tuam
2885 3852 3141 3905 liberabis
3172 3851 3384 3919 (Ezech.
3417 3850 3669 3920 XXXIII).
3701 3851 3820 3904 Hac

2218 3943 2437 4016 quidem
2485 3944 2839 4000 translatione
2885 3946 2941 4001 S.
2989 3945 3329 4017 Augustinus
3371 3944 3427 3999 in
3470 3959 3725 3999 sermone
3754 3943 3824 3999 de

2216 4039 2425 4110 psalmo
2456 4053 2604 4094 XLIX
2633 4040 2826 4104 utitur,
2859 4038 3154 4111 statimque
3178 4038 3293 4094 suis
3317 4037 3652 4094 auditoribus
3678 4037 3818 4092 sub-

2208 4132 2389 4205 jungit
2423 4151 2434 4186 :
2468 4134 2605 4188 Dico
2637 4132 2999 4199 vobis,libero
3019 4132 3263 4188 animam
3292 4148 3505 4200 meam;
3536 4132 3588 4186 in
3608 4145 3816 4202 magno

2220 4226 2370 4282 enim
2421 4242 2544 4282 sum
2595 4243 2706 4281 non
2751 4225 2990 4297 periculo
3055 4225 3149 4282 sed
3227 4225 3395 4282 exitio
3457 4226 3819 4295 constitutus,

2218 4320 2264 4375 si
2294 4324 2533 4376 tacuero.
2564 4320 2699 4375 Satis
2725 4336 2858 4391 ergo
2887 4327 3035 4392 patet
3068 4336 3233 4391 quam
3265 4320 3541 4375 immerito
3590 4319 3819 4390 quidam

2218 4424 2411 4470 nostro
2467 4415 2766 4486 apostolico
2816 4431 2915 4486 pro
2972 4413 3343 4486 superioribus
3398 4414 3616 4469 statutis
3668 4413 3817 4469 indi-

2138 4516 2451 4614 I)gnentur
2505 4508 2595 4579 qui
2648 4517 2760 4564 tam
2832 4508 3127 4564 inevitabili
3195 4508 3519 4564 necessitate
3587 4517 3819 4563 coactus

2219 4602 2413 4659 eadem
2462 4600 2758 4658 lnstituisse
2812 4602 3100 4675 detegitur,
3158 4602 3405 4658 videlicet
3456 4617 3525 4657 ne
3574 4602 3819 4673 propriae

2216 4695 2411 4751 mortis
2439 4696 2645 4751 crimen
2670 4694 2990 4764 incurreret,
3021 4694 3068 4752 si
3092 4710 3193 4753 nos
3217 4712 3281 4752 ex
3312 4694 3498 4751 debito
3524 4691 3696 4749 ofﬁcii
3732 4694 3819 4749 sui

2209 4790 2496 4849 instituere
2523 4790 2843 4863 negligeret.

2273 4886 2431 4939 XXI.
2476 4888 2743 4941 Praeterea
2772 4883 2819 4939 si
2870 4883 2941 4939 ob
2986 4881 3091 4939 hoc
3132 4891 3321 4939 nostro
3368 4881 3671 4954 apostolico
3730 4881 3817 4936 in-

2206 4977 2423 5052 dignari
2469 4988 2742 5053 satagunt,
2788 4995 2886 5034 cur
2932 4994 3045 5034 non
3097 4977 3274 5049 potius
3311 4977 3414 5033 illis
3450 4979 3554 5033 318
3604 4978 3819 5032 sanctis

2201 5072 2455 5128 Patribus
2477 5072 2535 5127 in
2554 5073 2737 5128 Nicaea
2755 5072 3124 5145 congregatis,
3144 5078 3205 5126 ut
3230 5071 3411 5143 Vorte,
3437 5077 3553 5137 aut,
3576 5072 3810 5137 [nam]

2198 5171 2304 5222 630
2334 5166 2587 5222 Patribus
2610 5165 2667 5220 in
2693 5165 3043 5222 Chalcedone
3074 5164 3419 5237 congregatis
3443 5173 3499 5220 et
3518 5162 3817 5219 coaduna~

2200 5260 2270 5315 tis
2298 5259 2675 5332 indignantur,
2703 5258 2817 5330 qui,
2842 5267 2902 5314 ut
2922 5258 3246 5330 praedictum
3272 5266 3371 5321 est,
3399 5265 3587 5312 contra
3616 5255 3814 5311 Simo-

2200 5352 2388 5408 niacos
2452 5361 2506 5408 et
2562 5352 2970 5408 incontinentes
3038 5351 3224 5407 altaris
3272 5350 3551 5406 ministros
3626 5349 3818 5405 multo

2200 5447 2438 5502 acriores
2460 5446 2761 5501 sententias
2792 5446 3136 5516 protulerunt
3164 5461 3330 5518 quam
3368 5453 3554 5500 noster
3584 5451 3819 5515 aposto-

2198 5538 2355 5594 licus.
2397 5538 2756 5611 Indignentur
2780 5555 2907 5594 sane
2957 5539 3302 5595 sanctissimo
3322 5554 3476 5611 papae
3504 5537 3811 5603 Clementi,

2196 5632 2289 5703 qui
2338 5633 2601 5705 martyrio
2667 5648 2761 5688 sua
2800 5631 2982 5688 decret
3024 5631 3427 5698 contirmavita,
3470 5646 3636 5702 quem
3690 5630 3815 5701 ipse

2195 5725 2446 5799 princeps
2490 5725 2590 5782 sibi
2626 5742 2997 5784 successorem
3026 5726 3342 5783 destinavit.
3394 5724 3621 5797 Legitur
3647 5724 3808 5779 enim

2192 5817 2252 5877 in
2277 5818 2509 5879 decretis
2535 5821 2672 5893 eius,
2710 5838 2829 5895 cap.
2858 5829 2948 5894 46,
2979 5822 3127 5895 quod
3147 5821 3547 5879 incontinentes
3577 5820 3813 5891 penitus
