4024 6170
181 332 274 386 781

1423 323 1783 381 CONCILIUM
1822 326 2153 381 ROMANUM
2192 327 2233 379 Ι.

1956 150 1973 179 Ι

3374 338 3475 390 782

178 453 248 510 ab
268 452 459 509 altaris
488 451 674 509 ofﬁcio
699 452 1012 521 removerit,
1039 452 1188 524 quod
1208 453 1376 509 etiam
1404 451 1765 509 cohabitatio-
1794 456 1849 519 Α
1883 466 2224 523 prazprOpere
2264 451 2350 525 agi
2392 468 2423 508 a
2464 468 2790 527 quacunque
2827 464 2978 527 parte
3022 456 3291 525 videatur,
3359 459 3481 530 quia

176 562 310 603 nem
359 555 738 610 extranearum
774 546 1107 604 feminarum
1163 548 1374 603 clericis
1410 547 1769 619 prohibuerit,

176 640 331 713 quod
400 641 695 698 violatores
779 641 1089 713 hujusmodi
1142 641 1495 698 institutionis
1550 657 1772 713 prorsus

176 734 740 792 anathematizaverit.
824 735 1179 807 Indignentur
1237 736 1404 792 etiam
1460 735 1770 792 beatissimo

177 845 333 903 papae
392 829 669 900 Silvestro,
719 829 814 903 qui
876 830 937 885 in
988 831 1285 903 apostolica
1330 830 1456 887 sede
1502 829 1770 886 constitu-

173 931 263 979 tus
327 924 775 981 incontinentiam
837 924 1006 981 totius
1050 923 1243 980 mundi
1310 924 1665 997 presbyteris,
1712 932 1772 979 ut

177 1016 512 1090 praedictum
555 1025 660 1087 est,
692 1017 997 1090 prohibuit,
1049 1027 1104 1074 et
1142 1034 1332 1075 omnes
1373 1017 1500 1073 huic
1552 1019 1771 1075 decreto

176 1121 547 1185 repugnantes
598 1112 654 1167 in
723 1121 1050 1185 perpetuum
1118 1112 1466 1169 damnandos
1512 1127 1629 1169 esse
1682 1112 1774 1169 de-

176 1205 367 1262 crevit.
407 1205 774 1279 Indignentur
808 1205 972 1263 etiam
1018 1206 1179 1262 beato
1248 1206 1476 1279 martyri
1528 1209 1772 1262 Damaso

175 1314 357 1373 papae,
387 1300 543 1372 cujus
570 1301 894 1357 auctoritate
922 1300 1161 1358 secunda
1192 1300 1512 1357 universalis
1531 1298 1775 1373 synodus

172 1394 783 1467 Constantinopolitana
801 1394 1002 1466 legitur
1028 1394 1303 1451 roborata.
1332 1396 1477 1451 Item
1506 1393 1776 1450 sanctissi-

178 1504 274 1545 mo
306 1503 464 1561 papa:
494 1489 668 1544 Leoni
691 1487 1225 1545 Chalcedonensium
1250 1504 1525 1546 canonum
1545 1487 1772 1551 auctori,

173 1598 421 1655 quorum
446 1591 674 1656 uterque
701 1582 892 1640 eadem
931 1591 985 1639 et
1014 1583 1311 1654 apostolica
1358 1583 1681 1640 auctoritate
1719 1582 1777 1637 in

173 1676 421 1734 decretis
450 1677 586 1745 suis,
644 1677 734 1733 ille
762 1677 1010 1751 quidem,
1042 1694 1159 1750 cap.
1192 1685 1245 1744 4,
1286 1677 1377 1733 hic
1406 1687 1612 1746 autem,
1652 1693 1771 1749 cap.

172 1775 232 1839 5,
300 1772 377 1828 ita
424 1772 750 1845 generaliter
801 1771 1088 1828 decrevere
1142 1789 1157 1826 :
1204 1772 1404 1827 Omnia
1481 1770 1772 1828 decretalia

1880 560 1977 615 per
2017 545 2426 617 subreptionem
2464 549 2636 604 multa
2677 551 3024 620 proveniunt.
3061 552 3195 607 Jure
3234 568 3363 623 ergo
3404 553 3480 607 illi

1882 637 2085 710 absque
2110 639 2343 696 induciis
2392 641 2725 699 damnantur
2768 645 2858 716 qui
2886 646 3105 716 culpam
3139 661 3298 701 suam
3333 647 3482 718 jam-

1879 730 2091 787 dudum
2136 750 2167 789 a
2209 735 2410 790 sanctis
2453 736 2700 792 Patribus
2747 736 2977 794 difﬁnite
3001 739 3319 795 damnatam
3370 757 3480 797 non

1878 841 2093 897 negare,
2117 828 2214 884 sed
2238 830 2455 899 publice
2484 840 2674 887 contra
2701 833 2995 904 apostolica
3037 842 3237 891 statuta
3279 851 3481 891 conan-

1880 928 1970 975 tur
1997 920 2299 997 defensarc.
2325 926 2532 998 Nempe
2558 928 2625 979 B.
2665 928 2987 999 Gregorius,
3024 929 3090 983 ab
3121 930 3273 984 omni
3303 930 3482 986 catho-

1880 1012 1984 1069 lico
2031 1025 2247 1086 pastore
2287 1019 2485 1074 merito
2527 1020 2843 1087 imitandus,
2892 1031 3299 1094 contemptores
3339 1024 3481 1089 sedis

1880 1110 2195 1178 apostolica)
2232 1111 2395 1167 etiam
2430 1122 2556 1169 ante
2587 1123 2862 1185 peractam
2900 1116 3115 1187 culpam
3157 1117 3365 1171 solebat
3392 1133 3482 1172 ex-

1882 1204 2291 1261 communicare
2330 1225 2341 1261 :
2366 1208 2445 1261 sic
2468 1208 2612 1262 enim
2666 1209 2972 1263 Maximum
3002 1225 3099 1280 per
3127 1210 3480 1266 ambitionem

1881 1294 2195 1354 Salonitano
2217 1300 2551 1372 episcopatui
2579 1301 3033 1369 inthronizatum,
3059 1312 3115 1359 et
3149 1320 3338 1359 omnes
3366 1304 3483 1375 ejus

1882 1388 2229 1448 ordinatores
2279 1396 2789 1463 excommunicavit,
2820 1414 2960 1468 quos
3011 1397 3204 1454 eadem
3253 1413 3480 1453 excom-

1883 1484 2208 1555 municatio,
2251 1488 2494 1545 nondum
2527 1499 2741 1560 peracta
2790 1492 2947 1562 culpa
2989 1508 3224 1571 provqua
3264 1508 3483 1547 excom-

1885 1579 2148 1636 municati
2178 1589 2327 1651 sunt,
2375 1584 2654 1656 obligavit;
2691 1602 2820 1640 nam
2867 1586 3179 1657 priusquam
3209 1587 3481 1643 Maximus

1885 1671 2247 1744 ordinaretur,
2303 1677 2404 1733 sub
2428 1680 2991 1735 excommunicatione
3039 1679 3312 1751 prohibuit
3354 1696 3478 1734 san-

1883 1775 2002 1823 ctus
2042 1772 2346 1842 Gregorius
2385 1788 2456 1828 ne
2504 1772 2608 1828 hoc
2654 1782 3107 1844 praesumeretur;
3146 1772 3295 1843 quod
3343 1788 3485 1843 prae-

174 1874 512 1922 cunctorum
574 1865 897 1938 pontiﬁcum
941 1865 1406 1938 praedecessorum
1457 1874 1774 1923 nostrorum
1802 1841 1851 1904 Β
1876 1872 2097 1934 ceptum
2120 1875 2529 1923 contemnentes
2552 1867 2809 1939 episcopi,
2832 1882 2959 1923 cum
2985 1867 3307 1925 ordinarent
3334 1884 3484 1921 eum-

174 1958 502 2027 constituta,
532 1976 654 2033 quae
678 1958 748 2016 de
789 1959 1166 2016 ecclesiasticis
1193 1960 1473 2017 ordinibus
1520 1970 1575 2017 et
1615 1978 1777 2018 cano-

172 2070 317 2110 num
355 2054 698 2127 promulgata
746 2062 875 2110 sunt
893 2054 1213 2126 disciplinis,
1253 2054 1328 2111 ita
1366 2055 1621 2111 omnibus
1662 2054 1782 2127 epi-

171 2150 366 2220 scopis
413 2165 476 2204 ac
502 2148 715 2205 cunctis
739 2148 1061 2221 generaliter
1110 2148 1480 2205 sacerdotibus
1509 2150 1781 2206 custodire

172 2242 385 2299 debere
426 2242 751 2300 mandamus
786 2249 850 2298 ut
905 2244 953 2298 si
1007 2242 1132 2313 quis
1178 2243 1234 2299 in
1276 2243 1363 2301 illa
1419 2243 1778 2311 commiserit,

171 2337 403 2394 veniam
435 2336 540 2393 sibi
563 2336 816 2411 deinceps
848 2339 1059 2397 noverit
1087 2337 1364 2412 denegari.
1425 2338 1783 2412 Indignentur

171 2432 359 2488 etiam
423 2431 753 2488 sanctissimi
824 2434 997 2489 nostri
1044 2432 1331 2503 apostolici
1393 2432 1670 2505 aequivoco
1690 2431 1784 2504 qui

169 2525 284 2582 sub
316 2525 560 2598 generali
594 2525 945 2583 anathemate
972 2527 1248 2583 damnavit
1292 2542 1483 2583 omnes
1526 2543 1555 2581 a
1598 2542 1786 2582 sacra-

171 2619 419 2676 tissimis
471 2628 708 2691 quatuor
744 2621 990 2678 conciliis
1035 2621 1443 2678 dissentientes.
1501 2620 1607 2677 Sed
1658 2637 1786 2676 cum

172 2713 376 2770 nullus
420 2728 573 2769 sana
624 2714 823 2771 mentis
900 2708 1217 2788 hujusmodi
1278 2714 1477 2771 sanctis
1532 2714 1789 2770 Patribus

172 2811 374 2877 Vorte,
420 2809 669 2877 Patrum,
716 2809 941 2881 Hann.)
977 2808 1257 2865 sententiis
1285 2808 1613 2881 indignetur,
1642 2816 1792 2880 patet

174 2902 599 2959 evidentissime
627 2918 794 2975 quam
849 2903 1303 2959 irrationabiliter
1345 2902 1568 2974 quidam
1617 2903 1791 2959 nostri
1828 2948 1831 2951 .

173 2996 477 3069 apostolici
512 2996 775 3053 institutis
802 2996 1170 3069 indignentur,
1197 2996 1254 3052 in
1286 3012 1523 3069 quorum
1543 2997 1790 3069 promul-

174 3092 405 3164 gatione
452 3091 763 3148 nullatenus
822 3108 853 3148 a
894 3091 1094 3148 sanctis
1150 3091 1404 3149 Patribus
1470 3092 1790 3164 discrepavit

173 3193 416 3257 excepto
457 3184 563 3240 hoc
612 3193 850 3254 tantum,
894 3185 1045 3258 quod
1073 3201 1185 3241 non
1212 3194 1327 3242 tam
1358 3202 1565 3251 severe,
1597 3195 1658 3242 ut
1688 3186 1788 3255 illi,

172 3278 640 3351 contemporibus
653 3294 926 3335 canonum
947 3278 1201 3337 obviavit.
1233 3280 1362 3336 Illos
1382 3280 1531 3336 enim
1561 3281 1787 3336 clericos

173 3374 251 3430 ab
294 3372 486 3429 ofﬁcio
505 3381 717 3429 tantum
743 3373 997 3445 privavit,
1033 3374 1231 3445 quibus
1274 3374 1449 3431 sancti
1472 3379 1656 3432 Patres
1675 3391 1787 3431 non

174 3466 362 3524 modo
402 3466 668 3534 ofﬁcium,
721 3466 821 3523 sed
884 3474 939 3524 et
982 3468 1225 3537 veniam,
1274 3477 1330 3524 et
1365 3468 1788 3525 ecclesiasticam

172 3562 642 3619 communionem
676 3560 1027 3634 denegavere.
1072 3562 1159 3617 Nil
1180 3561 1417 3634 denique
1445 3563 1571 3618 novi
1601 3571 1790 3619 noster

173 3655 526 3729 apostolicus
553 3655 711 3712 nobis
740 3655 1142 3713 observandum
1170 3655 1423 3726 iniunxit,
1453 3657 1603 3730 quod
1626 3656 1789 3712 etiam

175 3752 231 3808 si
264 3749 514 3818 fecisset,
544 3766 656 3806 non
701 3759 891 3807 tamen
943 3751 1055 3806 sine
1088 3751 1330 3821 periculo
1365 3752 1484 3823 ejus
1510 3752 1789 3808 contemni

176 3852 531 3918 praeceptum
577 3853 777 3916 posset.
821 3848 962 3901 Nam
1016 3845 1310 3917 apostolica
1337 3846 1491 3903 sedes
1519 3863 1582 3902 ex
1612 3845 1790 3902 divina

177 3938 543 3996 confessione
564 3937 741 4012 Vorte,
769 3940 1140 4007 concessione,
1157 3942 1391 4008 HABD.]
1408 3941 1549 3996 hunc
1575 3956 1794 4013 semper

182 4031 443 4091 obtinuit
494 4041 547 4088 et
581 4031 850 4089 obtinebit
898 4033 1229 4106 primatum,
1272 4043 1334 4089 ut
1380 4035 1549 4091 totius
1601 4034 1795 4091 mundi

184 4121 474 4179 Ecclesias
517 4137 631 4178 non
676 4122 855 4179 solum
905 4122 1149 4195 antiquis
1192 4122 1472 4192 institutis,
1511 4124 1607 4180 sed
1630 4125 1794 4180 etiam

182 4217 352 4274 novis
392 4215 671 4288 disponat,
711 4225 875 4289 prout
902 4216 1244 4273 diversorum
1272 4218 1564 4274 necessitas
1592 4226 1799 4290 tempo-

185 4328 323 4368 rum
354 4310 614 4382 postulat.
657 4312 872 4383 Cogunt
892 4310 1058 4379 enim,
1107 4312 1417 4368 aitsanctus
1462 4312 1800 4384 Augustinus

188 4405 265 4462 ad
284 4402 665 4477 Bonifacium,
678 4405 882 4461 multas
902 4403 1141 4460 invenire
1152 4405 1474 4477 medicinas,
1495 4405 1800 4462 multorum

183 4497 574 4571 eXperimenta
600 4496 947 4554 morborum.
984 4500 1105 4555 Hoc
1135 4499 1321 4571 utique
1358 4499 1565 4557 diversa
1594 4498 1802 4556 Roma"-

1824 3238 1870 3302 Ο

1885 1958 2013 2015 dem
2039 1960 2355 2031 Maximum,
2410 1969 2534 2017 ante
2583 1970 2857 2033 peractam
2897 1961 3293 2017 ordinationem
3331 1970 3487 2016 erant

1888 2054 2366 2125 excommunicati,
2385 2055 2543 2127 juxta
2555 2056 2957 2111 attestationem
2974 2056 3027 2111 S.
3053 2055 3298 2126 Gregorii
3316 2074 3330 2122 ;
3352 2055 3484 2110 scri-

1887 2146 1967 2203 bit
2011 2148 2158 2203 enim
2200 2150 2253 2204 in
2297 2148 2521 2221 epistola
2578 2149 2646 2205 ad
2692 2150 2948 2206 eumdem
2992 2149 3295 2205 Maximum
3349 2164 3486 2220 prae—

1891 2250 2255 2313 sumptorem,
2328 2243 2405 2299 ita
2449 2243 2723 2300 detestans
2776 2244 2892 2317 ejus
2945 2244 3411 2299 consecrationem
3472 2260 3485 2298 :

1890 2340 2065 2408 Quam
2106 2354 2244 2403 rem,
2272 2337 2466 2410 inquit,
2497 2354 2598 2395 nos
2636 2338 3104 2395 consecrationem
3135 2337 3311 2394 dicere
3340 2338 3487 2393 nullo

1892 2431 2058 2487 modo
2080 2447 2389 2503 possumus,
2421 2432 2545 2504 quia
2576 2433 2642 2487 ab
2687 2432 3172 2489 excommunicatis
3217 2432 3487 2489 celebrata

1892 2533 1993 2580 est.
2042 2528 2168 2580 Non
2208 2526 2353 2582 enim
2407 2532 2532 2597 post
2570 2526 2969 2583 ordinationem
3008 2528 3492 2583 excommunicau-

1895 2617 2142 2698 dos,.sed
2165 2619 2221 2673 in
2241 2619 2353 2690 ipsa
2387 2617 2735 2675 ordinatione
2772 2621 2905 2675 dixit
2962 2622 3487 2678 excommunicatos.

1892 2712 1983 2767 Sic
2012 2712 2158 2769 idem
2173 2712 2512 2784 apostolicus
2532 2729 2628 2784 per
2654 2714 3039 2771 subdiaconem
3061 2731 3220 2770 suum
3242 2717 3489 2771 Natalem

1899 2805 2277 2862 Salonitanum
2318 2806 2639 2878 episcopum
2684 2807 2889 2878 absque
2946 2807 3198 2876 induciis,
3253 2810 3299 2863 si
3354 2824 3490 2880 prae-

1899 2908 2058 2972 cepto
2115 2900 2234 2972 ejus
2272 2915 2386 2956 non
2436 2899 2724 2967 obedisset,
2775 2901 2937 2972 pallio
2985 2909 3040 2955 et
3101 2901 3492 2958 communione

1901 2995 2112 3051 censuit
2131 2993 2454 3065 privandum
2493 3010 2633 3051 esse.
2670 2995 2780 3064 Sic,
2804 2980 3194 3066 inquam,’ipse
3221 3004 3275 3051 et
3299 2995 3493 3067 reliqui

1899 3089 2145 3161 ejusdem
2178 3088 2317 3144 sedis
2346 3088 2581 3161 episcopi
2610 3089 2881 3161 quoslibet
2918 3097 2972 3145 et
2998 3088 3201 3161 absque
3262 3089 3494 3146 induciis

1896 3183 2313 3251 damnaverunt,
2363 3183 2455 3255 qui
2502 3182 2742 3255 aliquam
2790 3199 2908 3239 rem
2938 3183 3039 3239 sub
3062 3184 3496 3239 excommunica-

1900 3279 2051 3333 tione
2098 3278 2179 3334 vel
2220 3276 2385 3333 ofﬁcii
2439 3277 2791 3348 suspensione
2832 3277 3156 3348 prohibitam
3212 3279 3498 3333 temerarie

1898 3378 2313 3443 usurpaverunt.
2348 3374 2465 3427 Has
2506 3387 2633 3442 ergo
2663 3379 2719 3427 et
2752 3370 3068 3443 huiusmodi
3099 3373 3334 3428 rationes
3379 3388 3500 3428 mo.

1896 3465 2054 3522 derni
2084 3473 2512 3538 praesumptores
2544 3473 2705 3521 caute
2730 3464 3101 3535 considerent,
3124 3482 3227 3522 nec
3244 3465 3499 3537 deinceps

1898 3559 2100 3631 injuste
2138 3575 2195 3615 se
2228 3559 2434 3631 absque
2498 3556 2734 3614 induciis
2775 3557 3065 3615 damnatos
3132 3574 3250 3615 esse
3315 3560 3503 3616 existi-

1898 3662 2069 3709 ment.
2118 3653 2370 3709 Forsitan
2403 3660 2586 3709 autem
2633 3652 2826 3724 aliquis
2864 3652 3004 3710 adeo
3032 3652 3256 3722 delirat,
3292 3662 3353 3709 ut
3401 3656 3503 3712 sub

1900 3747 2042 3804 ditos
2081 3747 2368 3819 cujuslibet
2392 3746 2631 3818 episcOpi
2661 3762 2757 3817 per
2774 3747 2957 3818 ipsum
2996 3754 3209 3803 tantum
3266 3763 3378 3804 non
3412 3765 3506 3820 per

1902 3841 2213 3897 Romanum
2234 3841 2547 3913 pontiﬁcem
2567 3840 2815 3896 damnari
2865 3856 3024 3912 posse
3054 3839 3217 3896 dicat.

1973 3938 2189 3992 XXIII.
2230 3934 2335 3991 Sed
2382 3934 2455 3989 illi
2491 3935 2602 4007 ipsa
2631 3934 2844 3991 Veritas
2868 3935 2925 3991 in
2962 3934 3255 4007 Evangelia
3288 3944 3505 3992 contra-

1903 4028 2056 4098 dicit,
2087 4044 2208 4101 quae
2235 4032 2301 4085 B.
2335 4032 2497 4085 Petro
2531 4027 2898 4100 principaliter
2926 4028 3073 4084 inter
3101 4029 3344 4100 reliquos
3371 4046 3507 4102 apo-

1905 4124 2074 4179 stolos
2124 4123 2228 4179 hoc
2256 4122 2594 4193 privilegium
2623 4122 2897 4178 concessit
2928 4141 2940 4177 :
2966 4124 3326 4193 Quodcunque
3368 4126 3505 4193 liga-

1904 4220 2047 4271 veris
2063 4233 2224 4287 super
2239 4218 2567 4279 terram,erz't
2580 4217 2812 4285 ligatum
2827 4222 2875 4271 et
2896 4219 2954 4271 in
2964 4218 3106 4271 cazlts
3123 4218 3341 4282 (Matth.
3356 4234 3393 4273 Χ
3404 4221 3505 4284 νι);

1906 4310 1999 4381 qui
2063 4309 2211 4365 enim
2255 4308 2584 4379 generaliter
2643 4324 2834 4363 omnes
2900 4309 3212 4379 apostolicae
3268 4318 3507 4380 potestat

1909 4402 2160 4474 subjecit,
2190 4401 2344 4479 nullo
2372 4401 2539 4457 modo
2570 4401 2800 4473 alicujus
2829 4402 3071 4473 episcopi
3102 4401 3383 4459 subditum
3414 4422 3502 4460 ex-

1910 4497 2071 4569 cepit.
2126 4496 2290 4553 Unde
2327 4495 2477 4551 idem
2528 4495 2826 4566 Apostolus
2881 4503 2937 4549 et
2982 4511 3012 4549 a
3068 4495 3375 4552 senioribus
3421 4498 3503 4553 sui

180 4607 403 4649 norum
442 4591 766 4662 pontiﬁcum
814 4591 1032 4648 decreta
1058 4600 1344 4661 testantur,
1382 4593 1436 4648 in
1468 4593 1664 4666 quibus
1700 4594 1803 4667 ipsi
1834 4607 1886 4670 D
1916 4590 2203 4663 temporis,
2232 4589 2290 4646 id
2343 4596 2426 4646 est
2478 4588 2828 4661 presbyteris,
2862 4587 2973 4644 sive
3027 4589 3293 4661 episcopis
3338 4599 3391 4646 et
3436 4592 3505 4647 ab

183 4684 431 4743 diversis
488 4693 802 4758 temporum
872 4686 1282 4745 necessitatibus
1320 4688 1656 4745 consuluisse
1728 4689 1806 4746 le-

185 4788 427 4853 guntur.

266 4870 469 4925 XXII.
496 4871 779 4925 Incassum
809 4877 991 4926 autem
1018 4869 1223 4942 publici
1245 4880 1653 4943 contemptores
1679 4887 1808 4943 apo-

188 4963 415 5020 stolicae
482 4961 839 5035 institutionis
895 4963 1139 5020 inducias
1191 4979 1306 5020 suae
1351 4964 1718 5021 damnationis
1777 4982 1805 5022 a

190 5066 403 5113 nostro
422 5056 729 5127 apostolico
755 5066 1025 5129 quaerunt,
1056 5074 1215 5130 quos,
1246 5068 1309 5114 ut
1332 5058 1654 5130 praedictum
1700 5068 1804 5129 est,

192 5150 384 5207 sancti
430 5152 619 5206 Patres
656 5149 859 5225 absque
906 5151 1162 5208 omnibus
1216 5151 1453 5209 induciis
1517 5153 1809 5211 damnave-

193 5252 356 5302 runt.
406 5244 471 5299 In
515 5243 695 5300 dubiis
740 5244 890 5300 enim
943 5245 1129 5313 rebus,
1162 5236 1289 5301 licet
1336 5247 1500 5314 veris,
1556 5247 1807 5304 nondum

193 5349 403 5395 tamen
453 5338 763 5410 publicatis,
792 5339 1099 5395 necessario
1136 5339 1509 5397 conceduntur
1548 5340 1805 5411 induciae,

197 5440 271 5489 ut
292 5432 453 5505 juxta
489 5432 795 5490 sanctiones
834 5433 1258 5505 apostolicorum
1315 5435 1558 5491 virorum
1596 5437 1808 5504 Felicis,

200 5534 271 5583 et
292 5525 421 5582 Julii
450 5534 507 5582 et
529 5526 867 5599 reliquorum
896 5526 1009 5598 ipse
1052 5536 1336 5585 accusatus
1364 5530 1533 5601 possit
1567 5545 1626 5586 se
1670 5546 1808 5587 con-

200 5630 297 5677 tra
326 5628 669 5677 accusatores
714 5620 942 5693 pleniter
972 5637 1276 5694 praeparare
1299 5622 1371 5679 ad
1407 5624 1669 5681 abluenda
1706 5625 1810 5681 cri-

202 5714 398 5783 mina;
432 5712 577 5770 unde
606 5723 662 5771 et
690 5714 881 5772 beatus
934 5716 1273 5773 Eleutherius
1302 5733 1333 5772 a
1373 5718 1437 5772 Β.
1470 5719 1633 5773 Petro
1668 5718 1808 5775 duo-

205 5807 468 5865 decimus
498 5808 553 5863 in
577 5808 810 5865 decretis
839 5810 973 5879 suis,
1010 5826 1130 5882 cap.
1186 5822 1238 5878 1,
1275 5818 1505 5867 testatur
1534 5831 1547 5866 :
1575 5811 1813 5868 lnducia:

204 5917 326 5960 non
345 5900 589 5958 modicae
605 5901 677 5959 ad
698 5902 1081 5975 inquirendum
1116 5902 1310 5960 dandae
1333 5914 1481 5974 sunt,
1512 5921 1583 5960 ne
1608 5904 1813 5975 aliquid

1916 4702 2111 4743 eorum
2138 4683 2393 4753 subditis,
2420 4683 2785 4739 obedientiam
2808 4682 3125 4755 generaliter
3143 4685 3341 4756 exegit,
3378 4702 3504 4741 cum

1914 4789 2030 4836 tam
2059 4778 2294 4836 subditis
2319 4793 2491 4850 quam
2522 4777 2784 4849 praelatis,
2815 4785 2929 4832 tam
2963 4776 3185 4833 feminis
3213 4794 3383 4849 quam
3420 4781 3507 4835 vi-

1916 4875 2014 4940 ris,
2046 4872 2295 4944 specialia
2326 4870 2541 4927 vivendi
2571 4878 2842 4943 praecepta
2872 4870 2929 4926 in
2956 4872 3215 4943 Epistolis
3242 4873 3355 4929 suis
3394 4881 3507 4928 tra-

1919 4966 2148 5035 diderit;
2180 4964 2328 5036 quod
2356 4965 2637 5021 incassum
2667 4966 2784 5037 ipse
2831 4964 3056 5035 faceret,
3113 4966 3157 5023 si
3189 4984 3300 5023 non
3347 4983 3506 5039 gene-

1914 5060 2102 5118 raliter
2146 5074 2340 5115 omnes
2392 5058 2510 5130 ejus
2558 5058 2897 5115 institutioni
2956 5058 3179 5115 obedire
3224 5060 3507 5116 deberent.

1915 5156 2113 5211 Beatus
2134 5169 2354 5225 quoque
2377 5152 2692 5220 Anacletus,
2721 5152 2787 5208 ab
2820 5153 2937 5225 ipso
2968 5153 3210 5225 principe
3236 5154 3509 5225 apostolo-

1914 5264 2041 5305 rum
2080 5248 2358 5320 presbyter
2403 5246 2709 5315 ordinatus,
2755 5246 2809 5301 in
2862 5246 3095 5303 decretis
3124 5247 3236 5302 suis
3278 5264 3398 5319 cap.
3453 5252 3507 5315 3,

1916 5350 2151 5399 testatur
2182 5344 2576 5397 :Sacrosancta
2601 5344 2857 5396 Romana
2900 5349 2957 5396 et
2988 5340 3283 5411 apostolica
3319 5340 3510 5397 Eccle—

1918 5437 1997 5493 sia
2020 5452 2133 5492 non
2162 5435 2231 5492 ab
2258 5435 2543 5508 apostolis,
2574 5435 2669 5491 sed
2690 5435 2758 5490 ab
2781 5435 2899 5507 ipso
2921 5435 3162 5491 Domino
3185 5444 3377 5492 nostro
3400 5437 3509 5507 pri-

1918 5538 2129 5586 matum
2176 5528 2425 5598 obtinuit,
2470 5528 2615 5585 sicut
2659 5528 2771 5599 ipse
2814 5530 2877 5584 B.
2926 5532 3083 5584 Petro
3132 5529 3327 5586 dixit:
3361 5534 3513 5585 T‘ues

1918 5626 2127 5687 Petrus,
2182 5631 2292 5678 etc.
2358 5623 2559 5688 (Ibid.).
2634 5625 2778 5693 Ergo
2835 5622 2950 5677 haec
3006 5625 3300 5694 apostolica
3356 5621 3515 5680 sedes

1920 5716 2083 5773 cardo
2112 5724 2167 5772 et
2190 5724 2353 5787 caput
2372 5715 2625 5772 omnium
2658 5716 3025 5772 Elccesiarum
3052 5732 3083 5772 a
3124 5716 3364 5773 Domino
3402 5728 3515 5770 non

1922 5810 1989 5865 ab
2013 5810 2119 5867 alio
2150 5818 2233 5866 est
2265 5810 2584 5875 constituta,
2610 5816 2666 5863 et
2709 5808 2849 5863 sicut
2873 5806 3097 5864 cardine
3142 5810 3345 5867 ostium
3374 5807 3513 5878 regi-

1922 5911 2035 5973 tur,
2055 5905 2133 5961 sic
2163 5902 2325 5972 hujus
2365 5909 2566 5960 sanctae
2590 5900 2731 5957 sedis
2756 5898 3084 5957 auctoritate
3113 5918 3307 5960 omnes
3336 5898 3515 5958 Ecclt.»
