4024 6170
564 326 666 377 783

1267 321 1323 374 s.
1365 286 1687 374 cannon”
1726 321 1810 375 vn
1851 320 2001 375 ore.
2041 318 2214 375 PARS
2253 319 2339 373 ιιι.
2382 347 2453 358 -
2491 317 2808 373 CONClLIA
2844 318 3151 373 ROMANA.

3756 320 3838 372 784

568 447 666 502 sia:
695 446 938 500 Domino
965 443 1286 516 disponente
1316 452 1599 517 reguntur.
1628 447 1768 501 Item
1794 447 1857 501 B.
1906 443 2157 502 Gelasius
2182 447 2236 511 Α
2262 443 2558 515 apostolico
2608 459 2771 515 quam
2821 443 3043 515 proprio
3108 441 3366 513 episcopo
3405 440 3634 496 obedire
3674 438 3841 507 debet,

577 539 771 596 doctor
796 536 1148 609 apostolicus,
1178 554 1303 609 cap.
1334 545 1391 593 11
1425 560 1437 592 :
1489 540 1702 594 Cuncta
1732 554 1829 609 per
1880 537 2158 594 mundum

568 632 718 688 novit
769 630 1006 687 Ecclesia
1040 631 1188 702 quod
1234 639 1586 687 sacrosancta
1619 634 1873 687 Romana
1923 632 2159 687 Ecclesia

565 725 632 781 de
660 724 806 780 omni
840 724 1074 780 Ecclesia
1113 723 1195 779 fas
1221 724 1421 780 habeat
1463 725 1732 797 judicare,
1761 741 1863 781 nec
1904 726 2157 797 cuiquam

564 818 631 874 de
658 819 777 891 ejus
805 818 959 874 liceat
970 818 1219 890 judicare
1242 818 1481 890 judicio;
1512 819 1782 890 siquidem
1809 818 1879 876 ad
1924 819 2069 874 illam
2090 818 2157 875 de

562 912 805 985 qualibet
828 911 1016 967 mundi
1040 920 1194 983 parte
1225 912 1612 984 appellandum
1638 921 1740 981 est,
1761 913 1830 968 ab
1859 912 1947 968 illa
1970 922 2156 969 autem

560 1006 767 1065 nemini
791 1006 1063 1077 appellare
1084 1006 1290 1061 licitum
1335 1015 1441 1062 est.

635 1099 745 1157 Sed
796 1116 897 1155 nec
946 1099 1035 1155 illa
1076 1101 1439 1171 praeterimus,
1471 1099 1621 1172 quod
1649 1101 1948 1173 apostolica
1976 1100 2156 1169 sedes,

563 1181 679 1249 sine
707 1193 820 1250 ulla
848 1192 1059 1265 synodo
1091 1193 1451 1265 praecedente,
1479 1194 1795 1250 exsolvendi
1843 1210 1983 1267 quos
2006 1210 2159 1266 syno-

563 1288 670 1345 dus
694 1288 875 1359 iniqua
896 1287 1273 1355 damnaverat,
1304 1294 1359 1344 et
1377 1288 1702 1355 damnandi,
1727 1288 1874 1343 nulla
1897 1287 2159 1344 existente

564 1381 774 1452 synodo
805 1397 944 1453 quos
988 1382 1252 1452 oportuit,
1286 1382 1538 1437 habuerit
1572 1380 1904 1438 facultatem.
1960 1386 2032 1439 Et
2055 1382 2160 1437 hoc

571 1474 832 1529 nimirum
865 1491 962 1546 pro
1000 1491 1102 1531 suo
1133 1475 1452 1546 principatu,
1488 1492 1651 1547 quem
1694 1479 1756 1530 B.
1790 1478 1985 1531 Petrus
2026 1491 2157 1546 apo-

564 1569 739 1625 stolus
769 1568 989 1623 Domini
1021 1584 1152 1625 voce
1196 1577 1252 1625 et
1285 1570 1484 1639 tenuit,
1532 1579 1588 1625 et
1622 1586 1839 1642 semper
1877 1570 2155 1626 retinebit.

562 1660 663 1716 His
692 1669 880 1717 autem
912 1662 1243 1717 sanctissimi
1303 1664 1492 1718 Patres
1532 1662 1812 1731 Callistus,
1860 1664 2156 1732 Fabianus,

557 1754 767 1822 Sixtns,
816 1756 1085 1823 Silvester,
1133 1755 1330 1822 Julius,
1380 1765 1437 1811 et
1490 1756 1683 1827 reliqui
1731 1757 2155 1813 innumerabiles

559 1846 980 1919 adstipulantur,
1012 1849 1106 1921 qui
1136 1847 1274 1906 adeo
1292 1822 1745 1921 amplexatisuut
1768 1851 2073 1919 veritatem,
2097 1859 2157 1906 ut
2186 1822 2236 1884 Β

559 1941 742 2012 potius
768 1943 907 1997 mori
933 1959 1101 2014 quam
1130 1943 1350 1999 mentiri
1383 1942 1773 2000 desiderarent.
1805 1944 1986 2015 Hujus
2027 1960 2157 2016 ergo

557 2036 825 2108 privilegii
863 2038 1187 2091 auctoritate
1228 2040 1290 2092 B.
1321 2037 1631 2108 Simplicius
1661 2054 1797 2109 papa
1838 2052 1983 2093 XLIX
2013 2038 2157 2094 Gre-

556 2129 773 2199 gorium
832 2130 1202 2184 Mutinensem
1252 2129 1566 2200 episcopum
1616 2131 1945 2186 Ravennatis
1979 2131 2156 2187 archi-

553 2221 791 2292 episcOpi
831 2221 1243 2293 suffraganeum
1273 2239 1303 2277 a
1344 2222 1551 2278 ditione
1594 2222 1840 2293 ejusdem
1893 2224 2156 2297 archiepi-

554 2316 703 2385 scopi
744 2316 963 2385 penitus
1014 2316 1266 2385 absolvit,
1292 2325 1347 2371 et
1396 2317 1500 2371 hoc
1530 2316 1676 2384 ideo,
1701 2317 1829 2387 .quia
1870 2316 2017 2372 idem
2065 2333 2152 2373 ar-

552 2407 934 2479 chiepiscopus
962 2424 1089 2464 eum
1134 2409 1367 2464 invitum
1408 2410 1712 2466 Mutinensi
1765 2410 2043 2466 cathedra
2076 2412 2154 2466 in-

552 2501 903 2557 thronizavit.
940 2506 1097 2571 Item,
1131 2504 1186 2559 S.
1218 2503 1514 2576 Gregorius
1555 2506 1906 2560 Honoratum
1936 2505 2147 2560 Saloni-

555 2604 702 2651 tanee
729 2596 982 2652 Ecclesiae
1010 2596 1477 2665 archidiaconum,
1506 2597 1597 2669 qui
1621 2597 1741 2669 jam
1784 2614 1849 2653 ex
1880 2598 2148 2654 archidia‘

550 2698 752 2745 conatu
797 2690 864 2746 ad
914 2689 1308 2761 presbyterium
1348 2690 1587 2758 devenit,
1618 2691 1793 2747 invito
1830 2692 1993 2748 etiam
2034 2692 2148 2763 epi-

549 2799 717 2855 scopo
746 2783 814 2839 ad
827 2784 1123 2855 pristinum
1140 2784 1370 2857 gradum
1389 2785 1624 2852 reduxit,
1643 2784 1894 2856 deposito
1921 2785 2148 2858 quidem

546 2892 612 2931 eo
654 2893 818 2948 quem
848 2877 996 2933 idem
1030 2879 1385 2934 Salonitanus
1429 2879 1717 2949 episcopus
1736 2879 1792 2932 in
1823 2880 2003 2935 locum
2032 2879 2149 2951 ejus

547 2970 837 3026 ordinavit.
882 2972 1227 3044 Quapropter
1280 2972 1623 3043 apertissime
1650 2972 1945 3043 desipiunt,
1975 2989 2146 3044 seque

546 3080 669 3121 reos
726 3065 1041 3137 apostolicae
1100 3066 1442 3122 auctoritatis
1506 3064 1782 3134 efﬁciunt,
1841 3067 2154 3138 quicunque

544 3158 658 3229 ejus
704 3160 956 3231 potestati
1011 3167 1214 3215 temere
1266 3159 1646 3231 praejudicant,
1688 3175 1812 3214 cum
1863 3160 2151 3231 cujuslibet

2262 553 2391 593 cum
2419 537 2712 593 auctoritas
2736 536 2944 608 proprii
2972 536 3281 591 nullatenus
3310 550 3435 590 eum
3472 534 3541 589 ab
3569 534 3841 604 apostolica

2264 630 2623 687 damnatione
2651 630 2827 686 valeat
2854 628 3105 697 liberare,
3143 630 3187 685 si
3216 628 3530 700 apostolicis
3576 628 3842 699 praeceptis

2264 724 2580 782 inobediens
2626 724 2908 780 exstiterit.
2946 727 3017 779 Et
3043 732 3265 779 econtra
3288 722 3572 781 dominus
3600 721 3842 792 apostoli-

2266 835 2382 888 cus,
2412 820 2454 873 si
2481 819 2526 875 ei
2553 818 2843 885 obedierit,
2871 817 3127 873 eumdem
3170 816 3236 872 ab
3264 816 3415 873 omni
3444 815 3710 871 violentia
3754 830 3843 885 pro

2265 914 2366 984 prii
2419 912 2660 984 episcopi
2708 911 2968 967 facillime
3020 911 3216 983 poterit
3254 908 3583 977 defendere,
3619 907 3845 963 videlicet

2266 1015 2322 1062 et
2350 1007 2531 1078 ipsum
2560 1005 2948 1078 parochianum
2975 1004 3091 1075 ejus
3130 1003 3346 1059 ditione
3374 1003 3593 1072 penitus
3630 1002 3847 1057 emanci-

2266 1099 2452 1173 pando
2481 1108 2538 1156 et
2583 1100 2898 1172 episcopum
2925 1098 2991 1153 ab
3016 1097 3209 1169 injuria
3244 1113 3340 1169 per
3366 1096 3783 1168 correptionem
3808 1104 3849 1149 et

2264 1193 2677 1249 damnationem
2704 1192 2997 1265 apostolica
3026 1191 3351 1247 auctoritate
3378 1189 3742 1246 refrenando.
3769 1196 3850 1246 At-

2266 1288 2456 1343 tendat
2485 1303 2614 1344 sane
2643 1286 2877 1359 cujusvis
2927 1285 3171 1358 episcopi
3210 1284 3476 1351 subditus,
3510 1300 3582 1339 ne
3618 1284 3708 1339 vel
3753 1301 3850 1354 pro-

2266 1383 2383 1454 prio
2413 1382 2664 1454 episcopo
2690 1388 2881 1436 contra
2926 1379 3221 1451 apostolica
3247 1386 3521 1450 praecepta
3551 1378 3789 1433 obediat
3806 1377 3850 1433 in

2267 1478 2468 1548 aliquo,
2524 1492 2652 1531 cum
2695 1476 2752 1530 S.
2819 1473 3114 1544 Gregorius
3160 1472 3610 1527 archidiaconum
3659 1471 3850 1526 Saloni-

2266 1580 2479 1637 tanum,
2513 1569 2571 1624 in
2596 1569 2778 1624 locum
2806 1568 3074 1623 Honorati
3091 1567 3205 1639 jam
3222 1566 3453 1637 depositi
3472 1566 3851 1637 subrogatum,

2266 1660 2603 1733 deposuerit,
2655 1675 2720 1715 eo
2751 1658 2899 1730 quod
2946 1657 3091 1713 idem
3140 1655 3361 1728 pr0prio
3392 1655 3656 1726 episcopo
3712 1670 3772 1710 se
3809 1655 3851 1709 in

2265 1761 2449 1816 locum
2478 1754 2623 1810 illius
2680 1751 2915 1808 ordinari
2955 1758 3080 1823 post
3127 1750 3485 1820 apostolicam
3544 1749 3853 1819 prohibitio-

2264 1871 2393 1912 nem
2424 1850 2705 1910 obedierit.
2756 1848 2899 1903 Hinc
2939 1847 3104 1902 etiam
3138 1853 3286 1917 patet
3326 1861 3491 1916 quam
3522 1845 3851 1915 apertissime

2266 1950 2339 2005 illi
2365 1947 2639 2017 desipiant
2664 1944 2756 2015 qui
2782 1942 2976 1998 dicunt
3019 1939 3170 2012 quod
3195 1938 3394 1995 subditi
3423 1938 3717 2009 cujuslibet
3751 1937 3851 2009 epi-

2264 2042 2414 2113 scopi
2434 2037 2747 2112 apostolicaa
2769 2035 2885 2091 sedi
2927 2034 3241 2089 nullatenus
3272 2031 3497 2087 obedire
3522 2031 3780 2098 debeant,
3816 2030 3853 2084 si

2263 2136 2489 2208 proprio
2514 2130 2739 2187 antistiti
2766 2127 3045 2194 obediant,
3074 2143 3201 2182 cum
3232 2143 3261 2181 a
3311 2127 3368 2180 S.
3397 2126 3677 2195 Gregorio
3698 2134 3752 2179 et
3780 2122 3853 2177 ille

2264 2229 2463 2285 merito
2490 2224 2876 2298 degradaretur
2898 2225 2992 2293 qui
3023 2230 3076 2275 et
3107 2237 3201 2291 per
3226 2218 3595 2275 obedientiam
3631 2217 3851 2288 episcopi

2261 2323 2343 2379 sui
2364 2319 2673 2393 apostolicae
2698 2317 2809 2374 sedi
2842 2314 3105 2371 adversus
3132 2312 3303 2368 fuisse
3331 2312 3635 2383 detegitur.
3658 2315 3851 2382 Nempe

2260 2415 2443 2471 nullus
2471 2412 2715 2469 debitam
2746 2409 3113 2465 obedientiam
3158 2408 3382 2478 proprio
3413 2406 3676 2477 episcopo
3720 2403 3854 2460 exhi-

2258 2508 2389 2565 bere
2411 2507 2628 2579 poterit,
2674 2504 2775 2559 nisi
2819 2503 2913 2574 qui
2958 2500 3272 2573 apostolicae
3319 2499 3433 2555 sedi
3480 2499 3853 2570 principaliter

2259 2602 2483 2659 obedire
2510 2598 2797 2655 studuerit.
2829 2596 3026 2653 Omnis
3055 2595 3199 2649 enim
3242 2594 3335 2665 qui
3376 2593 3489 2647 vult
3511 2608 3631 2647 esse
3657 2593 3853 2662 episco-

2258 2712 2384 2768 pus,
2413 2695 2516 2751 hoc
2536 2692 2771 2748 maxime
2794 2690 3033 2747 subditis
3052 2689 3161 2744 suis
3183 2688 3420 2742 inculcat
3440 2695 3499 2741 ut
3525 2694 3848 2740 sanctorum

2258 2792 2480 2845 Patrum
2510 2785 2777 2843 institutis
2814 2785 3019 2855 absque
3055 2781 3202 2837 omni
3248 2780 3685 2836 contradictione
3729 2779 3850 2834 ohe-

2255 2883 2445 2949 diant;
2477 2897 2599 2953 qua:
2630 2889 2692 2934 ut
2718 2878 3039 2950 praedictum
3062 2884 3165 2943 est,
3193 2875 3505 2946 apostolica
3538 2873 3658 2929 sedi
3708 2875 3848 2944 prin-

2253 2976 2494 3048 cipaliter
2539 2974 2606 3029 ab
2636 2972 2892 3029 omnibus
2937 2969 3296 3027 obediendum
3329 2984 3448 3049 esse
3503 2968 3847 3023 denuntiant.

2264 3069 2589 3140 Quicunque
2615 3083 2743 3139 ergo
2790 3081 2890 3121 suo
2923 3064 3163 3136 legitimo
3209 3062 3413 3133 pastori
3460 3060 3711 3116 debitam
3734 3061 3850 3115 obe-

2260 3163 2528 3219 dientiam
2589 3160 2913 3227 exhibuerit,
2986 3158 3149 3213 etiam
3219 3156 3587 3228 principaliter
3636 3155 3851 3211 domino

543 3212 783 3324 episcdpi
805 3252 1058 3309 subditos
1078 3269 1192 3308 non
1222 3212 1317 3325 per
1334 3212 1658 3308 Baomanum
1684 3212 2024 3324 pontiﬁcem,
2047 3253 2143 3311 sed
2186 3212 2231 3274 Ο
2256 3257 2553 3330 apostolico
2580 3253 2801 3310 obedire
2843 3252 3101 3308 studebit.
3133 3253 3275 3306 Nam
3323 3250 3484 3321 juxta
3514 3249 3689 3320 ipsius
3716 3248 3849 3304 Veri-

546 3362 643 3418 per
688 3347 976 3418 proprium
1014 3346 1404 3402 tantummodo
1469 3346 1798 3415 antistitem,
1854 3345 2004 3419 ligari
2060 3347 2142 3403 vel

546 3439 683 3495 solvi
712 3456 870 3511 posse
924 3440 1259 3512 conﬁngant.
1294 3442 1572 3496 Praeterea
1602 3443 1665 3495 B.
1718 3442 1830 3495 Leo
1864 3456 2022 3512 papa,
2045 3441 2142 3513 qui

544 3543 795 3605 quartam
814 3534 1177 3591 universalem
1206 3534 1483 3607 synodum
1520 3534 1864 3591 Chalcedone
1909 3550 2138 3607 congre-

540 3628 712 3699 gavit,
741 3627 877 3683 item
904 3628 1135 3700 Vigilius
1164 3644 1326 3700 papa,
1355 3628 1457 3683 sub
1486 3644 1594 3698 quo
1636 3629 1830 3699 quinta
1868 3628 2139 3685 universa-

541 3718 605 3773 lis
650 3719 890 3791 synodus
939 3720 1409 3790 Constantinopoli
1448 3721 1732 3789 convenit,
1774 3721 1910 3776 item
1952 3722 2139 3779 beatus

542 3813 701 3867 Pater
727 3810 1043 3883 Gregorius,
1066 3811 1138 3881 hi,
1173 3812 1422 3885 inquam,
1468 3813 1663 3885 singuli
1702 3813 1898 3870 eadem
1952 3824 2138 3871 aucto-

541 3904 698 3960 ritate
750 3904 1035 3976 praecipui,
1070 3921 1205 3976 pene
1246 3904 1437 3961 eadem
1482 3920 1613 3961 voce
1636 3906 1691 3960 in
1737 3906 1976 3963 decretis
2026 3908 2137 3964 suis

542 3998 826 4054 verissime
855 4006 1123 4054 testantur
1141 3998 1245 4053 hoc
1274 3997 1440 4053 modo
1475 4017 1488 4053 :
1521 4000 1717 4053 Sancta
1746 4002 2000 4055 Romana
2036 4004 2138 4059 Ec-

544 4091 709 4149 clesia
740 4092 885 4147 vices
912 4106 1039 4147 suas
1084 4092 1161 4147 ita
1187 4092 1307 4146 aliis
1354 4091 1653 4162 impertivit
1679 4093 1943 4148 Ecclesiis
1976 4102 2036 4149 ut
2077 4095 2134 4151 in

462 4242 469 4247 .
543 4193 754 4258 partem
785 4192 993 4241 vocatae
1017 4185 1126 4240 sint
1167 4185 1568 4254 sollicitudinis,
1601 4201 1714 4241 non
1741 4187 1796 4241 in
1842 4187 2133 4258 plenitudi-

540 4295 670 4336 nem
723 4278 1023 4351 potestatis.
1061 4278 1224 4335 Uade
1275 4278 1484 4350 liquido
1531 4279 1939 4336 demonstratur
1985 4282 2131 4355 quod

545 4372 772 4446 quilibet
802 4374 1087 4445 episcopus
1124 4389 1226 4428 nec
1262 4389 1427 4444 super
1469 4389 1689 4447 gregem
1725 4375 1829 4431 sibi
1882 4377 2133 4433 commis-

537 4483 661 4525 sum
686 4476 895 4523 tantam
918 4476 1241 4538 potestatem
1261 4467 1454 4523 habeat
1474 4476 1744 4539 quantum
1777 4472 1926 4538 [Pro,
1959 4486 2132 4541 quan-

2253 3352 2378 3407 tatis
2406 3350 2648 3406 edictum
2670 3368 2685 3404 :
2706 3346 3020 3419 Discipulus
3044 3361 3157 3401 non
3182 3352 3263 3400 est
3293 3343 3657 3399 honorandus
3694 3358 3848 3413 super

2251 3445 2573 3517 magistrum
2602 3443 2831 3507 (Matth.
2860 3442 2946 3511 Χ).
2978 3440 3031 3495 Si
3061 3447 3246 3494 autem
3289 3438 3565 3493 Dominus
3591 3435 3844 3507 apostoli-

2248 3555 2346 3595 cus
2393 3537 2613 3610 proprio
2662 3545 2717 3591 et
2761 3534 3000 3607 legitimo
3054 3532 3255 3604 pastori
3314 3532 3440 3603 jure
3490 3532 3843 3602 prmponitur,

2248 3641 2457 3705 quanto
2482 3631 2658 3703 magis
2689 3628 2767 3684 illi
2796 3629 2887 3699 qui
2914 3643 3017 3683 nec
3054 3626 3250 3682 nititur
3276 3641 3393 3680 esse
3424 3624 3579 3697 quod
3622 3624 3835 3681 dicitur.

2248 3729 2363 3783 Has
2391 3742 2521 3798 ergo
2558 3733 2613 3780 et
2635 3720 2947 3795 hujusmodi
2995 3720 3238 3775 rationes
3262 3718 3593 3791 quicunque,
3654 3719 3839 3774 saltem

2246 3837 2312 3877 ex
2340 3819 2589 3884 rudibus,
2624 3816 2859 3873 ﬁdeliter
2889 3814 3154 3884 inspicere
3174 3812 3507 3884 dignabitur,
3532 3811 3842 3867 nullatenus

2244 3914 2504 3986 praedicta
2549 3910 2722 3967 nostri
2745 3906 3027 3981 apostolici
3057 3914 3267 3962 statuta
3311 3904 3653 3977 proscribere
3695 3920 3823 3960 cona

2249 4008 2424 4075 bitur;
2471 4004 2773 4078 praesertim
2825 4018 2953 4058 cum
2999 4000 3174 4056 videat
3219 3999 3624 4055 evidentissime
3656 3998 3840 4055 eadem

2244 4116 2311 4157 ex
2366 4108 2683 4156 sanctorum
2722 4100 2946 4153 Patrum
2998 4095 3307 4164 sententiis,
3381 4093 3493 4148 imo
3540 4110 3605 4148 ex
3644 4092 3843 4148 divinis

2244 4195 2564 4266 Scripturis,
2628 4206 2929 4251 emanasse.
2993 4192 3261 4245 Praeterea
3306 4203 3435 4242 vero
3488 4188 3845 4258 quamplures

2243 4289 2375 4344 alias
2398 4288 2633 4343 rationes
2694 4284 3062 4357 superioribus
3107 4290 3395 4338 annectere
3435 4290 3494 4336 et
3537 4281 3847 4335 innumera-

2241 4381 2368 4438 bilia
2410 4391 2727 4438 sanctorum
2764 4383 2993 4435 Patrum
3032 4377 3280 4449 exempla
3332 4374 3576 4448 praefatis
3626 4372 3842 4429 statutis

2228 4475 2535 4547 “assignare,
2569 4475 2672 4530 hac
2696 4471 3135 4529 consideratione
3163 4466 3511 4541 praetermisi,
3550 4484 3619 4523 ne
3664 4466 3839 4539 gravis

538 4566 675 4630 tam]
706 4561 904 4633 praesul
958 4562 1322 4633 apostolicus;
1355 4561 1449 4633 qui
1494 4561 1618 4616 licet
1646 4577 1840 4617 curam
1883 4578 2039 4619 suam
2072 4564 2129 4620 in
2162 4573 2212 4635 ι)
2241 4585 2417 4625 essem
2449 4568 2651 4637 idiotis,
2672 4566 2871 4639 quibus
2894 4565 2980 4620 hic
3030 4563 3336 4635 specialiter
3362 4561 3676 4618 satisfacere
3720 4575 3839 4631 pro-

537 4655 779 4725 singulos
828 4655 1111 4727 episcopos
1162 4654 1422 4722 diviserit,
1454 4654 1605 4711 nullo
1635 4655 1801 4711 modo
1835 4664 2017 4713 tamen
2045 4673 2126 4714 se-

538 4749 720 4820 ipsum
765 4764 864 4804 sua
917 4748 1204 4804 universali
1235 4757 1289 4804 et
1341 4748 1628 4820 principali
1658 4757 1933 4820 potestate
1963 4752 2135 4824 priva-

537 4842 614 4896 vit
631 4881 647 4907 ,
674 4841 818 4896 sicut
845 4856 945 4896 nec
964 4858 1054 4896 rex
1084 4858 1241 4897 suam
1256 4842 1497 4913 regalem
1522 4843 1822 4914 potentiam
1852 4845 2130 4918 diminuit;

537 4935 665 4991 licet
687 4950 918 5006 regnum
942 4950 1104 4990 suum
1151 4934 1207 4989 in
1236 4934 1481 4992 diversos
1526 4936 1723 5005 duces,
1754 4940 1986 4995 comites
2014 4939 2130 4997 sive

528 5028 745 5102 judices
769 5027 1033 5083 diviserit.
1063 5028 1200 5084 Cum
1232 5028 1399 5099 igitur
1427 5029 1686 5086 dominus
1712 5032 2046 5102 apostolicus
2074 5034 2130 5089 in

537 5121 690 5179 omni
731 5121 968 5177 Ecclesia
998 5130 1116 5178 tam
1142 5122 1495 5195 principalem
1523 5132 1882 5196 postestatem
1900 5125 2124 5195 habeat,

532 5225 595 5272 ut
622 5215 788 5271 etiam
820 5214 992 5271 invito
1037 5216 1295 5288 episcopo
1347 5216 1637 5289 cujuslibet
1674 5218 1932 5274 Ecclesiae
1967 5219 2128 5290 quid-

533 5324 697 5381 quam
724 5308 780 5364 in
823 5323 885 5365 ea
919 5309 1078 5382 juxta
1131 5309 1416 5367 canonicas
1459 5311 1767 5367 sanctiones
1814 5311 1984 5382 possit
2019 5311 2127 5369 dis-

529 5418 758 5475 ponere,
788 5403 911 5475 quis
939 5402 1214 5475 denegare
1245 5406 1442 5477 poterit
1470 5405 1603 5478 quin
1632 5403 1838 5477 ubique
1880 5406 2126 5478 gentium

527 5506 645 5554 tam
684 5496 932 5553 subditos
987 5498 1367 5571 episcoporum
1425 5515 1595 5571 quam
1644 5498 1791 5570 ipsos
1844 5498 2127 5571 episcopos

526 5591 841 5663 apostolicae
868 5591 1222 5649 institutionis
1265 5600 1667 5665 contemptores
1697 5592 1953 5651 damnare
1998 5608 2125 5665 pos-

525 5686 598 5742 sit
612 5689 637 5742 Ρ

2236 4662 2654 4735 posuizquibus
2720 4675 2895 4732 pauca
2962 4675 3024 4715 ex
3082 4657 3267 4713 multis
3323 4666 3441 4712 tam
3516 4655 3837 4711 indubitatae

2243 4757 2484 4814 veritatis
2529 4754 2781 4811 sufficere
2811 4760 3060 4825 possunt,
3078 4751 3121 4807 si
3163 4750 3488 4823 indagandae
3530 4749 3709 4821 potius
3748 4763 3837 4802 ve-

2239 4851 2385 4908 ritati
2432 4866 2602 4922 quam
2655 4846 3012 4904 infructuosae
3059 4844 3403 4902 contentioni
3447 4859 3671 4916 operam
3702 4840 3835 4897 dare

2239 4945 2451 5001 volunt.

2454 5082 2834 5125 OBSERVATIO
2880 5080 3168 5124 PHILIPPI
3218 5080 3440 5133 LABBB,
3495 5080 3622 5123 8.1.

2311 5189 2385 5243 De
2413 5186 2606 5241 eadem
2622 5185 2830 5253 synodo
2856 5186 3090 5239 Romano
3129 5186 3393 5239 occasione
3418 5180 3827 5253 consecrationis

2238 5259 2478 5327 Hugom's
2508 5250 2717 5312 Dienst's
2746 5258 3009 5326 episcopi,
3058 5254 3510 5324 quemadmodum
3540 5269 3707 5328 supra
3735 5250 3827 5328 di-

2238 5334 2379 5383 ctum
2435 5333 2532 5395 est,
2586 5328 2701 5382 [cccc
2730 5328 2893 5382 habet
2938 5330 3096 5393 H-ugo
3125 5328 3550 5381 Flaviniacmisis
3572 5326 3725 5379 abbas
3765 5326 3825 5372 in

2238 5401 2491 5456 Chronico
2528 5400 2880 5461 Virdunensi,
2900 5414 2963 5467 p.
2999 5401 3117 5465 196,
3142 5406 3279 5453 tom.
3313 5399 3342 5450 Ι
3358 5397 3695 5451 Bibliotheca:
3738 5407 3823 5444 no-

2234 5476 2364 5525 stra:
2388 5487 2537 5526 nocte
2558 5471 2602 5525 li
2610 5472 2835 5524 brorum
2878 5485 3005 5525 mss.

2302 5599 2441 5653 Cum
2473 5610 2599 5667 ergo
2622 5600 2817 5653 Romae
2843 5596 3003 5667 positi
3028 5594 3342 5665 (Anselmns
3374 5594 3584 5651 scilicet
3618 5596 3816 5649 Lucem

2235 5690 2311 5745 sis
2331 5699 2384 5745 et
2413 5693 2574 5763 Hugo
2600 5690 2834 5762 Diensis)
2867 5689 3320 5761 praestolarentur
3351 5687 3499 5743 diem
3546 5698 3813 5744 consecra-

596 5780 803 5835 XXIV.
841 5780 945 5837 His
989 5789 1172 5837 autem
1222 5779 1532 5837 rationibus
1568 5790 1622 5838 et
1664 5781 1771 5837 hoc
1812 5780 2124 5839 declaratur
2227 5780 2399 5837 tionis
2428 5795 2561 5848 suae,
2594 5788 2860 5836 venerunt
2903 5779 3079 5834 nuntii
3124 5778 3265 5850 regis
3286 5777 3507 5832 Henrici
3560 5779 3808 5831 Romam.

522 5873 671 5942 quod
703 5874 935 5947 cujusvis
961 5875 1201 5946 episcopi
1250 5873 1616 5945 parochianus
1665 5874 1844 5944 potius
1889 5873 2116 5931 domino

2235 5884 2488 5947 rogantes
2508 5889 2576 5930 ne
2597 5882 2787 5929 contra
2835 5888 3047 5929 morem
3093 5870 3559 5943 praedecessorum
3595 5877 3805 5924 suorum
