4048 6174
241 233 340 285 785

1483 235 1841 293 CONCILIUM
1878 238 2208 294 ROMANUM
2247 241 2288 294 1.
2449 267 2475 286 σ

3426 249 3528 300 786

235 353 498 410 dominus
525 371 666 426 papa
696 369 796 439 eos
819 356 1153 428 fconsecrare
1173 358 1334 414 vellet
1361 360 1456 430 qui
1485 360 1826 432 episcopatus
1849 367 1908 429 Α
1941 365 2102 431 Item,
2133 365 2190 420 in
2230 378 2349 420 vm
2378 363 2667 420 universali
2707 363 2916 436 synodo
2953 365 3136 422 habita
3176 384 3205 423 a
3232 375 3265 425 5
3294 372 3525 443 patriar—

235 447 560 506 electionem
588 451 788 519 solam,
815 468 926 507 non
953 461 1140 508 autem
1164 451 1374 509 donum
1394 469 1491 525 per
1518 455 1727 527 regiam
1743 471 1827 511 ac-

233 551 493 614 ceperant
519 543 922 601 investituram.
964 549 1040 601 At
1063 547 1197 618 ipse,
1237 548 1551 604 convocatis
1573 548 1824 604 cardina-

231 635 392 704 libus,
434 637 761 710 legationem
789 640 937 711 regis
983 641 1210 712 aperuit,
1255 641 1458 713 etquid
1480 641 1585 697 sibi
1630 641 1698 698 ad
1722 644 1826 699 hoc

230 730 705 803 respondendum,
770 732 903 804 quid
954 742 1097 790 esset
1156 733 1468 791 faciendum
1516 735 1820 792 admonuit.

229 823 449 898 Quibus
493 826 955 896 respondentibus
1001 843 1165 884 usum
1202 828 1460 885 Ecclesiae
1490 827 1637 886 hunc
1682 845 1821 898 esse,

226 917 376 974 hunc
391 918 588 974 haberi
618 936 716 991 pro
743 921 880 993 lege,
895 937 1022 977 cum
1047 922 1340 978 auctoritas
1365 924 1443 980 eis
1463 923 1614 979 nulla
1628 923 1699 980 ad
1719 924 1824 980 hoc

226 1010 650 1084 suffragaretur,
685 1013 742 1068 in
766 1015 1001 1070 Lucensi
1021 1023 1211 1074 tamen
1238 1017 1408 1072 electo
1429 1017 1509 1072 eis
1527 1017 1821 1088 acquievit,

223 1114 287 1162 ut
303 1107 780 1163 consecrationem
800 1107 918 1179 ejus
944 1107 1213 1177 differret,
1234 1108 1413 1165 donec
1432 1110 1819 1166 investituram

223 1199 574 1272 episcopatus
633 1216 697 1256 ex
749 1202 896 1273 regio
944 1201 1090 1258 dono
1141 1203 1452 1274 accepisset.
1511 1205 1576 1258 In
1626 1204 1822 1260 Diensi

222 1309 352 1350 vero
395 1295 741 1372 acquiescere
767 1296 966 1363 noluit,
997 1295 1095 1352 sed
1123 1312 1248 1351 eum
1294 1296 1474 1368 prima
1512 1312 1593 1352 XL
1617 1296 1820 1353 hebdo-

219 1387 408 1454 mada,
443 1375 684 1444 Sabbato
718 1390 777 1444 in
829 1389 1232 1462 presbyterum,
1264 1398 1318 1445 et
1357 1382 1652 1446 D'ominica
1687 1407 1820 1446 con-

220 1483 459 1538 secravit
496 1483 553 1537 in
579 1482 914 1553 episcopum.
958 1486 1029 1538 Et
1056 1483 1186 1554 quia
1213 1483 1346 1538 vidit
1370 1482 1475 1540 hoc
1503 1491 1821 1540 sanctorum

219 1577 456 1632 Patrum
487 1571 760 1632 adiersari
790 1575 1044 1645 decretis,
1086 1586 1149 1632 ut
1177 1577 1234 1632 in
1263 1577 1528 1633 canonica
1557 1577 1822 1634 electione

217 1670 463 1740 episcopi
507 1670 822 1740 praevaleret
875 1669 1086 1726 donum
1141 1671 1306 1741 regis,
1360 1671 1476 1726 imo
1535 1671 1820 1726 multoties

1930 455 2070 523 cbis,
2100 457 2200 514 sub
2230 456 2453 514 Nicolao
2484 460 2507 512 Ι
2546 457 2822 528 pontiﬁce,
2861 474 3104 532 cap.....,
3152 464 3527 531 promotiones

1930 549 2012 604 vel
2053 551 2495 607 consecrationes
2535 553 2921 624 episcoporum
2951 554 3292 613 concordans
3321 559 3525 629 priori-

1929 643 2032 699 bus
2057 644 2305 700 conciliis
2337 645 2456 701 htec
2481 654 2668 701 sancta
2707 653 2762 701 et
2788 647 3101 704 universalis
3143 650 3384 722 synodus
3411 653 3525 709 ele-

1928 736 2110 793 ctione
2146 745 2199 792 et
2235 736 2453 794 decreto
2504 741 2892 811 episcoporum
2942 741 3056 798 ﬁeri
3115 745 3419 811 constituit,
3466 755 3522 802 et

1928 830 2120 886 statuit
2149 838 2310 902 atque
2340 831 2707 903 promulgavit
2729 835 3009 890 neminem
3031 835 3296 893 laicorum
3315 839 3518 910 princi-

1929 939 2062 995 pum
2091 931 2146 980 et
2182 932 2470 996 potentum
2493 933 2670 982 semet
2695 927 2933 983 inserere
2974 929 3231 985 electioni
3274 932 3355 987 vel
3389 948 3521 1004 pro-

1930 1018 2166 1075 motioni
2211 1018 2540 1090 patriarchae
2586 1020 2669 1074 vel
2694 1021 3082 1092 metropolitae,
3115 1031 3208 1079 aut
3230 1025 3522 1096 cujuslibet

1928 1111 2186 1184 episcopi,
2229 1127 2299 1167 ne
2339 1111 2653 1168 inordinata
2683 1112 2812 1170 hinc
2847 1122 2902 1169 et
2927 1114 3230 1187 incongrua
3259 1117 3354 1173 ﬁat
3385 1135 3518 1175 con-

1926 1202 2069 1260 fusio
2109 1205 2190 1260 vel
2227 1207 2532 1276 contentio,
2563 1207 2865 1278 praasertim
2913 1223 3040 1264 cum
3069 1209 3276 1265 nullam
3311 1211 3365 1266 in
3395 1212 3518 1268 tali—

1927 1297 2030 1354 bus
2066 1305 2397 1369 potestatem
2426 1315 2757 1372 quemquam
2785 1301 3238 1372 potestativorum
3260 1303 3526 1361 laicorum

1928 1388 2130 1446 habere
2175 1392 2485 1460 conveniat,
2535 1391 2630 1448 sed
2677 1393 2857 1462 potius
2901 1394 3077 1457 silere,
3130 1402 3185 1450 et
3239 1396 3525 1452 attendere

1927 1482 2029 1538 sibi
2060 1499 2346 1556 usquequo
2393 1485 2714 1556 regulariter
2761 1502 2792 1541 a
2822 1487 3055 1558 collegio
3099 1489 3358 1546 Ecclesiae
3400 1505 3522 1546 sus-

1927 1575 2097 1647 cipiat
2166 1576 2334 1633 ﬁnem
2415 1578 2604 1634 electio
2679 1579 2844 1634 futuri
2918 1580 3207 1652 pontiﬁcis.
3282 1584 3338 1638 Si
3399 1585 3522 1654 quis

1932 1683 2060 1724 vero
2100 1669 2370 1726 laicorum
2414 1670 2481 1726 ad
2532 1673 2958 1728 concertandum
3008 1683 3062 1729 et
3109 1675 3521 1745 cooperandum

213 1765 398 1835 ipsam
428 1764 757 1819 electionem
781 1763 1124 1828 immutaret,
1155 1763 1238 1818 vel
1269 1765 1452 1834 potius
1471 1764 1685 1820 irritam
1727 1763 1815 1821 fa-
1848 1753 1896 1814 Β
1927 1763 2190 1819 invitatur
2236 1764 2304 1819 ab
2343 1764 2600 1832 Ecclesia,
2644 1765 2772 1822 licet
2827 1765 3148 1838 hujusmodi
3194 1785 3322 1824 cum
3367 1785 3521 1826 reve-

214 1865 386 1923 ceret,
413 1855 611 1912 eodem
640 1861 786 1925 (428)
817 1872 964 1912 anno
993 1856 1048 1911 in
1073 1859 1331 1912 Romana
1361 1856 1569 1928 synodo
1609 1863 1678 1912 50
1699 1859 1822 1929 epi-

213 1966 534 2021 scoporum,
577 1950 894 2006 considente
936 1951 1388 2022 presbyterorum
1445 1959 1500 2006 et
1558 1950 1820 2007 abbatum

213 2043 588 2112 multitudine,
613 2044 766 2116 juxta
809 2043 1024 2100 decreta
1055 2043 1385 2115 pontiﬁcalia
1422 2053 1477 2100 et
1518 2043 1820 2100 institutio-

212 2153 308 2196 nes
340 2138 634 2194 canonicas
672 2153 743 2193 ne
785 2137 890 2193 hoc
939 2138 1171 2209 amplius
1209 2155 1240 2194 a
1280 2154 1559 2210 quoquam
1608 2154 1816 2209 praesu-

211 2240 460 2287 meretur
502 2231 783 2302 prohibuit
809 2232 912 2287 sub
952 2232 1404 2287 interminatione
1429 2231 1814 2299 anathematis,

211 2324 498 2381 decretum
527 2324 730 2381 faciens
770 2326 825 2380 in
868 2325 986 2380 hazc
1028 2325 1192 2381 verba
1239 2345 1253 2380 :
1303 2328 1366 2382 Si
1409 2329 1530 2396 quis
1572 2327 1818 2396 deinceps

209 2422 575 2490 episcopatum
615 2421 696 2474 vel
747 2419 1020 2474 abbatiam
1069 2420 1134 2474 de
1172 2436 1341 2474 manu
1389 2421 1621 2490 alicujus
1669 2422 1818 2475 laicae

203 2529 452 2582 personae
473 2516 780 2584 susceperit,
820 2515 1127 2569 nullatenus
1157 2517 1301 2567 inter
1320 2515 1588 2584 episcopos
1615 2515 1698 2568 uel
1721 2514 1815 2567 ab-

211 2607 357 2662 bates
394 2608 682 2675 habeatur,
711 2623 803 2661 nec
825 2606 980 2662 nulla
1008 2609 1132 2662 eiut
1154 2609 1393 2677 episcopo
1417 2609 1500 2661 vel
1520 2609 1705 2661 abbati
1724 2624 1818 2662 au-

207 2702 417 2756 dientia
441 2701 781 2755 concedatur.
832 2705 1060 2772 Insuper
1105 2707 1156 2756 et
1190 2702 1430 2770 gratiam
1472 2705 1537 2756 B.
1586 2703 1739 2756 Petri
1767 2705 1816 2755 et

205 2798 496 2850 introitum
525 2797 750 2850 ecclesia
777 2797 1169 2858 interdicimus,
1205 2795 1386 2864 quoad
1425 2810 1592 2863 usque
1643 2794 1817 2849 locum

206 2907 385 2960 quem,
412 2891 511 2944 sub
532 2891 752 2944 crimine
777 2893 885 2942 tam
908 2890 1214 2943 ambitionis
1239 2904 1404 2958 quam
1423 2889 1814 2950 inobedientice,

204 2985 356 3053 quod
369 2989 446 3038 est
462 2985 634 3038 scelus
656 2983 1002 3045 idololatria,
1025 2985 1185 3052 cepit,
1208 2983 1523 3036 deseruerit.
1550 2983 1818 3036 Similiter

1930 1857 2107 1911 rentia
2160 1857 2538 1929 obtemperare
2575 1859 2994 1916 asciscentibus.
3031 1841 3302 1933 Quisquis
3337 1871 3523 1919 autem

1929 1950 2278 2006 saecularium
2334 1952 2649 2022 principum
2689 1961 2744 2008 et
2796 1961 3107 2024 potentum,
3161 1955 3241 2011 vel
3299 1957 3521 2012 alterius

1928 2043 2205 2114 dignitatis
2251 2044 2442 2111 laicus,
2506 2043 2765 2101 adversus
2819 2061 3180 2103 communem
3227 2058 3282 2104 et
3329 2065 3525 2106 conso—

1928 2144 2152 2192 nantem
2203 2144 2363 2208 atque
2413 2139 2735 2193 canonicam
2789 2139 3110 2195 electionem
3175 2142 3522 2198 ecclesiastici

1925 2229 2136 2286 ordinis
2202 2246 2364 2302 agere
2433 2231 2750 2300 tentaverit,
2825 2232 3115 2288 anathema
3185 2235 3274 2302 sit,
3346 2235 3524 2292 donec

1927 2321 2150 2379 obediat
2183 2333 2238 2379 et
2285 2325 2607 2382 consentiat.
2669 2328 2813 2382 Item
2868 2342 2943 2382 ex
2990 2327 3225 2384 concilio
3272 2329 3518 2396 Nicaeno,

1925 2433 2045 2487 cap.
2091 2423 2146 2473 6.
2196 2420 2301 2474 Per
2337 2419 2523 2474 omnia
2574 2417 2929 2476 manifestum
2981 2429 3083 2488 est,
3128 2422 3255 2493 quia
3309 2424 3357 2478 si
3400 2423 3523 2495 quis

1926 2519 2125 2582 praeter
2197 2511 2536 2567 voluntatem
2592 2520 2648 2567 et
2709 2513 3099 2569 conscientiam
3155 2516 3522 2587 metropolitae

1926 2602 2096 2659 fuerit
2131 2603 2435 2671 ordinatus,
2488 2604 2634 2660 hunc
2662 2614 2914 2662 sanctum
2942 2615 2998 2661 et
3037 2623 3303 2679 magnum
3333 2611 3520 2665 conci-

1927 2697 2066 2752 lium
2107 2698 2296 2753 statuit
2345 2713 2457 2752 non
2501 2698 2701 2754 debere
2738 2714 2852 2754 esse
2891 2701 3235 2772 episcopum.
3267 2704 3407 2757 Item
3455 2719 3521 2758 ex

1925 2790 2157 2846 concilio
2185 2790 2552 2856 Antiocheno,
2855 2793 2909 2847 Si
2950 2794 3072 2864 quis
3110 2794 3390 2865 presbyter
3437 2797 3518 2850 vel

1925 2882 2194 2940 diaconus
2231 2900 2327 2956 per
2374 2884 2692 2940 saecularem
2723 2885 3041 2957 dignitatem
3078 2887 3379 2942 Ecclesiam
3418 2889 3518 2943 Dei

1925 2978 2245 3046 obtinuerit,
2299 2977 2603 3051 dejiciatur,
2648 2986 2704 3033 et
2754 2979 2868 3049 ipse
2919 2987 2973 3034 et
3003 2979 3289 3035 ordinator
3336 2981 3449 3051 ejus
3483 2997 3513 3036 a

203 3079 373 3131 etiam
412 3077 478 3130 de
511 3076 863 3144 inferioribus
893 3077 1252 3131 ecclesiasticis
1292 3075 1654 3143 dignitatibus
1683 3090 1804 3128 con-
1844 3107 1890 3171 Ο
1917 3072 2314 3128 communione
2357 3071 2535 3128 modis
2563 3071 2821 3128 omnibus
2868 3071 3274 3141 abscindantur,
3309 3083 3364 3129 et
3395 3075 3509 3129 sint

203 3173 502 3225 stitit-imus.
535 3172 670 3224 Item
711 3171 761 3224 si
792 3173 914 3239 quis
956 3172 1359 3238 imperatorum,
1407 3168 1620 3231 ducum,
1668 3184 1808 3222 mar-

203 3265 478 3326 chionum,
521 3265 791 3331 comitum,
834 3265 915 3318 vel
941 3263 1170 3332 quilibet
1207 3263 1548 3318 saecularium
1569 3265 1805 3332 potesta-

203 3360 476 3427 tum,:aut
499 3372 870 3429 personarum,
919 3358 1297 3411 investituram
1325 3359 1676 3426 episcopatus,
1725 3357 1807 3411 vel

202 3452 442 3521 alicujus
482 3453 852 3506 ecclesiastica:
899 3451 1186 3518 dignitatis
1216 3451 1350 3504 dare
1379 3451 1804 3519 praesumpserit,

203 3546 445 3614 ejusdem
485 3546 773 3611 sententiae:
794 3544 1002 3598 vinculo
1032 3544 1404 3611 sejastrictum
1440 3545 1595 3597 sciat.
1639 3543 1807 3596 Secu-

203 3646 286 3693 tus
313 3646 403 3693 est
427 3645 612 3692 autem
639 3638 697 3691 in
727 3636 832 3692 hoc
862 3638 1088 3691 Patrum
1113 3636 1383 3706 exempla,
1414 3636 1541 3690 licet
1562 3635 1682 3706 jam
1709 3650 1808 3706 per

201 3733 382 3787 multa
430 3745 705 3785 annorum
748 3729 1014 3785 curricula
1043 3727 1379 3784 damnabilis
1407 3729 1528 3784 haec
1570 3744 1802 3784 consue-

203 3826 338 3880 tudo
379 3822 717 3888 inolevisset,
747 3831 802 3878 et
828 3823 889 3877 in
923 3837 1094 3877 usum
1110 3837 1372 3877 conversa
1399 3829 1559 3878 esset.
1583 3822 1804 3878 Dicitur

201 3919 351 3973 enim
379 3918 436 3972 in
456 3932 547 3973 vu
573 3916 869 3972 universali
908 3915 1118 3986 synodo
1149 3929 1178 3969 a
1209 3919 1242 3969 5
1266 3914 1588 3985 patriarchis
1615 3923 1671 3970 et
1700 3921 1804 3972 350

203 4011 462 4066 Patribus
515 4009 618 4065 sub
687 4008 934 4064 Adriano
1000 4024 1137 4079 papa
1190 4007 1398 4076 habita,
1453 4025 1571 4079 cap.
1633 4014 1729 4064 111
1784 4026 1798 4064 :

203 4105 404 4161 Omnis
458 4105 648 4160 electio
707 4102 965 4174 episcOpi,
1010 4101 1312 4175 presbyteri
1358 4101 1440 4156 vel
1487 4100 1728 4169 diaconi,
1769 4117 1801 4156 a

204 4198 548 4269 principibus
579 4196 742 4264 facta,
764 4197 916 4252 irrita
946 4204 1190 4261 maneat,
1220 4192 1523 4251 secundum
1556 4195 1804 4266 regulam

203 4307 321 4362 quae
353 4291 489 4347 dicit
529 4310 542 4347 :
583 4292 638 4346 Si
683 4292 806 4362 quis
830 4290 1113 4361 episcopus
1142 4289 1496 4346 saecularibus
1516 4289 1803 4360 potestati-

202 4386 299 4443 bus
332 4402 475 4441 usus
505 4385 804 4441 Ecclesium
834 4400 928 4455 per
958 4384 1108 4455 ipsos
1151 4383 1469 4450 obtinuerit,
1500 4382 1803 4454 deponatur

1917 3166 2020 3222 sub
2044 3166 2395 3222 anathemate
2433 3166 2576 3222 sicut
2598 3167 2792 3222 Simon
2810 3168 3008 3238 Magus
3036 3183 3067 3221 a
3098 3169 3281 3223 Petro.
3316 3169 3378 3222 In
3407 3167 3514 3224 ele-

1917 3261 2100 3316 ctione
2126 3261 2294 3331 igitur
2316 3268 2370 3314 et
2396 3259 2808 3315 consecratione
2835 3259 3042 3315 domini
3066 3260 3282 3315 Diensis
3301 3260 3516 3316 eviden-

1916 3361 2001 3410 ter
2026 3351 2340 3409 ostenditur
2376 3361 2600 3424 operata
2621 3352 2892 3421 divinitas,
2913 3353 3044 3425 quia
3071 3369 3170 3425 per
3199 3353 3338 3409 hanc
3362 3371 3515 3410 occa-

1915 3448 2126 3503 sionem
2185 3454 2396 3512 sanctze
2456 3445 2549 3502 Dei
2602 3445 2851 3502 Ecclesia:
2903 3447 3004 3502 sub
3056 3455 3256 3518 papatu
3306 3447 3516 3503 domini

1920 3540 2175 3611 Gregorii
2225 3539 2414 3595 multis
2467 3547 2614 3595 retro
2661 3541 2820 3595 annis
2863 3539 3182 3596 obnubilata
3235 3541 3511 3597 electionis

1916 3633 2303 3689 ecclesiasticae
2343 3632 2622 3704 splenduit
2665 3632 2880 3688 veritas.
2928 3633 3170 3689 Viderint
3209 3634 3380 3705 igitur
3413 3635 3507 3690 viri

1915 3725 2127 3783 cordati
2156 3725 2285 3798 quid
2310 3727 2452 3798 juris
2481 3726 2926 3798 imperatoribus,
2959 3727 3199 3798 regibus,
3228 3735 3282 3782 et
3308 3727 3512 3798 princi-

1916 3820 2095 3892 pibus,
2131 3820 2193 3874 in
2233 3819 2495 3875 electione
2541 3818 2814 3890 pontiﬁcis
2864 3828 3190 3876 reservetur.
3222 3820 3512 3876 Commisit

1914 3922 2096 3969 autem
2119 3914 2170 3969 ei
2209 3913 2354 3969 vices
2379 3928 2506 3969 suas
2549 3912 2604 3968 in
2641 3913 2834 3981 Gallia,
2865 3913 2960 3968 ubi
2997 3913 3298 3985 plurimum
3329 3913 3508 3970 Simo-

1912 4008 2020 4064 niae
2053 4006 2307 4078 serpebat
2353 4007 2520 4078 pestis
2558 4006 2764 4078 iniqua,
2810 4007 2936 4078 quia
2965 4007 3175 4077 perrari
3217 4007 3328 4062 illic
3356 4015 3513 4062 erant

1912 4102 2008 4173 qui
2050 4116 2164 4156 non
2215 4108 2398 4156 essent
2445 4108 2541 4156 aut
2598 4100 2920 4168 Simoniaci,
2973 4108 3068 4155 aut
3119 4117 3150 4156 a
3189 4100 3507 4156 Simoniacis

1913 4194 2172 4259 ordinati,
2197 4201 2292 4248 aut
2310 4209 2403 4264 per
2430 4208 2654 4248 manum
2692 4193 2882 4248 laicam
2912 4194 3170 4259 investiti,
3202 4195 3506 4265 plurimum

1912 4287 1993 4343 illi
2033 4287 2309 4350 inculcans
2350 4293 2618 4358 potestate
2669 4284 2796 4340 data
2841 4301 2954 4340 non
2991 4286 3168 4353 abuti,
3212 4288 3507 4357 quominus
3593 4292 3608 4308 ’

1911 4379 2203 4452 depravata
2230 4379 2550 4452 corrigeret,
2593 4377 2907 4434 damnanda
2941 4377 3209 4434 recideret
3240 4389 3424 4435 sancta
3453 4388 3508 4435 et

201 4489 254 4536 et
319 4489 668 4552 segregetur,
721 4493 1020 4551 omnesque
1066 4478 1158 4549 qui
1213 4477 1292 4533 illi
1366 4477 1799 4534 communicant.
1830 4464 1882 4527 D
1912 4475 2140 4532 honesta
2163 4475 2384 4531 doceret
2411 4482 2466 4530 et
2500 4471 2746 4530 docenda
2778 4471 3002 4529 faceret.

1316 4659 1417 4718 AD
1461 4658 1851 4720 ROMANUM
1893 4656 2307 4718 CONCILIUM
2349 4657 2410 4731 I,

321 4815 553 4874 Contra
603 4811 861 4873 clericos
894 4809 1284 4872 Simoniacos
1319 4814 1378 4869 et
1409 4806 1864 4870 incontinentes
1891 4827 1928 4868 a
1967 4806 2262 4886 Gregorio
2292 4807 2400 4869 VII
2441 4803 2737 4886 pontiﬁce
2776 4821 2939 4867 anno
2966 4807 3152 4880 1074,
3190 4805 3378 4883 priori

983 4888 1485 4970 Quadragesimai
1534 4888 1933 4951 hebdomade
1951 4935 1968 4964 ,
2020 4883 2405 4949 celebratum
2421 4883 2459 4959 ,ί
2477 4883 2739 4947 additio.

1381 5022 1610 5094 (Suppl.,
1638 5023 1866 5090 Mmsr,
1890 5029 2028 5078 tom.
2061 5021 2128 5089 ll,
2174 5035 2228 5091 p.
2255 5023 2335 5086 2.(

271 5179 533 5233 Actorum
556 5177 716 5245 hujus
746 5177 958 5232 concilii
1002 5178 1280 5247 synopsim
1307 5175 1679 5230 tantummodo
1706 5190 1798 5229 ea:-

207 5272 354 5326 hibet
377 5273 614 5326 Labbeus
635 5275 770 5325 tom.
810 5273 916 5326 XII
938 5287 1073 5340 pag.
1105 5270 1228 5333 547,
1263 5271 1442 5324 Venet.
1493 5269 1622 5324 edit.
1659 5269 1802 5323 Acta

205 5369 326 5434 ipsa
378 5365 791 5419 interciderunt.
832 5364 1152 5419 Eorumdem
1192 5367 1406 5417 actuum
1433 5365 1801 5431 fragmean

209 5458 364 5511 licuit
408 5460 541 5513 mihi
587 5460 910 5526 investigare
955 5460 1012 5510 in
1058 5456 1253 5513 Gerhoi
1289 5457 1802 5526 Reicherspergensis

203 5553 631 5622 expositionibus
674 5553 732 5605 in
778 5551 927 5605 Psal.
966 5549 1039 5604 ad
1062 5551 1205 5619 psal.
1250 5553 1298 5604 X
1320 5565 1455 5620 pag.
1493 5553 1616 5604 157.
1659 5550 1803 5606 Con-

1907 5175 2040 5228 tinet
2080 5177 2259 5228 autem
2292 5173 2663 5241 fragmentum
2706 5170 2855 5226 istud
2878 5172 3023 5240 ipsos
3052 5171 3260 5225 concilii
3282 5184 3503 5225 canones

1909 5270 2148 5334 tertium,
2179 5271 2231 5321 et
2253 5271 2529 5337 quartum,
2564 5271 2626 5320 ut
2646 5280 2713 5320 ea:
2731 5265 3012 5320 collatione
3035 5264 3280 5334 synopsis
3303 5279 3505 5320 eorum-

1909 5361 2032 5417 dem
2058 5375 2317 5416 canonum
2336 5360 2710 5428 intelligimus.

1980 5453 2282 5525 Gregorius
2311 5453 2582 5524 septimus
2604 5451 2736 5508 dicit
2765 5471 2777 5506 :

1980 5547 2036 5608 Si
2083 5547 2174 5619 qui
2219 5554 2351 5602 sunt
2405 5546 2726 5620 presbyteri,
2776 5545 2858 5600 vel
2895 5542 3138 5613 diaconi,
3167 5545 3246 5600 vel
3277 5544 3502 5602 subdia-

284 5714 438 5782 (428)
468 5717 589 5770 Imo
613 5721 780 5780 1075,
803 5712 1004 5785 inquit
1039 5713 1264 5785 Pagius,
1306 5728 1419 5784 quo
1458 5713 1701 5785 primum
1742 5711 2018 5770 decretum
2045 5718 2238 5768 contra
2282 5711 2630 5769 investituras
2667 5708 2876 5767 editum
2905 5711 2965 5765 in
2992 5711 3242 5765 Romano
3272 5707 3503 5762 concilio

208 5785 505 5842 contendit
531 5785 604 5842 ad
633 5802 727 5842 an.
756 5784 1083 5853 Chr.’1075,
1104 5784 1162 5842 Ii.
1196 5791 1219 5840 ι
1253 5792 1307 5840 et
1331 5798 1445 5854 seq.
