4048 6174
493 281 594 334 787

1205 276 1259 329 S.
1300 272 1619 329 GREGORII
1658 274 1746 328 Vll
1782 272 1932 329 OPP.
1972 271 2144 331 PARS
2182 272 2267 327 lll.
2308 300 2378 313 —-
2417 270 2729 327 CONCILIA
2766 271 3068 330 ROMANA.

3679 272 3777 326 788

496 403 645 472 coni,
667 405 762 475 qui
808 402 864 457 in
908 401 1139 457 crimine
1176 398 1548 454 fornicationis
1579 398 1822 470 jaceant,
1856 396 2081 455 interdi-
2109 403 2162 466 Α
2195 398 2401 454 vestris.
2435 397 2540 469 Qui
2568 412 2698 455 vero
2719 396 2847 453 huic
2871 397 3232 455 saluberrimo
3258 404 3535 471 pracepto
3565 395 3784 453 obedire

493 497 670 553 cimus
692 498 771 552 eis
809 512 872 550 ex
920 494 1021 549 Dei
1046 501 1196 564 parte
1226 493 1625 565 omnipotentis
1651 501 1707 548 et
1734 495 1910 549 sancti
1939 493 2085 549 Petri

494 591 816 648 auctoritate
878 589 1187 653 introitum,
1237 602 1407 659 usque
1468 586 1607 644 dum
1672 589 1976 660 poeniteant
2034 595 2089 644 et

494 683 804 741 emendent.
854 683 910 738 Si
959 684 1057 754 qui
1108 698 1234 738 vero
1281 684 1340 738 in
1362 691 1581 754 peccato
1611 698 1711 738 suo
1742 698 2088 755 perseverare

492 778 806 843 maluerint,
838 776 1053 833 nullum
1078 786 1325 833 vestrum
1348 793 1540 833 eorum
1570 776 1758 833 audire
1788 786 2088 849 prasumat

496 872 761 939 ofﬁcium,
793 873 919 943 quia
944 871 1253 927 benedictio
1278 887 1472 927 eorum
1500 873 1729 927 vertitur
1764 873 1822 927 in
1860 872 2086 928 maledi-

495 966 754 1033 ctionem,
806 974 858 1021 et
902 967 1077 1021 oratio
1120 966 1174 1020 in
1214 974 1519 1037 peccatum,
1572 966 1812 1021 Domino
1859 974 2091 1021 testante

496 1074 589 1131 per
617 1059 942 1133 prophetam
971 1081 981 1114 ε
1016 1058 1362 1128 Maledicam,
1393 1062 1587 1131 inquit,
1614 1058 2092 1117 benedictionibus

2194 494 2486 559 noluerint,
2518 492 2841 549 idololatria
2881 501 3166 564 peccatum
3206 492 3513 561 incurrunt,
3539 489 3785 547 Samuele

2194 596 2332 643 teste
2372 598 2428 644 et
2469 588 2627 644 beato
2657 588 2931 660 Gregorio
2960 588 3300 644 instruente:
3334 589 3625 642 Peccatum
3650 585 3785 641 ario-

2194 682 2338 738 landi
2376 690 2459 739 est
2509 698 2623 738 non
2670 681 2890 737 obedire
2940 691 2994 738 et
3038 682 3218 738 scelus
3271 680 3597 737 idololatria
3641 677 3785 735 nolle

2195 778 2554 849 acquiescere.
2616 778 2906 831 Peccatum
2970 775 3133 848 igitur
3185 772 3505 848 paganitatis
3558 773 3786 829 incurrit

2196 872 2445 944 quisquis
2482 870 2613 927 dum
2650 869 3025 926 Christianum
3055 886 3115 927 se
3155 870 3366 938 asserit,
3404 868 3520 926 sedi
3573 874 3787 946 aposto-

2200 965 2319 1025 lica
2347 964 2569 1021 obedire
2596 964 2923 1021 contemnit.

1266 1473 1939 1565 CONGILIUM
2016 1472 2611 1564 ROMANUM
2690 1474 2775 1562 II
2824 1458 3026 1585 (“9),

1186 1684 1308 1742 Pro
1347 1682 1737 1757 reformando
1769 1682 2040 1742 Ecclesia
2085 1680 2442 1741 celebratum
2472 1699 2629 1741 anno
2662 1681 2900 1741 Domini
2930 1683 3105 1743 1075.

1653 1858 1833 1932 (Apud
1861 1862 2058 1921 Maus.
2091 1861 2286 1918 Concil.
2326 1862 2463 1930 XX,
2502 1862 2651 1932 443.)

1951 2033 2352 2050 ﬂ

574 2173 737 2225 Anno
789 2170 858 2224 ab
910 2170 1293 2227 lncarnatione
1334 2174 1567 2229 Domini
1608 2177 1751 2239 (430)
1802 2175 2093 2231 millesimo
2120 2183 2169 2245 Β
2203 2179 2503 2254 Gregorius
2539 2195 2683 2235 anno
2718 2186 2851 2237 1074
2886 2180 3160 2254 synodum
3190 2179 3387 2254 indixit
3403 2179 3636 2254 exordio
3665 2180 3803 2250 Qua-

505 2262 914 2334 septuagesimo
985 2274 1207 2335 quarto,
1251 2266 1599 2337 pontificatus
1670 2283 1797 2323 vero
1864 2270 2094 2325 Domini

505 2357 754 2427 Gregorii
781 2374 936 2427 papa
963 2359 1105 2426 (431)
1126 2360 1393 2427 secundo,
1417 2360 1715 2417 indictione
1745 2369 1831 2430 13,
1854 2362 2095 2419 celebra-

506 2450 583 2504 vit
610 2450 722 2520 ipse
750 2449 1012 2506 dominus
1035 2453 1339 2523 Gregorius
1369 2470 1509 2525 papa,
1543 2458 1741 2510 Roma
1764 2456 2038 2528 synodum
2068 2474 2098 2511 a

504 2550 665 2597 sexto
708 2544 987 2599 Kalendas
1040 2546 1221 2600 Martii
1265 2561 1439 2616 usque
1487 2547 1555 2603 ad
1601 2549 1769 2618 pridie
1820 2550 2100 2606 Kalendas

508 2637 821 2707 (sequentis)
852 2637 1116 2708 prateriti
1151 2640 1378 2694 mensis.
1423 2640 1530 2696 Ubi
1558 2640 1805 2697 interfuit
1834 2643 2097 2715 archiepi-

504 2744 819 2799 scoporum,
853 2731 1234 2801 episcoporum
1283 2740 1339 2787 et
1361 2733 1626 2789 abbatum
1677 2735 1971 2792 multitudo
2014 2745 2102 2792 at-

505 2837 612 2893 que
652 2822 857 2878 diversi
899 2823 1106 2879 ordinis
1163 2825 1487 2882 clericorum
1525 2836 1577 2883 et
1618 2828 1881 2885 laicorum
1927 2832 2100 2903 copia,

506 2919 567 2969 In
588 2930 697 2986 qua
748 2916 891 2971 inter
936 2925 1133 2974 catera
1190 2918 1408 2975 decreta
1449 2937 1575 2991 qua
1622 2922 1699 2977 ibi
1747 2933 1899 2995 gesta
1951 2932 2099 2991 sunt,

507 3009 754 3081 quinque
810 3010 878 3065 de
916 3010 1129 3066 familia
1172 3014 1313 3085 regis
1366 3016 1818 3085 Teutonicorum,
1865 3034 2103 3089 quorum

506 3102 734 3158 consilio
764 3103 1006 3160 ecclesia
1048 3105 1359 3162 venduntur
1399 3107 1834 3180 (vendebantur),
1878 3128 1908 3165 a
1952 3113 2104 3167 limi-

507 3196 667 3252 nibus
696 3206 898 3253 sancta
940 3198 1199 3254 Ecclesia
1246 3202 1533 3272 separavit,
1605 3202 1682 3257 ita
1721 3211 1783 3257 ut
1806 3203 1851 3258 si
1906 3204 2105 3262 abinde

509 3306 680 3362 usque
696 3290 766 3345 ad
789 3290 1063 3347 Kalendas
1080 3294 1225 3348 Junii
1256 3297 1494 3350 Romam
1523 3311 1637 3351 non
1662 3297 1905 3353 venirent
1932 3307 1986 3353 et
2012 3314 2105 3354 sa—

512 3382 842 3453 tisfacerent,
904 3388 1363 3443 excommunicati
1426 3389 1775 3447 haberentur.
1817 3391 2103 3464 Philippus

517 3493 612 3534 rex
655 3481 1014 3549 Francorum,
1054 3481 1097 3536 si
1144 3481 1351 3537 nuntiis
1392 3499 1545 3556 papa
1586 3483 1655 3540 ad
1693 3484 1897 3540 Gallias
1942 3486 2104 3543 ituris

517 3570 585 3627 de
609 3571 981 3629 satisfactione
1010 3590 1107 3629 sua
1138 3584 1191 3630 et
1211 3576 1594 3632 emendatione
1618 3578 1965 3635 securitatem
1987 3595 2102 3635 non
2136 3589 2180 3651 ρ

514 3664 725 3729 fecerit,
753 3665 1021 3721 habeatur
1067 3670 1595 3726 excommunicatus.
1634 3672 1951 3727 Liemarum
1980 3676 2112 3730 Bre-

517 3771 765 3812 mensem
806 3758 1271 3831 archiepiscopum
1314 3778 1411 3831 pro
1453 3762 1815 3820 inobedientia
1843 3767 2114 3837 superbia

518 3865 635 3906 sua
664 3849 734 3905 ab
776 3852 1083 3923 episcopali-
1109 3852 1291 3909 ofﬁcio
1330 3856 1635 3926 suspendit,
1668 3865 1722 3913 et
1744 3874 1775 3913 a
1804 3874 2034 3930 corpore
2059 3865 2114 3915 et

520 3944 783 4014 sanguine
814 3945 1040 3999 Domini
1080 3946 1380 4002 interdixit.
1422 3949 1794 4005 Guarnerium
1824 3952 2111 4009 Strazbur-

519 4052 740 4110 gensem
770 4038 838 4092 ab
859 4039 1150 4110 episcopali
1179 4049 1235 4095 et
1266 4041 1584 4097 sacerdotali
1612 4042 1796 4098 officio
1812 4047 2111 4117 suspendit.

520 4131 819 4187 Henricum
840 4133 1149 4204 Spirensem
1178 4134 1471 4206 suspendit.
1502 4136 1931 4194 Henrimannum
1953 4142 2113 4196 Bam-

518 4224 862 4297 bergensem,
915 4224 959 4281 si
1007 4236 1134 4283 ante
1172 4229 1381 4285 Pascha
1428 4246 1541 4286 non
1570 4234 1779 4287 venerit
1806 4231 2115 4290 satisfactu-

521 4334 634 4388 rus,
673 4320 927 4376 similiter
952 4322 1253 4393 suspendit.
1291 4328 1432 4380 Item
1464 4326 1521 4380 in
1549 4326 1935 4398 Longobardia
1973 4328 2112 4383 Gui-

518 4413 769 4469 lielmum
794 4415 1109 4487 Papiensem
1130 4426 1183 4472 et
1201 4419 1557 4475 Cunibertum
1576 4422 1971 4478 Taurinensem
1994 4438 2113 4477 sus-

522 4507 730 4579 pendit.
787 4509 1113 4583 Dionysium
1168 4513 1544 4569 Placentinum
1584 4514 1850 4585 deposuit.
1901 4516 2111 4571 Rober-

522 4609 642 4657 tum
678 4602 877 4659 ducem
920 4606 1141 4677 Apulia
1182 4606 1296 4677 jam
1326 4607 1870 4677 anathematizatum,
1908 4617 1964 4664 et
1992 4612 2108 4665 Ro-

523 4696 743 4751 bertum
770 4697 837 4754 de
866 4698 1130 4754 Loritello
1162 4699 1437 4757 invasores
1462 4701 1739 4758 bonorum
1776 4703 1964 4759 Sancti
2005 4704 2106 4760 Pe-

525 4788 615 4857 tri,
646 4793 1157 4847 excommunicavit.

960 4900 1133 4943 NOT/B
1170 4901 1455 4944 SBVEBINI
1496 4904 1673 4945 BINII.

596 4978 905 5033 Concilium.
935 4978 1024 5033 Ad
1052 4977 1466 5036 reformandam
1485 4983 1739 5039 Ecclesia
1768 4982 2110 5056 disciplinam
2138 4971 2189 5033 D

596 5160 742 5239 (429)
777 5155 985 5242 ln_hoc
1023 5157 1260 5242 concilio
1289 5158 1500 5242 editum
1531 5159 1693 5242 fuisse
1735 5162 1971 5242 primum
2000 5178 2120 5218 con-

523 5238 605 5302 tr_a
655 5228 997 5282 investituras
1050 5228 1329 5283 decretum
1391 5230 1551 5285 docet
1620 5228 1817 5302 Pagius
1867 5231 1939 5287 ad
1984 5250 2113 5291 ann.

524 5298 905 5381 Ch.‘io75_,'n.
946 5306 965 5352 1
1006 5306 1067 5381 et
1094 5313 1249 5381 seqq:

600 5375 741 5436 (430)
782 5374 906 5427 Non
941 5387 973 5427 a
1006 5371 1186 5426 Natali
1229 5372 1454 5428 Domini
1494 5372 1590 5429 sed
1628 5389 1659 5429 a
1697 5373 1788 5430 die
1814 5377 2123 5435 Annuntia-

2204 2250 2528 2325 dragesima
2566 2253 2691 2325 anni
2728 2258 2864 2325 1075
2914 2250 3320 2325 celebrandam,
3353 2252 3421 2308 ad
3451 2268 3620 2325 quam
3648 2268 3802 2307 voca-

2205 2323 2283 2377 vit
2312 2322 2584 2395 imprimis
2637 2324 2848 2395 longius
2899 2324 3160 2379 distantes
3190 2322 3485 2395 Britannos
3519 2324 3804 2395 episcopos

2206 2393 2540 2475 et_abbates,
2571 2393 2993 2475 Tullensemque
3032 2397 3353 2475 episcopum
3374 2394 3443 2451 de
3472 2393 3807 2475 Simonia-et

2205 2464 2606 2539 cohabitatione
2628 2481 2754 2521 cum
2798 2464 3043 2530 muliere,
3065 2464 3239 2539 quam
3269 2467 3491 2539 haberet
3516 2475 3584 2539 ut
3617 2465 3805 2535 conjuo

2207 2552 2354 2617 gem,
2388 2536 2753 2618 diffamatum.
2780 2536 3113 2618 lsembertus
3134 2538 3464 2618 Pictavensis
3492 2538 3802 2618 episcopus,

2209 2607 2298 2677 qui
2329 2624 2423 2681 per
2472 2608 2675 2681 milites
2713 2610 2945 2664 irruerat
2984 2610 3037 2664 in
3072 2611 3360 2681 episcopos
3388 2607 3606 2681 causam
3648 2607 3806 2662 ince-

2209 2678 2378 2762 stuosi
2397 2680 2613 2735 comitis
2636 2678 3376 2762 cognoscentes,_eorun_1'que
3394 2678 3807 2762 quosdammver-

2210 2749 2456 2817 beribus,
2501 2749 2769 2832 quosdam
2794 2753 3138 2832 contumeliis
3180 2749 3579 2832 affecerattab
3611 2749 3805 2832 officio

2211 2837 2526 2892 suspensus,
2569 2824 2757 2894 jussus
2810 2832 2897 2880 est
2926 2828 3167 2881 Romam
3203 2824 3407 2892 venire,
3445 2823 3591 2894 sicut
3636 2823 3806 2894 etiam

2210 2894 2399 2977 Penno
2427 2893 2868 2977 anaburgensis
2893 2896 3179 2977 episcopus
3200 2904 3260 2977 et
3277 2894 3443 2950 abbas
3462 2893 3805 2977 Coi‘beiensis

2211 2963 2350 3018 inter
2375 2980 2432 3020 se
2464 2963 2757 3037 litigantes.
2792 2963 2992 3022 Citavit
3017 2963 3179 3021 etiam
3202 2968 3519 3022 Liemarum
3542 2966 3807 3020 Bremen~

2210 3050 2330 3108 sem
2346 3036 2837 3108 archiepiscopum
2881 3037 2953 3093 ob
2994 3053 3215 3093 causam
3263 3053 3428 3108 supra
3474 3044 3804 3092 enarratam.

2212 3104 2570 3189 Sigefridum‘
2591 3104 2979 3189 ltlog'untinum
3006 3104 3490 3189 archiepiscopum
3516 3123 3647 3189 cuin
3678 3122 3808 3189 om.-

2212 3178 2371 3233 nibus
2400 3179 2513 3233 suis
2541 3178 2902 3260 suffraganeis
2932 3178 3407 3260 episcopis'eidefn
3431 3178 3643 3253 synodo
3674 3179 3808 3260 assi-

2212 3257 2355 3303 stere
2380 3258 2675 3321 prasentes
2703 3250 2996 3306 mandavit.
3028 3250 3383 3307 Ab'Henrico
3420 3250 3546 3321 rege
3592 3265 3693 3321 per
3724 3250 3809 3305 lit-

2212 3266 2355 3303 stere
2380 3266 2675 3321 prasentes
2703 3266 2996 3306 manaavu.
3028 3266 3111 3307 AD
3146 3266 3383 3307 uenrico
3420 3266 3546 3321 rege
3592 3266 3693 3375 per
3724 3266 3808 3305 ut-

2212 3328 2359 3375 teras
2402 3322 2563 3404 petiit
2612 3322 3008 3404 utIlegatos_ad
3039 3323 3309 3404 synodum
3342 3324 3543 3404 mit-tat,
3615 3322 3808 3404 losque

2211 3406 2323 3465 non
2361 3392 2546 3447 audiat
2598 3395 2694 3465 qui
2719 3392 3019 3451 discordias
3042 3392 3183 3452 inter
3218 3411 3275 3451 se
3313 3394 3605 3451 seminant.
3648 3393 3814 3448 Cuni-

2212 3462 2432 3539 bertum
2458 3462 2858 3539 Taurinensem
2870 3467 3229 3539 episcopum,
3257 3467 3352 3539 qui
3379 3465 3456 3539 de
3481 3466 3670 3539 invaso
3692 3479 3811 3539 mo.

2213 3535 2451 3609 nasterio
2482 3538 2665 3609 Sancti
2691 3537 2883 3609 Angeli
2913 3535 3297 3605 accusabatur,
3317 3538 3489 3608 jussit
3508 3537 3681 3609 etiam
3712 3536 3808 3591 ad-

2210 3608 2409 3680 venire,
2455 3608 2597 3662 sicut
2634 3606 2809 3663 etiam
2828 3609 3183 3665 Guilielmum
3216 3606 3542 3680 Papiensem
3584 3606 3659 3663 ob
3690 3622 3813 3662 cau-

2219 3693 2337 3733 sam
2366 3678 2586 3734 divortii
2614 3680 2761 3735 inter
2789 3684 3035 3735 Azonem
3074 3691 3129 3736 et
3154 3678 3494 3736 Mathildem.
3520 3680 3813 3749 Hugonem

2221 3750 2474 3820 militem,
2516 3751 2610 3820 qui
2654 3750 2793 3806 bona
2825 3751 3181 3807 Taurinensis
3207 3751 3466 3808 Ecclesia
3514 3752 3812 3815 invaserat,

2221 3819 2290 3894 ad
2327 3819 2662 3894 reddendam
2704 3821 2969 3894 rationem
3002 3823 3202 3878 citavit.
3252 3825 3329 3878 Ea
3374 3837 3704 3894 quasupra
3748 3820 3813 3876 de

2220 3891 2565 3965 [Ierimanni
2597 3893 3017 3965 Bambergensis
3058 3894 3299 3965 episcopi
3350 3891 3735 3964 suspensione,
3762 3900 3817 3965 et

2222 3962 2484 4036 Dionysii
2512 3964 2811 4019 Placentini
2840 3962 3108 4036 'episcopi'
3138 3962 3507 4036 depositione,
3562 3964 3621 4018 in
3659 3964 3819 4036 Actis

2220 4033 2992 4117 synodalibusrecensentur,
3032 4033 3400 4117 inveniuntur
3460 4036 3628 4117 etiam
3663 4034 3816 4117 apud

2222 4105 2544 4187 Gregorium
2592 4106 2714 4187 libri
2745 4122 2834 4187 11,_
2856 4108 3079 4179 epistola
3122 4113 3190 4187 54
3220 4116 3276 4163 et
3305 4115 3394 4176 76,
3428 4115 3482 4161 et
3495 4106 3629 4187 _libri
3645 4105 3817 4187 ‘tertii

2220 4175 2456 4259 epistola.
2500 4183 2577 4259 3._
2606 4182 2664 4259 lin
2732 4175 2931 4259 eadem
2996 4175 3596 4259 synodo_compositas
3639 4175 3819 4259 fuisse

2220 4247 2525 4321 discordias
2563 4249 2703 4304 inter
2734 4247 3065 4321 Pragensem
3100 4260 3153 4306 et
3186 4247 3569 4306 Moravensem
3600 4249 3823 4319 episco-

2219 4335 2319 4390 pos
2345 4319 2583 4402 d_ecl_arat
2609 4319 2864 4402 Gregorii
2888 4322 3110 4402 epistol_a
3149 4328 3219 4379 93
3246 4322 3371 4377 libri
3403 4337 3470 4402 ri.
3502 4320 3824 4402 constituta

2219 4391 2505 4472 synodalia
2519 4407 2619 4472 per
2643 4391 2965 4472 universum
3001 4392 3193 4472 orbem
3218 4392 3546 4472 promulgari
3579 4392 3821 4472 manda-

2220 4462 2312 4527 vit,
2347 4462 2667 4533 scriptisque
2698 4462 2765 4517 ad
2793 4473 3051 4519 sanctum
3086 4462 3382 4520 Annonem
3423 4462 3826 4519 Coloniensem

2219 4532 2648 4607 etSigefridum
2696 4536 3083 4607 Moguntinum
3116 4537 3401 4607 episcopos
3444 4535 3702 4607 epistolis
3720 4550 3831 4607 vo-

2220 4603 2317 4658 luit
2339 4604 2409 4659 ab
2462 4603 2660 4677 iisdem
2703 4603 3042 4677 congregatis
3080 4603 3265 4663 in'sua
3293 4603 3518 4662 diacesi
3545 4606 3825 4669 conciliis.

2217 4690 2279 4757 ea
2322 4676 2595 4757 pracipue
2628 4692 2752 4757 qua
2778 4676 2849 4732 de
2872 4676 3212 4757 continentia
3243 4678 3565 4733 clericorum
3605 4684 3666 4757 et
3682 4692 3831 4757 pra-

2222 4746 2386 4820 vitate
2432 4746 2739 4820 Simoniaca
2777 4749 3098 4820 corrigenda
3144 4749 3361 4806 decreta
3408 4757 3460 4805 et
3510 4749 3829 4803 constituta

2222 4818 2458 4884 fuerant,
2516 4819 2876 4891 promulgari.
2934 4818 3214 4877 'Baronius
3281 4836 3425 4876 anno
3486 4824 3649 4886 1075,

2223 4906 2379 4947 mero
2408 4896 2474 4946 10
2497 4890 2553 4947 et
2578 4890 2954 4965 sequentibus.

3728 4835 3834 4875 nu-

2226 5166 2393 5222 tionis
2462 5168 2716 5252 Virginis,
2772 5176 2845 5252 et_
2879 5168 3265 5252 incarnationis
3310 5166 3473 5224 Verbi
3518 5180 3838 5225 numerans

2225 5253 2416 5313 annos,
2456 5247 2529 5313 ui
2537 5239 2745 5313 dictum
2771 5248 2854 5295 est
2880 5242 3153 5313 superius.

2231 5308 2441 5437 A(4:11)
2486 5310 2706 5367 Tertius
2756 5308 2968 5368 autem'
3000 5314 3190 5385 incipit
3243 5311 3350 5368 hoc
3397 5326 3564 5379 anno,
3608 5308 3713 5367 die
3762 5316 3839 5367 22

2283 5395 2457 5437 nnis.

2283 5395 2457 5451 prius.
