4048 6174
306 304 392 357 789
1509 303 1869 361 CONCILIUM
1908 272 2241 361 somnum
2274 306 2358 361 ιιι.

3484 310 3590 363 790

1123 572 1794 665 CONClLlUM
1874 575 2471 667 ROMANUM
2556 578 2741 687 III,

336 737 459 815 Quo
502 739 794 813 Henricus
844 753 950 819 rea;
1001 736 1361 819 Germania,
1414 736 1751 817 Sigefridus
1803 739 2229 815 Moguntimts,
2290 740 2624 798 Wilielmus
2678 739 3098 819 Trajectensis,
3150 746 3206 800 et
3254 738 3551 802 Robertus

890 817 1348 895 Bambergensz’s
1378 823 1633 897 episcopi
1669 823 2289 892 excommunicantur,
2324 837 2483 881 anno
2526 818 2767 881 Domini
2789 817 2983 882 1077.

1536 953 1781 1021 (MANSI,
1805 952 2001 1011 Concil.
2034 955 2169 1015 XX,
2201 954 2353 1023 467.)

351 1204 603 1259 Annoab
630 1178 1012 1261 incarnatione
1040 1207 1571 1263 Dominimillesimo
1600 1216 1886 1280 septuage-
1916 1215 1965 1277 Α
2000 1208 2327 1274 (lmbertum
2360 1210 2426 1264 de
2448 1208 2747 1279 Belloioco)
2774 1217 2997 1280 propter
3042 1207 3413 1264 infestationes
3439 1211 3587 1280 Lug-

278 1298 429 1353 simo
446 1298 660 1369 quinto,
676 1299 843 1355 indict
878 1316 1010 1369 xxv,
1024 1300 1319 1357 celebravit
1335 1301 1448 1373 ipse
1462 1306 1609 1369 (432)
1626 1302 1886 1359 dominus

274 1392 592 1462 Gregorius
620 1408 753 1464 papa
777 1397 977 1451 Roma
1005 1395 1285 1467 synodum
1316 1395 1371 1451 in
1400 1396 1627 1451 ecclesia
1658 1396 1882 1451 Domini

206 1520 207 1523 η
269 1485 605 1553 Salvatoris,
632 1502 756 1558 qua
784 1488 1232 1544 Constantiniana
1260 1489 1485 1557 dicitur,
1516 1489 1608 1545 ubi
1634 1489 1885 1547 interfuit

268 1578 668 1650 episcoporum
698 1589 753 1635 et
788 1580 1076 1650 abbatum,
1117 1590 1283 1654 atque
1309 1581 1509 1638 diversi
1547 1582 1751 1638 ordinis
1779 1583 1885 1639 cle-

266 1672 527 1728 ricorum
566 1682 620 1727 et
675 1674 941 1731 laicorum
990 1677 1172 1747 copia,
1212 1676 1267 1731 in
1316 1692 1445 1748 qua,
1484 1677 1627 1732 inter
1682 1685 1881 1733 catera

262 1765 497 1822 decreta
537 1783 658 1839 qua
702 1768 778 1824 ibi
808 1777 965 1839 gesta
996 1777 1144 1837 sunt,
1195 1772 1699 1827 excommunicavit
1734 1772 1882 1842 Sige-

262 1859 485 1916 fridum
533 1862 916 1932 Moguntinum
961 1863 1442 1936 archiepiscopum
1482 1865 1537 1920 in
1580 1865 1725 1920 hunc
1754 1880 1882 1920 mo-

262 1953 409 2009 dum
441 1972 454 2009 :
488 1952 824 2025 Sigefridum
851 1958 1245 2029 Moguntinum
1270 1958 1761 2029 archiepiscOpum,
1790 1959 1881 2031 qui

260 2057 510 2104 conatus
536 2058 620 2104 est
646 2050 934 2122 episcopos
965 2060 1129 2123 atque
1159 2051 1385 2108 abbates
1421 2053 1571 2124 regni
1613 2053 1879 2109 Teutoni-

258 2158 473 2198 corum
504 2158 537 2198 a
558 2152 743 2199 sancta
764 2148 1017 2201 Romana
1041 2146 1304 2215 Ecclesia,
1333 2146 1584 2202 videlicet
1608 2147 1880 2218 spirituali

260 2246 455 2293 matre
486 2252 607 2304 sua,
636 2237 903 2303 scindere,
914 2239 1122 2311 judicio
1152 2240 1327 2295 sancti
1353 2240 1589 2312 Spiritus
1620 2249 1675 2296 et
1698 2248 1881 2297 aucto-

262 2332 441 2387 ritate
474 2332 764 2387 beatorum
794 2334 1166 2404 apostolorum
1196 2334 1342 2389 Petri
1367 2342 1421 2389 et
1441 2335 1598 2390 Pauli
1629 2335 1697 2390 ab
1727 2335 1879 2390 omni

267 2426 573 2497 episcopali
623 2426 805 2482 ofﬁcio
863 2427 1280 2499 suspendimus,
1329 2436 1383 2484 et
1420 2444 1450 2484 a
1492 2430 1880 2485 communione

267 2520 528 2591 corporis
553 2529 607 2575 et
635 2520 915 2592 sanguinis
949 2523 1170 2576 Domini
1200 2538 1538 2593 separamus,
1584 2523 1691 2578 nisi
1730 2522 1874 2579 forte

273 2589 475 2669 mortis
504 2589 803 2685 periculum
850 2616 1219 2685 superveniat,
1260 2589 1334 2672 ita
1364 2589 1550 2672 tamen
1595 2625 1657 2672 ut
1698 2619 1870 2688 poeni-
1904 2589 1950 2650 Β

272 2709 449 2763 tentia
507 2708 708 2763 ductus
766 2707 1065 2779 resipiscat.
1132 2710 1374 2765 Cateros
1444 2725 1573 2765 vero
1644 2711 1734 2781 qui
1787 2727 1881 2765 sua

274 2810 475 2873 sponte
518 2805 635 2872 ejus
679 2801 959 2857 schismati
991 2803 1381 2859 consentiendo
1415 2802 1879 2873 subscripserunt,

276 2904 332 2951 et
377 2895 432 2950 in
486 2910 550 2951 ea
590 2896 880 2967 iniquitate
926 2896 1223 2967 perdurare
1263 2896 1478 2965 volunt,
1516 2897 1769 2953 similiter
1809 2899 1880 2953 ab

278 2991 427 3044 omni
487 2989 783 3061 episcopali
860 2989 1045 3045 ofﬁcio
1112 2990 1519 3062 suspendimus.
1560 2990 1697 3047 Illos
1749 3007 1877 3047 vero

276 3085 373 3154 qui
415 3100 531 3137 non
576 3093 768 3155 sponte
815 3090 1230 3153 consenserunt,
1282 3101 1455 3157 usque
1500 3085 1568 3141 ad
1605 3084 1876 3141 festivita-

276 3184 392 3232 tem
435 3177 613 3233 sancti
654 3178 801 3233 Petri
844 3176 1179 3246 sufferimus,
1228 3194 1293 3233 eo
1339 3179 1562 3250 quidem
1605 3189 1874 3250 respectu,

278 3279 339 3325 ut
388 3272 433 3326 si
486 3270 630 3327 infra
683 3272 853 3327 istum
897 3272 1201 3327 terminum
1240 3272 1499 3327 idoneam
1547 3281 1642 3328 aut
1681 3289 1776 3344 per
1820 3289 1879 3329 se

279 3371 379 3418 aut
418 3380 517 3435 per
560 3366 781 3420 nuntios
822 3381 951 3421 suos
978 3364 1406 3421 satisfactionem
1438 3367 1745 3437 prasentia
1772 3383 1879 3421 no-

277 3464 407 3513 stra
436 3474 552 3513 non
582 3458 901 3527 obtulerint,
933 3459 1227 3531 episcopali
1268 3458 1523 3532 deinceps
1550 3459 1735 3515 ofﬁcio
1764 3461 1876 3531 pri-

278 3560 495 3607 ventur.

406 3649 904 3702 Erccommum‘catio
935 3650 1302 3717 episcoporum
1332 3645 1745 3713 Longobardz‘a.

344 3740 645 3810 EpiscOpos
665 3738 1084 3810 Longobardia,
1134 3740 1246 3811 qui,
1301 3748 1480 3811 spreta
1519 3740 1784 3794 canonica
1823 3748 1877 3795 et

269 3834 577 3904 apostolica
604 3834 953 3901 auctoritate,
991 3842 1178 3890 contra
1226 3833 1448 3889 beatum
1491 3835 1717 3889 Petrum
1744 3849 1874 3905 apo-

1988 1302 2255 1359 dunensis
2282 1302 2570 1369 Ecclesia;
2605 1302 2932 1357 Podiensem
2977 1302 3376 1370 Simoniacum,
3408 1301 3590 1357 homi-

1989 1396 2170 1452 cidam
2212 1395 2575 1468 Stephanum,
2608 1396 2813 1452 scilicet
2839 1412 2869 1451 a
2898 1395 3093 1468 legatis
3120 1397 3326 1452 nostris
3367 1411 3587 1450 excom-

1991 1492 2348 1558 municatum,
2398 1499 2453 1546 et
2505 1491 2764 1546 Pontium
2820 1489 3422 1561 GratianOpolitanum,
3454 1505 3589 1561 quo-

1990 1601 2161 1657 usque
2227 1584 2532 1655 resipiscat,
2595 1584 3177 1651 excommunicamus;
3218 1592 3274 1638 et
3339 1597 3402 1639 ea
3459 1597 3587 1653 qua

1988 1680 2205 1735 Diensis
2251 1679 2537 1751 episcopus
2592 1679 2649 1732 in
2713 1678 3030 1749 episcopatu
3067 1676 3258 1732 Diensi
3310 1676 3378 1731 de
3429 1675 3580 1731 deci-

1989 1774 2096 1828 mis
2133 1783 2187 1828 et
2228 1772 2485 1845 primitiis
2531 1781 2587 1828 et
2621 1772 2875 1827 Ecclesiis
2918 1770 3063 1837 fecit,
3114 1779 3171 1826 et
3222 1779 3417 1825 catera
3462 1785 3587 1841 qua

1988 1868 2042 1922 in
2095 1867 2366 1938 legatione
2438 1875 2625 1921 nostra
2684 1866 2903 1931 statuit,
2969 1880 3071 1921 nos
3128 1880 3347 1938 quoque
3392 1863 3587 1919 conﬁrv

1987 1976 2184 2018 manus
2193 2004 2203 2015 .

2106 2060 2594 2112 Earcommunicatio
2624 2058 2846 2111 Henrici
2870 2056 3008 2122 regis
3034 2055 3460 2111 Teutonicorum.

2057 2153 2222 2205 Beate
2248 2153 2405 2206 Petre
2435 2150 2815 2221 apostolorum
2867 2147 3137 2218 princeps,
3172 2146 3395 2214 inclina,
3431 2162 3585 2216 qua-

1987 2259 2201 2311 sumus,
2232 2246 2350 2316 pias
2381 2260 2544 2300 aures
2572 2252 2697 2298 tuas
2727 2241 2906 2307 nobis,
2957 2249 3011 2295 et
3054 2240 3181 2295 audi
3232 2256 3323 2295 me
3368 2256 3585 2295 servum

1988 2345 2145 2393 tuum
2175 2354 2349 2409 quem
2378 2338 2448 2392 ab
2467 2336 2696 2392 infantia
2736 2335 2983 2403 nutristi,
3040 2344 3093 2389 et
3121 2350 3294 2405 usque
3329 2334 3399 2389 ad
3438 2334 3586 2389 hunc

1987 2432 2134 2487 diem
2165 2432 2233 2487 de
2268 2448 2439 2487 manu
2471 2432 2789 2503 iniquorum
2821 2428 3087 2494 liberasti,
3118 2428 3209 2499 qui
3241 2444 3329 2483 me
3360 2444 3458 2499 pro
3488 2436 3581 2483 tua

1987 2525 2244 2581 ﬁdelitate
2282 2525 2521 2581 oderunt
2549 2534 2605 2579 et
2629 2516 2840 2579 odiunt.
2872 2526 2954 2577 Tu
2972 2522 3110 2576 mihi
3133 2522 3285 2576 testis
3310 2537 3389 2587 es,
3416 2529 3471 2577 et
3486 2522 3580 2577 do-

1990 2620 2135 2675 mina
2175 2635 2296 2674 mea
2336 2626 2510 2674 mater
2564 2618 2683 2685 Dei,
2714 2625 2767 2672 et
2808 2619 2874 2673 B.
2923 2617 3123 2671 Paulus
3154 2615 3319 2670 frater
3350 2624 3500 2682 tuus,
3526 2621 3581 2671 et

1989 2728 2179 2769 omnes
2206 2714 2401 2780 sancti,
2434 2711 2583 2783 quod
2612 2720 2705 2766 tua
2744 2718 2929 2766 sancta
2953 2713 3200 2764 Romana
3227 2709 3470 2764 Ecclesia
3498 2726 3588 2765 me

1990 2806 2218 2861 invitum
2249 2806 2318 2861 ad
2356 2822 2451 2860 sua
2491 2804 2857 2875 gubernacula
2886 2803 3070 2865 traxit,
3096 2811 3151 2858 et
3180 2818 3279 2873 ego
3305 2818 3417 2857 non
3445 2802 3585 2873 rapi-

1988 2916 2114 2955 nam
2143 2899 2435 2973 arbitratus
2463 2915 2588 2954 sum
2614 2896 2681 2953 ad
2721 2897 2908 2952 sedem
2936 2905 3090 2950 tuam
3124 2894 3438 2963 ascendere,
3478 2912 3577 2967 po-

1988 2994 2205 3066 tiusque
2236 2994 2382 3048 volui
2420 2994 2591 3049 vitam
2641 3006 2822 3046 meam
2850 2990 2907 3045 in
2943 2989 3379 3061 peregrinatione
3404 2989 3580 3056 ﬁnire,

1989 3104 2152 3159 quam
2177 3088 2358 3143 locum
2387 3095 2546 3141 tuum
2588 3101 2691 3158 pro
2726 3085 2896 3156 gloria
2928 3082 3121 3138 mundi
3150 3082 3392 3138 saculari
3425 3083 3581 3154 inge-

1988 3183 2081 3236 nio
2101 3182 2366 3253 arripere;
2389 3190 2443 3235 et
2474 3181 2597 3235 ideo
2628 3196 2691 3235 ex
2723 3188 2814 3233 tua
2839 3178 3030 3250 gratia,
3062 3193 3169 3231 non
3188 3192 3253 3231 ex
3282 3176 3425 3231 meis
3452 3192 3581 3247 Ope—

1988 3275 2158 3342 ribus,
2189 3275 2351 3330 credo
2389 3274 2537 3347 quod
2578 3273 2675 3328 tibi
2707 3273 2905 3344 placuit
2932 3280 2986 3325 et
3023 3272 3217 3342 placet,
3252 3278 3315 3325 ut
3345 3270 3582 3341 populus

1986 3368 2327 3424 Christianus
2367 3368 2465 3423 tibi
2516 3366 2827 3438 specialiter
2886 3365 3214 3420 commissus
3261 3363 3393 3419 mibi
3450 3364 3580 3419 obe-

1986 3462 2121 3527 diat,
2162 3462 2464 3533 specialiter
2490 3476 2588 3533 pro
2626 3460 2716 3532 [f.,
2749 3459 2888 3526 vice,
2928 3462 3004 3513 sic
3036 3464 3085 3512 et
3126 3461 3186 3513 in
3216 3456 3439 3528 Mutin.]
3472 3458 3581 3512 vita

1987 3565 2081 3611 tua
2101 3555 2236 3610 mihi
2264 3555 2578 3621 commissa,
2609 3562 2663 3608 et
2694 3552 2824 3608 mihi
2851 3560 2943 3607 tua
2974 3552 3147 3623 gratia
3176 3561 3257 3606 est
3280 3559 3522 3623 potestas
3550 3566 3581 3606 a

1990 3653 2106 3704 Deo
2135 3651 2264 3704 data
2291 3648 2487 3720 ligandi
2512 3656 2673 3718 atque
2709 3644 2955 3701 solvendi
2986 3645 3039 3699 in
3070 3645 3206 3700 calo
3244 3653 3297 3699 et
3327 3645 3383 3699 in
3412 3654 3575 3699 terra.

1986 3744 2104 3797 Hac
2151 3744 2333 3814 itaque
2377 3740 2573 3797 ﬁducia
2606 3738 2775 3795 fretus
2806 3756 2902 3811 pro
2936 3739 3185 3793 Ecclesia
3233 3746 3343 3795 tua
3371 3738 3582 3793 honore

1985 3845 2036 3893 et
2063 3835 2408 3900 defensione,
2448 3851 2513 3889 ex
2538 3842 2687 3906 parte
2712 3832 3102 3905 omnipotentis
3154 3832 3255 3886 Dei
3305 3834 3481 3886 Patris
3526 3840 3582 3887 et

266 3928 551 3983 stolorum
594 3927 896 3998 principem
940 3936 1353 3982 sacramentum
1403 3928 1873 4000 conspiraverunt,
1906 3942 1949 4003 ε
1983 3929 2099 3985 Filii
2135 3938 2189 3984 et
2235 3928 2464 4000 Spiritus
2493 3928 2689 3990 sancti,
2723 3943 2817 3998 per
2855 3935 3010 3981 tuam
3042 3933 3373 3996 potestatem
3402 3933 3456 3980 et
3488 3940 3582 3981 au-

268 4022 608 4077 auctoritate
657 4020 905 4093 ejusdem
942 4020 1085 4076 beati
1117 4022 1259 4076 Petri
1293 4022 1359 4075 ab
1390 4021 1539 4076 omni
1583 4021 1873 4092 episcopali

263 4115 464 4173 ofﬁcio
486 4115 895 4186 suspendimus,
921 4123 978 4170 et
998 4131 1026 4170 a
1044 4114 1435 4170 communione
1463 4123 1671 4169 sancta
1692 4115 1877 4170 Eccle-

264 4212 369 4267 sia
402 4224 742 4281 separamus.

340 4306 852 4362 Ercommunicatio
872 4306 1231 4374 episcoporum
1256 4303 1801 4356 ultramonlanorum.

340 4398 721 4469 Agathensem
768 4398 1084 4468 episcopum
1131 4396 1547 4467 Berengarium,
1578 4396 1707 4467 quia
1740 4395 1875 4467 (qui)

262 4492 623 4548 Narbonensi
674 4492 927 4563 episcopo
967 4490 1444 4546 excommunicato
1491 4488 1873 4544 communica-

263 4588 376 4653 vit,
405 4594 461 4640 et
498 4587 640 4641 vices
678 4584 1014 4657 episcopales
1042 4600 1141 4655 pro
1178 4583 1271 4638 illo
1303 4582 1451 4650 fecit,
1498 4582 1877 4638 excommuni-

263 4696 489 4735 camus.
528 4682 893 4735 Viennensem
924 4678 1239 4749 episcopum
1278 4676 1682 4732 Herimannum
1724 4677 1877 4747 juste

262 4774 589 4845 depositum
659 4789 758 4844 pro
822 4772 1089 4836 Simonia,
1133 4771 1406 4843 perjuriis,
1472 4771 1772 4842 sacrilegiis
1820 4780 1876 4827 et

266 4868 586 4939 apostasia,
642 4868 768 4939 quia
810 4868 1174 4921 Viennensem
1238 4865 1543 4921 Ecclesiam
1612 4864 1873 4919 infestare

266 4978 387 5017 non
412 4960 653 5027 desistit,
690 4961 1233 5015 excommunicamus
1258 4978 1271 5015 :
1303 4968 1359 5014 et
1379 4958 1632 5014 Ecclesiis
1658 4962 1874 5014 Roma-

266 5056 441 5111 nensi
486 5063 541 5109 et
586 5055 773 5111 Sancti
822 5054 1017 5109 Irenai
1048 5053 1422 5125 Lugdunensi,
1463 5068 1750 5124 quousque
1784 5068 1874 5108 eas

265 5149 647 5221 occupaverit,
678 5148 929 5203 divinum
954 5146 1334 5203 interdicimus
1359 5146 1625 5202 ofﬁcium.
1652 5146 1875 5201 Deside-

264 5244 429 5301 rium
470 5252 523 5297 et
550 5242 895 5298 Romanenis
937 5240 1188 5297 Ecclesia
1236 5241 1479 5307 clericos,
1520 5240 1615 5311 qui
1666 5241 1875 5310 regula-

1983 4024 2314 4087 ctoritatem,
2356 4022 2597 4076 Henrico
2648 4020 2761 4091 regi
2796 4020 2908 4075 ﬁlio
2948 4018 3173 4074 Henrici
3206 4016 3576 4089 imperatoris,

1982 4116 2075 4189 qui
2101 4125 2289 4171 contra
2313 4125 2463 4171 tuam
2488 4115 2787 4169 Ecclesiam
2818 4112 3060 4168 inaudita
3094 4112 3377 4183 surperbia
3406 4112 3579 4166 insur-

1983 4210 2141 4275 rexit,
2172 4210 2341 4263 totius
2369 4208 2519 4279 regni
2557 4207 2988 4262 Teutonicorum
3016 4214 3070 4261 et
3114 4204 3286 4261 Italia
3314 4204 3577 4277 guberna-

1983 4304 2101 4357 cula
2144 4301 2479 4368 contradico,
2514 4308 2570 4354 et
2597 4316 2789 4355 omnes
2815 4300 3151 4356 Christianos
3180 4314 3209 4353 a
3251 4300 3464 4354 vinculo
3482 4299 3575 4370 ju-

1980 4395 2235 4461 ramenti,
2285 4393 2431 4465 quod
2472 4392 2578 4449 sibi
2618 4392 2797 4447 fecere
2840 4394 2921 4447 vel
2965 4393 3195 4457 facient,
3236 4391 3478 4460 absolvo,
3509 4400 3580 4471 et

1983 4497 2045 4545 ut
2081 4488 2261 4543 nullus
2302 4487 2351 4543 ei
2388 4487 2526 4542 sicut
2562 4486 2677 4558 regi
2721 4485 2940 4553 serviat,
3000 4484 3285 4539 interdico.
3329 4485 3577 4555 Dignum

1984 4591 2063 4638 est
2082 4582 2230 4637 enim
2256 4589 2316 4636 ut
2336 4582 2427 4653 qui
2458 4580 2643 4636 studet
2672 4580 2937 4635 honorem
2974 4576 3231 4631 Ecclesia
3260 4586 3372 4632 tua
3392 4577 3577 4631 immi-

1982 4693 2172 4744 nuere,
2205 4676 2317 4748 ipse
2359 4674 2627 4731 honorem
2658 4674 2879 4728 amittat
2906 4687 3071 4743 quem
3110 4670 3324 4727 videtur
3353 4670 3572 4729 habere.

1984 4773 2050 4825 Et
2077 4770 2199 4841 quia
2220 4770 2360 4825 sicut
2382 4768 2726 4824 Christianus
2751 4764 3081 4836 contempsit
3104 4764 3351 4832 obedire,
3378 4780 3479 4820 nec
3508 4765 3577 4821 ad

1981 4863 2291 4938 Dominum
2314 4861 2474 4917 rediit
2498 4877 2663 4933 quem
2692 4858 2921 4927 dimisit,
2950 4858 3324 4930 participando
3353 4875 3576 4915 excom-

1981 4957 2294 5023 municatis,
2339 4971 2566 5024 meaque
2600 4954 2827 5022 monita,
2870 4969 2992 5025 qua
3016 4970 3113 5025 pro
3144 4970 3241 5009 sua
3274 4954 3448 5009 salute
3472 4952 3572 5008 sibi

1981 5052 2133 5117 misi,
2172 5061 2225 5107 te
2266 5059 2422 5119 teste,
2475 5049 2805 5120 spernendo,
2855 5064 3019 5119 seque
3065 5047 3134 5102 ab
3185 5048 3418 5102 Ecclesia
3455 5055 3573 5115 tua,

1980 5154 2196 5201 tentans
2224 5160 2345 5199 eam
2380 5143 2644 5205 scindere,
2679 5141 3005 5214 separando,
3034 5142 3250 5196 vinculo
3290 5156 3415 5196 eum
3444 5156 3573 5194 ana-

1983 5240 2240 5295 thematis
2280 5239 2391 5293 vice
2411 5246 2504 5294 tua
2527 5238 2708 5309 alligo,
2742 5245 2797 5292 et
2827 5237 2901 5291 sic
2918 5252 3040 5290 eum
3063 5251 3127 5290 ex
3158 5234 3352 5289 ﬁducia
3382 5241 3472 5288 tua
3504 5234 3579 5288 al-

266 5352 369 5392 res
415 5344 635 5391 nostros
676 5336 744 5390 ab
794 5351 853 5390 ea
897 5334 1240 5406 expulerunt,
1284 5343 1338 5389 et
1382 5334 1874 5390 excommunicatis
1905 5327 1952 5389 D
1987 5333 2117 5405 ligo,
2146 5342 2206 5388 ut
2235 5334 2409 5388 sciant
2446 5339 2662 5402 gentes,
2693 5318 2747 5385 et
2766 5330 3129 5401 comprobent
3150 5328 3276 5399 quia
3308 5336 3367 5382 tu
3396 5342 3451 5381 es
3474 5329 3576 5382 Pe-

265 5432 845 5498 communicaverunt,
880 5428 1022 5496 inde,
1050 5428 1223 5484 donec
1266 5428 1618 5497 satisfaciant,
1650 5444 1875 5483 excom-

264 5526 655 5581 municamus.
686 5523 959 5580 Abbatem
985 5523 1171 5579 Sancti
1200 5522 1395 5595 zEgidii
1416 5522 1693 5591 similiter,
1718 5530 1772 5578 et
1786 5538 1878 5577 co-

264 5618 481 5675 mitem
522 5619 692 5675 sancti
742 5617 957 5691 Egidii,
1014 5625 1239 5689 propter
1293 5617 1779 5687 consanguineam,
1824 5624 1879 5671 et

262 5713 547 5769 comitem
590 5716 915 5783 Forensem,
961 5721 1015 5771 et
1061 5712 1397 5769 Umbertum
1448 5710 1516 5768 de
1561 5709 1874 5782 Bellogioco

353 5869 507 5938 (432)
528 5867 588 5923 In
618 5866 743 5924 cod.
778 5866 977 5924 Mutin.
1005 5864 1160 5922 deest
1180 5864 1447 5919 dominus.

1986 5436 2129 5493 trus,
2153 5435 2207 5482 et
2231 5443 2393 5499 super
2420 5432 2570 5481 tuam
2592 5434 2802 5497 petram
2834 5424 3004 5480 Filius
3036 5423 3137 5477 Dei
3163 5422 3267 5476 vivi
3293 5420 3579 5476 adiﬁcavit

1986 5522 2304 5587 Ecclesiam,
2328 5528 2382 5575 et
2404 5530 2577 5591 porta
2601 5519 2763 5575 inferi
2790 5534 2902 5574 non
2924 5514 3293 5590 pravalebunt
3318 5514 3577 5571 adversus

1985 5631 2106 5671 eam
2125 5616 2343 5684 (Matth.
2380 5614 2534 5683 xvr).
