4048 6174
261 288 362 340 793

1489 281 1846 336 CONCILIUM
1883 252 2215 338 nonANUM
2254 284 2339 339 ιιι.

3454 291 3557 343 ⁸794

257 409 319 464 rii
350 407 442 484 lib.
477 423 546 473 ιῐ,
596 416 721 479 post
771 408 925 479 epist.
963 412 1050 475 55,
1071 406 1368 484 Ahabentur
1402 405 1516 484 hoc
1542 405 1706 461 titulo
1742 408 1848 484 .i‘n—
1882 412 1931 474 Α
1962 423 2093 479 pore
2121 408 2177 463 in
2212 411 2528 484 ﬁomanam
2560 410 2864 466 Ecclesiam
2909 411 3310 482 insurgentium
3340 415 3556 484 experi-

260 482 478 550 scripta
509 498 521 533 :
555 477 816 535 D‘ictatus‘
836 496 1014 549 papae.
1059 480 1207 547 Quas
1240 479 1357 533 sine
1387 477 1556 550 dubio
1604 477 1848 548 pontifex

260 567 323 606 eo
362 549 592 605 consilio
644 552 1040 622 promulgavit,
1091 560 1151 605 ut
1196 567 1287 605 rex
1337 566 1403 605 ex
1425 549 1517 622 his
1573 550 1852 622 audaciam

257 621 735 680 schismaticorum
755 624 1138 696 episcoporum
1182 630 1237 679 et
1257 621 1570 693 principum
1595 621 1699 676 hoc
1719 630 1850 676 tem-

1934 480 2296 561 .retur.nVide
2320 482 2619 538 Baronium
2653 498 2796 538 anno
2828 488 2987 551 1076,
3018 480 3252 542 numero
3291 487 3352 561 ιϐ
3380 480 3434 540 et
3468 500 3553 543 se-

1960 550 2272 624 quenﬁbus.

1152 785 1255 843 AD
1296 782 1713 844 CONCILIUM
1758 784 2153 845 ROMANUM
2194 785 2272 844 III
2316 786 2661 847 ADDITIO.

1421 928 1668 993 (MANSI,
1698 927 1913 999 Suppl.,
1947 934 1989 982 t.
2022 929 2098 997 II,
2129 941 2255 999 pag.
2287 933 2399 995 16.)

328 1071 538 1127 Scitum
563 1079 647 1127 est
669 1070 909 1126 Romani
932 1070 1094 1142 hujus
1122 1069 1338 1125 concilii
1366 1068 1603 1125 habendi
1632 1085 1851 1125 causam

255 1165 556 1237 prabuisse
612 1164 1005 1235 impudentiam
1055 1163 1281 1218 Henrici
1334 1163 1643 1218 Germania
1690 1163 1850 1235 regis,

256 1275 369 1330 quo
412 1263 604 1329 agente
647 1258 1067 1312 conciliabulum
1116 1257 1439 1312 Wormatia
1486 1265 1740 1311 coactum
1786 1273 1851 1312 eo

254 1352 551 1407 devenerat
582 1351 845 1415 audacia,
879 1360 937 1405 ut
979 1351 1306 1421 Gregorium
1334 1366 1364 1404 e
1395 1350 1694 1421 pontiﬁcali
1724 1350 1851 1406 sede

256 1444 535 1516 dejiceret.
561 1445 729 1515 Cujus
756 1444 1094 1500 deﬁnitionis
1127 1444 1455 1498 auctoritate
1485 1442 1658 1499 fretus
1699 1445 1849 1499 Hen-

256 1538 406 1592 ricus
430 1539 636 1592 litteras
674 1538 1003 1609 injuriarum
1037 1540 1219 1608 plenas
1249 1536 1404 1592 dedit
1427 1538 1494 1592 ad
1520 1537 1853 1592 Hildebran—

255 1632 393 1688 dum
424 1648 518 1687 seu
555 1632 880 1702 Gregorium
928 1647 1141 1702 papam,
1173 1648 1309 1702 quas
1358 1631 1596 1701 integras
1625 1630 1853 1686 inseruit

250 1727 311 1781 in
353 1726 468 1781 aliis
498 1726 694 1781 litteris
743 1741 805 1780 ea
836 1726 903 1780 de
947 1741 1111 1780 causa
1165 1724 1233 1780 ad
1272 1728 1591 1780 Romanum
1641 1725 1851 1780 clerum

248 1819 559 1876 destinatis.
606 1822 708 1875 Ha
737 1834 865 1874 vero
896 1819 1092 1874 littera
1122 1828 1243 1874 tum
1281 1834 1406 1889 qua
1445 1818 1514 1873 ad
1544 1818 1850 1873 Henricum

250 1930 378 1970 cum
408 1929 532 1985 qua
563 1914 630 1969 ad
677 1918 960 1969 Romanos
989 1914 1211 1983 scripta
1258 1921 1407 1977 sunt,
1460 1929 1554 1982 per
1602 1912 1850 1983 bajulum

250 2008 458 2075 missa,
480 2008 731 2079 Gregorii
750 2009 908 2079 jussu
930 2007 1170 2062 recitata
1190 2014 1324 2060 sunt
1343 2006 1399 2060 in
1419 2006 1573 2075 plena
1598 2009 1849 2062 Romana

247 2101 466 2174 synodo
496 2102 620 2156 anni
655 2106 814 2168 1076,
840 2109 976 2156 teste
1001 2100 1268 2155 annalista
1294 2101 1504 2155 Saxone
1526 2098 1749 2154 Eccardi
1780 2098 1849 2154 ad

247 2212 382 2251 ann.
407 2200 563 2263 1076,
587 2211 651 2250 ex
672 2212 781 2267 quo
808 2194 1029 2250 easdem
1052 2194 1262 2249 litteras
1285 2194 1526 2264 integras
1553 2191 1845 2248 habemus.

247 2291 395 2345 Cum
436 2291 605 2361 igitur
632 2291 699 2347 ad
728 2298 849 2345 acta
878 2289 1067 2362 synodi
1103 2289 1220 2344 hac
1250 2288 1453 2359 pariter
1486 2288 1682 2358 scripta
1721 2304 1847 2360 per-

1964 1070 2305 1139 existimans,
2356 1071 2415 1125 in
2480 1072 2662 1142 ipsum
2711 1081 2873 1144 caput
2925 1090 3090 1130 ausus
3144 1092 3204 1131 es
3253 1077 3550 1150 insurgere,

1963 1164 2231 1219 mandans
2278 1180 2404 1236 qua
2450 1166 2619 1233 nosti,
2675 1166 2901 1236 scilicet,
2949 1176 3011 1222 ut
3050 1169 3161 1223 tuis
3205 1170 3385 1225 verbis
3412 1180 3555 1237 utar,

1964 1256 2113 1328 quod
2142 1266 2238 1312 ant
2263 1266 2325 1314 tu
2355 1259 2632 1327 morieris,
2686 1268 2778 1315 aut
2825 1260 2963 1315 mihi
3008 1261 3252 1316 animam
3294 1277 3553 1334 regnum-

1963 1365 2071 1421 que
2124 1351 2361 1407 tolleres.
2416 1355 2573 1407 Hanc
2621 1352 2926 1409 inauditam
2970 1355 3382 1410 contumaciam
3429 1371 3552 1426 ego,

1961 1460 2071 1499 non
2108 1445 2306 1512 verbis,
2348 1445 2443 1502 sed
2489 1462 2549 1501 re
2591 1446 2987 1503 confutandam
3015 1448 3342 1520 dijudicans,
3388 1464 3557 1520 gene-

1960 1538 2135 1594 ralem
2181 1549 2514 1595 conventum
2544 1544 2794 1596 omnium
2825 1543 2979 1613 regni
3011 1543 3368 1613 primatuum,
3422 1544 3556 1613 ipsis

1962 1632 2421 1714 supplicantibus,
2467 1633 2654 1701 habui,
2697 1634 2789 1690 ubi
2834 1651 2960 1690 cum
3011 1651 3072 1691 ea
3117 1652 3240 1706 qua
3291 1636 3556 1693 hactenus

1960 1734 2115 1781 metu
2145 1728 2548 1782 et-reverentia
2603 1729 2923 1784 tacebantur
2948 1730 3005 1783 in
3034 1729 3277 1785 medium
3326 1729 3556 1786 deducta

1959 1816 2207 1887 fuissent,
2254 1821 2392 1876 veris
2420 1822 2811 1877 assertionibus
2840 1822 3078 1890 illorum,
3111 1839 3250 1894 quas
3287 1840 3351 1877 ex
3405 1824 3553 1895 ipso—

1958 1928 2082 1967 rum
2124 1913 2323 1969 litteris
2354 1914 2563 1982 audies,
2607 1916 2786 1985 palam
2814 1914 3020 1971 factum
3046 1924 3129 1970 est
3169 1926 3222 1971 te
3249 1916 3556 1973 nullatenus

1959 2006 2015 2060 in
2042 2007 2337 2077 apostolica
2368 2008 2495 2063 sede
2534 2024 2694 2079 posse
2752 2010 3060 2078 persistere.
3124 2011 3375 2077 Quorum
3431 2027 3555 2066 sen-

1954 2101 2150 2167 tentia,
2181 2102 2308 2172 quia
2322 2103 2473 2172 justa
2503 2110 2560 2156 et
2597 2102 2898 2173 probabilis
2929 2117 3120 2157 coram
3152 2105 3272 2157 Deo
3311 2102 3557 2159 homini-

1959 2193 2171 2265 busque
2201 2194 2500 2260 videbatur,
2527 2211 2627 2267 ego
2656 2211 2876 2267 quoque
2898 2196 3225 2262 assentiens,
3258 2212 3423 2251 omne
3454 2196 3554 2252 tibi

1958 2298 2188 2359 papatus
2207 2288 2319 2359 jus,
2354 2288 2503 2359 quod
2546 2288 2747 2344 habere
2774 2288 2919 2343 visus
2962 2304 3038 2353 es,
3084 2289 3426 2354 abrenuntio,
3471 2299 3589 2346 at-‘

245 2386 487 2451 tineant,
518 2384 658 2455 aqui
696 2384 935 2455 bonique
962 2381 1169 2438 facient
1214 2383 1444 2437 lectores
1471 2381 1849 2437 ecclesiastica
1878 2448 1917 2455 “
1958 2397 2064 2453 que
2118 2389 2177 2437 ut
2226 2398 2258 2436 a
2296 2381 2425 2437 sede
2472 2380 2646 2446 urbis,
2694 2382 2848 2453 cujus
2887 2383 3025 2437 mihi
3057 2384 3397 2452 patriciatus,
3434 2385 3552 2439 Deo

247 2448 515 2533 Historia
544 2448 796 2543 studiosi,
828 2448 873 2532 s-i
932 2477 1037 2532 huc
1067 2476 1360 2531 translatas
1403 2474 1674 2541 habeant;
1714 2491 1850 2546 quos
1878 2448 1924 2508 Β
1957 2448 2233 2529 tribuente
2264 2483 2322 2530 et
2362 2476 2547 2547 jurato
2592 2448 2979 2532 Romanorum
3007 2448 3251 2541 assensu,
3299 2448 3548 2547 debetur,

245 2581 440 2649 tamen
472 2572 825 2642 pramonitos
854 2571 975 2625 volo
1003 2579 1062 2625 ut
1091 2585 1219 2640 qua
1249 2570 1305 2624 in
1338 2569 1672 2639 Gregorium
1700 2567 1849 2624 fada

245 2666 543 2737 iactantur,
578 2665 694 2721 hac
718 2664 862 2720 dicta
892 2664 1160 2735 accipiant
1187 2663 1254 2717 ab
1286 2662 1511 2718 homine
1530 2662 1847 2733 impotenti,

250 2756 350 2827 qui
379 2755 643 2810 commoti
688 2754 860 2809 animi
894 2752 1132 2809 insanias
1183 2768 1296 2807 non
1326 2750 1576 2806 veritatis
1619 2750 1849 2807 consilia

251 2848 525 2919 sequitur.

250 2968 579 3021 HENBICUS
609 2967 707 3020 Dei
732 2966 916 3032 gratia
937 2980 1051 3030 recc,
1088 2964 1341 3016 universo
1371 2964 1570 3016 sancta:
1600 2963 1851 3015 Romana:

324 3038 569 3093 Ecclesia:
596 3038 730 3090 clero
756 3040 807 3090 et
819 3036 1042 3105 populo,
1073 3036 1341 3105 gratiam,
1372 3035 1599 3088 salutem
1625 3036 1676 3087 et
1701 3047 1851 3087 omne

334 3109 547 3163 bonum.

327 3226 463 3279 Hac
489 3222 622 3278 ﬁdes
652 3221 808 3276 ﬁrma
833 3228 889 3276 et
917 3221 1242 3276 inconcussa
1273 3220 1538 3288 creditur,
1568 3236 1691 3292 qua
1711 3235 1852 3276 sem-

253 3333 353 3389 per
384 3325 439 3371 et
476 3316 664 3371 eadem
690 3324 744 3369 et
796 3315 1051 3386 prasenti
1080 3323 1134 3369 et
1184 3315 1398 3369 absenti
1447 3324 1717 3382 servatur,
1747 3328 1851 3369 nec

248 3410 515 3466 diuturna
544 3410 678 3481 ejus,
708 3409 793 3463 cui
822 3407 1069 3474 debetur,
1102 3408 1365 3475 absentia,
1397 3423 1498 3462 nec
1522 3407 1673 3479 longi
1700 3415 1848 3461 tem-

253 3504 409 3575 poris
433 3503 592 3559 tadio
623 3503 968 3570 immutatur,
1001 3516 1169 3572 quam
1216 3502 1384 3555 talem
1413 3516 1509 3555 vos
1544 3500 1703 3555 nobis
1730 3516 1847 3555 ser-

253 3612 386 3652 vare
414 3596 632 3665 scimus,
676 3604 730 3651 et
753 3596 956 3667 gratias
983 3595 1230 3665 agimus;
1266 3600 1319 3649 et
1344 3602 1407 3649 ut
1428 3594 1621 3648 eadem
1657 3608 1847 3665 perse-

253 3699 409 3745 veret
446 3690 698 3761 petimus,
750 3689 1021 3755 videlicet,
1091 3697 1170 3754 ut,
1228 3687 1369 3742 sicut
1412 3686 1609 3749 facitis,
1655 3686 1846 3742 amicis

1957 2576 2020 2622 ut
2041 2567 2336 2623 descendas
2357 2568 2534 2623 edico.
2563 2587 2593 2620 »

2032 2663 2164 2716 Hac
2185 2661 2352 2716 series
2376 2661 2624 2733 epistola
2643 2671 2850 2719 nostra
2878 2663 2946 2719 ad
2970 2662 3411 2719 Hildebrandum
3438 2680 3553 2720 mo—

1955 2754 2215 2822 nachum,
2254 2770 2424 2825 quam
2464 2754 2668 2810 idcirco
2697 2765 2752 2811 et
2801 2756 2960 2811 vobis
3003 2757 3338 2828 scripsimus,
3391 2765 3456 2811 ut
3500 2765 3555 2813 et

1959 2847 2110 2903 vobis
2137 2855 2325 2903 nostra
2362 2848 2633 2914 voluntas,
2679 2858 2732 2904 et
2760 2849 2940 2915 nobis,
2971 2849 3086 2904 imo
3129 2854 3245 2904 Deo
3288 2858 3343 2905 et
3393 2850 3554 2906 nobis

1957 2950 2138 2997 vestra
2177 2941 2474 2997 satisfaciat
2501 2940 2759 2996 charitas.
2806 2944 3098 3013 Exsurgite
3124 2942 3291 3015 igitur
3318 2942 3372 2997 in
3401 2958 3547 3013 eum,

1958 3034 2281 3101 ﬁdelissimi,
2340 3043 2394 3090 et
2428 3035 2502 3089 sit
2547 3035 2757 3105 primus
2798 3035 2855 3089 in
2901 3035 3029 3103 ﬁde,
3088 3036 3302 3105 primus
3342 3036 3397 3090 in
3435 3038 3551 3109 ejus

1956 3128 2329 3185 damnatione.
2364 3130 2487 3183 Non
2535 3137 2720 3183 autem
2770 3137 2833 3183 ut
2881 3128 3200 3200 sanguinem
3255 3129 3371 3200 ejus
3418 3128 3551 3184 fun-

1955 3221 2099 3277 datis
2126 3222 2377 3288 dicimus,
2421 3222 2622 3294 quippe
2652 3238 2781 3277 cum
2822 3222 3000 3293 major
3026 3222 3099 3277 sit
3128 3224 3179 3277 ei
3224 3231 3345 3294 post
3371 3222 3546 3295 depo-

1955 3316 2213 3371 sitionem
2262 3331 2424 3387 poena
2497 3316 2605 3370 vita
2651 3331 2813 3387 quam
2871 3330 3053 3383 mors;
3115 3315 3214 3372 sed
3268 3326 3330 3371 ut
3398 3332 3546 3383 eum,

1955 3409 1999 3465 si
2026 3408 2162 3464 nolit
2179 3408 2533 3475 descendere,
2564 3409 2792 3480 cogatis,
2832 3416 2886 3463 et
2915 3409 3081 3464 alium
3103 3410 3384 3465 communi
3425 3426 3546 3465 om-

1954 3502 2112 3556 nium
2141 3502 2520 3573 episcoporum
2551 3510 2606 3557 et
2632 3510 2815 3557 vestro
2837 3502 3065 3558 concilio
3089 3503 3291 3558 anobis
3313 3503 3548 3559 electum

1951 3596 2008 3651 in
2036 3596 2391 3667 apostolicam
2429 3595 2619 3651 sedem
2650 3596 2944 3667 recipiatis,
2992 3597 3080 3668 qui
3130 3596 3276 3668 quod
3323 3598 3427 3652 iste
3484 3597 3541 3652 in

1958 3689 2199 3745 Ecclesia
2222 3689 2542 3756 vulneravit,
2574 3705 2765 3744 curare
2794 3698 2849 3744 et
2874 3689 3004 3744 velit
3027 3698 3081 3744 et
3109 3690 3305 3760 possit.

250 3785 461 3839 nostris
490 3783 668 3850 amici,
701 3783 932 3837 inimicis
958 3781 1164 3836 inimici
1210 3781 1411 3853 jugiter
1440 3781 1705 3836 existatis.
1751 3784 1848 3835 ln-
1884 3803 1929 3863 ρ
1957 3808 2281 3862 ΗΕΝΜ(ΠΙΒ
2311 3822 2414 3860 non
2452 3807 2784 3874 usurpative,
2832 3806 2924 3859 sed
2958 3808 3055 3874 pia
3095 3808 3193 3859 De,-
3213 3806 3553 3861 ordinatione

247 3887 341 3934 ter
372 3892 510 3949 quos
557 3877 764 3932 scilicet
790 3875 1230 3930 IIildebrandum
1280 3874 1615 3930 monachum
1644 3884 1849 3929 notan-

245 3980 359 4035 tes,
415 3985 512 4025 vos
561 3969 615 4024 in
669 3968 785 4041 ejus
824 3968 1170 4024 inimicitiam
1212 3968 1542 4036 excitamus;
1598 3968 1689 4039 qui
1722 3967 1849 4023 huic

244 4063 513 4121 Ecclesia
556 4064 861 4119 invasorem
912 4070 966 4117 et
1012 4077 1415 4133 oppressorem,
1481 4070 1537 4116 et
1578 4065 1849 4117 Romana

244 4158 561 4230 reipublicae
589 4157 671 4212 vel
711 4157 867 4227 regni
908 4156 1083 4210 nostri
1122 4153 1499 4209 insidiatorem
1542 4154 1848 4225 deprehen—

248 4252 459 4318 dimus,
514 4260 573 4307 ut
602 4251 656 4305 in
684 4251 932 4322 sequenti
963 4249 1194 4321 epistola
1224 4247 1327 4304 sibi
1378 4264 1409 4302 a
1462 4247 1619 4303 nobis
1646 4246 1847 4304 directa

247 4348 307 4402 in
338 4352 596 4418 promptu
621 4354 722 4399 est.

340 4464 367 4488 ει
401 4441 771 4505 ﬂammans,
800 4440 903 4492 Dei
928 4438 1111 4506 gratia
1140 4453 1260 4504 rem,
1291 4437 1759 4493 HILDEBBANDO.

326 4556 351 4581 α
386 4535 529 4588 Cum
560 4532 825 4587 hactenus
854 4547 920 4585 ex
948 4540 1001 4585 te
1031 4546 1093 4585 ea
1116 4545 1239 4601 qua
1264 4530 1433 4599 patris
1452 4538 1580 4585 sunt
1605 4537 1848 4600 expecta-

242 4643 392 4693 rem,
423 4626 653 4699 tibique’
682 4626 735 4679 in
767 4624 1022 4679 omnibus
1073 4639 1268 4695 magna
1318 4623 1564 4678 ﬁdelium
1595 4632 1847 4679 nostrum

242 4719 635 4791 indignatione
668 4718 981 4784 obedirem;
1009 4717 1221 4788 percepi
1253 4732 1283 4771 a
1312 4724 1365 4771 te
1391 4716 1845 4786 vicissitudinem,

244 4813 475 4886 qualem
522 4810 813 4882 oportebat
858 4811 926 4865 ab
967 4826 1032 4865 eo
1064 4810 1155 4880 qui
1187 4808 1312 4865 vita
1361 4809 1619 4880 regnique
1671 4810 1846 4865 nostri

244 4905 754 4979 perniciosissimus
785 4912 932 4959 esset
958 4904 1149 4959 hostis.
1200 4905 1341 4959 Nam
1389 4918 1517 4957 cum
1567 4902 1621 4957 in
1654 4903 1847 4975 primis

243 5014 479 5056 omnem
509 4996 916 5054 hareditariam
969 4996 1311 5068 dignitatem,
1343 5011 1466 5067 qua
1493 4995 1631 5051 mihi
1659 4996 1727 5052 ab
1753 4996 1845 5052 illa

242 5093 379 5148 sede
424 5091 748 5159 debebatur,
797 5092 1033 5162 superbo
1106 5107 1246 5146 ausu
1283 5091 1577 5162 rapuisses,
1628 5090 1846 5162 longius

2028 3893 2148 3939 rem,
2182 3878 2572 3945 Hildebrando,
2601 3877 2725 3946 jam
2766 3891 2871 3930 non
2918 3878 3222 3948 apostolico,
3271 3878 3366 3932 sed
3406 3878 3548 3946 falso

2028 3950 2305 4003 monacho.

2030 4066 2185 4119 Hanc
2243 4064 2409 4119 talem
2459 4079 2555 4134 pro
2610 4062 2952 4119 confessione
3017 4072 3111 4119 tua
3165 4063 3548 4119 salutationem

1958 4157 2335 4228 promeruisti,
2376 4158 2471 4228 qui
2505 4158 2718 4212 nullum
2749 4158 2805 4212 in
2847 4157 3090 4213 Ecclesia
3130 4156 3380 4212 ordinem
3409 4173 3547 4229 pra-

1955 4249 2164 4317 teriisti,
2208 4265 2374 4320 quem
2404 4248 2740 4303 confusionis
2775 4264 2886 4302 non
2933 4248 3180 4314 honoris,
3210 4249 3546 4304 maledictio-

1955 4342 2040 4397 nis
2084 4357 2196 4396 non
2240 4340 2649 4406 benedictionis,
2705 4340 3021 4411 participem
3074 4356 3187 4396 non
3220 4341 3429 4398 feceris.
3469 4342 3550 4398 Ut

1957 4434 2106 4490 enim
2143 4434 2213 4490 de
2251 4434 2438 4489 multis
2480 4449 2647 4505 pauca
2674 4441 2731 4489 et
2758 4434 2972 4504 egregia
3002 4434 3323 4504 loquamur;
3364 4444 3545 4490 recto-

1956 4544 2045 4584 res
2074 4536 2273 4585 sancta
2329 4528 2605 4595 Ecclesia,
2646 4526 2895 4583 videlicet
2932 4525 3386 4597 archiepiscopos,
3431 4528 3545 4599 epi-

1955 4638 2173 4693 scopos,
2203 4622 2547 4694 presbyteros
2567 4636 2681 4675 non
2710 4619 2877 4675 modo
2905 4628 3125 4690 tangere
3150 4619 3287 4675 sicut
3315 4620 3550 4678 christos

1957 4716 2180 4772 Domini
2224 4731 2335 4770 non
2365 4714 2614 4775 timuisti,
2655 4715 2786 4785 quin
2834 4712 2978 4769 sicut
3022 4728 3208 4769 servos
3241 4714 3549 4771 nescientes

1957 4809 2091 4882 quid
2138 4808 2295 4864 faciat
2338 4808 2609 4863 Dominus
2655 4823 2849 4863 eorum
2888 4807 2992 4862 sub
3029 4807 3256 4877 pedibus
3292 4809 3396 4863 tuis
3435 4809 3547 4863 cal-

1956 4903 2089 4959 casti
2114 4925 2129 4970 ;
2157 4902 2211 4956 in
2234 4917 2471 4972 quorum
2501 4902 2910 4957 conculcatione
2941 4900 3039 4956 tibi
3072 4901 3315 4957 favorem
3343 4903 3411 4957 ab
3452 4917 3547 4958 ore

1956 4996 2100 5069 vulgi
2149 4995 2501 5067 comparasti,
2533 5011 2672 5068 quos
2715 5011 2907 5052 omnes
2948 4995 3023 5050 nil
3056 4996 3211 5062 scire,
3257 5004 3310 5051 te
3359 5004 3546 5050 autem

1955 5090 2143 5147 omnia
2172 5105 2332 5145 nosse
2360 5089 2640 5160 judicasti,
2663 5106 2767 5161 qua
2791 5090 2980 5159 utique
3009 5089 3298 5157 sententia,
3330 5104 3437 5142 non
3477 5089 3545 5144 ad

242 5185 375 5242 inde
427 5184 800 5257 progrediens,
844 5200 1076 5256 regnum
1125 5184 1298 5240 Italia
1346 5184 1596 5257 pessimis
1637 5184 1845 5239 artibus
1876 5185 1927 5248 D
1955 5183 2395 5251 aediﬁcationem,
2438 5182 2533 5238 sed
2569 5182 2635 5238 ad
2674 5182 3105 5238 destructionem
3135 5181 3211 5237 uti
3265 5180 3544 5248 studuisti,

241 5280 486 5335 alienare
514 5278 755 5333 tentasti.
790 5281 905 5334 Nec
946 5277 1050 5333 hoc
1076 5285 1385 5343 contentus,
1418 5278 1476 5332 in
1504 5270 1843 5332 reverendis-

242 5374 419 5429 simos
449 5373 755 5443 episcopos,
804 5372 895 5443 qui
940 5372 1098 5426 nobis
1124 5371 1269 5427 velut
1312 5370 1619 5427 dulcissima
1669 5385 1845 5425 mem-

242 5468 343 5523 bra
374 5466 521 5521 uniti
554 5475 701 5533 sunt,
726 5482 948 5521 manum
978 5465 1195 5520 mittere
1220 5481 1332 5520 non
1360 5464 1613 5531 timuisti,
1644 5479 1848 5536 eosque

246 5559 662 5633 superbissimis
726 5559 940 5631 injuriis
976 5558 1448 5630 acerbissimisque
1497 5558 1848 5614 contumeliis

244 5662 442 5709 contra
498 5653 682 5707 divina
727 5661 781 5708 et
822 5652 1061 5708 humana
1102 5652 1247 5724 jura,
1284 5659 1345 5707 ut
1387 5652 1483 5722 ipsi
1535 5651 1708 5717 aiunt,
1753 5666 1847 5707 ex-

246 5746 543 5803 acerbasti.
583 5746 720 5815 Qua
762 5746 949 5801 omnia
985 5761 1110 5801 cum
1159 5761 1259 5818 ego
1302 5744 1541 5815 quadam
1588 5744 1847 5816 patientia

245 5839 687 5909 dissimularem,
713 5848 774 5896 tu
806 5839 909 5895 hoc
936 5855 1049 5894 non
1079 5838 1423 5910 patientiam,
1454 5837 1549 5896 sed
1577 5838 1848 5910 ignaviam

1955 5285 2016 5332 ut
2034 5278 2159 5348 jure
2202 5276 2305 5332 hoc
2335 5279 2398 5331 B.
2431 5276 2778 5347 Gregorium,
2810 5276 2968 5346 cujus
2994 5291 3200 5329 nomen
3237 5274 3331 5329 tibi
3370 5273 3545 5330 vindi-

1953 5371 2108 5438 casti,
2138 5371 2203 5427 de
2234 5378 2287 5425 te
2308 5369 2659 5441 prophetasse
2687 5368 2961 5424 credimus
2990 5369 3069 5424 sic
3096 5366 3366 5423 dicentem
3401 5388 3414 5421 :
3458 5373 3546 5424 Em

1954 5466 2244 5532 afﬂuentia
2295 5463 2650 5532 subjectorum
2694 5465 3012 5533 plerumque
3053 5464 3267 5516 animus
3321 5463 3551 5532 prwlati

1956 5559 2258 5620 extollitur,
2299 5563 2351 5612 et
2378 5560 2614 5612 aestimat
2648 5574 2702 5613 se
2719 5558 2845 5628 plus
2870 5557 3113 5610 omnibus
3145 5570 3317 5621 nosse,
3345 5570 3463 5609 cum
3492 5570 3545 5609 sc

1952 5651 2098 5723 videt
2120 5653 2248 5721 plus
2275 5652 2518 5706 omnibus
2536 5667 2706 5722 posse.
2738 5653 2808 5705 Et
2829 5664 2931 5703 nos
2960 5648 3182 5720 quidem
3216 5648 3334 5702 hac
3362 5646 3543 5701 omnia

1953 5744 2334 5812 sustinuimus,
2386 5744 2519 5800 dum
2566 5730 2874 5814 apostolica
2926 5739 3070 5796 sedis
3116 5740 3381 5796 honorem
3427 5754 3541 5794 ser-

1954 5853 2081 5895 vare
2126 5836 2507 5902 studeremus;
2539 5832 2637 5891 sed
2665 5841 2726 5889 tu
2764 5832 3132 5889 humilitatem
3183 5837 3432 5886 nostram
3470 5832 3543 5887 ti-
