4048 6174
494 289 597 343 795

1208 286 1259 342 S.
1301 282 1623 340 GREGORII
1660 285 1748 339 VII
1786 283 1935 341 OPP.
1980 282 2152 342 PARS
2189 286 2275 343 Ill.
2317 285 2731 369 —’CONCILIA
2770 283 3076 340 ROMANA.

3680 285 3780 337 796

491 428 705 472 morem
730 412 851 470 fore
884 409 1215 477 intellexisti,
1240 408 1473 480 ideoque
1496 416 1551 464 et
1573 408 1633 464 in
1656 409 1835 481 ipsam
1873 411 2079 483 regiam
2108 417 2162 479 Α
2191 427 2304 467 non
2349 410 2576 482 excepit.
2622 413 2706 466 Tu
2731 424 2860 482 ergo
2902 409 3011 464 hoc
3036 408 3410 477 anathemate,
3440 414 3497 463 et
3534 407 3781 462 omnium

493 515 840 579 potestatem,
871 504 1032 560 nobis
1055 519 1084 558 a
1111 505 1229 559 Deo
1274 517 1613 571 concessam,
1652 518 1945 576 exsurgere
1974 521 2085 560 non

495 600 736 669 timuisti,
782 614 946 671 quam
984 604 1038 653 te
1087 596 1245 652 nobis
1287 595 1502 652 auferre
1546 613 1710 653 ausus
1761 614 1818 654 es
1849 598 2082 668 minari;

493 693 642 766 quasi
669 707 817 748 nosa
858 700 913 747 te
957 707 1189 764 regnum
1222 692 1626 763 acceperimus;
1660 694 1813 763 quasi
1859 693 1918 748 in
1968 700 2081 760 tua,

493 794 547 845 et
589 803 701 843 non
752 786 807 841 in
862 785 967 841 Dei
1023 800 1206 854 manu,
1252 785 1324 840 sit
1359 801 1593 858 regnum
1639 786 1719 841 vel
1768 786 2082 858 imperium,

493 880 585 953 qui
630 880 904 937 Dominus
928 888 1117 935 noster
1170 881 1330 934 Jesus
1357 895 1457 935 nos
1493 879 1562 935 ad
1590 895 1846 951 regnum,
1904 888 1959 935 te
1988 898 2085 936 au-

492 983 607 1030 tem
652 990 767 1029 non
820 974 1036 1029 vocavit
1095 973 1161 1028 ad
1210 971 1595 1029 sacerdotium.
1652 976 1735 1028 Tu
1803 974 1949 1029 enim
2000 974 2085 1031 his

491 1067 749 1139 gradibus
802 1066 1113 1134 ascendisti,
1157 1066 1364 1122 scilicet
1413 1067 1631 1134 astutia,
1689 1066 1839 1139 quod
1892 1084 2085 1126 mona-

493 1161 644 1219 chica
701 1160 963 1234 professio
1019 1159 1385 1227 abominatur,
1464 1161 1759 1233 pecuniam
1829 1162 2081 1233 pecunia,

492 1255 741 1312 favorem
785 1255 991 1321 favore,
1036 1254 1242 1310 ferrum
1283 1253 1460 1323 ferro;
1541 1254 1727 1310 sedem
1785 1256 1932 1327 pacis
1993 1256 2086 1313 ad-

494 1350 603 1417 isti,
644 1357 699 1405 et
743 1348 814 1405 de
854 1349 982 1405 sede
1004 1349 1156 1421 pacis
1199 1364 1391 1420 pacem
1428 1349 1680 1417 turbasti,
1715 1347 1853 1404 dum
1898 1350 2084 1407 subdi-

493 1451 580 1499 tos
607 1442 663 1498 in
707 1443 959 1514 praelatos
1005 1442 1252 1510 armasti,
1295 1442 1428 1499 dum
1474 1442 1760 1515 episcopos
1800 1452 2024 1501 nostros
2053 1460 2083 1501 a

495 1539 612 1592 Deo
641 1545 886 1604 vocatos,
920 1544 979 1592 tu
1011 1551 1127 1592 non
1172 1544 1419 1604 vocatus,
1461 1536 1797 1609 spernendos
1826 1537 2081 1607 docuisti,

493 1628 630 1686 dum
672 1629 825 1685 laicis
873 1630 1242 1686 ministerium
1303 1645 1493 1686 eorum
1543 1646 1711 1703 super
1770 1632 2085 1689 sacerdotes

494 1722 788 1795 usurpasti,
827 1730 889 1779 ut
936 1723 1038 1795 ipsi
1074 1723 1358 1795 deponant
1400 1724 1484 1780 vel
1530 1732 1917 1794 contemnant,
1945 1742 2084 1798 quos

494 1816 594 1888 ipsi
618 1832 651 1871 a
677 1831 845 1873 manu
874 1817 979 1871 Dei
1012 1832 1109 1889 per
1136 1816 1542 1889 impositionem
1578 1834 1845 1875 manuum
1882 1820 2087 1892 episco-

2195 504 2583 578 episcoporum
2612 512 2929 559 nostrorum
2951 503 3183 574 judicio,
3224 511 3279 559 et
3334 511 3519 557 nostro
3550 501 3783 557 damna-

2191 607 2299 669 tus,
2341 598 2643 665 descende;
2691 597 3021 654 vindicatam
3067 597 3255 653 sedem
3293 596 3649 667 apostolicam
3696 611 3781 651 re-

2191 693 2408 765 linque;
2470 693 2610 747 alius
2662 692 2716 747 in
2762 691 2947 747 sedem
2988 691 3129 745 beati
3176 690 3315 746 Petri
3364 689 3640 756 ascendat,
3693 689 3785 759 qui

2190 787 2339 843 nulla
2367 787 2679 843 violentiam
2704 786 2966 857 religione
2988 785 3191 856 palliet,
3215 784 3312 839 sed
3330 787 3394 839 Β.
3425 784 3567 839 Petri
3595 799 3785 838 sanam

2190 881 2496 936 doctrinam
2551 879 2768 935 doceat.
2821 882 2937 951 Ego
2970 878 3253 934 Heinricus
3317 879 3419 933 Dei
3460 877 3631 948 gratia
3661 893 3787 932 cum

2191 974 2452 1031 omnibus
2492 974 2765 1045 episcopis
2794 973 2996 1029 nostris
3026 972 3127 1027 tibi
3157 971 3391 1028 dicimus
3435 969 3780 1038 :Descende,

2191 1068 2485 1125 descende.

2262 1165 2398 1233 Quae
2423 1162 2620 1219 litterae
2643 1160 2855 1229 (subdit
2894 1160 3170 1217 annalista
3200 1160 3343 1215 Saxo
3381 1158 3631 1228 Eccardi)
3660 1175 3789 1215 cum

2189 1256 2401 1312 domno
2430 1271 2587 1328 papae
2616 1256 2671 1311 in
2698 1240 2917 1311 basilica
2960 1254 3321 1310 Lateranensi
3348 1262 3549 1309 sancta:
3576 1253 3789 1326 synodo

2190 1350 2505 1422 praesidenti
2555 1348 2788 1405 fuissent
2815 1349 3016 1417 allatae,
3048 1355 3102 1403 et
3128 1363 3320 1403 coram
3348 1346 3557 1420 synodo
3588 1348 3783 1417 palam

2189 1443 2445 1513 recitatae,
2486 1451 2640 1498 tanta
2666 1443 2725 1498 ﬁt
2752 1443 2811 1497 in
2836 1442 3079 1498 Ecclesia
3109 1442 3435 1510 commotio,
3477 1449 3540 1495 ut
3568 1441 3783 1512 legatus

2189 1536 2472 1612 (Henrici)
2519 1537 2627 1592 nisi
2679 1537 2826 1593 inter
2876 1536 3162 1607 apostolici
3209 1535 3373 1607 pedes
3417 1533 3794 1591 defensionem

2191 1631 2504 1699 invenisset,
2535 1630 2893 1686 membratim
2926 1630 3158 1686 laniatus
3185 1629 3500 1685 interiisset.
3530 1628 3792 1700 Sequenti

2191 1724 2281 1781 die
2333 1725 2591 1781 dominus
2643 1739 2784 1795 papa
2837 1739 3028 1779 coram
3078 1722 3289 1794 synodo
3339 1721 3641 1778 declaravit
3688 1737 3794 1792 qua

2195 1818 2614 1875 mansuetudine
2651 1833 2838 1889 regem
2877 1817 2944 1872 de
2973 1817 3187 1890 magnis
3236 1817 3562 1872 criminibus
3612 1815 3791 1871 corri-

496 1910 699 1982 palium
735 1909 991 1966 descendi
1035 1921 1375 1984 acceperant.
1409 1915 1500 1968 Me
1544 1928 1797 1986 quoque,
1842 1914 1933 1986 qui
1961 1914 2088 1971 licet
2118 1910 2167 1974 B
2194 1915 2431 1988 puisset;
2473 1924 2642 1985 utque
2697 1915 2984 1984 episcOpos
3028 1929 3056 1968 a
3127 1912 3437 1984 captivitate
3509 1911 3794 1981 liberaret,

494 2002 755 2078 indignus
818 2003 956 2060 inter
997 2004 1243 2061 Cbristos
1291 2005 1364 2061 ad
1416 2022 1647 2078 regnum
1687 2023 1812 2064 sum
1864 2017 2084 2078 unctus,

494 2098 739 2171 tetigisti,
770 2114 933 2170 quem
969 2107 1287 2156 sanctorum
1313 2102 1539 2156 Patrum
1570 2100 1788 2157 traditio
1828 2102 1931 2158 soli
1967 2104 2085 2159 Deo

484 2191 840 2264 judicandum
869 2192 1363 2266 deponendumque
1391 2194 1745 2251 commiserit.
1796 2198 1917 2267 Ipse
1943 2212 2083 2268 quo-

493 2302 598 2360 que
614 2302 771 2343 verus
790 2303 926 2359 papa
947 2289 1012 2341 B.
1028 2291 1221 2344 Petrus
1234 2290 1435 2344 clamat
1456 2306 1470 2344 :
1490 2292 1658 2344 Deum
1682 2293 1883 2358 timete,
1898 2307 2085 2362 regem

494 2383 832 2453 honoriﬁcate
860 2384 911 2446 (Ι
928 2384 1072 2437 Petr.
1122 2382 1207 2452 ιι).
1236 2385 1319 2437 Tu
1366 2390 1573 2451 autem,
1603 2382 1736 2454 quia
1768 2386 1947 2438 Deum
1974 2398 2087 2440 non

494 2475 678 2543 times,
723 2490 813 2530 me
840 2476 1199 2531 constitutum
1253 2475 1371 2547 ejus
1427 2474 1746 2532 inhonoras.
1801 2476 1969 2532 Unde
2022 2480 2087 2533 B.

497 2569 697 2624 Paulus
733 2567 828 2624 ubi
873 2570 1063 2641 angelo
1108 2569 1175 2625 de
1226 2571 1389 2639 coelo,
1440 2571 1487 2625 si
1530 2570 1636 2625 alia
1689 2569 2089 2642 praedicaverit,

497 2678 610 2718 non
656 2664 911 2734 pepercit,
972 2672 1027 2719 te
1082 2679 1301 2736 quoque
1348 2664 1407 2720 in
1459 2664 1619 2720 terris
1666 2663 1772 2720 alia
1798 2664 2090 2721 docentem

2193 2018 2398 2082 quanta
2428 2009 2696 2064 suavitate
2721 2016 2970 2080 rogasset
2998 2016 3055 2063 et
3082 2007 3359 2079 jussisset,
3392 2013 3795 2077 quamtamque

2192 2102 2460 2175 superbiae
2489 2101 2924 2157 amaritudinem
2975 2102 3293 2171 recepisset.
3324 2098 3555 2167 Deinde,
3586 2100 3800 2155 cunctis

2193 2196 2658 2263 acclamantibus,
2735 2211 2805 2249 ne
2880 2194 3008 2250 talis
3072 2193 3408 2251 contumelia
3488 2202 3804 2250 remaneret

2192 2291 2391 2357 inulta,
2433 2290 2682 2345 omnium
2709 2288 2935 2345 consilio
2975 2295 3029 2343 et
3069 2304 3339 2343 consensu
3379 2287 3685 2343 Henricum
3714 2303 3802 2360 sy-

2198 2384 2387 2441 nodali
2404 2382 2618 2456 judicio
2646 2382 2954 2451 damnavit,
2987 2384 3241 2454 regisque
3264 2382 3489 2437 nomine
3514 2390 3567 2436 et
3589 2381 3801 2437 honore

2199 2479 2457 2550 privavit,
2508 2487 2674 2548 atque
2728 2476 3099 2532 anathematis
3151 2476 3331 2547 gladio
3386 2476 3675 2546 percussit.
3732 2478 3798 2530 B.

2200 2576 2377 2639 Petre,
2411 2572 2791 2642 apostolorum
2818 2571 3096 2643 princeps,
3126 2578 3231 2626 etc.
3280 2570 3417 2627 Vide
3441 2571 3580 2624 inter
3603 2572 3802 2640 episto.

2202 2667 2305 2733 las,
2339 2681 2528 2736 supra.

1349 2886 2007 2978 CONCILIUM
2085 2890 2689 2980 ROMANUM
2773 2890 2946 3001 IV,

539 3048 607 3108 In
640 3067 754 3126 quo
779 3047 1077 3110 Gilbertus
1100 3051 1448 3122 Ravennas,
1479 3049 1768 3110 Tebaldus
1804 3050 2297 3191 Medz'olDancmsz'_s,l
2309 3053 2552 3192 617lgque
2590 3053 2798 3134 plures
2844 3054 3098 3131 episcopi
3131 3052 3754 3120 excommunicantur,

1814 3148 1972 3189 anno
2060 3149 2242 3191 omzm
2437 3178 2451 3192 .

1814 3148 1972 3189 anno
2002 3148 2242 3191 uomzm
2273 3148 2451 3192 1υἾδ.

1743 3247 1989 3315 (ΜΑΝεῐ,
2006 3245 2232 3313 Concil.,
2258 3247 2393 3315 XX,
2410 3245 2559 3318 503.)

571 3481 715 3545 (433)
761 3479 925 3534 Anno
968 3478 1037 3534 ab
1078 3480 1464 3536 Incarnatione
1526 3480 1753 3536 Domini
1801 3478 2088 3535 millesimo
2123 3484 2167 3547 C
2201 3478 2566 3535 sacerdotium
2619 3478 2853 3535 schisma
2926 3476 3100 3533 facere
3168 3493 3280 3531 non
3353 3475 3676 3543 abhorruit,
3742 3484 3804 3529 ut

494 3572 892 3645 septuagesimo
923 3581 1139 3642 octavo,
1169 3574 1521 3645 pontiﬁcatus
1551 3590 1680 3630 vero
1707 3574 1923 3629 domini
1956 3575 2090 3630 Gre—

500 3664 641 3735 gorii
692 3680 847 3735 papae
890 3666 985 3720 VII
1025 3682 1166 3721 anno
1214 3671 1270 3733 5,
1316 3667 1609 3722 celebravit
1671 3667 1785 3737 ipse
1829 3666 2090 3723 dominus

500 3756 800 3826 Gregorius
846 3773 987 3828 papa
1036 3760 1331 3831 synodum,
1389 3760 1484 3814 ubi
1556 3758 1854 3816 interfuere
1907 3760 2089 3816 archi-

500 3849 738 3920 episcopi
763 3858 818 3905 et
845 3851 1087 3922 episcopi
1112 3852 1451 3907 diversarum
1477 3852 1699 3907 urbium
1715 3850 1829 3908 fere
1857 3869 2090 3909 numero

499 3949 746 4010 centum,
794 3959 898 3997 nec
923 3957 1040 3999 non
1069 3952 1125 3999 et
1174 3943 1438 4000 abbatum
1467 3961 1531 4000 ac
1567 3943 1911 4000 diversorum
1940 3946 2091 4001 ordi-

500 4052 637 4091 num
667 4035 996 4092 clericorum
1044 4045 1100 4092 et
1129 4036 1395 4093 laicorum
1442 4036 1859 4094 innumerabilis
1904 4039 2091 4094 multi-

500 4129 654 4186 tudo.
705 4132 771 4185 In
817 4146 924 4202 qua
986 4131 1292 4202 apostolica
1362 4131 1662 4187 constituta
1704 4132 2088 4203 corroborans,

500 4224 675 4279 multa
697 4240 820 4295 quae
847 4225 1169 4297 corrigenda
1199 4233 1359 4281 erant
1387 4224 1643 4293 correxit,
1666 4234 1720 4281 et
1744 4241 1869 4299 quae
1895 4242 2092 4283 corro-

501 4317 746 4373 boranda
802 4318 1064 4374 ﬁrmavit.
1124 4321 1277 4374 Inter
1340 4328 1538 4375 caetera
1594 4334 1835 4391 namque
1886 4321 1942 4375 in
1986 4321 2093 4377 ﬁne

500 4410 780 4484 synodalis
818 4411 1182 4469 absolutionis
1229 4412 1349 4469 haec
1379 4413 1664 4480 annexuit,
1716 4421 1771 4468 et
1816 4424 2092 4486 perpetuae

500 4507 788 4563 memoriae
839 4522 936 4578 pro
996 4507 1233 4578 posteris
1306 4506 1598 4563 scribenda
1651 4507 1956 4577 mandavit,
2015 4508 2092 4564 ita

502 4598 734 4656 dicendo
777 4601 1128 4657 :Tebaldum
1155 4601 1582 4669 (Theobaldum)
1617 4600 1831 4657 dictum
1873 4600 2091 4657 archie-

502 4693 787 4764 piscopum
825 4694 1317 4764 Mediolanensem,
1348 4704 1401 4751 et
1446 4698 1823 4751 Ravennatem
1868 4694 2092 4751 Gilber-

501 4796 642 4855 tum,
679 4787 925 4844 inaudita
972 4789 1165 4845 haeresi
1214 4799 1269 4845 et
1323 4790 1581 4860 superbia
1625 4790 1885 4846 adversus
1950 4788 2092 4846 hanc

2200 3573 2404 3629 amodo
2433 3582 2487 3628 et
2512 3588 2687 3645 usque
2716 3573 2769 3627 in
2798 3572 3060 3627 saeculum
3086 3570 3384 3642 episcopali
3416 3578 3599 3625 careat
3624 3570 3803 3640 digni-

2200 3674 2333 3730 tate,
2392 3666 2693 3736 apostolica
2752 3681 2979 3721 censura
3033 3679 3343 3731 censemus,
3397 3672 3452 3718 et
3516 3671 3579 3716 ut
3618 3664 3807 3718 nullus

2200 3774 2581 3815 successorum
2632 3767 2953 3814 nostrorum
3006 3773 3119 3813 sua;
3166 3757 3565 3812 consecrationi
3618 3757 3805 3827 aliquo

2202 3852 2371 3908 modo
2415 3853 2741 3922 consentiat,
2793 3851 2976 3907 modis
3023 3851 3280 3906 omnibus
3334 3850 3722 3922 prohibemus,
3754 3858 3806 3905 et

2202 3958 2467 4022 perpetuo
2542 3963 2670 4003 eum
2722 3947 3077 4003 anathemate
3134 3946 3443 4018 alligamus,
3502 3946 3609 4000 nisi
3663 3946 3806 4000 resi-

2202 4043 2401 4114 puerit,
2427 4051 2483 4098 et
2507 4042 2667 4116 digne
2693 4046 2812 4098 Deo
2843 4041 3190 4098 satisfecerit.
3220 4043 3511 4113 Hugonem
3539 4039 3801 4093 cardina-

2201 4137 2312 4192 lem
2359 4137 2506 4193 tituli
2551 4138 2741 4193 Sancti
2798 4137 3113 4200 Clementis,
3160 4136 3323 4190 tertio
3383 4134 3449 4188 ab
3503 4132 3805 4204 apostolica

2201 4230 2329 4288 sede
2353 4231 2708 4299 damnatum,
2746 4246 2811 4285 eo
2840 4228 2987 4300 quod
3024 4229 3297 4299 aspirator
3324 4236 3378 4283 et
3402 4227 3583 4283 socius
3623 4226 3807 4282 factus

2201 4324 2425 4380 haeresis
2469 4323 2696 4379 Cadaloi
2753 4324 3068 4379 Parmensis
3137 4324 3399 4393 episcopi,
3473 4330 3526 4377 et
3600 4323 3807 4377 iterum

2202 4417 2531 4472 constitutus
2589 4416 2797 4487 legatus
2840 4416 3154 4486 apostolica:
3205 4416 3372 4483 sedis,
3415 4415 3695 4470 haereticis
3750 4422 3810 4471 et

2201 4510 2551 4578 Simoniacis,
2576 4518 2632 4565 et
2655 4509 2722 4564 ab
2752 4510 3048 4581 apostolica
3095 4510 3228 4565 sedc
3259 4510 3537 4565 damnatis
3566 4525 3626 4564 se
3668 4525 3805 4564 con-

2194 4602 2398 4674 junxit,
2456 4613 2512 4658 et
2557 4603 2716 4658 tertio
2767 4602 2946 4659 factus
3008 4611 3259 4675 apostata
3306 4611 3361 4658 et
3407 4602 3805 4671 haeresiarcha,

2201 4697 2498 4753 schismata
2542 4704 2597 4752 et
2632 4697 2925 4753 divisiones
2968 4705 3135 4769 atque
3168 4696 3428 4752 scissuras
3458 4696 3511 4750 in
3554 4696 3804 4752 Ecclesia

2201 4792 2307 4845 Dei
2332 4799 2550 4847 tentans
2575 4806 2698 4847 eam
2724 4790 2975 4847 scindere
3004 4790 3154 4857 fecit,
3182 4790 3252 4846 ab
3282 4791 3436 4845 omni
3468 4789 3803 4846 sacerdotali

497 4889 744 4937 sanctam
798 4881 1130 4952 catholicam
1170 4882 1474 4939 Ecclesiam
1524 4899 1582 4938 se
1630 4884 1973 4952 extollentes,
2023 4871 2171 4940 abD
2201 4884 2388 4940 ofﬁcio
2438 4886 2742 4956 privamus,
2805 4892 2859 4940 et
2902 4900 3015 4967 tam
3066 4885 3136 4940 ab
3187 4884 3431 4956 ingressu
3479 4892 3536 4939 et
3589 4883 3805 4940 honore

500 4975 793 5047 episcopali
842 4977 1071 5031 omnino
1099 4976 1490 5046 suspendimus
1535 4985 1591 5032 et
1632 4978 1960 5033 sacerdotali
2011 4976 2093 5032 of-

498 5068 646 5138 ﬁcio,
691 5076 751 5125 et
798 5069 931 5124 olim
973 5070 1093 5141 jam
1140 5068 1347 5125 factum
1400 5069 1695 5125 anathema
1735 5086 1899 5141 super
1947 5071 2096 5141 ipsos

499 5163 844 5218 innovamus.
886 5161 1237 5232 Arnulphum
1285 5164 1713 5218 Cremonensem
1740 5162 1956 5233 publice
1997 5179 2095 5219 co—

500 5270 621 5309 ram
650 5263 838 5310 nostra
882 5254 1174 5325 praesentia
1197 5255 1505 5310 convictum
1553 5263 1610 5310 et
1637 5256 1992 5311 conﬁtentem
2038 5272 2096 5313 se

499 5346 898 5415 Simoniacum,
960 5348 1028 5403 ab
1089 5346 1243 5402 omni
1293 5348 1587 5420 episcopali
1639 5347 1821 5405 ofﬁcio
1885 5349 2095 5422 absque

498 5455 595 5512 spe
636 5441 1069 5510 recuperationis
1097 5440 1439 5512 deponimus,
1471 5449 1525 5497 et
1565 5458 1738 5515 usque
1766 5443 1835 5499 ad
1864 5442 2094 5516 dignam

501 5532 928 5592 satisfactionem
986 5534 1333 5591 anathemate
1376 5535 1734 5606 percutimus.
1780 5537 2095 5595 Rolandum

501 5644 629 5686 vero
659 5626 1078 5697 Tarvisiensem,
1109 5629 1204 5701 qui
1241 5644 1341 5702 pro
1368 5626 1719 5701 adipiscendo
1748 5632 2095 5704 episcopatus

501 5723 709 5781 honore
743 5720 1007 5779 subdolus
1053 5721 1234 5779 factus
1282 5723 1494 5796 legatus
1555 5723 1700 5780 inter
1761 5741 1991 5799 regnum
2037 5735 2091 5783 et

572 5853 716 5918 (433)
753 5853 970 5908 Dantur
988 5851 1272 5908 variantes
1295 5865 1364 5908 ea:
1390 5850 1505 5907 cod.
1537 5851 1734 5907 Mutin.

2202 4978 2481 5049 praedictae
2532 4978 2810 5047 Ecclesiae,
2871 4994 3033 5048 quam
3099 4978 3349 5033 omnium
3400 4978 3804 5046 Ecclesiarum,

2200 5072 2302 5127 sub
2331 5081 2585 5144 perpetua
2615 5081 2669 5127 et
2712 5071 3053 5128 irrevocabili
3079 5073 3351 5128 sententia
3382 5071 3801 5139 submovcmus,

2199 5174 2255 5221 et
2282 5181 2451 5236 usque
2481 5165 2552 5219 ad
2579 5164 3009 5221 satisfactionem
3040 5165 3394 5222 anathemate
3436 5164 3804 5236 percutimus.

2199 5260 2556 5314 Renovamus
2618 5259 2779 5313 etiam
2850 5260 3486 5315 excommunicationem
3548 5274 3581 5312 a
3652 5273 3805 5328 prte-

2201 5351 2581 5407 decessoribus
2654 5353 2857 5408 nostris
2936 5352 3142 5409 factam
3210 5368 3377 5423 super
3447 5349 3804 5407 Gaufredum

2196 5445 2671 5517 archiepiscopum
2714 5445 3147 5514 Narbonensem,
3180 5451 3232 5500 et
3261 5445 3468 5515 absque
3499 5444 3605 5499 ulla
3639 5460 3801 5498 recu-

2196 5539 2493 5609 perationis
2542 5554 2639 5610 spe
2692 5539 2763 5595 ab
2809 5539 3102 5611 episcopali
3152 5538 3334 5596 ofﬁcio
3384 5553 3513 5594 eum
3561 5538 3801 5593 submo-

2195 5647 2414 5689 νεηιυε.
