4048 6174
287 308 375 363 797

450 455 525 513 De
551 466 715 509 causa
745 454 881 520 regis
911 450 1078 521 [deest
1107 448 1329 505 Henrici
1352 457 1409 505 et
1433 447 1689 517 aliorum]

762 525 998 591 Henrice',
1030 526 1080 578 et
1104 523 1358 577 aliorum.

347 670 415 727 Et
442 665 707 740 quoniam
728 666 797 722 lis
822 673 881 722 et
904 664 1242 737 perturbatio
1288 664 1466 734 (litem
1496 672 1552 720 et
1578 662 1865 735 perturba-

286 766 504 828 tionem)
537 763 692 836 regni
737 762 798 817 in
824 761 1133 817 maximum
1187 768 1394 817 sanctae
1438 760 1693 817 Ecclesiae
1721 760 1863 831 peri-

285 862 460 921 culum
489 870 547 917 et
561 859 958 916 detrimentum
977 858 1223 931 quotidie
1250 857 1556 914 redundare
1583 859 1866 915 cernimus

287 961 411 1032 [lege
438 960 782 1026 cernuntur],
806 956 983 1029 placet
1010 955 1170 1012 nobis
1193 955 1478 1013 elaborare
1505 972 1606 1027 pro
1634 956 1865 1025 viribus,

282 1067 551 1134 quatenus
574 1055 762 1113 idonei
788 1063 909 1111 tam
939 1054 1227 1127 religione-
1241 1070 1411 1127 quam
1438 1054 1610 1110 etiam
1636 1054 1868 1111 scientia

280 1157 548 1230 pollentes
566 1155 748 1211 nuntii
775 1169 807 1211 e
832 1154 1003 1209 latere
1026 1151 1344 1224 apostolica:
1372 1151 1513 1207 sedis
1566 1152 1637 1208 ad
1681 1161 1870 1224 partes

278 1258 394 1319 illas
430 1258 750 1323 mittantur,
803 1255 900 1327 qui
943 1268 1139 1311 omnes
1184 1252 1470 1325 religiosos
1529 1261 1585 1308 et
1636 1252 1869 1325 justitia

276 1364 556 1415 amatores
580 1356 640 1413 in
664 1352 949 1410 Teutonici
987 1351 1144 1423 regni
1182 1350 1431 1424 partibus
1458 1360 1871 1407 commorantes

275 1453 548 1510 clericalis
589 1461 646 1509 et
685 1450 891 1508 laicalis
937 1450 1153 1508 ordinis
1208 1450 1353 1505 viros
1381 1458 1437 1506 et
1476 1451 1546 1507 ad
1576 1450 1681 1506 hoc
1732 1467 1872 1524 opus

273 1551 511 1611 idoneos
561 1557 884 1619 convocent,
952 1564 1079 1605 cum
1123 1548 1324 1621 quibus
1390 1548 1637 1615 (Domini
1691 1549 1869 1621 gratia

273 1657 563 1724 precante
589 1656 684 1705 aut
708 1648 882 1706 ﬁnem
909 1656 965 1705 et
992 1663 1181 1721 pacem
1202 1648 1353 1720 juste
1390 1655 1746 1719 componant,
1776 1658 1873 1706 aut

269 1751 507 1808 veritate
534 1748 895 1821 praecognita,
925 1747 1011 1803 cui
1043 1746 1184 1819 parti
1229 1747 1407 1818 magis
1428 1746 1647 1818 justitia
1667 1746 1871 1819 faveat,

1491 298 1851 357 CONCILIUM
1887 299 2219 357 ROMANUM
2258 299 2345 355 ιν.

3457 297 3563 350 798

1892 430 1946 492 A
1976 450 2056 493 re.
2092 433 2391 505 Episcopos
2434 440 2565 481 vero
2614 423 2705 497 qui
2757 421 2995 495 acceptis
3036 419 3289 493 epistolis
3332 418 3562 485 nostris,

1967 539 2062 588 aut
2114 524 2373 599 cognitis,
2417 536 2592 593 neque
2631 534 2728 590 per
2766 533 2846 587 se,
2880 532 3054 589 neque
3088 530 3182 587 per
3234 512 3554 570 canonicam

1970 622 2370 683 excusationem
2425 616 2492 672 ad
2519 621 2845 686 praesentem
2887 610 3158 684 synodum
3188 617 3473 675 venerunt,
3498 607 3567 663 ab

1971 715 2261 791 episcopali
2309 709 2697 781 suspendimus
2740 705 2956 773 ofﬁcio,
3015 713 3070 760 et
3101 703 3411 775 quicunque
3469 716 3561 758 eo-

1971 828 2119 879 rum,
2150 825 2249 865 seu
2282 806 2569 877 epis00pus
2592 802 2705 857 sive
2738 800 3049 872 presbyter,
3081 796 3360 868 praedictis
3396 798 3563 852 Nort-

1971 904 2216 971 mannis,
2248 901 2423 957 donec
2458 893 2915 953 excommunicati
2955 890 3178 959 fuerint,
3208 890 3456 947 divinum
3480 888 3564 944 of-

1976 1001 2161 1057 ﬁcium
2188 994 2399 1061 fecerit,
2431 1009 2461 1047 a
2483 988 2810 1046 sacerdotali
2843 986 3024 1042 ofﬁcio
3055 994 3319 1057 perpetuo
3342 984 3567 1040 submo-

1974 1109 2184 1152 vemus.
2217 1088 2421 1145 Abbati
2445 1084 2695 1141 Farfensi
2723 1090 2847 1139 octo
2870 1080 3124 1137 similiter
3162 1078 3378 1135 dierum
3409 1077 3569 1134 indu-

1975 1190 2092 1247 cias
2145 1182 2528 1247 concedimus;
2583 1186 2707 1250 post
2758 1191 2924 1248 quem
2970 1172 3293 1242 terminum,
3342 1172 3449 1227 nisi
3500 1170 3570 1227 ad

1975 1279 2417 1340 emendationem
2438 1272 2664 1339 venerit,
2689 1266 3253 1333 excommunicamus,
3285 1274 3344 1320 et
3362 1265 3411 1319 ei
3442 1279 3572 1319 cor-

1978 1392 2078 1449 pus
2108 1383 2162 1430 et
2184 1370 2510 1443 sanguinem
2552 1364 2775 1421 Domini
2814 1360 3218 1427 interdicimus,
3255 1357 3571 1428 abbatisque

1979 1469 2175 1527 ordine
2191 1467 2248 1523 in
2269 1471 2589 1537 perpetuum
2618 1474 2803 1514 carere
2822 1472 2951 1512 eum
2976 1468 3285 1510 censemus.

2048 1566 2120 1619 Et
2148 1559 2403 1632 quoniam
2428 1556 2535 1611 Dei
2552 1552 2766 1626 judicio
2797 1548 3091 1606 nonnullos
3116 1545 3409 1617 naufragio
3445 1558 3571 1616 per-

1979 1659 2058 1715 ire
2098 1652 2505 1728 cognoscimus,
2548 1656 2603 1704 et
2641 1662 2735 1702 eos
2767 1644 2922 1717 quasi
2951 1642 3109 1713 legali
3145 1641 3265 1714 jam
3302 1639 3428 1711 jure
3462 1637 3574 1693 dia-

1984 1753 2162 1809 bolico
2193 1750 2307 1805 imo
2357 1744 2640 1806 instinctu,
2693 1740 2762 1796 ab
2790 1739 2873 1794 his
2913 1737 3113 1810 quibus
3143 1731 3577 1791 misericorditer

265 1846 338 1905 ad
369 1848 605 1920 plenum
634 1844 919 1902 addiscere
937 1844 1182 1913 valeant;
1213 1852 1484 1918 quatenus
1512 1860 1637 1917 pars
1666 1845 1869 1918 injusta
1903 1866 1951 1929 B
1982 1844 2249 1903 sublevari
2275 1850 2333 1897 et
2372 1837 2641 1896 consolari
2660 1833 2926 1891 deberent
2966 1828 3268 1901 depraedari
3304 1825 3578 1897 conspici-

268 1941 528 2009 desistat,
573 1948 631 1995 et
666 1939 967 2011 apostolica
1012 1939 1341 1995 auctoritate
1379 1939 1614 2007 munita,
1654 1938 1870 2010 justitia

269 2035 478 2108 vigoris
496 2041 554 2090 et
580 2033 925 2090 auctoritatis
952 2032 1123 2089 robur
1161 2032 1431 2088 obtineat.
1468 2035 1676 2088 Verum
1728 2049 1871 2105 quo-

268 2130 433 2186 niam
484 2127 781 2184 nonnullos
832 2126 1101 2184 diabolico
1155 2127 1429 2182 instinctu
1468 2126 1750 2196 collectos,
1783 2135 1873 2200 ty-

271 2223 537 2282 rannidis
572 2237 686 2279 suae
733 2219 947 2278 facibus
984 2236 1263 2289 accensos,
1326 2221 1505 2293 turpis
1555 2220 1692 2276 lucri
1744 2236 1874 2277 ava-

273 2320 423 2377 ritim
481 2318 843 2389 mancipatos,
876 2315 1217 2373 discordiam
1273 2315 1453 2386 potius
1484 2330 1651 2387 quam
1681 2331 1874 2387 pacem

276 2414 399 2470 ﬁeri
462 2420 520 2467 et
523 2433 543 2481 λ
564 2410 747 2467 videre
766 2408 1158 2479 desiderantes,
1195 2406 1314 2464 fore
1355 2425 1469 2464 non
1512 2410 1872 2481 ignoramus;

276 2508 585 2565 statuimus
624 2514 685 2563 ut
723 2506 873 2562 nulla
921 2520 1168 2578 unquam
1216 2520 1453 2577 persona
1511 2505 1738 2577 alicujus
1788 2521 1879 2577 po-

278 2603 495 2669 tentia,
553 2601 668 2657 sive
715 2615 846 2667 rex,
894 2605 990 2655 aut
1040 2598 1507 2676 archiepiscOpus,
1563 2600 1879 2670 episcopus,

282 2697 415 2765 dux,
470 2711 676 2764 comes,
741 2692 1011 2761 marchio,
1075 2693 1189 2748 sive
1245 2692 1429 2761 miles,
1501 2692 1685 2765 aliqua
1738 2706 1879 2763 prae-

284 2790 632 2862 sumptione,
681 2788 1039 2845 temerariove
1113 2802 1282 2855 ausu,
1360 2785 1583 2854 fraude,
1660 2785 1884 2853 dolove,

286 2902 383 2942 seu
451 2884 635 2957 aliqua
701 2883 1147 2955 perturbatione,
1220 2881 1413 2953 legatis
1484 2881 1690 2936 nostris
1728 2879 1884 2936 obsi-

282 2987 431 3036 atere
478 2987 534 3034 et
596 2978 894 3045 contraire,
960 2991 1031 3032 ne
1078 2974 1347 3048 justitiam
1389 2982 1446 3031 et
1500 2974 1672 3030 ﬁnem
1724 2991 1884 3030 com-

284 3081 515 3146 ponant,
570 3079 900 3144 pertentent.
939 3070 1284 3142 Quicumque
1338 3077 1525 3125 autem
1595 3069 1885 3125 temerario

287 3184 426 3225 ausu
472 3166 639 3239 (quod
676 3182 788 3222 non
828 3166 1103 3237 optamus)
1144 3164 1308 3237 hujus
1352 3172 1564 3221 nostrae
1603 3164 1881 3219 constitu-

1984 1957 2127 2006 mus,
2180 1936 2476 1995 statuimus
2531 1939 2583 1987 et
2619 1929 2723 1985 sub
2752 1925 3118 1983 anathematis
3166 1922 3402 1988 vinculo,
3435 1928 3497 1976 ut
3547 1935 3577 1975 a

1979 2029 2473 2109 prmdecessoribus
2519 2024 2724 2081 nostris
2776 2029 3045 2077 statutum
3075 2025 3180 2083 est,
3223 2016 3484 2089 jubemus
3515 2020 3577 2068 ut

1980 2130 2290 2202 quicunque
2318 2121 2649 2193 naufragum
2679 2115 2999 2191 quemlibet,
3032 2120 3087 2167 et
3114 2112 3260 2166 bona
3300 2110 3440 2165 illius
3472 2109 3561 2162 in—

1982 2222 2208 2288 venerit,
2254 2233 2446 2275 secure
2496 2224 2608 2270 tam
2672 2228 2805 2267 eum
2844 2224 3013 2282 quam
3057 2207 3245 2263 omnia
3276 2220 3374 2260 sua
3415 2203 3577 2275 (bona

1983 2323 2100 2383 sua)
2129 2314 2392 2371 dimittat.
2448 2305 2846 2365 Ordinationes
2893 2317 3021 2357 vero
3076 2301 3298 2356 illorum
3364 2298 3457 2369 qui
3510 2296 3579 2351 ab

1982 2405 2468 2466 excommunicatis
2519 2410 2648 2458 sunt
2693 2397 2956 2463 ordinati,
2984 2403 3305 2451 sanctorum
3347 2396 3576 2448 Patrum

1986 2510 2277 2575 sequentes
2324 2496 2571 2567 vestigia,
2619 2494 2799 2548 irritas
2845 2489 2960 2545 ﬁeri
2999 2502 3315 2543 censemus.
3373 2488 3583 2540 lterum

1987 2605 2309 2653 sanctorum
2350 2590 2815 2664 praedecessorum
2872 2592 3198 2639 nostrorum
3262 2588 3462 2636 statuta
3505 2586 3581 2633 te-

1987 2698 2203 2755 nentes,
2229 2703 2322 2743 eos
2350 2687 2444 2757 qui
2472 2680 2966 2739 excommunicatis
2986 2677 3248 2734 ﬁdelitate
3269 2684 3364 2731 aut
3408 2688 3586 2729 sacra-

1991 2792 2183 2841 mento
2246 2778 2523 2837 constricti
2576 2784 2724 2845 sunt,
2787 2772 3091 2845 apostolica
3153 2768 3480 2826 auctoritate
3552 2783 3585 2821 a

1991 2885 2333 2937 sacramento
2381 2872 2732 2939 absolvimus,
2775 2878 2831 2923 et
2857 2884 2929 2923 ne
2974 2865 3076 2921 sibi
3125 2864 3448 2919 ﬁdelitatem
3482 2859 3588 2916 ob-

1994 2982 2213 3032 servent
2237 2970 2496 3027 omnibus
2514 2966 2695 3023 modis
2718 2963 3094 3036 prohibemus.
3122 2962 3262 3015 Item
3295 2976 3309 3014 :
3340 2960 3408 3012 Et
3445 2970 3584 3027 quo-

1993 3071 2147 3126 niam
2174 3067 2397 3131 multos,
2418 3062 2656 3135 peccatis
2674 3058 2879 3115 nostris
2896 3053 3258 3127 exigentibus,
3294 3066 3392 3123 pro
3426 3064 3589 3103 causa

1990 3157 2575 3221 excommunicationis
2608 3154 2784 3227 perire
2834 3148 3078 3223 quotidie
3127 3146 3418 3211 cernimus,
3468 3158 3589 3213 par-

289 3262 461 3319 tionis
548 3260 782 3315 violator
836 3258 1123 3327 exstiterit,
1184 3258 1482 3331 legatisque
1555 3258 1762 3313 nostris
1796 3252 1886 3314 'ad
1918 3256 1962 3319 C
1994 3258 2095 3313 tim
2163 3252 2496 3327 ignorantia,
2545 3248 2751 3321 partim
2793 3246 2957 3302 etiam
3008 3242 3173 3298 nimia
3215 3237 3589 3310 simplicitate,

290 3355 435 3411 hanc
466 3369 660 3426 pacem
687 3352 1129 3425 componendam
1157 3354 1417 3409 euntibus
1464 3353 1887 3427 prmnominatis

290 3448 547 3507 fraudem
576 3464 853 3521 opponere
881 3446 1188 3516 tentaverit,
1222 3448 1439 3503 vinculo
1488 3464 1619 3504 eum
1656 3446 1887 3502 anathe-

292 3546 461 3602 matis
508 3544 816 3616 alligamus,
869 3551 924 3599 et
976 3559 1089 3599 non
1118 3543 1297 3599 solum
1349 3543 1409 3596 in
1437 3542 1653 3613 spiritu,
1700 3556 1888 3596 verum

289 3636 467 3698 etiam
486 3648 541 3696 et
565 3641 623 3695 in
644 3655 873 3711 corpore
892 3647 947 3695 et
984 3639 1136 3696 omni
1166 3637 1527 3709 prosperitate
1568 3635 1732 3708 hujus
1762 3635 1888 3692 vitae

291 3733 599 3807 apostolica
624 3740 895 3805 potestate
924 3731 1275 3799 innodamus,
1298 3738 1355 3785 et
1381 3729 1662 3785 victoriam
1684 3729 1804 3801 ejus
1834 3728 1891 3782 in

292 3832 472 3887 armis
528 3829 866 3897 auferimus;
896 3836 958 3885 ut
1005 3829 1085 3885 sic
1127 3827 1320 3884 saltem
1365 3824 1795 3891 confundantur,
1836 3830 1893 3879 et

289 3925 502 3997 duplici
521 3923 847 3980 confusione
876 3931 932 3979 et
958 3922 1292 3979 contritione
1338 3930 1710 3978 conterantur.
1756 3923 1890 3975 Item

290 4019 568 4076 Rainario
608 4034 738 4074 vero
790 4017 1059 4090 Ugizzoni
1095 4016 1378 4083 (Rainerio
1410 4031 1535 4071 vero
1565 4013 1894 4080 Vidicionis)

290 4113 416 4170 ﬁlio
440 4112 687 4169 inducias
715 4113 888 4168 trium
916 4109 1392 4167 hebdomadarum
1431 4108 1645 4164 damus.
1673 4094 1836 4181 'Quod
1850 4108 1894 4163 si

293 4208 357 4264 in
384 4207 569 4280 spatio
595 4208 699 4262 isto
724 4222 913 4262 coram
937 4205 1234 4277 praesentia
1266 4211 1454 4259 nostra
1474 4211 1569 4257 aut
1602 4217 1699 4274 per
1722 4217 1781 4257 se
1801 4210 1899 4257 aut

290 4318 396 4375 per
428 4302 637 4374 legatos
664 4315 794 4357 suos
829 4299 1103 4368 justitiam
1128 4296 1309 4353 facere
1355 4297 1617 4363 noluerit,
1661 4312 1726 4351 eo
1750 4295 1899 4368 quod

290 4396 538 4452 fratrem
565 4410 731 4449 suum
756 4410 921 4449 manu
950 4408 1048 4448 sua
1100 4390 1397 4459 interemit,
1427 4399 1482 4447 et
1509 4390 1683 4445 multa
1714 4390 1899 4462 perju-

292 4490 381 4546 ria
414 4496 477 4545 ut
520 4488 783 4545 scelestus
809 4488 1090 4543 incurrere
1130 4502 1244 4541 non
1273 4484 1579 4552 abhorruit,
1613 4492 1669 4540 et
1696 4499 1897 4557 cogna-

292 4593 424 4640 tam
452 4598 609 4640 suam
638 4592 694 4639 et
721 4582 975 4654 pupillos,
1012 4581 1214 4637 liberos
1241 4580 1431 4652 utique
1458 4577 1641 4635 fratris
1665 4562 1779 4646 sui,
1809 4594 1900 4634 ca-

295 4686 423 4734 stra
452 4692 646 4733 eorum
667 4675 978 4749 diripienda
1016 4682 1069 4731 et
1107 4675 1332 4747 praedia,
1362 4681 1555 4729 contra
1598 4674 1904 4746 periculum

294 4772 514 4828 anima
537 4786 651 4829 sua:
677 4786 877 4827 vexare
900 4785 1015 4826 non
1041 4769 1266 4826 desinit.
1286 4772 1588 4825 Transacto
1618 4768 1908 4839 praenomi-

292 4871 443 4922 nato
463 4865 704 4922 termino
723 4864 1072 4922 anathemate
1096 4879 1225 4919 eum
1243 4861 1517 4935 alligando
1545 4862 1905 4933 percutimus.

299 4968 383 5022 Et
430 4962 605 5021 ﬁlium
635 4960 937 5017 comitis....
971 4958 1116 5014 datis
1142 4956 1380 5013 induciis
1406 4971 1581 5028 usque
1612 4955 1667 5011 in
1697 4956 1913 5013 Palmas

297 5058 481 5117 simili
512 5053 1089 5114 excommunicatione
1120 5050 1471 5118 innodamus,
1499 5066 1563 5107 eo
1611 5051 1763 5124 quod
1800 5052 1911 5107 Lu-

300 5167 539 5211 censem
600 5149 907 5206 Ecclesiam
961 5146 1144 5219 quiete
1180 5160 1402 5201 manere
1456 5160 1552 5200 sua
1607 5143 1914 5216 diripienda

304 5241 552 5299 minime
602 5238 894 5311 permittit.
945 5233 1500 5293 Excommunicamus
1553 5233 1671 5306 (Le0
1716 5238 1913 5304 episco-

298 5352 420 5411 pus
452 5337 727 5398 Ostiensis,
772 5333 868 5389 lib.
898 5330 1023 5403 IlI.)
1050 5346 1244 5387 omnes
1273 5331 1670 5397 Nortmannos,
1698 5329 1792 5401 qui
1830 5329 1917 5384 in-

304 5430 520 5489 vadere
538 5436 748 5486 terram
770 5425 954 5483 Sancti
994 5424 1143 5480 Petri
1174 5423 1448 5493 laborant,
1488 5423 1742 5480 videlicet
1771 5437 1917 5478 mar-

307 5525 503 5582 chiam
537 5524 872 5587 Firmanam,
905 5517 1169 5574 ducatum
1203 5517 1583 5587 Spoletanum,
1624 5525 1679 5572 et
1702 5531 1797 5573 eos
1825 5515 1919 5588 qui

304 5623 700 5679 Beneventum
726 5612 999 5682 obsident,
1032 5619 1087 5668 et
1131 5610 1223 5684 qui
1247 5610 1505 5666 invadere
1529 5618 1584 5665 et
1611 5608 1925 5680 depraedari

302 5714 574 5771 nituntur
602 5709 962 5783 Campaniam
996 5713 1051 5764 et
1077 5705 1437 5774 maritimam,
1468 5711 1635 5775 atque
1671 5702 1921 5770 Sabinos,

302 5824 427 5867 nec
450 5821 563 5864 non
588 5816 647 5863 et
670 5807 765 5879 qui
801 5811 1020 5864 tentant
1059 5802 1255 5861 urbem
1277 5803 1426 5858 Rom
1441 5813 1607 5856 anam
1633 5796 1926 5856 confunde-

1998 3351 2196 3423 partim
2239 3348 2464 3413 timore,
2512 3342 2712 3415 partim
2766 3340 2937 3395 etiam
2990 3334 3332 3402 necessitate,
3394 3328 3590 3387 devicti

1996 3440 2401 3509 misericordia,
2451 3434 2817 3494 anathematis
2864 3429 3186 3487 sententiam
3230 3426 3300 3482 ad
3351 3434 3592 3496 tempus,

1996 3546 2161 3610 prout
2189 3548 2500 3608 possumus,
2527 3537 2831 3602 opportune
2849 3536 3247 3596 temperamus.
3280 3518 3594 3592 Apostolica

1998 3646 2235 3702 namque
2272 3627 2596 3684 auctoritate
2633 3619 3008 3679 anathematis
3045 3616 3260 3673 vinculo
3311 3615 3417 3671 hos
3468 3610 3594 3667 sub-

1997 3725 2289 3791 trahimus,
2336 3720 2588 3777 videlicet
2619 3732 2840 3783 uxores,
2914 3714 3143 3782 liberos,
3177 3724 3384 3776 servos,
3420 3706 3595 3763 ancil—

1999 3821 2102 3886 las,
2129 3834 2227 3874 seu
2264 3814 2556 3886 mancipia,
2578 3827 2681 3867 nec
2703 3826 2813 3866 non
2840 3808 3076 3864 rusticos
3103 3813 3157 3861 et
3175 3803 3497 3865 servientes,
3540 3805 3596 3855 et

2001 3929 2196 3970 omnes
2224 3911 2360 3967 alios
2400 3908 2490 3980 qui
2537 3922 2647 3962 non
2686 3904 2821 3960 adeo
2848 3901 3084 3958 curiales
3115 3906 3261 3965 sunt,
3307 3905 3369 3952 ut
3406 3908 3601 3951 eorum

2002 4006 2230 4064 consilio
2263 4006 2464 4060 scelera
2502 4006 2903 4073 perpetrentur,
2931 4004 2985 4051 et
3019 3995 3141 4050 illos
3165 3992 3252 4065 qui
3287 3991 3602 4063 ignoranter

2004 4097 2497 4159 excommunicatis
2535 4092 2963 4158 communicant,
3007 4104 3103 4144 seu
3134 4088 3254 4143 illos
3306 4085 3401 4157 qui
3452 4098 3602 4138 com-

2005 4196 2292 4251 municant
2316 4206 2443 4247 cum
2473 4190 2549 4244 eis
2588 4188 2680 4260 qui
2721 4182 3135 4242 communicant
3157 4177 3604 4236 excommunica-

2005 4289 2097 4345 tis.
2131 4287 2473 4357 Quicumque
2501 4289 2689 4336 autem
2725 4287 2821 4335 aut
2852 4283 3059 4344 orator,
3102 4275 3217 4330 sive
3263 4274 3602 4346 peregrinus,

2006 4392 2102 4438 aut
2125 4381 2296 4435 viator
2328 4379 2385 4434 in
2407 4385 2612 4431 terram
2654 4370 3263 4428 excommunicatorum
3305 4364 3606 4431 devenerit,

2006 4476 2099 4532 ubi
2124 4490 2236 4529 non
2279 4471 2452 4544 possit
2489 4483 2691 4536 emere,
2718 4466 2801 4522 vel
2830 4481 2943 4521 non
2973 4462 3140 4518 habet
3173 4460 3317 4516 unde
3349 4466 3515 4528 emat,
3536 4456 3606 4512 ab

2012 4565 2502 4628 excommunicatis
2530 4560 2833 4633 accipiendi
2872 4544 3149 4614 licentiam
3183 4554 3403 4623 damus.
3444 4555 3517 4607 Et
3563 4551 3607 4606 si

2017 4665 2141 4737 quis
2168 4658 2660 4719 excommunicatis
2697 4671 2797 4727 pro
2821 4650 3245 4717 sustentatione,
3274 4663 3389 4703 non
3417 4661 3606 4717 super-

2014 4760 2117 4817 biae
2152 4756 2251 4813 sed
2294 4751 2656 4810 humanitatis
2692 4765 2880 4818 causa,
2925 4743 3134 4820 aliquid
3185 4743 3315 4800 dare
3352 4740 3607 4808 voluerit,

2018 4849 2133 4907 ﬁeri
2159 4864 2269 4904 non
2290 4846 2666 4921 prohibemus.

2092 4949 2293 5003 Actum
2314 4946 2511 4997 Romae
2531 4939 2584 4994 in
2605 4935 2831 4993 ecclesia
2859 4932 3087 4991 Domini
3106 4929 3399 4990 Salvatoris
3418 4928 3613 5003 quinto

2019 5042 2205 5098 Nonas
2258 5034 2459 5103 Martii,
2500 5032 2795 5088 indictione
2825 5029 3024 5102 prima.

2416 5143 2588 5184 NOTIE
2626 5140 2916 5183 SEVEBINI
2980 5136 3154 5179 BINII.

2097 5226 2411 5281 Concilium.
2446 5223 2548 5277 His
2586 5220 2721 5275 actis
2750 5217 3103 5290 synodalibus
3130 5210 3469 5290 redarguitur
3503 5212 3616 5290 Ma-

2026 5299 2212 5353 riauus
2242 5300 2441 5353 Scotus
2484 5294 2542 5348 in
2572 5281 2868 5355 Chronico,
2920 5287 3162 5343 scribens
3195 5281 3528 5355 Gregorium
3560 5281 3617 5355 i_n

2025 5351 2362 5442 hacsynodo
2395 5365 2697 5442 Henricum
2742 5351 2926 5442 regem
2953 5373 3120 5430 regno
3150 5351 3418 5442 privasse,
3456 5351 3619 5442 illud-

2027 5456 2131 5513 que
2160 5426 2597 5513 i'nARodulphum
2626 5426 2835 5513 ξαενίεὲ
2853 5426 3456 5513 ducem-transtulisse.
3475 5427 3617 5513 Diam

2027 5495 2242 5568 ﬁonnisi
2288 5495 2742 5580 post'biennium
2771 5521 2800 5558 a
2855 5499 3157 5580 _Saxoni_bus
3189 5505 3248 5580 et
3290 5495 3623 5580 principibus

2026 5566 2239 5654 imperii
2270 5566 2471 5654 electus
2501 5571 3087 5654 auctoritateﬁregorii
3108 5566 3615 5654 conﬁrmatus'fuit,

2030 5638 2263 5710 ut'infra
2293 5651 2539 5708 dicemus
2584 5650 2638 5704 in
2665 5646 2892 5703 concilio
2930 5638 3190 5699 Romano
3229 5642 3334 5696 VII
3361 5638 3620 5709 synodica

2030 5724 2255 5852 {epistola
2284 5722 2546 5851 detrelbsus
2572 5721 2630 5777 in
2670 5719 2775 5775 hac
2800 5714 3015 5790 synodo
3041 5712 3207 5784 gestis
3249 5719 3405 5769 extra
3456 5721 3622 5778 supra

2054 5813 2069 5852 ι
2114 5837 2128 5852 .
2157 5811 2210 5852 v.
2238 5810 2352 5852 ems
2382 5836 2395 5850 .
2503 5837 2517 5849 .

2054 5794 2128 5853 ib.
2157 5811 2210 5867 v,
2238 5794 2395 5867 epist.
2430 5798 2517 5850 15.
