4024 6170
531 321 636 373 ’799

1243 313 1293 368 8.
1339 310 1659 367 GREGORII
1697 311 1786 365 VII
1826 308 1976 364 OPP.
2017 306 2190 363 PARS
2228 307 2316 363 111.
2353 335 2425 345 -
2463 303 2776 359 CONCILIA
2813 299 3120 355 ROMANA.
3655 306 3730 360 800

535 485 3733 519 W

1379 672 2085 767 .CONCILIUM
2163 666 2752 761 ROMANUM
2823 666 2943 778 V,

1632 881 2008 948 Celebratum
2050 897 2206 946 anno
2248 877 2502 940 Domini
2545 876 2742 950 1078,

1356 1046 1507 1108 PRO
1552 1043 1795 1108 RESTA
1810 1040 2192 1104 URATIONE
2234 1038 2556 1101 SANCT/E
2598 1035 3005 1106 ECCLESI/E.

1747 1205 1994 1275 (MANSI,
2027 1202 2252 1264 Concit.,
2290 1201 2436 1268 XX,
2467 1203 2620 1265 507.)

2024 1379 2354 1395 Μ

621 1529 766 1600 (434)
797 1531 962 1584 Anno
991 1524 1059 1582 ab
1075 1523 1453 1600 lncarnationp
1481 1521 1707 1579 Domini
1724 1521 2022 1577 millesimo
2050 1535 2130 1577 se—
2157 1524 2212 1586 Α
2244 1521 2552 1600 Utepiscopi
2569 1521 2666 1588 qui
2677 1515 3455 1600 consenserintfprnicationem
3469 1511 3544 1600 pel
3556 1512 3760 1600 incestum

540 1623 887 1698 ptuagesimo
925 1627 1139 1684 octavo,
1192 1617 1539 1689 pontiﬁcatus
1581 1632 1709 1672 vero
1755 1615 1966 1671 domini
1997 1617 2134 1672 Gre-

539 1717 681 1790 gorii
713 1713 932 1786 septimi
980 1728 1133 1785 papae
1161 1721 1336 1776 sexto,
1358 1712 1523 1768 tertio
1559 1710 1738 1776 (tertio
1768 1709 2003 1775 decimo)
2027 1712 2137 1764 Ka-

537 1810 731 1868 lendas
761 1806 1105 1874 Decembris,
1140 1805 1432 1861 indictione
1460 1803 1722 1871 secunda,
1753 1803 2026 1859 celebrata
2054 1810 2137 1858 est

539 1902 782 1978 synodus
813 1905 1017 1957 Romae
1071 1899 1130 1954 in
1178 1898 1406 1969 ecclesia
1464 1898 1650 1954 Sancti
1694 1896 1990 1954 Salvatoris
2035 1913 2135 1968 pro

541 1995 941 2055 restauratione
968 2002 1169 2050 sanctae
1199 1992 1475 2048 Ecclesiae.
1509 1993 1572 2046 In
1605 2007 1713 2062 qua
1743 1991 1889 2046 inter
1913 1989 2016 2046 alia
2043 2005 2134 2045 ex-

546 2090 985 2148 communicatus
1017 2095 1102 2142 est
1129 2085 1771 2154 Constantinopolitanus
1812 2086 2132 2156 imperator,

541 2184 736 2255 aliique
765 2182 859 2254 qui
885 2179 1176 2250 subscripti
1207 2178 1496 2233 habentur.
1541 2180 1875 2233 Juraverunt
1917 2191 2134 2248 quoque

542 2278 702 2350 legati
733 2273 956 2332 Henrioi
982 2281 1037 2328 et
1053 2271 1355 2343 Rodulphi,
1382 2271 1606 2342 quisque
1636 2285 1733 2342 pro
1757 2271 1984 2327 domino
2007 2286 2132 2338 suo,

543 2369 692 2444 quod
719 2368 881 2424 nullis
915 2366 1060 2423 dolis
1104 2364 1435 2437 colloquium
1480 2365 1788 2437 legatorum
1829 2363 1974 2427 sedis
2002 2378 2134 2435 apo-

543 2463 753 2522 stolicae
796 2461 851 2516 in
885 2459 1188 2516 Teutonico
1227 2473 1398 2529 regno
1449 2456 1768 2513 habendum
1804 2456 2128 2529 impedient.

543 2555 850 2614 Constituta
880 2553 1046 2608 etiam
1091 2558 1221 2607 sunt
1242 2549 1349 2606 illic
1386 2549 1457 2605 ad
1483 2549 1774 2605 utilitatem
1799 2558 2001 2606 sanctae
2032 2552 2134 2605 Ec-

545 2650 730 2709 clesiae
772 2647 1025 2723 quaedam
1055 2643 1292 2718 capitula
1333 2658 1457 2716 quae
1498 2643 1558 2698 in
1581 2643 1933 2724 sequentibus
1961 2643 2132 2700 deno-

547 2752 732 2803 tantur
749 2762 762 2798 ζ

546 2849 621 2902 De
653 2844 952 2900 Teutonicis
979 2838 1431 2902 contradicendis,
1453 2855 1518 2893 ne
1534 2836 1763 2908 praedia
1784 2839 2135 2892 ecclesiastica

618 2934 652 2970 a
671 2914 893 2984 regibus
922 2913 1081 2979 data,
1107 2917 1217 2968 sive
1233 2912 1302 2964 ab
1317 2913 1510 2984 invitis
1533 2911 1811 2980 episcopis,
1837 2909 2130 2984 detineant.

552 2989 621 3043 Ut
647 2981 851 3041 iterum
879 2986 1398 3039 excommunicentur
1423 2983 1512 3036 illi
1530 2996 1770 3051 quorum
1791 2981 1953 3049 culpa
1972 2981 2130 3035 collo-

619 3060 809 3129 quium
850 3059 1134 3129 remansit.

547 3125 906 3188 Narbonensis
933 3127 1365 3197 archiepiscopus
1394 3127 1590 3178 iterum
1629 3125 2130 3197 excommunicetur.

552 3205 620 3256 Et
655 3202 758 3256 alii
779 3201 878 3269 qui
902 3200 973 3253 ab
999 3195 1193 3254 Amata
1230 3195 1468 3267 episcopo
1496 3199 1626 3269 sunt
1665 3195 2129 3248 emcommunicati.

549 3274 736 3331 Comes
774 3268 948 3325 Sancti
970 3271 1172 3339 Egidii
1216 3268 1707 3323 ewcommunicetur
1738 3269 1966 3335 propter
1993 3281 2134 3319 umo-

625 3361 756 3399 rem.

550 3419 620 3474 Et
647 3416 788 3470 idem
813 3416 1218 3478 monasterium,
1260 3415 1312 3466 si
1330 3413 1504 3479 fuerit
1531 3412 1590 3463 in
1611 3412 1875 3479 potestate
1906 3409 2132 3462 comitis.

555 3488 939 3544 Monaste-rium
968 3487 1151 3540 Sancti
1173 3484 1447 3539 Benedicti
1480 3483 1680 3536 montis
1709 3481 1922 3536 Cassini
1946 3479 2135 3546 defen-

624 3559 797 3613 datur
824 3559 891 3611 ab
917 3557 1162 3610 omnibus
1190 3556 1562 3611 Nortmannis.

561 3634 631 3687 Ut
655 3630 1066 3684 contradicatur
1084 3643 1154 3680 ne
1173 3627 1372 3694 aliquis
1396 3627 1626 3693 accipiat
1645 3624 2018 3677 investituram
2041 3624 2138 3677 Ec-

625 3701 909 3755 etesiarum
933 3703 1007 3753 De
1033 3699 1284 3751 manibus
1325 3697 1599 3749 laicorum.

553 3776 631 3827 Et
657 3787 720 3824 ne
739 3769 1045 3842 praebenda
1091 3765 1177 3822 vel
1196 3766 1380 3842 ofﬁcia
1409 3767 1774 3821 ecclesiastica
1799 3764 2135 3821 vendantur.

557 3847 632 3898 De
658 3841 1141 3907 consanguinitate.

557 3916 632 3969 De
654 3913 996 3968 Simoniacis.
1248 3920 1252 3924 '

557 3989 633 4041 De
660 3984 910 4037 castitate
937 3982 1264 4034 clericorum.

556 4058 632 4110 De
653 4055 817 4122 falsis
838 4051 1292 4107 ordinationibus.

557 4131 633 4184 De
651 4127 810 4193 falsis
833 4124 1180 4194 praenitent-iis.

559 4190 803 4266 Qualiter
819 4190 947 4250 vera
967 4195 1292 4266 paenitentia
1328 4190 1488 4266 detur

557 4263 632 4323 De
663 4269 882 4321 decimis
933 4263 975 4320 αθ
997 4265 1150 4318 laicis
1185 4263 1386 4332 injuste
1413 4263 1659 4317 detentis.

558 4343 635 4395 De
655 4338 972 4409 patriarcha
1001 4336 1357 4409 Aquileiensi.

558 4414 633 4465 De
656 4407 976 4480 patriarcha
1003 4407 1286 4463 Gradensi.

558 4485 632 4537 De
651 4477 971 4554 imperatore
991 4477 1592 4554 Constantinopolitano.

558 4557 633 4610 De
661 4545 1049 4622 festivitatibus
1061 4545 1385 4622 pontiﬁcum
1415 4550 1765 4603 Romanorum
1793 4545 2138 4601 celebrandis.

557 4627 634 4680 De
679 4625 1003 4678 abstinentia
1030 4621 1272 4678 Sabbati.

558 4699 634 4750 De
657 4696 864 4749 Judteis
883 4710 989 4748 non
1007 4691 1379 4762 praeponendis
1405 4689 1751 4746 Christianis.

567 4769 636 4822 De
662 4768 838 4820 sancti
867 4767 1019 4819 Pet-ri
1043 4765 1352 4818 hcereditate
1368 4763 1644 4818 occultata.

566 4839 635 4893 Ut
659 4837 843 4890 nullus
868 4837 1130 4906 paenitens
1184 4835 1519 4903 suscipiatur
1545 4834 1660 4886 sine
1686 4831 1880 4885 litteris
1907 4832 2144 4906 episcopi

631 4911 738 4970 sui,
767 4903 885 4961 nisi
913 4909 1056 4974 forte
1083 4907 1257 4976 fuerit
1281 4907 1551 4975 episcopus
1577 4907 1824 4958 mortuus
1841 4903 1923 4956 vel
1938 4918 2145 4958 excom-

630 4981 957 5033 municatus.

567 5053 636 5107 Ut
658 5052 838 5104 nullus
863 5049 1031 5102 abbas
1050 5048 1282 5102 decimas
1307 5050 1357 5101 et
1380 5048 1658 5116 primitias
1683 5046 1798 5100 sine
1827 5047 2145 5100 auctoritate

630 5123 867 5176 Romani
889 5120 1160 5189 pontiﬁcis
1183 5134 1276 5173 seu
1312 5119 1543 5188 episcopi
1565 5132 1838 5184 consensu,
1871 5119 1934 5171 in
1991 5117 2144 5186 cuius

630 5193 840 5247 diazcesi
869 5191 1109 5252 habitat,
1139 5189 1404 5244 detineat.

568 5265 636 5322 Ut
663 5265 847 5319 null-us
861 5263 1136 5332 episcopus
1162 5276 1472 5330 gravamen,
1514 5275 1605 5316 seu
1623 5260 1815 5316 servile
1840 5261 2142 5324 servitium,

632 5351 700 5390 ea:
719 5350 820 5389 usu
849 5334 1136 5388 abbatibus
1161 5336 1420 5402 imponat.

567 5406 636 5462 Ut
659 5406 952 5461 sacerdotes
987 5407 1104 5460 sine
1131 5406 1356 5460 licentia
1395 5405 1483 5458 sui
1525 5406 1774 5474 episcopi,
1823 5407 1875 5458 et
1903 5402 2155 5456 monachi

631 5478 697 5532 de
718 5480 862 5531 notis
883 5479 1218 5532 monasteriis
1240 5478 1351 5532 sine
1381 5476 1599 5534 licentia
1619 5490 1834 5532 suorum
1871 5474 2149 5538 abbatum,

631 5564 737 5605 non
764 5551 1119 5619 recipiantur.

631 5730 782 5796 (434)
809 5730 1032 5783 Dantur
1065 5728 1344 5784 variantes
1395 5743 1460 5783 ex
1492 5726 1614 5783 cod.
1671 5726 1866 5782 Mutin.

563 5800 943 5927 ηίὲιιδὲῆὲξωο
966 5798 1172 5856 desunt
1214 5801 1272 5856 in
1299 5799 1556 5857 chronico
1580 5797 1913 5854 Virdunensi
1957 5798 2150 5867 Hugo-

2313 1582 2372 1645 in
2399 1582 2511 1645 suis
2537 1582 2813 1660 parochiis
2841 1605 2875 1642 a
2904 1603 2997 1642 suo
3036 1588 3214 1655 ofﬁcio
3245 1582 3642 1660 suspendantur.

2248 1666 2318 1719 Ut
2342 1679 2516 1717 omnes
2537 1652 2773 1731 Episcopi
2794 1652 3187 1729 ﬁrmamentum
3222 1652 3455 1724 faciant,
3494 1669 3553 1708 ne
3593 1652 3760 1722 praedia

2314 1734 2662 1789 ecclesiastica
2687 1733 2942 1786 vendant.

2248 1809 2315 1862 Ut
2345 1806 2486 1859 nulli
2513 1806 2741 1874 episcopi
2763 1803 2976 1873 praedia
3004 1801 3251 1857 Ecclesiae
3272 1801 3338 1874 _in
3376 1797 3648 1874 beneﬁcium
3679 1795 3759 1848 tri-

2319 1877 2484 1931 buant
2528 1871 2642 1932 sine
2669 1871 2922 1928 consensu
2951 1889 3130 1943 papae,
3159 1873 3208 1926 si
3249 1871 3316 1924 de
3339 1884 3441 1923 sua
3481 1871 3593 1943 sunt
3616 1880 3759 1943 cense-

2315 1951 2568 2003 oratione.
2601 1947 2794 2003 Crateri
2814 1936 2994 1999 autem
3018 1936 3133 1998 sine
3160 1955 3420 1996 consensu
3440 1936 3762 2007 archiepiscopi

2313 2022 2406 2075 sui
2427 2025 2481 2073 et
2509 2021 2750 2087 fratrum
2778 2032 3002 2070 suorum
3024 2014 3285 2087 hociidem
3323 2028 3434 2066 non
3452 2010 3761 2087 prasumqnt;

2315 2093 2366 2145 si
2391 2078 2570 2145 autem
2586 2089 3049 2159 prcesumpserint,
3080 2086 3148 2139 ab
3173 2086 3350 2159 ofﬁcio
3378 2078 3469 2137 suo
3494 2078 3767 2159 suspendan-

2315 2167 2424 2228 tur,
2460 2167 2510 2215 et
2555 2151 2697 2232 quod
2737 2151 3142 2232 venditumlest
3186 2151 3268 2209 vel
3298 2155 3488 2232 datum
3523 2151 3764 2232 beneﬁcium

2313 2218 2578 2289 Ecclesice‘
2597 2231 2876 2292 reddatur,
2908 2230 3121 2284 omnino
3172 2230 3434 2281 evacuata
3462 2225 3594 2278 omni
3615 2218 3762 2280 vendi-

2316 2307 2479 2366 tione,
2519 2304 2601 2357 vel
2628 2305 2687 2356 in
2730 2303 3037 2370 beneﬁcium
3073 2298 3391 2354 traditione.

2248 2381 2316 2434 Ut
2351 2362 2523 2430 omnes
2551 2375 2789 2444 episcopi
2816 2362 2961 2426 artes
2990 2372 3293 2444 litterarum
3344 2372 3404 2444 in
3431 2368 3559 2444 suis
3578 2362 3769 2444 Ecclesiis

2313 2448 2492 2501 doceri
2537 2436 2769 2512 faciant,
2813 2449 2868 2498 et
2909 2445 3220 2497 ornamenta
3247 2441 3494 2512 Ecclesia
3517 2439 3614 2512 sine
3657 2436 3769 2512 certo

2313 2500 2570 2584 utilitate,
2605 2521 2701 2570 aut
2727 2500 2887 2583 dravi
2912 2515 3241 2584 necessitate,
3273 2511 3430 2564 nullo
3471 2500 3769 2584 modonullo-

2311 2606 2412 2659 que
2440 2573 2654 2657 ingenio
2682 2573 2929 2659 Ecclesiis
2945 2573 3308 2659 subtrahunt,
3338 2597 3411 2636 ne
3432 2573 3698 2650 periculum
3714 2587 3761 2627 sa

2315 2658 2540 2728 erilegii,
2572 2659 2715 2729 quod
2745 2658 2905 2720 absit,
2927 2658 3229 2710 incurrant.

2247 2735 2316 2788 Ut
2330 2721 2683 2786 annuiitietur
2700 2730 2850 2782 laicis
2876 2743 2993 2781 cum
3018 2730 3218 2796 quanto
3241 2723 3488 2796 periculo
3507 2721 3773 2775 animusut:

2313 2805 2545 2858 decimas
2572 2802 2831 2861 detinent,
2853 2803 2904 2853 et
2926 2795 3185 2854 Ecclesias
3211 2795 3512 2865 possident.

2164 2904 2210 2966 Β
2250 2875 2445 2966 Περμρ
2456 2879 2666 2966 certain
2677 2859 2892 2966 partem
2908 2859 3405 2966 fiemni'missa
3424 2865 3598 2920 volunt
3609 2859 3777 2916 habere.

2314 2941 2531 3016 aliquid
2573 2941 2873 3016 procurent
2905 2941 3131 3007 offerre.

2240 3002 2463 3074 Decreta
2491 3002 2740 3084 quieda-m
2767 3015 2826 3066 in
2855 3002 2974 3066 hac'
2999 3011 3198 3079 synodo
3241 3011 3401 3084 facta
3420 3027 3458 3084 _:
3487 3005 3642 3084 multa
3674 3002 3782 3057 enim

2313 3079 2706 3147 desiderantur,
2729 3099 2958 3154 quorum
2988 3087 3200 3137 tantum
3227 3082 3387 3136 tituli
3414 3079 3672 3134 habentur.

2313 3207 2359 3260 Ι.
2418 3203 2741 3276 Quicunque
2769 3199 3035 3268 militum,
3086 3198 3168 3253 vel
3215 3196 3589 3269 cujuscunque
3621 3188 3787 3247 ordinis

2243 3299 2328 3356 vel
2356 3297 2713 3370 professionis
2732 3311 2988 3368 persona,
3023 3293 3231 3365 praedia
3251 3291 3609 3348 ecclesiastica
3630 3304 3656 3343 a
3681 3298 3785 3357 quo-

2242 3409 2457 3465 cunque
2485 3407 2636 3465 rege,
2661 3406 2756 3446 seu
2779 3389 3029 3446 saeculari
3068 3387 3346 3459 principe,
3374 3386 3453 3441 vel
3482 3383 3547 3440 ab
3571 3376 3788 3454 episcopis

2244 3490 2441 3545 invitis
2464 3502 2561 3542 seu
2589 3485 2900 3553 abbatibus,
2933 3491 3030 3540 aut
3069 3481 3140 3539 ab
3170 3481 3452 3553 aliquibus
3482 3475 3787 3535 ecclesiarum

2243 3581 2550 3638 rectoribus
2579 3577 2898 3648 susceperit,
2950 3574 3032 3630 vel
3068 3574 3335 3644 suscepit,
3368 3571 3451 3628 vel
3489 3568 3687 3634 invasit,
3726 3561 3787 3616 vel

2242 3675 2410 3730 etiam
2459 3672 2528 3728 de
2581 3680 2860 3727 rectorum
2908 3668 3201 3739 depravato
3231 3680 3331 3721 seu
3385 3665 3577 3719 vitioso
3638 3668 3792 3713 eorum

2241 3783 2512 3824 consensu
2544 3765 2799 3830 tenuerit,
2832 3763 2939 3818 nisi
2968 3760 3163 3816 eadem
3212 3758 3423 3832 pradia
3464 3752 3700 3814 Ecclesiis
3731 3762 3794 3804 re-

2245 3861 2508 3928 stituerit,
2534 3854 3094 3914 excommunicationi
3113 3853 3422 3924 subjaceat.

2317 3953 2376 4010 Si
2407 3953 2530 4024 quis
2553 3953 3028 4008 Nortmannorum
3051 3951 3219 4013 (435),
3251 3944 3330 4000 vel
3363 3936 3713 4016 quorumlibet
3725 3931 3796 3988 ho

2245 4047 2490 4116 minum,
2514 4045 2718 4118 praedia
2766 4040 3078 4099 monasterii
3107 4040 3295 4096 Sancti
3323 4034 3606 4094 Benedicti
3635 4025 3794 4086 montis

2249 4141 2461 4198 Cassini
2498 4138 2783 4205 invaserit,
2812 4135 2894 4191 vel
2919 4148 3275 4208 quascunque
3313 4147 3409 4188 res
3452 4126 3684 4202 ejusdem
3709 4133 3800 4176 m0-

2177 4260 2222 4324 ρ
2252 4234 2479 4291 nasterii
2506 4233 2710 4305 injuste
2741 4229 3052 4296 abstulerit,
3091 4235 3145 4284 et
3184 4225 3270 4282 bis
3295 4226 3381 4280 vel
3422 4234 3506 4280 ter
3529 4216 3800 4324 admonitus

2251 4345 2366 4384 non
2396 4325 2798 4394 emendaverit,
2833 4319 3395 4378 excommunicationi
3426 4315 3707 4390 subjaceat.
3731 4305 3804 4364 d0-

2250 4437 2351 4477 nec
2373 4421 2680 4491 resipiscat,
2721 4427 2776 4474 et
2802 4417 3064 4473 Ecclesia:
3093 4412 3426 4470 satisfaciat.

2324 4517 2395 4570 II.
2424 4515 2700 4583 Quoniam
2729 4511 3087 4567 investituras
3114 4507 3490 4564 Ecclesiarum
3518 4510 3694 4560 contra
3721 4503 3810 4552 sta-

2254 4615 2368 4664 tuta
2393 4614 2713 4662 sanctorum
2742 4606 2973 4660 Patrum
3003 4619 3034 4658 a
3069 4601 3220 4657 laicis
3259 4599 3518 4671 personis
3559 4598 3613 4651 in
3657 4586 3808 4648 multis

2255 4699 2502 4772 partibus
2521 4697 2879 4772 cognovimus
2904 4695 3047 4763 ﬁeri,
3072 4702 3130 4750 et
3157 4710 3222 4750 ex
3257 4708 3321 4748 eo
3347 4691 3618 4763 plurimas
3635 4691 3811 4757 pertur-

2253 4795 2499 4851 bationes
2547 4793 2605 4847 in
2635 4790 2868 4848 Ecclesia
2885 4789 3014 4846 oriri
3029 4789 3201 4855 (436),
3228 4802 3295 4842 ex
3318 4786 3523 4858 quibus
3547 4776 3812 4840 Christiana

2252 4889 2440 4961 religio
2474 4885 2856 4953 conculcatur;
2915 4881 3262 4940 decernimus
3283 4889 3347 4935 ut
3381 4877 3569 4934 nullus
3615 4869 3812 4929 clericos

2252 4997 2376 5038 rum
2405 4981 2782 5036 investituram
2821 4978 3210 5049 episcopatus;
3245 4965 3341 5028 vel
3366 4970 3622 5036 abbatiae,
3649 4964 3720 5019 vel
3746 4974 3814 5015 ec-

2250 5075 2452 5142 clesiae,
2483 5074 2551 5130 de
2574 5089 2743 5129 manu
2771 5070 3142 5142 imperatoris,
3175 5066 3259 5123 vel
3309 5067 3481 5138 regis,
3513 5061 3593 5118 vel
3619 5053 3813 5126 alicujus

2253 5167 2407 5225 laicaa
2437 5167 2703 5240 personae,
2739 5165 2839 5219 viri
2869 5163 2952 5219 vel
2973 5161 3211 5230 feminas,
3239 5159 3527 5230 suscipiat.

2322 5237 2485 5335 Quod
2512 5265 2657 5327 (437)
2692 5259 2735 5315 si
2765 5256 3198 5330 praesumpserit,
3224 5257 3590 5325 recognoscat
3616 5237 3815 5303 investi-

2258 5363 2446 5411 turam
2475 5354 2628 5410 illam
2658 5350 2951 5423 apostolica
2985 5349 3309 5407 auctoritate
3355 5346 3580 5401 irritam
3622 5353 3750 5398 esse,
3773 5338 3816 5388 et

2259 5464 2317 5506 se
2342 5463 2516 5519 usque
2549 5446 2619 5502 ad
2648 5445 2982 5517 condignam
3005 5441 3446 5502 satisfactionem
3472 5425 3816 5496 excommuni-

2261 5541 2459 5598 cationi
2513 5539 2816 5613 subjacere.

2329 5720 2478 5804 5436)
2523 5721 2584 5776 In
2629 5718 2870 5775 Ecclesia
2900 5718 3014 5774 imo
3068 5715 3289 5773 ruinam
3337 5721 3552 5770 sancta
3577 5699 3823 5776 religionis

2259 5809 2475 5931 01182.37)
2497 5866 2632 5922 Haec
2649 5878 2867 5936 quoque
2883 5860 3260 5922 desiderantur
3274 5861 3330 5916 in
3349 5855 3553 5913 eodem
3568 5843 3820 5910 Chronico.
