4048 6174
270 277 365 329 801

1500 272 1858 328 CONCILIUM
1894 272 2127 329 ROMAN
2136 274 2224 329 UM
2264 276 2327 328 V.

3458 286 3563 338 802

340 399 442 453 III.
474 397 530 453 Si
570 397 689 468 quis
726 395 1065 469 prabendas,
1111 394 1597 465 archidiaconatus,
1648 412 1858 468 prapo-
1884 403 1939 465 Α
2036 400 2111 454 Χ.
2143 398 2196 454 Si
2230 398 2351 471 quis
2380 398 2580 470 pradia
2618 402 2683 456 B.
2715 402 2863 456 Petri
2896 402 3275 474 apostolorum
3299 405 3565 477 principis

266 492 467 555 situras
492 491 577 546 vel
607 490 787 563 aliqua
818 490 995 545 ofﬁcia
1024 490 1385 546 ecclesiastica
1426 490 1749 559 vendiderit,
1780 491 1859 546 vel

267 585 420 640 aliter
456 600 625 656 quam
665 592 866 639 statuta
898 592 1215 639 sanctorum
1266 586 1484 639 Patrum
1539 584 1862 656 pracipiunt

264 678 616 745 ordinaverit,
668 678 737 733 ab
789 676 975 734 ofﬁcio
1033 677 1397 749 suspendatur
1446 699 1457 733 :
1502 678 1728 750 dignum
1778 686 1861 734 est

265 773 437 839 enim,
464 780 527 828 ut
552 772 692 828 sicut
719 771 889 844 gratis
917 772 1294 843 episcopatum
1323 772 1549 843 accepit,
1580 772 1651 827 ita
1680 787 1857 828 mem-

263 865 361 921 bra
390 865 637 938 ejusdem
667 865 1013 937 episcopatus
1050 866 1218 936 gratis
1255 865 1608 921 distribuant.

338 962 436 1016 IV.
488 960 883 1018 Ordinationes
926 975 1049 1032 qua
1087 960 1487 1015 interveniente
1539 958 1735 1031 pretio,
1778 960 1858 1015 vel

262 1054 535 1125 precibus,
567 1054 647 1110 vel
682 1053 944 1125 obsequio
976 1052 1210 1125 alicujus
1243 1068 1494 1125 persona
1518 1052 1700 1126 (aliqui
1734 1069 1859 1125 per-

260 1152 434 1215 sona)
456 1164 519 1203 ea
547 1148 853 1203 intentione
874 1148 1149 1218 impenso,
1177 1148 1259 1203 vel
1287 1163 1412 1219 qua
1436 1164 1551 1203 non
1578 1146 1861 1203 communi

261 1257 536 1297 consensu
570 1242 702 1297 cleri
744 1249 798 1295 et
844 1240 1028 1312 populi
1068 1241 1371 1296 secundum
1402 1240 1692 1296 canonicas
1731 1256 1860 1295 san-

260 1336 476 1391 ctiones
508 1335 666 1404 ﬁunt,
702 1344 757 1390 et
784 1335 852 1390 ab
882 1334 967 1389 his
994 1334 1063 1391 ad
1088 1351 1225 1403 quos
1261 1335 1595 1390 consecratio
1627 1335 1863 1406 pertinet

258 1446 381 1486 non
421 1429 872 1501 comprobantur,
909 1427 1156 1483 inﬁrmas
1197 1436 1253 1485 et
1290 1428 1469 1484 irritas
1497 1444 1614 1484 esse
1656 1428 1862 1500 dijudi-

257 1540 457 1580 camus
497 1542 511 1579 :
548 1523 810 1595 quoniam
845 1522 938 1593 qui
992 1522 1178 1578 taliter
1230 1522 1570 1588 ordinantur,
1614 1539 1728 1578 non
1768 1537 1865 1593 per

260 1618 495 1682 ostium,
535 1616 588 1673 id
639 1626 723 1673 est
759 1632 853 1688 per
881 1616 1186 1686 Christum,
1219 1616 1446 1683 intrant,
1486 1615 1605 1685 sed,
1645 1625 1708 1671 ut
1748 1616 1862 1688 ipsa

255 1712 482 1768 Veritas
510 1718 758 1781 testatur,
791 1709 941 1766 fures
968 1719 1095 1766 sunt
1122 1719 1177 1766 et
1205 1712 1442 1766 latrones
1474 1710 1647 1781 (Joan.
1678 1716 1749 1776 ι).

1971 491 2281 563 ubicunque
2308 493 2479 563 posita
2513 494 2565 548 in
2597 494 2984 565 pr0prietatem
3013 512 3171 551 suam
3197 499 3562 568 usurpaverit,

1970 586 2051 641 vel
2105 587 2279 641 sciens
2334 588 2602 643 occultata
2673 604 2786 643 non
2838 590 3203 660 propalaverit
3261 591 3363 658 (vel
3416 594 3564 660 [438]

1971 678 2220 733 debitum
2253 681 2533 735 servitium
2586 680 2783 737 exinde
2842 681 3001 738 beato
3048 685 3213 739 Petro
3252 700 3366 738 non
3403 684 3557 740 exhi-

1970 772 2190 843 buerit),
2224 783 2582 845 recognoscat
2609 790 2666 829 se
2693 775 2837 831 iram
2872 777 2972 831 Dei
3004 785 3061 832 et
3085 785 3406 833 sanctorum
3428 794 3560 849 apo-

1970 865 2239 921 stolorum
2300 866 2449 922 velut
2498 866 2824 938 sacrilegum
2888 868 3185 926 incurrere.
3243 871 3562 943 Quicunque

1968 967 2154 1015 autem
2183 959 2241 1012 in
2272 958 2375 1014 hoc
2411 959 2646 1016 crimine
2682 960 3055 1032 deprehensus
3081 962 3269 1032 fuerit,
3302 965 3558 1022 eamdem

1971 1052 2347 1109 hareditatem
2403 1054 2551 1109 beati
2585 1054 2725 1109 Petri
2776 1054 3014 1125 legitime
3041 1058 3316 1125 restituat,
3362 1068 3416 1114 et
3444 1075 3560 1131 poe-

1972 1162 2103 1201 nam
2133 1146 2421 1218 quadrupli
2447 1146 2516 1202 de
2541 1148 2961 1218 prOpriisbonis
2986 1150 3273 1219 persolvat.

2039 1241 2143 1295 XI.
2176 1240 2231 1295 Si
2272 1240 2395 1311 quis
2441 1241 2728 1312 episcopus
2768 1240 3185 1297 fornicationem
3221 1243 3565 1315 presbytero-

1969 1349 2116 1403 rum,
2145 1333 2531 1402 diaconorum,
2576 1351 2670 1390 seu
2710 1335 3195 1402 subdiaconorum,
3238 1337 3320 1391 vel
3357 1318 3595 1392 crimen.

1970 1427 2204 1483 incestus
2242 1428 2296 1483 in
2324 1443 2421 1483 sua
2457 1428 2737 1498 parochia,
2773 1430 3021 1500 precibus
3066 1430 3145 1485 vel
3178 1428 3354 1500 pretio
3395 1431 3563 1485 inter-

1968 1521 2233 1589 veniente,
2276 1510 2634 1590 consenserit,
2666 1522 2746 1576 vel
2782 1523 3137 1578 commissum
3169 1522 3380 1595 sibique
3410 1538 3563 1577 com-

1971 1623 2190 1684 pertum
2218 1615 2541 1671 auctoritate
2567 1615 2651 1670 sui
2690 1614 2859 1671 ofﬁcii
2893 1606 3004 1672 non
3039 1616 3454 1688 impugnaverit,
3481 1616 3551 1671 ab

1969 1706 2151 1763 ofﬁcio
2179 1707 2567 1779 suspendatur.

329 1807 402 1859 V.
446 1806 635 1860 Falsas
674 1804 1017 1875 panitentias
1047 1803 1298 1870 dicimus,
1338 1819 1461 1875 qua
1500 1820 1615 1859 non
1658 1820 1859 1859 secun-
1888 1781 1936 1844 Β
2040 1803 2168 1858 ΧΠ.
2201 1803 2281 1857 Ut
2310 1802 2492 1857 omnis
2516 1801 2860 1858 Christianus
2893 1812 3146 1874 procuret
3173 1802 3241 1859 ad
3268 1803 3562 1859 missarum

255 1899 401 1955 dum
435 1900 822 1953 auctoritatem
848 1906 1164 1954 sanctorum
1204 1902 1435 1953 Patrum
1464 1914 1560 1968 pro
1591 1897 1861 1969 qualitate

256 1993 568 2048 criminum
618 1992 996 2064 imponuntur.
1044 1992 1286 2062 Ideoque
1331 1992 1641 2063 quicunque
1683 1992 1857 2060 miles,

256 2085 341 2142 vel
397 2085 726 2158 negotiator,
762 2086 844 2140 vel
888 2085 1052 2141 alicui
1101 2084 1284 2141 ofﬁcio
1324 2084 1537 2140 debitus
1565 2086 1711 2157 quod
1745 2086 1863 2141 sine

254 2190 488 2251 peccato
534 2179 774 2235 exerceri
809 2195 921 2234 non
965 2178 1160 2251 possit,
1200 2178 1246 2234 si
1296 2179 1469 2251 culpis
1516 2179 1862 2250 gravioribus

256 2274 512 2330 irretitus
541 2273 608 2328 ad
642 2272 1021 2344 panitentiam
1049 2273 1284 2339 venerit,
1316 2272 1395 2327 vel
1430 2274 1523 2344 qui
1554 2273 1695 2329 bona
1724 2274 1857 2329 alte-

254 2369 381 2423 rius
424 2366 623 2439 injuste
664 2366 894 2429 detinet,
920 2366 1005 2421 vel
1036 2366 1129 2437 qui
1174 2365 1368 2422 odium
1408 2367 1464 2421 in
1506 2366 1672 2422 corde
1697 2367 1859 2439 gerit,

251 2469 306 2518 et
338 2467 706 2532 recognoscat
730 2476 789 2516 se
818 2476 1003 2515 veram
1026 2459 1401 2531 panitentiam
1423 2476 1534 2516 non
1560 2477 1717 2532 posse
1745 2477 1862 2532 per-

257 2571 459 2629 agere,
488 2571 581 2626 per
606 2570 773 2628 quam
798 2552 866 2609 ad
881 2562 1146 2609 aternam
1170 2553 1335 2609 vitam
1360 2553 1536 2609 valeat
1558 2555 1861 2626 pervenire,

251 2649 359 2705 nisi
393 2664 553 2704 arma
583 2647 838 2718 deponat,
875 2647 1209 2719 ulteriusque
1237 2664 1348 2703 non
1392 2648 1547 2716 ferat,
1571 2648 1697 2718 {nisi
1725 2665 1861 2704 con-

249 2743 380 2799 silio
426 2742 811 2814 religiosorum
841 2742 1226 2814 episcoporum
1261 2758 1358 2813 pro
1398 2741 1739 2797 defendenda
1762 2742 1861 2814 ju-

250 2838 433 2903 stitia,
463 2836 548 2891 vel
577 2836 862 2907 negotium
886 2835 1247 2906 derelinquat,
1288 2834 1370 2889 vel
1413 2833 1661 2890 ofﬁcium
1702 2835 1859 2892 dese-

247 2939 361 2999 rat,
406 2937 464 2985 et
501 2928 692 2985 odium
718 2945 781 2984 ex
824 2927 988 2985 corde
1022 2928 1282 2997 dimittat,
1330 2928 1586 3000 bonaque
1628 2944 1752 2999 qua
1786 2930 1865 2985 in-

242 3025 405 3096 juste
434 3023 661 3078 abstulit
687 3022 953 3078 restituat.
989 3024 1070 3077 Ne
1099 3031 1288 3078 tamen
1323 3022 1606 3094 desperet;
1639 3021 1863 3078 interim

249 3115 536 3190 quidquid
588 3116 714 3171 boni
758 3115 939 3172 facere
990 3117 1186 3187 poterit
1243 3116 1530 3173 hortamur
1572 3124 1633 3172 ut
1676 3116 1858 3184 faciat,

251 3220 311 3267 ut
340 3210 701 3280 omnipotens
724 3214 875 3267 Deus
909 3226 1005 3266 cor
1033 3210 1175 3266 illius
1206 3210 1440 3265 illustret
1480 3210 1549 3265 ad
1592 3211 1858 3281 paniten-
1901 3177 1946 3241 Ο
1975 3213 2202 3281 quenter
2238 3206 2485 3281 citatum,
2530 3214 2723 3281 aposto

250 3305 417 3361 tiam.

322 3400 428 3454 Vl.
463 3396 745 3464 Decimas,
774 3412 911 3469 quas
931 3397 987 3452 in
1013 3412 1174 3453 usum
1198 3397 1413 3468 pietatis
1439 3413 1721 3453 concessas
1741 3412 1861 3453 esse

245 3490 525 3548 canonica
577 3492 875 3547 auctoritas
917 3490 1277 3559 demonstrat,
1320 3508 1351 3546 a
1400 3490 1546 3546 Iaicis
1596 3490 1861 3562 possideri

247 3585 560 3657 apostolica
599 3586 924 3640 auctoritate
966 3584 1320 3655 prohibemus
1358 3584 1387 3637 ἐ
1444 3583 1556 3638 sive
1606 3584 1755 3639 enim
1796 3583 1863 3638 ab

248 3677 555 3751 episcopis,
586 3678 665 3733 vel
693 3677 933 3750 regibus,
977 3678 1057 3732 vel
1089 3678 1426 3748 quibuslibet
1459 3678 1732 3748 personis,
1771 3692 1863 3732 eas

245 3772 591 3844 acceperint,
624 3772 725 3826 nisi
775 3771 1030 3827 Ecclesia
1057 3770 1420 3839 reddiderint,
1452 3771 1627 3826 sciant
1676 3786 1735 3826 se
1775 3786 1862 3825 sa-

250 3864 472 3937 crilegii
521 3864 737 3921 crimen
773 3864 1124 3920 committere
1162 3865 1505 3933 (incurrere),
1545 3872 1599 3919 et
1641 3873 1865 3920 aterna

246 3957 638 4016 damnationis
666 3958 970 4030 periculum
999 3957 1275 4014 incurrere
1297 3964 1538 4029 (panam
1567 3957 1787 4023 subire).

318 4053 463 4106 “VII.
492 4051 636 4121 Quia
680 4051 798 4107 dies
839 4051 1054 4107 Sabbati
1093 4052 1239 4123 apud
1268 4059 1486 4107 sanctos
1524 4054 1714 4107 Patres
1755 4066 1863 4106 no-

245 4153 412 4201 stros
427 4145 482 4199 in
510 4144 835 4200 abstinentia
862 4145 1091 4201 celebris
1132 4153 1215 4199 est
1240 4143 1481 4212 habitus,
1508 4160 1609 4199 nos
1649 4158 1865 4199 eorum-

247 4239 397 4296 detn
422 4238 809 4294 auctoritatem
835 4246 1140 4310 sequentes,
1166 4238 1455 4293 salubriter
1478 4237 1863 4303 admonemus,

247 4342 310 4389 ut
381 4331 693 4403 quicunque
741 4347 798 4387 se
840 4332 1162 4387 Christiana
1214 4331 1490 4402 religionis
1540 4329 1861 4403 participem

247 4440 385 4483 esse
422 4424 721 4491 desiderat,
752 4425 820 4480 ab
848 4441 943 4481 esu
972 4425 1223 4481 carnium
1260 4424 1449 4481 eadem
1477 4424 1582 4492 die,
1620 4424 1720 4479 nisi
1752 4439 1866 4479 ma-

244 4519 367 4590 jori
422 4516 723 4573 festivitate
755 4517 1173 4585 interveniente,
1207 4518 1289 4573 vel
1332 4516 1652 4572 inﬁrmitate
1690 4516 1864 4587 impe-

254 4612 478 4677 diente,
502 4610 792 4668 abstineat.

326 4707 487 4760 VIII.
512 4706 594 4760 Ut
622 4704 800 4759 nullus
826 4703 996 4759 abbas
1023 4703 1263 4760 decimas
1280 4690 1637 4774 etprimitias,
1663 4710 1716 4757 et
1742 4701 1863 4757 reli-

253 4814 368 4871 qua
418 4812 550 4870 qua
586 4796 889 4854 secundum
934 4806 1137 4854 statuta
1167 4812 1440 4853 canonum
1480 4797 1553 4853 ad
1586 4797 1870 4867 episcopos

254 4892 564 4963 pertinent,
612 4890 730 4947 sine
767 4891 1095 4947 auctoritate
1141 4889 1380 4947 Romani
1433 4888 1725 4961 pontiﬁcis,
1773 4903 1869 4943 seu

254 4984 511 5055 episcopi
559 4999 836 5040 consensu
879 4984 935 5039 in
983 4984 1143 5055 cujus
1181 4981 1401 5039 dioecesi
1450 4982 1678 5046 habitat,
1731 4980 1867 5037 deti-

252 5086 411 5145 neat,
440 5077 742 5149 apostolica
765 5077 1041 5134 sanctione
1068 5078 1354 5133 ﬁrmamus
1373 5075 1718 5144 (auctoritate
1740 5090 1868 5130 san-

256 5168 493 5231 cimus).

334 5259 449 5314 ΙΧ.
480 5255 677 5313 Nullus
705 5255 994 5329 episcopus
1017 5271 1331 5330 gravamen,
1353 5270 1445 5311 seu
1479 5252 1672 5311 servile
1700 5250 1867 5308 servi-

257 5344 437 5411 tium,
460 5360 524 5401 ex
551 5362 654 5401 usu
684 5353 878 5402 contra
903 5344 1324 5401 ecclesiasticam
1368 5359 1619 5401 normam
1650 5338 1871 5397 abbati-

257 5435 375 5490 bus
413 5450 511 5489 seu
552 5433 765 5489 clericis
800 5432 919 5490 suis
967 5434 1231 5505 imponat.
1285 5431 1617 5488 Interditum
1663 5431 1764 5497 (vel
1788 5428 1867 5482 in-

260 5522 585 5589 terdictum)
640 5523 912 5579 sardotale
963 5522 1208 5579 ofﬁcium
1244 5522 1415 5592 pretio
1471 5518 1869 5576 interveniente

258 5612 551 5668 restituat.
586 5611 750 5684 Quod
774 5612 821 5667 si
851 5611 1065 5681 fecerit,
1091 5610 1258 5669 ofﬁcii
1286 5609 1369 5667 sui
1401 5610 1708 5682 periculum
1738 5604 1867 5664 sub-

265 5710 393 5755 eat.

354 5824 497 5895 (438)
529 5827 739 5883 Desunt
764 5825 815 5880 iu
842 5825 1046 5883 Chron.
1080 5820 1430 5881 Virdunensi.

1974 1894 2238 1950 solemnia
2266 1894 2477 1967 aliquid
2507 1899 2623 1949 Deo
2651 1894 2874 1962 offerre,
2911 1906 2965 1951 et
3003 1896 3170 1952 ducat
3200 1903 3282 1962 (et
3306 1898 3469 1963 duci)
3499 1896 3567 1953 ad

1972 1987 2326 2054 memoriam,
2365 1987 2514 2059 quod
2540 1991 2689 2043 Deus
2718 2005 2817 2059 par
2838 1991 3070 2060 Moysen
3100 1989 3236 2043 dixit
3268 2008 3281 2041 :
3310 1992 3425 2046 Non
3461 2005 3559 2059 ap-

1971 2082 2187 2151 parebis
2216 2083 2278 2135 in
2307 2086 2585 2151 conspectu
2615 2098 2728 2135 meo
2759 2099 2961 2136 vacuus
2996 2083 3193 2148 (Exod.
3218 2088 3409 2148 xxm).
3440 2085 3563 2137 Ete-

1973 2174 2087 2229 nim
2121 2175 2179 2229 in
2219 2174 2459 2229 collectis
2490 2180 2809 2230 sanctorum
2834 2176 3061 2230 Patrum
3096 2175 3305 2246 liquido
3344 2182 3571 2246 apparet

1972 2268 2115 2338 quod
2146 2284 2341 2323 omnes
2382 2267 2677 2324 Christiani
2721 2267 2924 2323 offerre
2969 2267 3177 2340 aliquid
3218 2274 3336 2326 Deo
3371 2284 3436 2324 ex
3468 2284 3568 2324 usu

1971 2369 2285 2417 sanctorum
2316 2364 2541 2417 Patrum
2584 2360 2810 2417 debent.

2257 2488 2521 2529 ADDITIO
2562 2488 2844 2529 PHILIPPI
2884 2488 3097 2539 LABBB,
3139 2487 3191 2528 S.
3232 2488 3280 2528 J.

2042 2576 2217 2646 Hujus
2268 2578 2503 2631 Romani
2541 2577 2751 2629 concilii
2790 2576 3077 2630 canonibus
3125 2577 3235 2630 hac
3276 2580 3570 2646 promittit

1970 2669 2123 2735 Hugo
2146 2669 2574 2722 Flaviniacensz's
2593 2668 2757 2722 abbas
2779 2668 2900 2736 jam
2922 2660 3058 2738 sape
3088 2669 3341 2725 laudatus
3371 2690 3388 2721 :
3427 2671 3569 2725 Con-

1971 2769 2232 2828 secratus,
2257 2769 2389 2828 etc.,
2414 2762 2546 2815 alibi
2569 2762 2682 2831 jam
2707 2777 2921 2816 excusa.

2458 2887 2634 2932 ΝΟΤᾸΞ
2663 2888 2946 2930 SEVEBINI
2976 2888 3161 2931 BINII.

2045 2990 2359 3047 Concilium.
2384 2995 2445 3047 In
2474 2990 2577 3045 hac
2596 2990 2831 3061 synodo,
2859 2999 2981 3061 post
3009 3005 3073 3046 ea
3093 3005 3217 3061 qua
3237 2990 3292 3045 in
3317 2992 3455 3048 actis
3474 3007 3565 3048 su-

1974 3078 2066 3133 pra
2105 3064 2387 3118 recensitis
2422 3060 2790 3125 continentur,
2837 3060 3297 3117 nefandissimum
3345 3064 3563 3120 Gilbero

1974 3132 2097 3189 tum
2136 3137 2514 3189 Ravennatem
2540 3133 2878 3258 archiepisco
2891 3148 3021 3203 pum
3044 3132 3113 3188 ad
3138 3134 3410 3215 synodum
3454 3134 3567 3205 fre-

1975 3213 2202 3258 quenter
2238 3206 2485 3258 citatum.
2530 3214 2723 3258 anosto
2748 3206 2844 3258 ica
2881 3204 3036 3258 'sedis
3070 3205 3334 3258 patientia
3373 3214 3428 3258 et
3469 3206 3563 3258 be-

2748 3206 2844 3259 ica
2881 3204 3036 3259 'sedis
3069 3204 3335 3275 patientia
3373 3214 3428 3260 et
3469 3206 3563 3261 be—

1969 3276 2233 3357 nignitate
2262 3276 2598 3357 abutentem,
2632 3276 2703 3330 ob
2728 3276 3019 3357 immensa“
3036 3278 3239 3357 scelera
3262 3285 3567 3357 perpetrata

1970 3293 2233 3346 nigmtate
2262 3293 2598 3341 anutentem,
2632 3293 2703 3330 ou
2728 3293 2995 3356 immensa
3036 3293 3564 3401 sceleragerpetrata

1970 3347 2281 3415 depositum
2315 3362 2454 3411 esse,
2487 3346 2691 3401 indicat
2721 3347 2949 3415 epistola
2980 3347 3226 3417 Gregorii
3290 3363 3463 3402 ecima
3503 3347 3564 3402 li-

1972 3418 2055 3472 bri
2102 3418 2267 3485 sexti,
2310 3434 2479 3489 quam
2505 3417 2572 3489 ad
2594 3487 2601 3489 Α
2620 3432 2834 3472 ommes
2858 3420 3200 3489 Ravennates
3234 3418 3303 3473 de
3328 3418 3566 3475 Gilberti

1964 3489 2261 3544 sceleribus
2290 3487 2347 3543 et
2370 3487 2713 3559 depositione
2754 3488 3086 3558 perscripsit.

2036 3558 2547 3615 Excommunicatus
2584 3564 2661 3613 est
2715 3558 3338 3628 Constantinopolitaims
3389 3561 3566 3630 impe-

1967 3638 2134 3686 rator.
2160 3632 2507 3701 Nicephorus
2526 3630 3193 3700 nimirum,coguomento
3215 3632 3560 3699 Botoniates,

1968 3704 2058 3773 qui
2090 3703 2384 3771 imperium
2435 3702 2538 3757 sibi
2574 3701 2857 3773 tyrannica
2891 3701 3196 3773 vindicans,
3242 3701 3565 3758 Michaelem

1968 3772 2313 3845 cumMaria
2366 3776 2613 3845 Augusta
2644 3772 2905 3845 conjuge,
2948 3772 3184 3845 filioque
3211 3773 3566 3829 Constantino

1971 3842 2558 3916 Porphyrogeneto'in
2596 3842 2906 3898 Blachernis
2944 3851 3132 3916 captos
3172 3843 3234 3916 in,
3263 3852 3568 3916 monaste-

1968 3914 2110 3971 rium
2134 3914 2410 3987 relegavit.
2439 3916 2744 3987 coronatus
2766 3923 2849 3987 est
2877 3923 3059 3969 autem
3083 3914 3198 3984 ipse
3226 3915 3567 3987 Nicephorus

1967 4003 1999 4041 a
2031 3989 2228 4058 Cosma
2250 3984 2572 4057 patriarcha,
2599 3986 2692 4058 qui
2710 3984 2908 4058 eodem
2931 4000 3098 4051 anno,
3121 3989 3331 4058 Joanne
3351 3986 3566 4058 Xiphy-

1970 4058 2085 4128 lino
2115 4056 2398 4123 defuncto,
2430 4074 2459 4112 a
2492 4057 2757 4112 Michaele
2783 4057 3113 4127 imperatore
3141 4056 3197 4111 in
3235 4056 3416 4112 locum
3447 4056 3568 4128 ejus

1969 4127 2144 4183 fuerat
2192 4129 2540 4199 subrogatus.
2598 4130 2832 4183 Venerat
2883 4127 2985 4182 iste
3034 4127 3568 4199 Hierosolymis,’et

1970 4216 2187 4271 magna
2269 4198 2689 4254 existimationis
2763 4206 2883 4254 erat
2941 4199 3086 4269 apud
3154 4198 3564 4269 imperatorem.

1968 4275 2197 4326 Joannes
2229 4271 2594 4339 Curopalates.

2040 4345 2101 4398 Si
2135 4344 2257 4411 quis
2287 4342 2772 4396 Nortmannorum.
2818 4341 2998 4412 Hujus
3024 4341 3249 4395 canonis
3288 4339 3565 4412 sanciendi

1972 4415 2321 4467 occasionem
2353 4414 2464 4467 Leo
2495 4412 2765 4467 Ostiensis
2797 4411 3084 4481 episcopus
3121 4412 3210 4481 qui
3240 4411 3432 4465 aderat
3466 4411 3562 4467 lib.

1977 4490 2029 4551 3,
2056 4500 2175 4554 cap.
2207 4489 2275 4539 45
2297 4491 2353 4537 et
2376 4489 2467 4548 46,
2491 4482 2570 4537 sic
2595 4490 2906 4554 enarratur
2946 4481 3162 4554 Eodem,
3182 4484 3568 4554 temporeRo-

1891 4552 1941 4614 D
1972 4551 2191 4610 sellaria
2217 4555 2473 4610 Ecclesia
2499 4551 2741 4634 pontifex
2773 4552 2841 4607 ad
2862 4552 2965 4634 hoc
2991 4552 3568 4634 c_ano_bium_veniens,

1973 4642 2085 4681 non
2110 4642 2334 4696 parvam
2359 4623 2607 4696 pecunia
2637 4638 2915 4679 summam
2938 4624 2993 4677 in
3015 4623 3119 4696 hoc
3146 4624 3268 4678 loco
3296 4623 3563 4692 deposuit.

1976 4644 2085 4681 non
2146 4644 2334 4682 arvam
2359 4644 2607 4696 pecunla
2637 4644 2915 4679 summam
2939 4644 2993 4677 Ill
3016 4644 3119 4677 HOC
3146 4644 3268 4678 1000
3296 4644 3563 4692 αθροδιιιῑ.

1976 4644 2142 4765 Quos
2155 4697 2246 4752 ubi
2274 4696 2497 4752 Jordani
2528 4695 2762 4766 principi
2794 4697 2997 4765 Capua
3034 4694 3269 4766 relatum
3301 4702 3405 4757 est.
3440 4695 3571 4751 mis-

1982 4771 2056 4841 sis
2080 4768 2363 4834 militibus,
2382 4765 2598 4841 eam;de
2626 4766 2921 4841 secretario
2942 4765 3186 4841 ecclesia
3214 4766 3479 4841 abstrahi,
3514 4773 3569 4822 et
3648 4836 3651 4841 Α

1984 4840 2052 4895 ad
2087 4856 2145 4895 se
2184 4838 2444 4909 pracepit
2470 4835 2676 4893 afferri.
2725 4836 2807 4892 Ad
2832 4836 2948 4909 hac
2978 4835 3174 4892 fratres
3203 4856 3217 4892 :
3250 4838 3568 4905 Pecuniam,

1982 4907 2440 4982 inquiunt,rqua‘_
2486 4909 2632 4982 Patri
2682 4907 2977 4982 Benedicto
3046 4909 3248 4982 credita
3305 4916 3408 4978 est,
3468 4924 3572 4982 nos

1981 4979 2117 5037 nulli
2143 4979 2369 5037 omnino
2396 4980 2693 5036 viventium
2715 4979 2946 5047 damus;
2980 4995 3171 5035 verum
3194 4979 3250 5034 in
3280 4980 3570 5035 secretario

1980 5053 2262 5123 conditam
2304 5053 2398 5123 qui
2428 5052 2839 5123 prasumpserit
2866 5051 3044 5106 tollat.
3071 5052 3270 5123 Milites
3300 5050 3569 5123 diabolico

1978 5122 2165 5179 furore
2204 5122 2394 5179 ebriati
2430 5122 2741 5195 pecuniam
2786 5122 2853 5177 de
2876 5122 3194 5195 secretario
3223 5122 3566 5188 abstrahunt,

1978 5211 2042 5251 ac
2066 5197 2397 5251 abstractam
2429 5192 2496 5250 a'd
2526 5195 2832 5266 principem
2857 5192 3131 5266 deferunt.
3157 5196 3413 5266 ATantum
3440 5208 3569 5247 vero

1978 5275 2033 5321 et
2061 5274 2171 5322 tam
2199 5268 2436 5321 immane
2459 5263 2880 5337 inauditamque
2898 5263 3115 5337 facinus
3140 5263 3395 5337 Gregorii
3419 5278 3571 5334 papa

1979 5337 2112 5393 dum
2153 5338 2489 5408 pervenisset
2519 5337 2590 5408 ad,
2616 5334 2805 5403 aures;
2830 5335 2995 5407 hujus
3024 5334 3348 5408 temeritatis
3369 5349 3571 5389 noxam

1980 5404 2212 5464 inultam
2254 5423 2373 5464 esse
2413 5424 2525 5463 non
2566 5407 2766 5471 ferens,
2809 5415 2863 5462 et
2900 5404 3093 5461 verens
3122 5422 3196 5462 ne
3242 5404 3349 5460 hoc
3381 5421 3572 5460 rursus

1981 5480 2231 5550 exemplo
2253 5479 2483 5535 ecclesia
2502 5488 2690 5535 nostro
2708 5478 3025 5550 violaretur,
3054 5474 3572 5550 divinumofﬁcium

1980 5550 2037 5605 in
2093 5547 2319 5625 ecclesia
2372 5551 2546 5625 Patris
2593 5548 3215 5625 Benedicti_interdixit,
3251 5547 3570 5625 _altariaque

1978 5622 2164 5677 omnia
2199 5622 2394 5677 nudari
2427 5620 2576 5687 fecit,
2607 5636 2852 5676 asserens
2881 5619 2934 5673 in
2971 5628 3125 5674 tanto
3156 5616 3571 5687 scelereinimia

1977 5693 2320 5763 negligentia
2380 5686 2823 5761 damnandaque
2865 5689 3173 5746 formidinis
3217 5686 3566 5743 Desiderium
