4048 6174
494 292 597 350 803

1205 290 1260 345 S.
1301 286 1624 343 GREGORII
1664 286 1752 341 VII
1790 286 1938 342 OPP.
1978 284 2153 341 PARS
2193 286 2283 341 lll.
2322 315 2391 326 --
2429 282 2742 341 CONCILIA
2778 284 3085 341 ROMANA.

3679 282 3779 337 8οι

495 416 755 475 abbatem
784 417 884 473 hac
911 416 1104 487 fratres
1136 412 1291 485 argui
1322 413 1524 468 merito
1555 427 1750 487 posse:
1782 424 1953 483 seque
1977 410 2075 467 ad-
2105 414 2159 478 Α
2197 411 2456 467 Ecclesiae
2502 386 2733 487 utilitate
2762 418 2819 467 et
2844 408 3168 467 necessitate
3210 407 3270 463 in
3306 405 3659 463 Lateranensi
3686 421 3783 477 pa-

500 505 686 546 versus
733 484 1219 559 congregationem
1253 492 1503 559 nostram
1549 484 1791 559 severius
1826 498 2077 559 commo-

499 562 761 626 vendum,
789 554 887 613 nisi
916 554 975 612 ea
1015 573 1123 629 qua
1152 572 1383 629 semper
1412 558 1591 629 locum
1608 558 1795 629 istum
1818 554 2085 629 dilexerat

497 632 756 687 charitate
781 627 1073 684 teneretur.
1107 628 1390 698 Siquidem
1431 627 1762 681 tolerabilius
1789 642 1905 681 esse
1934 627 2086 680 villas

496 712 551 759 et
590 702 808 758 castella
840 701 985 771 juris
1033 700 1210 754 nostri
1255 700 1309 753 in
1350 699 1592 771 praedam
1626 706 1681 753 et
1720 698 2085 771 direptionem

495 772 636 839 dari,
668 768 1110 844 quam—sanctum
1148 768 1579 844 locum,'ub_ique
1607 778 1879 844 terrarum
1903 768 2082 844 famo-

493 839 791 923 sissimum,
812 842 1355 923 tantfeignominiaa
1386 839 1686 923 subiacere.
1715 839 1825 923 Sed
1840 856 1962 920 .non
1995 840 2087 923 diu

493 914 679 971 divina
728 915 859 971 ultio
897 910 1202 971 dilata'est.
1241 916 1385 968 Nam
1424 910 1852 984 princepstanti
1900 918 2089 966 auctor

495 987 733 1054 sceleris,
782 996 1072 1057 postquam
1114 985 1399 1055 pecuniam
1424 982 1563 1057 tulit
1592 982 1857 1057 ecclesiaz,
1907 983 2091 1057 lumen

492 1057 703 1114 amisit.
752 1054 881 1113 Inde
917 1054 1042 1112 vero
1088 1054 1389 1127 Gregorius
1438 1055 1492 1109 in
1530 1055 1759 1110 concilio
1790 1054 2091 1124 praesidens

494 1130 797 1194 constituit,
829 1138 888 1184 ut
908 1129 952 1183 si
978 1129 1098 1199 quis
1122 1126 1589 1182 Nortmannorum
1612 1127 1691 1181 vel
1716 1126 2093 1199 quorumlibet

494 1202 801 1267 hominum,
841 1197 1064 1272 praedia,
1102 1199 1452 1272 monasteria,
1481 1199 1652 1272 villas,
1684 1197 2083 1272 possessiones-

497 1269 1182 1343 queinostri'monasterii
1223 1269 1561 1325 Cassinensis
1603 1269 1885 1343 invaserit,
1919 1278 1973 1323 et
2000 1284 2091 1323 se-

498 1340 679 1398 cundo
700 1360 762 1397 ac
790 1344 952 1397 tertio
973 1341 1290 1397 admonitus
1316 1357 1427 1395 non
1457 1340 1845 1405 emendaverit,
1877 1355 2088 1395 excom-

499 1414 855 1469 municationi
878 1414 1176 1483 subjaceat,
1198 1427 1481 1484 quousque
1506 1411 1819 1484 satisfaciat.
1853 1435 1877 1459 υ

575 1488 837 1552 Quoniam
870 1482 1622 1539 invéstituras'ecclesiarum.‘
1644 1487 1722 1537 De
1755 1482 1859 1538 hoc
1883 1496 2095 1536 canone

500 1557 615 1611 Leo
642 1556 929 1620 Ostiensis,
960 1572 1078 1626 cap.
1102 1562 1194 1623 41,
1222 1556 1293 1610 ita
1325 1555 1515 1610 scribit
1549 1573 1561 1609 :
1594 1579 1617 1601 α
1655 1557 1755 1608 Per
1781 1554 1925 1626 idem
1956 1562 2095 1607 tem-

499 1643 624 1698 pus,
663 1628 975 1698 supradicto
1015 1625 1151 1698 papa
1204 1627 1469 1698 Gregorio
1521 1626 1793 1698 synodum
1834 1625 2094 1689 habente,

498 1697 612 1752 Leo
666 1697 828 1769 hujus
883 1697 1198 1769 monasterii
1241 1697 1703 1761 bibliothecarius,
1753 1698 1843 1769 qui
1897 1705 2086 1767 postea

496 1769 765 1825 Ostiensis
794 1771 1079 1841 episcopus
1105 1768 1232 1841 fuit,
1267 1770 1550 1838 proposuit
1586 1769 1751 1841 litem,
1780 1768 1848 1824 de
1888 1783 2083 1822 mona-

498 1841 666 1895 sterio
683 1839 898 1896 Sanctae
928 1839 1145 1912 Sephiae
1164 1839 1233 1896 de
1255 1842 1586 1908 Benevento,
1610 1840 1757 1911 quod
1786 1856 1956 1909 nuper
1975 1841 2083 1893 Be-

495 1914 783 1968 neventani
811 1930 841 1967 a
873 1912 1077 1967 ditione
1104 1913 1279 1967 nostri
1310 1913 1545 1967 cmnobii
1577 1912 1843 1966 violenter
1872 1912 2084 1965 abstra-

496 1994 707 2055 xerant.
738 1987 985 2055 Cumque
1023 2000 1109 2039 res
1137 1984 1204 2038 ad
1236 1984 1506 2054 judicium
1531 1983 1762 2055 deducta
1790 1991 1949 2055 esset,
1983 1998 2081 2055 au-

498 2054 776 2110 dientibus
821 2053 1083 2110 omnibus
1115 2053 1345 2109 recitata
1384 2062 1516 2108 sunt
1571 2054 1758 2109 omnia
1803 2053 2083 2124 privilegia

498 2134 709 2193 nostra,
738 2126 935 2197 quibus
974 2126 1240 2196 principes
1288 2125 1627 2196 Romanique
1650 2124 2083 2249 pontiﬁces,im-

500 2205 795 2249 neratores.
821 2213 1002 2249 reges.
1031 2196 1215 2249 duces.
1251 2196 1562 2249 praedictam
1589 2213 1647 2249 ce
1674 2198 1776 2249 lam
1807 2196 1934 2249 huic
1960 2211 2081 2249 mo-

500 2196 795 2268 peratores,
821 2213 1002 2268 reges,
1031 2196 1215 2263 duces,
1251 2196 1562 2268 prazdictam
1589 2196 1776 2251 cellam
1807 2196 1934 2249 huic
1960 2211 2081 2249 mo-

499 2267 738 2323 nasterio
763 2267 993 2323 donasse
1012 2268 1309 2339 probatum
1330 2276 1431 2331 cst,
1460 2267 1847 2339 decretumque
1877 2284 1907 2322 a
1934 2282 2086 2321 sum-

500 2354 594 2394 mo
631 2339 895 2410 pontiﬁce
924 2338 1120 2393 cellam
1164 2339 1315 2393 illam
1366 2338 1500 2393 nihil
1547 2338 1617 2394 ad
1671 2338 2089 2410 Beneventanos

500 2408 799 2481 pertinere,
829 2410 925 2465 sed
946 2410 1087 2480 juris
1128 2410 1297 2464 nostri
1332 2418 1595 2481 perpetuo
1634 2426 1751 2464 esse
1777 2409 1995 2466 debere.
2026 2413 2089 2463 In

500 2480 695 2553 eadem
725 2480 856 2536 item
883 2481 1098 2553 synodo
1128 2480 1443 2536 institutum
1457 2490 1560 2547 est,
1592 2489 1655 2536 ut
1674 2483 1765 2551 qui
1786 2497 1816 2536 a
1848 2481 1985 2536 laico
2010 2481 2089 2535 in-

504 2552 823 2625 vestituram
862 2552 1115 2625 Ecclesia:
1150 2553 1437 2625 acciperet,
1478 2553 1836 2625 anathemate
1861 2560 2089 2625 uterque

502 2624 848 2750 ἓὲἑείεέἓιιο,
882 2632 937 2680 et
968 2624 1061 2697 qui
1089 2624 1297 2680 scilicet
1323 2624 1495 2693 daret,
1520 2633 1575 2680 et
1602 2625 1698 2696 qui
1728 2624 2019 2696 acciperet.
2060 2647 2086 2673 π

561 2710 640 2752 ωε
668 2710 780 2753 ιλθο
789 2735 801 2749 .

794 2846 1055 2893 ADDITIO
1094 2849 1377 2892 PHILIPPI
1420 2848 1621 2892 LABBB
1662 2850 1712 2891 S.
1755 2850 1806 2892 J.

504 2956 580 3011 De
626 2955 878 3023 Gregorii
938 2955 1043 3009 VII
1079 2953 1188 3007 zelo
1231 2953 1484 3007 adversus
1522 2955 1881 3016 Simoniacos,
1912 2968 2091 3007 concu-

580 3027 841 3089 binarc‘os,
875 3026 1144 3091 etc.,lhwc
1187 3024 1352 3079 habet
1384 3025 1525 3079 idem
1556 3027 1706 3094 Ilugo
1728 3026 2088 3081 Flavim‘acen-

574 3100 669 3164 sis,
688 3114 817 3167 pag.
851 3101 952 3151 207
984 3097 1233 3152 Chronici
1259 3097 1633 3154 Virduncnsis.

2189 505 2320 561 latio
2357 513 2651 579 aggregata
2680 504 2913 578 synodo,
2954 500 3486 560 circumsedentibus
3517 499 3784 570 archiepi-

2189 601 2389 672 scopis,
2433 600 2723 672 episcopis,
2763 599 3053 655 abbatibus
3103 606 3156 654 et
3202 596 3465 669 religiosis
3497 598 3791 666 Deumque

2185 694 2504 750 timentibus
2532 694 2747 750 clericis
2775 702 2829 749 et
2858 692 3165 759 monachis,
3202 690 3269 747 de
3318 688 3705 761 suprascriptis
3734 695 3791 743 et

2192 790 2313 844 aliis
2369 788 2631 847 Ecclesiae
2670 787 2977 845 commodis
3027 793 3288 854 tractans,
3323 783 3443 841 haec
3491 780 3793 839 decretalia

2194 884 2561 958 promulgavit
2598 882 2859 955 capitula.

2600 1031 2647 1083 Ι.
2672 1028 2984 1097 Quicunque
3000 1026 3251 1088 militum,
3278 1029 3386 1079 etc.

2270 1170 2404 1224 Hmc
2424 1174 2551 1223 sunt
2572 1166 2876 1223 beatissimi
2907 1180 3061 1238 papae
3092 1162 3375 1237 synodalia
3399 1160 3617 1218 decreta
3638 1162 3785 1232 (pag.

2199 1267 2304 1318 208
2344 1262 2593 1335 ejusdem
2636 1261 2861 1328 Chron.)
2890 1260 3137 1316 moribus
3184 1255 3523 1329 corrigendis
3558 1253 3783 1321 idonea,

2198 1364 2513 1413 sanctorum
2553 1358 2777 1411 Patrum
2822 1353 3059 1411 decretis
3088 1366 3354 1420 consona,
3395 1348 3534 1407 coelo
3564 1357 3791 1405 rorante

2200 1450 2420 1517 stillata,
2450 1448 2721 1504 universis
2747 1447 2997 1503 ﬁdelibus
3026 1443 3378 1511 inculcanda,
3405 1441 3791 1516 amplectenda

2203 1553 2369 1615 atque
2409 1542 2660 1610 tenenda,
2688 1542 2900 1613 justitia
2933 1540 3178 1597 dictante
3204 1539 3435 1610 prolata,
3466 1536 3793 1593 fortitudine

2204 1638 2485 1705 roborata,
2519 1634 2810 1709 prudentia
2853 1635 3219 1707 promulgata,
3262 1632 3649 1705 temperantiae
3678 1630 3791 1685 vir-

2112 1761 2159 1823 B
2196 1738 2311 1788 tute
2342 1730 2591 1803 praedita.
2623 1728 2727 1786 Sed
2758 1729 2996 1801 perversi
3022 1728 3156 1786 dum
3178 1727 3237 1783 in
3260 1742 3451 1783 eorum
3492 1740 3689 1781 norma
3718 1724 3792 1779 vi-

2194 1835 2265 1881 ta:
2310 1842 2423 1882 suae
2446 1823 2801 1896 perversitate
2839 1821 3152 1890 offendunt,
3186 1820 3303 1878 haec
3333 1819 3538 1894 gravia,
3568 1817 3691 1875 haec
3716 1818 3792 1876 di-

2192 1920 2374 1987 ﬁcilia,
2395 1918 2533 1985 hinc,
2559 1918 2685 1990 quia
2706 1917 2902 1989 corrigi
2927 1916 3145 1983 nolunt,
3174 1914 3459 1971 emendari
3489 1912 3788 1986 refugiunt,

2192 2011 2533 2069 omnimodis
2548 2011 2827 2084 appellant
2848 2008 3229 2081 impossibilia.
3260 2011 3310 2065 O
3337 2015 3585 2063 mentem
3603 2023 3793 2063 amen-

2192 2114 2304 2163 tem
2327 2110 2339 2161 l
2364 2123 2396 2162 o
2426 2122 2679 2178 spurcam
2701 2105 3003 2177 nequitiam
3030 2106 3043 2158 l
3078 2111 3132 2159 et
3157 2102 3553 2175 nequissimam
3579 2101 3797 2172 spurci-

2193 2201 2353 2256 tiam!
2399 2198 2660 2270 Nunquid
2685 2199 2733 2254 si
2766 2197 3102 2271 perditorum
3132 2212 3315 2252 mores
3347 2194 3640 2251 hominum
3670 2210 3795 2251 cor-

2196 2295 2298 2363 rigi
2344 2293 2673 2366 refugientes
2710 2292 3007 2365 desipiunt,
3032 2289 3251 2363 justitia
3299 2289 3575 2355 silebitur,
3623 2288 3798 2360 pietas

2196 2387 2625 2452 conculcabitur,
2656 2395 2711 2443 et
2750 2386 3129 2443 ecclesiasticae
3161 2382 3663 2440 animadversionis
3691 2382 3795 2454 gla-

2197 2480 2321 2539 dius
2380 2498 2410 2537 a
2470 2479 2741 2553 sanguine
2808 2479 3169 2552 prohibetur?
3226 2481 3318 2535 Va:
3374 2476 3573 2533 rectori
3625 2490 3796 2547 quem

2199 2575 2540 2632 denotaverit
2579 2574 2846 2630 sententia
2880 2573 3106 2646 hujusce
3147 2570 3569 2628 maledictionis!
3618 2569 3797 2624 male-

2199 2670 2377 2727 dictus
2420 2677 2505 2726 est
2546 2668 2636 2741 qui
2675 2666 2930 2740 prohibet
2958 2666 3203 2739 gladium
3234 2680 3397 2721 suum
3425 2680 3457 2719 a
3500 2661 3794 2734 sanguine.

2202 2764 2462 2821 Gladium
2519 2780 2550 2819 a
2604 2762 2866 2835 sanguine
2910 2760 3201 2832 prohibere
3249 2767 3335 2815 est
3381 2756 3799 2831 praedicationis

2201 2852 2428 2908 verbum
2470 2866 2499 2906 a
2536 2850 2767 2907 carnalis
2804 2849 2952 2911 vitae
2974 2847 3357 2904 interfectione
3394 2846 3655 2902 retinere.
3709 2844 3799 2901 Ob

2201 2946 2347 3002 hanc
2392 2945 2557 3018 igitur
2583 2960 2831 3011 causam,
2878 2943 3004 3015 quia
3037 2942 3235 2999 scilicet
3267 2950 3518 2998 sanctam
3551 2940 3657 2995 Dei
3688 2940 3798 2995 Ec-

2199 3040 2422 3096 clesiam
2455 3046 2660 3095 castam
2692 3053 2813 3094 esse
2845 3037 3079 3104 volebat,
3126 3036 3378 3102 liberam,
3410 3042 3572 3107 atque
3600 3032 3800 3089 catho-

2204 3152 2359 3203 cam;
2390 3134 2514 3206 quia
2538 3132 2605 3189 de
2626 3132 2934 3188 sanctuario
2959 3131 3055 3187 Dei
3085 3130 3455 3186 Simoniacam
3476 3137 3531 3183 et
3555 3127 3803 3200 neophy-

575 3229 936 3284 Consecratus
974 3226 1137 3299 igitur
1184 3226 1242 3280 in
1279 3224 1488 3296 justitia
1528 3232 1582 3281 et
1625 3223 1913 3279 sanctitate
1955 3224 2095 3280 miro
2129 3206 2173 3269 C
2201 3238 2391 3285 torum
2440 3227 2719 3290 haeresim,
2768 3232 2822 3281 et
2858 3222 3065 3281 foedam
3109 3223 3413 3280 libidinosae
3450 3221 3804 3293 contagionis

506 3321 674 3378 modo
703 3321 935 3377 assiduis
980 3318 1121 3375 votis
1159 3335 1256 3391 pro
1287 3336 1343 3375 se
1375 3329 1427 3375 et
1454 3334 1618 3392 grege
1652 3319 1758 3374 sibi
1798 3319 2096 3376 commisso

504 3416 799 3483 excubans,
828 3422 1056 3487 urgente
1093 3413 1380 3485 pastoralis
1406 3412 1571 3468 ofﬁcii
1605 3413 1951 3481 necessitate,
1978 3412 2096 3469 dis-

504 3517 645 3566 torta
700 3524 1087 3581 perversorum
1142 3507 1309 3564 corda
1362 3507 1430 3563 ad
1486 3506 1836 3563 rectitudinis
1899 3506 2096 3563 lineam

506 3619 726 3661 summa
771 3603 821 3659 vi
870 3603 1146 3674 corrigere
1188 3602 1389 3670 nitens,
1436 3601 1716 3657 veritatem
1755 3600 1855 3657 Dei
1894 3601 2098 3674 absque

504 3712 756 3768 persona
786 3697 1104 3766 acceptione
1141 3694 1397 3750 omnibus
1439 3694 1711 3765 patefecit,
1742 3703 1942 3751 nactus
1972 3711 2099 3751 om-

505 3789 658 3845 nium
683 3790 954 3844 bonorum
987 3788 1333 3844 dilectionem
1376 3786 1447 3843 ob
1476 3786 1577 3842 zeli
1608 3788 1701 3843 Dei
1727 3788 2021 3854 fervorem,
2049 3795 2103 3843 et

498 3882 730 3954 justitia:
762 3882 1195 3937 exsecutionem.
1243 3880 1350 3936 Sed
1392 3881 1518 3952 quia
1548 3881 1696 3935 nulla
1734 3890 1817 3937 est
1864 3882 2101 3937 societas

506 3975 610 4031 luci
637 3976 707 4031 ad
728 3975 1002 4042 tenebras,
1033 3975 1373 4045 perditorum
1395 3974 1688 4029 hominum
1713 3974 1903 4029 odium
1927 3982 1980 4029 et
2008 3975 2100 4030 de-

504 4069 855 4134 tractionem,
881 4067 992 4123 imo
1019 4068 1457 4140 persecutionem
1482 4066 1806 4123 acerrimam
1834 4067 2095 4137 incurrit;

503 4163 710 4236 regiam
741 4171 923 4218 tamen
956 4162 1117 4229 viam,
1158 4177 1325 4233 quam
1352 4162 1521 4217 semel
1562 4161 1877 4229 intraverat,
1907 4161 2097 4217 incon-

506 4272 718 4326 cussus,
759 4256 1043 4324 immotus,
1076 4272 1167 4326 per
1207 4272 1358 4313 arma
1403 4257 1632 4328 justitiae
1659 4273 1690 4312 a
1724 4256 1929 4313 dextris
1969 4267 2025 4313 et
2065 4274 2097 4313 a

506 4350 743 4407 sinistris
775 4349 995 4405 fortiter
1023 4350 1259 4406 incessit.
1298 4354 1377 4406 Ac
1410 4352 1590 4421 primo
1615 4351 1843 4423 quidem
1877 4360 2096 4424 aposto-

509 4444 613 4501 lica
647 4444 998 4513 auctoritate,
1047 4444 1298 4500 veridicis
1345 4453 1665 4501 sanctorum
1712 4448 1941 4501 Patrum
1984 4446 2097 4501 ani-

512 4548 697 4595 matus
733 4538 1035 4606 sententiis,
1075 4538 1145 4594 ad
1172 4537 1567 4594 eliminandam
1594 4537 1957 4594 Simoniacam
1987 4539 2094 4595 hae-
2125 4575 2175 4637 Β

507 4632 691 4699 resim,
722 4640 777 4687 et
800 4632 1222 4704 praecipiendam
1250 4632 1578 4687 clericorum
1605 4632 1916 4688 castitatem
1948 4648 2097 4687 com-

507 4726 658 4781 missi
684 4725 784 4781 sibi
811 4725 973 4782 ofﬁcii
1003 4724 1187 4782 debito
1219 4724 1572 4780 vehementer
1601 4725 1819 4781 exarsit.
1846 4726 2086 4782 Audiant

508 4820 675 4892 igitur
701 4820 796 4891 qui
835 4819 1023 4876 audire
1055 4820 1267 4886 volunt,
1299 4825 1360 4874 ut
1404 4817 1736 4889 muniantur,
1786 4821 1879 4892 qui
1910 4820 2099 4877 audire

507 4914 724 4984 nolunt,
747 4922 810 4969 ut
836 4912 1261 4977 confundantur,
1290 4927 1455 4983 quam
1482 4914 1672 4981 libera,
1697 4930 1971 4986 quamque
1999 4931 2096 4971 ca-

507 5006 711 5064 tholica
752 5022 882 5063 voce
921 5013 1114 5061 contra
1143 5005 1366 5061 insanos
1394 5006 1695 5077 impiorum
1725 5008 1975 5076 latratus,
1998 5009 2101 5063 im-

508 5102 706 5173 piaque
738 5098 1045 5165 molimina,
1078 5114 1351 5171 aususque
1378 5098 1651 5156 nefandos
1682 5100 1981 5156 intonuerit
2008 5101 2099 5158 hic

508 5200 881 5265 pr0pugnator
915 5191 1195 5248 Ecclesiae.
1236 5194 1374 5249 Cum
1422 5194 1574 5248 enim
1612 5209 1808 5250 omnes
1842 5193 1954 5250 fere
2000 5210 2099 5252 sua

509 5295 837 5358 quaererent,
867 5302 975 5341 non
1007 5301 1130 5358 qua:
1155 5288 1285 5341 Jesu
1315 5286 1533 5353 Christi,
1561 5295 1616 5342 et
1646 5286 1928 5343 adhaerere
1961 5289 2099 5344 mal-

508 5380 625 5436 lent
663 5379 1007 5452 discipulatui
1044 5380 1309 5451 Simonis,
1345 5396 1510 5452 quam
1545 5382 1864 5453 pauperiem
1896 5382 2098 5439 Christi

507 5489 726 5531 servare
772 5474 830 5529 in
884 5474 1095 5530 unitate
1147 5473 1306 5543 ﬁdei;
1369 5474 1609 5530 ministri
1661 5491 1879 5547 quoque
1929 5476 2097 5533 divini

507 5567 802 5626 sanctuarii
832 5566 1036 5624 foedam
1081 5567 1391 5624 libidinosa;
1436 5570 1784 5641 contagionis
1838 5572 2097 5642 pollutio-

505 5679 635 5719 nem
684 5672 877 5719 contra
907 5662 1003 5735 jus
1031 5661 1219 5734 fasque
1257 5672 1599 5735 usurpatam,
1648 5672 1701 5719 et
1743 5664 2098 5721 subintrodu-

505 5765 655 5813 ctam
675 5758 881 5813 nollent
908 5756 1161 5829 abjicere,
1184 5756 1517 5813 investituraz
1536 5758 1705 5813 etiam
1733 5759 2097 5815 Ecclesiarum

502 5866 533 5904 a
576 5851 726 5909 laicis
754 5851 996 5909 indebita
1034 5860 1427 5921 usurparentur
1468 5870 1479 5905 :
1522 5851 1633 5921 ipse
1664 5866 1763 5920 pro
1814 5852 2096 5909 communi

2204 3321 2560 3394 pollutionem
2592 3319 2803 3375 volebat
2833 3319 3127 3391 expellere,
3168 3317 3415 3373 membra
3447 3315 3650 3371 diaboli
3680 3330 3800 3372 cae-

2203 3423 2403 3488 perunt
2446 3414 2503 3468 in
2542 3430 2667 3470 eum
2711 3413 3016 3485 insurgere,
3051 3421 3105 3467 et
3146 3426 3318 3483 usque
3350 3410 3421 3466 ad
3465 3409 3805 3482 sanguinem

2205 3516 2671 3583 praesumpserunt
2700 3507 2755 3561 in
2789 3523 2918 3563 eum
2956 3521 3150 3562 manus
3187 3504 3428 3577 injicere,
3475 3511 3530 3559 et
3566 3511 3629 3560 ut
3672 3520 3806 3561 eum

2206 3613 2384 3661 morte
2421 3603 2504 3659 vel
2535 3602 2729 3658 exsilio
2767 3599 3184 3665 confunderent,
3218 3598 3403 3655 multis
3451 3614 3581 3654 eum
3614 3596 3806 3654 modis

2206 3698 2391 3754 conati
2435 3706 2564 3752 sunt
2613 3695 2867 3767 dejicere.
2899 3695 2988 3751 Sic
3029 3693 3265 3749 surrexit
3294 3690 3457 3748 inter
3480 3705 3721 3764 regnum
3749 3700 3809 3749 et

2205 3791 2570 3847 sacerdotium
2588 3789 2890 3859 contentio,
2912 3788 3148 3846 accrevit
3166 3787 3326 3844 solito
3346 3786 3566 3860 gravior
3590 3794 3808 3844 sach

2208 3884 2309 3941 Dei
2366 3884 2628 3940 Ecclesiae
2682 3883 2980 3941 tribulatio.
3048 3882 3318 3939 Henricus
3367 3882 3515 3937 enim
3568 3881 3809 3937 Henrici

2205 3976 2553 4050 imperatoris
2599 3976 2746 4032 ﬁlius
2790 3976 3054 4033 adversus
3099 3979 3280 4033 Deum
3318 3984 3373 4032 et
3402 3984 3641 4031 matrem
3672 3990 3808 4031 om-

2204 4072 2361 4127 nium
2419 4070 2818 4128 catholicorum
2860 4074 3178 4127 Romanam
3227 4068 3523 4125 Ecclesiam
3559 4068 3805 4139 superbe

2205 4164 2475 4232 tumidus,
2536 4165 2631 4238 qui
2660 4165 2765 4220 vita
2814 4164 2931 4236 ejus
2978 4179 3145 4236 prava
3196 4171 3517 4219 sanctorum
3564 4160 3808 4218 Patrum

2204 4258 2438 4341 decretis
2466 4267 2520 4315 et
2548 4258 2826 4314 canonicis
2854 4257 3247 4314 adversabatur
3275 4256 3567 4322 institutis,
3609 4255 3811 4313 adver‘

2206 4369 2298 4410 sus
2354 4356 2534 4409 Deum
2590 4360 2644 4408 et
2690 4352 2949 4408 adversus
2999 4351 3279 4408 Christum
3336 4351 3455 4423 ejus
3500 4351 3651 4416 (Act.
3707 4350 3811 4422 Iv)

2206 4445 2521 4513 insurrexit,
2576 4446 2956 4502 ecclesiasticis
2988 4445 3359 4502 sanctionibus
3400 4442 3567 4516 impie
3622 4443 3817 4501 factus

2204 4539 2425 4596 rebellis
2454 4540 2739 4596 :membra
2760 4539 2963 4597 diaboli
3001 4549 3192 4596 contra
3232 4554 3357 4595 eum
3397 4537 3712 4607 incitando,
3758 4548 3819 4595 et

2204 4649 2399 4689 omnes
2423 4650 2561 4706 quos
2586 4634 2765 4706 potuit
2786 4635 2971 4703 minis,
2993 4633 3295 4701 blanditiis,
3325 4631 3658 4699 terroribus,
3677 4649 3817 4691 mu-

2208 4727 2432 4785 neribus
2487 4735 2677 4785 contra
2730 4745 2857 4784 eum
2897 4727 3199 4796 armando,
3249 4725 3391 4783 facta
3428 4741 3555 4783 cum
3607 4728 3820 4783 multis

2207 4818 2473 4897 episcOpis
2498 4822 2939 4879 Lothariensibus
2972 4829 3028 4877 et
3068 4818 3610 4878 Transrhenensibus
3637 4836 3819 4878 com-

2207 4918 2491 4991 positione.
2527 4916 2719 4974 Posito
2748 4917 2899 4973 enim
2937 4915 3117 4973 adhuc
3146 4916 3201 4972 in
3242 4915 3565 4972 diaconatus
3613 4913 3823 4973 ofﬁcio

2206 5012 2398 5068 eodem
2454 5028 2589 5084 papa
2618 5010 2985 5082 sanctissimo,
3016 5025 3145 5069 cum
3174 5009 3241 5066 de
3265 5024 3330 5065 eo
3366 5004 3589 5064 sinistra
3624 5015 3692 5063 et
3723 5010 3825 5066 in-

2207 5105 2439 5162 honesta
2486 5105 2683 5176 ubique
2711 5104 2949 5160 ferretur
2978 5102 3144 5173 fama,
3193 5110 3414 5175 propter
3456 5101 3826 5173 imperialem

2206 5199 2531 5273 dignitatem
2554 5198 2601 5253 ei
2634 5198 2804 5269 patris
2832 5197 3135 5270 matrisque
3158 5196 3547 5263 reverentiam,
3577 5211 3826 5255 necnon

2206 5302 2425 5366 propter
2469 5307 2624 5364 spem
2652 5291 3012 5348 correctionis
3038 5291 3176 5364 ejus,
3220 5305 3365 5363 saepe
3406 5290 3474 5346 ab
3502 5304 3569 5345 eo
3607 5289 3829 5349 litteris

2207 5394 2263 5444 et
2291 5385 2497 5441 nuntiis
2546 5392 2628 5439 est
2653 5384 2991 5455 admonitus,
3034 5393 3096 5442 ut
3125 5400 3338 5441 memor
3378 5381 3678 5441 clarissimi
3716 5401 3827 5459 ge.

2206 5478 2372 5547 neris,
2395 5495 2613 5535 memor
2639 5478 2937 5551 imperialis
2961 5477 3261 5552 dignitatis,
3286 5477 3455 5533 vitam
3480 5491 3645 5533 suam
3680 5495 3826 5538 mo-

2206 5573 2359 5629 ribus
2402 5572 2631 5645 imperio
2671 5572 3097 5646 congruentibus
3142 5571 3467 5639 institueret,
3508 5578 3571 5626 ut
3616 5587 3824 5645 regem

2206 5681 2263 5723 se
2306 5675 2361 5723 et
2407 5668 2797 5738 imperatorem
2834 5667 3085 5724 moribus
3145 5665 3482 5734 ostenderet,
3533 5666 3827 5735 operibus

2206 5760 2507 5817 exhiberet.
2541 5761 2647 5818 Sed
2675 5761 2799 5833 quia
2824 5778 2953 5817 cum
2979 5768 3140 5819 aetate
3176 5760 3323 5817 illius
3350 5773 3572 5832 quoque
3599 5761 3828 5831 pariter

2206 5855 2373 5910 crevit
2411 5852 2688 5927 iniquitas,
2732 5854 3057 5913 sublimatus
3099 5854 3149 5910 in
3180 5854 3373 5911 ordine
3413 5851 3821 5925 pontiﬁcatus,
