4024 6170
204 252 309 306 805

1441 250 1803 307 CONCILIUM
1836 252 2168 310 ROMANUM
2204 254 2269 310 γ.

3400 265 3506 319 806

200 374 529 431 auctoritate
556 372 720 430 ofﬁcii
753 372 859 431 sibi
886 374 1165 431 commissi
1196 376 1372 431 multo
1413 376 1701 432 sollicitius
1733 376 1802 433 ad
1830 384 1883 446 Α
1909 381 2127 437 catione
2155 387 2346 435 vestrae
2390 378 2693 436 ﬁliationis.
2724 383 2851 437 Non
2892 382 3072 439 solum
3114 384 3261 441 enim
3286 401 3393 442 nos
3418 402 3511 443 res

199 469 326 525 vitae
356 467 798 524 meliorationem
840 484 963 523 eum
1013 469 1069 523 in
1124 469 1240 525 dies
1272 469 1617 536 hortabatur,
1670 486 1800 527 cum

197 562 293 618 ille
350 563 701 618 excusatione
737 563 915 618 aetatis
953 564 1117 618 ﬂuxa:
1170 572 1222 618 et
1263 563 1465 636 fragilis
1492 564 1561 619 de
1611 564 1699 620 die
1744 564 1802 619 in

198 656 345 711 diem
396 656 604 711 monita
648 655 766 727 ejus
808 672 867 711 se
915 667 1299 728 suscepturum
1352 656 1534 713 verbis
1578 657 1802 729 quidem

199 750 574 822 promitteret,
606 759 867 806 caeterum
897 766 955 806 re
976 759 1029 807 et
1046 751 1463 824 exaggeratione
1487 752 1807 823 culparum,

198 844 348 900 malo
375 860 593 912 eorum,
624 845 682 898 in
722 861 959 917 quorum
989 862 1188 901 manus
1223 846 1377 902 curia
1404 854 1542 914 erat,
1572 846 1803 902 consilio

200 939 421 1007 penitus
449 939 815 993 conculcaret.
858 938 1001 994 Hinc
1038 940 1155 1011 jam
1184 940 1479 1011 proclivior
1511 939 1692 996 factus
1734 938 1807 995 ad

199 1029 407 1085 scelera
463 1045 699 1100 princeps
746 1031 1011 1103 praecipiti
1060 1049 1191 1089 usus
1231 1033 1459 1089 consilio
1536 1033 1806 1090 ferebatur

197 1138 297 1195 per
324 1122 506 1178 devia.
549 1124 745 1179 Visum
783 1132 865 1179 est
895 1142 1044 1196 papae
1074 1127 1393 1183 beatissimo
1416 1136 1479 1183 ut
1508 1126 1808 1184 familiares

200 1218 342 1288 ejus,
392 1233 628 1288 quorum
672 1218 1172 1277 machinationibus
1215 1237 1312 1292 per
1367 1222 1715 1292 episcopatus
1752 1229 1808 1277 et

200 1312 535 1367 monasteria
561 1311 801 1367 iuductis
829 1312 1137 1369 Simoniace
1166 1315 1305 1387 lupis
1337 1332 1434 1387 pro
1478 1315 1804 1387 pastoribus,

202 1405 465 1461 Ecclesiae
490 1406 861 1461 innocentiam
891 1407 1088 1463 haeresi
1108 1408 1349 1465 nefanda
1379 1408 1695 1479 fmdaverat,
1737 1408 1807 1465 ad

203 1501 589 1573 pmnitentiam
661 1510 899 1571 vocaret,
978 1503 1252 1559 venientes
1329 1504 1650 1575 susciperet,
1717 1518 1806 1559 re-

202 1602 466 1667 spuentes
496 1612 526 1650 a
556 1596 944 1651 communione
980 1597 1225 1669 corporis
1251 1597 1450 1655 Christi
1493 1607 1550 1653 et
1579 1611 1804 1653 consor-

201 1690 281 1746 tio
312 1690 882 1761 ﬁdeliumsepararet,
912 1699 973 1746 ut
1002 1692 1083 1747 vel
1110 1692 1185 1747 sic
1208 1707 1337 1748 eum
1369 1691 1439 1747 ab
1461 1707 1656 1748 eorum
1675 1690 1803 1747 sub-

1908 475 2301 530 ecclesiasticas
2362 474 2681 545 invasimus,
2744 492 2935 532 verum
2984 494 3206 550 quoque
3270 480 3506 552 indignis

1908 568 2261 641 quibuslibet,
2309 576 2363 623 et
2391 568 2708 625 Simoniaco
2750 569 2874 626 felle
2917 572 3247 642 amaricatis,
3297 583 3352 630 et
3393 591 3505 631 non

1910 677 2008 733 per
2048 662 2274 732 ostium,
2344 662 2441 718 sed
2490 663 2705 720 aliunde
2758 664 3198 737 ingredientibus,
3253 668 3508 726 ecclesias

1914 755 2060 827 ipsas
2078 755 2447 825 vendidimus,
2468 764 2521 811 et
2544 773 2655 813 non
2683 774 2773 814 eas
2799 768 2861 814 ut
2884 760 3127 831 oportuit
3141 760 3503 819 defendimus.

1912 851 1991 904 At
2018 866 2187 917 nunc,
2219 850 2343 922 quia
2372 850 2471 906 soli
2500 851 2706 924 absque
2734 861 2915 909 vestra
2946 856 3272 911 auctoritate
3316 857 3509 913 Eccle-

1914 943 2023 999 sias
2051 944 2326 1015 corrigere
2372 961 2486 1000 non
2534 962 2848 1018 possumus,
2899 964 3059 1020 super
3096 948 3198 1017 his,
3237 958 3299 1005 ut
3344 951 3509 1007 etiam

1914 1037 1982 1094 de
2009 1039 2209 1094 nostris
2234 1039 2510 1109 omnibus,
2542 1047 2782 1096 vestrum
2813 1057 2918 1097 una
2949 1042 3243 1098 consilium
3267 1050 3322 1099 et
3350 1044 3510 1100 auxi-

1916 1132 2049 1187 lium
2100 1132 2299 1188 obnixe
2346 1134 2664 1205 quaerimus,
2713 1143 2955 1191 vestrum
3004 1146 3343 1208 praeceptum
3392 1148 3507 1195 stu-

1914 1225 2217 1282 diosissime
2264 1227 2563 1283 servabitur
2606 1228 2659 1283 in
2708 1229 2985 1285 omnibus.
3033 1232 3101 1285 Et
3149 1248 3292 1287 nunc
3320 1232 3507 1304 impri-

1915 1321 2019 1376 mis
2043 1320 2110 1376 de
2139 1321 2384 1377 Ecclesia
2433 1321 2826 1379 Mediolanensi
2871 1340 2995 1395 quae
3034 1332 3223 1380 nostra
3252 1326 3412 1397 culpa
3457 1326 3510 1381 in

1915 1431 2100 1471 errore
2143 1423 2244 1482 est,
2294 1432 2494 1488 rogans
2522 1424 2582 1471 ut
2630 1425 2805 1473 vestra
2839 1418 3135 1488 apostolica
3175 1418 3514 1476 districtione

1913 1508 2171 1565 canonice
2222 1509 2553 1581 corrigatur,-
2578 1510 2625 1565 ei
2670 1509 2867 1566 exinde
2917 1511 2985 1566 ad
3031 1512 3304 1569 Ecclesias
3332 1513 3509 1569 corri-

1912 1603 2120 1674 gendas
2170 1603 2514 1659 auctoritatis
2554 1613 2746 1660 vestrae
2792 1604 3057 1660 sententia
3105 1606 3505 1678 progrediatur.

1914 1699 2029 1753 Nos
2056 1714 2183 1770 ergo
2212 1698 2365 1753 vobis
2406 1700 2526 1753 Deo
2573 1699 2791 1754 volente
2819 1699 2877 1753 in
2902 1698 3163 1754 omnibus
3191 1716 3301 1754 non
3330 1700 3510 1756 deeri-

194 1783 450 1854 reptione
491 1790 544 1838 et
588 1784 830 1855 maligno
880 1785 1113 1840 consilio
1142 1794 1472 1857 segregaret,
1501 1784 1805 1841 admonens
1831 1764 1876 1827 Β
1915 1807 2059 1861 mus,
2092 1764 2347 1864 rogantes
2374 1791 2611 1863 idipsum
2653 1792 2967 1863 suppliciter
2991 1793 3372 1863 paternitatem
3415 1810 3507 1861 ve;-

193 1894 329 1934 eum
359 1885 423 1931 ut
448 1893 542 1932 eos
578 1879 1088 1933 excommunicatos
1120 1896 1151 1935 a
1193 1880 1384 1948 domo,
1424 1880 1490 1935 ab
1531 1878 1813 1947 convivio,

194 1972 265 2027 ab
288 1971 451 2027 omni
478 1971 643 2027 etiam
667 1971 1045 2028 familiaritate
1076 1981 1132 2027 et
1156 1974 1545 2029 communione
1586 1990 1684 2030 sua
1709 1988 1804 2029 ex-

195 2066 449 2139 pelleret.
479 2067 711 2121 luterim
743 2082 868 2122 vero
896 2067 1263 2124 invalescente
1298 2077 1492 2123 contra
1536 2084 1664 2123 eum
1708 2070 1804 2123 Sa-

192 2176 411 2217 xonum
447 2176 627 2229 causa,
672 2176 798 2216 cum
824 2162 964 2217 vires
1005 2163 1159 2235 regni
1200 2171 1254 2218 et
1283 2162 1532 2234 praesidia
1578 2178 1607 2216 a
1638 2178 1694 2217 se
1724 2162 1803 2216 vi-

190 2256 355 2313 deret
376 2254 610 2310 deﬁcere
640 2255 795 2325 velle,
827 2258 1124 2327 epistolam
1167 2257 1218 2312 ei
1268 2257 1467 2313 direxit
1501 2256 1804 2328 supplicem

192 2358 251 2407 et
300 2350 616 2405 humilitate
649 2351 890 2421 plenam,
944 2334 1437 2422 pm'nitentiam‘de
1483 2351 1805 2422 perpetratis

189 2460 388 2518 agens,
415 2428 856 2500 emendationem
888 2446 1169 2516 pollicens,
1201 2454 1256 2501 et
1280 2462 1434 2501 suam
1463 2445 1511 2500 ei
1542 2445 1801 2501 obedien-

187 2540 337 2594 tiam
368 2546 425 2593 et
453 2537 609 2593 fidele
638 2538 977 2610 adjutorium
1007 2548 1195 2595 contra
1218 2539 1542 2595 rebellantes
1570 2538 1801 2611 promit-

189 2643 339 2689 tens.
364 2635 437 2687 Et
451 2634 555 2687 hoc
575 2632 934 2704 postmodum
956 2633 1146 2706 legatis
1171 2634 1287 2705 ejus
1313 2633 1622 2689 Humberto
1652 2634 1802 2688 Prae-

187 2727 421 2783 nestino
472 2735 525 2781 et
561 2726 789 2783 Giraldo
857 2728 1096 2784 Ostiensi
1158 2728 1443 2800 episcopis,
1490 2727 1546 2781 in
1583 2727 1805 2782 illorum

186 2837 401 2878 manus
452 2837 549 2892 per
598 2831 839 2877 sacratas
884 2838 1079 2878 eorum
1123 2822 1310 2889 stolas,
1358 2837 1492 2893 quas
1538 2821 1678 2876 collo
1708 2835 1805 2893 ge-

180 2914 442 2979 stabant,
504 2913 866 2986 jurejurando
934 2915 1283 2971 conﬁrmans.
1353 2919 1562 2972 Textus
1619 2924 1805 2972 autem

184 3009 451 3082 epistolae
476 3008 578 3063 iste
604 3018 689 3064 est
722 3029 734 3064 :

370 3127 395 3151 α
426 3106 673 3158 Heinrici
702 3106 1046 3173 imperatoris
1075 3106 1300 3175 epistola
1324 3105 1398 3159 ad
1421 3120 1641 3175 papam.

264 3222 294 3247 α
329 3197 767 3270 Vigilantissimo
792 3208 847 3255 et
874 3199 1376 3255 desiderantissimo
1401 3200 1627 3255 domino
1654 3213 1804 3270 papa:

187 3294 481 3365 Gregorio
547 3293 839 3363 apostolica
922 3292 1182 3366 dignitate
1236 3294 1449 3350 coalitus
1520 3292 1799 3364 insignito,

188 3388 498 3445 Heinricus
528 3386 632 3441 Dei
652 3387 827 3457 gratia
849 3388 1235 3443 Romanorum
1284 3404 1379 3443 rex
1410 3386 1579 3444 debiti
1628 3385 1809 3442 famu-

182 3482 344 3539 latus
363 3480 735 3536 ﬁdelissimam
755 3481 1165 3538 exhibitionem.

268 3601 299 3626 ει
346 3578 490 3632 Cum
520 3591 749 3647 regnum
778 3584 833 3632 et
876 3576 1265 3643 sacerdotium,
1290 3583 1355 3629 ut
1395 3576 1453 3630 in
1493 3573 1708 3631 Christo
1735 3572 1810 3628 ri-

179 3681 242 3729 te
271 3670 659 3727 administrata
705 3671 1021 3737 subsistant,
1070 3670 1269 3726 vicaria
1311 3669 1396 3725 sui
1446 3685 1547 3741 ope
1593 3683 1809 3741 semper

182 3767 510 3837 indigeant,
554 3772 771 3836 oportet
812 3765 1099 3831 nimirum,
1129 3763 1352 3819 domine
1392 3763 1469 3819 mi
1532 3771 1587 3820 et
1648 3765 1808 3819 Pater

183 3860 607 3927 amantissime,
649 3868 918 3931 quatenus
960 3858 1028 3913 ab
1082 3859 1317 3915 invicem
1349 3857 1579 3913 minime
1607 3857 1806 3914 dissen-

182 3957 365 4022 tiant,
396 3969 587 4009 verum
633 3954 812 4023 potius
838 3952 1041 4008 Christi
1092 3952 1299 4024 glutino
1355 3952 1806 4023 conjunctissimo

182 4047 651 4107 indissolubiliter
700 4047 803 4103 sibi
847 4046 1176 4103 cohaereant.
1214 4048 1457 4117 Namque
1498 4046 1575 4101 sic
1603 4054 1657 4101 et
1694 4062 1809 4102 non

184 4146 362 4201 aliter
404 4150 755 4197 conservatur
788 4141 843 4196 in
881 4140 1094 4196 vinculo
1137 4138 1393 4211 perfectae
1422 4139 1707 4196 charitatis
1757 4148 1811 4195 et

185 4238 374 4312 pacis,
429 4245 486 4291 et
526 4235 845 4291 Christianae
888 4235 1181 4311 concordia
1210 4234 1436 4290 unitatis
1479 4243 1532 4289 et
1563 4233 1811 4290 ecclesia-

183 4336 358 4390 sticae
386 4331 550 4386 simul
576 4339 748 4386 status
778 4330 1083 4401 religionis.
1113 4328 1219 4385 Sed
1246 4344 1369 4395 nos,
1414 4329 1529 4399 qui,
1564 4332 1680 4384 Deo
1718 4342 1810 4383 an-

181 4431 430 4491 nuente,
462 4425 608 4496 regni
631 4424 746 4495 jam
777 4424 1043 4480 sortimur
1070 4423 1437 4478 ministerium
1462 4430 1516 4477 et
1553 4420 1811 4478 sacerdo-

1914 1894 2084 1941 stram
2112 1894 2174 1943 ut
2202 1886 2361 1942 nobis
2405 1886 2597 1941 alacris
2633 1885 2780 1941 adsit
2820 1887 3119 1943 clementer
3147 1886 3203 1941 in
3231 1874 3505 1943 omnibus.

1911 1980 2147 2035 Litteras
2174 1988 2395 2035 nostras
2422 1996 2535 2035 non
2558 1988 2679 2051 post
2709 1980 2933 2053 longum
2959 1988 3177 2052 tempus
3207 1997 3333 2037 cum
3369 1981 3508 2038 fide-

1909 2072 2131 2129 lissimis
2158 2072 2359 2129 nostris
2394 2072 2612 2140 habitis,
2640 2089 2705 2129 ex
2729 2073 2928 2145 quibus
2954 2082 3142 2130 nostra
3169 2090 3293 2147 quae
3321 2074 3508 2131 dicen~

1911 2166 1979 2224 da
2008 2167 2186 2224 adhuc
2216 2176 2447 2236 restant,
2476 2171 2596 2223 Deo
2626 2167 2814 2237 dante,
2846 2168 3059 2240 plenius
3084 2167 3334 2225 audietis.
3367 2193 3395 2218 ν

1982 2264 2209 2331 Verum,
2241 2261 2534 2317 commisso
2565 2262 2752 2334 praelio
2800 2271 2854 2317 et
2903 2262 3131 2317 victoria
3161 2263 3406 2331 obtenta,
3440 2264 3509 2321 ad

1911 2355 2185 2412 vomitum
2212 2356 2321 2411 cito
2350 2353 2534 2424 rediit,
2565 2364 2690 2411 vota
2722 2354 2903 2428 fregit,
2932 2356 3432 2413 excommunicatos
3456 2358 3509 2413 in

1910 2450 2357 2506 communionem
2403 2457 2459 2506 et
2505 2450 2741 2521 gratiam
2798 2450 3061 2522 suscepit,
3137 2448 3509 2508 Ecclesiarum
3552 2520 3561 2523 ,

1911 2543 2292 2600 confusionem
2320 2559 2431 2599 non
2453 2541 2760 2599 abhorruit.
2792 2544 2924 2599 Pius
2952 2553 3138 2600 autem
3170 2561 3305 2617 papa
3333 2544 3510 2602 adhuc

1913 2637 2159 2692 animum
2187 2637 2303 2709 ejus
2347 2635 2672 2692 tentandum
2703 2636 2963 2706 credens,
2996 2638 3205 2694 litteras
3234 2641 3281 2694 ei
3311 2640 3509 2696 direxit

1910 2714 2391 2797 commonitorias,
2445 2738 2507 2784 ut
2553 2729 2939 2786 recordaretur
2980 2731 3203 2787 Domini
3250 2731 3355 2787 Dei
3400 2732 3508 2803 sui,

1914 2824 2295 2880 recordaretur
2345 2823 2623 2895 promissi,
2662 2838 2764 2878 nec
2822 2823 3179 2880 inhonoraret
3225 2825 3509 2882 honoran-

1898 2926 2028 2975 tem
2073 2934 2151 2981 se,
2184 2933 2287 2973 nec
2332 2916 2578 2973 crederet
2605 2932 2663 2972 se
2711 2915 2895 2972 fallere
2925 2932 3083 2989 posse
3127 2919 3323 2988 Deum,
3371 2920 3509 2991 adji-

1912 3013 2060 3068 ciens
2089 3015 2256 3067 Deum
2276 3012 2516 3081 superbis
2540 3013 2804 3075 resistere,
2836 3010 3137 3067 humilibus
3164 3018 3341 3068 autem
3372 3013 3510 3070 dare

1911 3110 2152 3178 gratiam
2181 3106 2230 3177 (I
2254 3110 2405 3162 Petr.
2441 3108 2525 3173 v),
2571 3121 2907 3177 parcensque
2936 3104 2985 3161 ei
3016 3114 3070 3161 et
3114 3107 3509 3165 moderaminis

1912 3199 2195 3272 apostolici
2227 3215 2354 3271 erga
2417 3214 2545 3254 eum
2588 3214 2878 3255 censuram
2922 3215 3269 3270 conservans,
3341 3217 3507 3274 quem

1913 3294 2182 3367 potuisset
2209 3309 2307 3364 pro
2335 3292 2445 3349 hoc
2471 3292 2590 3348 solo
2616 3293 2818 3349 scelere
2838 3294 2984 3365 juste
3008 3294 3219 3366 punire.

2092 3411 2332 3453 ALTERA
2356 3410 2608 3453 ADDITIO
2639 3411 2921 3453 PHILIPPI
2950 3410 3169 3465 LABBE,
3200 3415 3247 3455 S.
3278 3408 3326 3454 J.

1858 3510 1871 3513 ’
1914 3500 2005 3557 Ad
2032 3501 2311 3556 concilium
2340 3502 2730 3573 RomanumV,
2763 3517 2830 3556 ea:
2870 3502 3112 3557 chronica
3152 3503 3501 3573 Virdunensi,

1984 3589 2106 3641 vag.
2135 3574 2264 3640 214,
2298 3578 2421 3626 tom.
2456 3574 2501 3625 Ι.
2537 3572 2873 3627 Bibliotheca:
2915 3589 3062 3628 novae
3097 3590 3197 3630 ms.
3231 3572 3504 3630 librorum.

1985 3672 2144 3727 Anno
2172 3670 2240 3724 ab
2266 3670 2642 3724 Incarnatione
2668 3672 2889 3724 Domini
2935 3675 3093 3738 1078,
3131 3673 3420 3728 indictione
3462 3688 3506 3738 Ι,

1908 3767 2256 3836 pontiﬁcatus
2286 3763 2399 3833 ejus
2442 3779 2581 3818 anno
2630 3779 2682 3831 ν,
2729 3780 2904 3819 mense
2953 3768 3175 3833 Martio,
3218 3766 3508 3839 Gregorius

1906 3875 2059 3930 papa
2102 3861 2210 3915 VH
2240 3861 2490 3914 Romanae
2516 3858 2716 3926 synodo
2744 3860 3102 3929 episcoporum
3123 3864 3335 3916 centum
3361 3877 3508 3932 prce-

1913 3954 2116 4015 sidens,
2147 3953 2294 4006 dixit
2315 3956 2438 4021 post
2461 3953 2646 4021 aliqua
2671 3968 2692 4005 .’

1986 4044 2379 4103 Ordinationes
2443 4044 2666 4101 illorum
2707 4044 2799 4116 qui
2876 4045 2946 4102 ab
3000 4047 3510 4106 excommunicatis

1914 4148 2044 4196 sunt
2085 4138 2344 4206 ordinati,
2376 4146 2695 4194 sanctorum
2739 4142 2964 4195 Patrum
3011 4150 3303 4213 sequentes
3344 4143 3509 4199 vesti-
3560 4160 3563 4169 ί

1918 4232 2022 4305 gia,
2062 4232 2239 4288 irritas
2263 4232 2383 4287 ﬁeri
2423 4232 2758 4287 censuimus.
2792 4234 3115 4289 Sanctorum
3147 4235 3507 4306 praedecessoc-

1915 4343 2042 4383 rum
2070 4334 2387 4382 nostrorum
2425 4332 2626 4381 statuta
2656 4333 2923 4394 tenentes,
2951 4342 3045 4382 eos
3069 4328 3163 4399 qui
3189 4345 3508 4387 excommu.

1920 4420 2111 4476 nicatis
2133 4420 2460 4492 juraverunt
2486 4417 2766 4485 {ﬁdelitate
2806 4426 2901 4473 aut
2944 4430 3291 4477 sacramento
3329 4423 3507 4479 absol-

182 4523 299 4588 tio,
338 4526 401 4573 ut
432 4519 696 4588 oportuit,
731 4534 827 4589 per
855 4519 1055 4573 omnia
1067 4517 1158 4588 jus
1187 4526 1241 4573 et
1268 4518 1537 4573 honorem
1566 4532 1677 4572 non
1706 4532 1802 4571 ex-
1834 4525 1884 4587 ι)
1914 4515 2111 4583 vimus,
2130 4523 2186 4570 et
2199 4529 2270 4570 ne
2290 4513 2394 4570 sibi
2412 4512 2726 4569 ﬁdelitatem
2746 4512 3041 4569 observent
3054 4513 3233 4571 modis
3251 4516 3510 4573 omnibus

180 4598 839 4683 hibuimuslegitimum.
887 4611 1100 4683 Quippe
1124 4610 1270 4667 data:
1296 4611 1456 4667 nobis
1493 4627 1525 4666 a
1555 4614 1673 4666 Deo
1704 4625 1805 4681 po-

174 4706 418 4765 testatis
440 4705 711 4762 vindicem
733 4703 969 4777 gladium
990 4721 1104 4760 non
1125 4704 1245 4760 sine
1269 4719 1430 4760 causa
1444 4703 1802 4775 portavimus,

172 4818 299 4860 nec
350 4808 537 4854 tamen
568 4799 627 4854 in
676 4814 816 4867 reos,
851 4806 912 4853 ut
931 4798 1147 4870 justum
1180 4797 1305 4865 fuit,
1337 4796 1625 4870 judiciaria
1651 4796 1805 4853 illum

172 4910 438 4954 censura
470 4893 898 4965 evaginavimus.
929 4896 1088 4948 Nunc
1116 4900 1299 4948 autem
1338 4891 1523 4948 divina
1567 4893 1806 4947 misera-

174 4992 359 5047 tione
382 4987 784 5059 aliquantulum
813 4987 1127 5058 compuncti
1148 4995 1200 5042 et
1228 4986 1287 5041 in
1308 5001 1412 5041 nos
1426 4985 1649 5055 reversi,
1680 5000 1804 5057 pec-

172 5092 327 5142 cata
358 5089 550 5137 nostra
581 5081 795 5152 priores
820 5089 1015 5136 vestra:
1043 5079 1534 5152 indulgentissime
1571 5078 1807 5151 paterni-

175 5177 305 5237 tati
340 5190 443 5232 nos
495 5174 803 5231 accusando
834 5174 1186 5241 conﬁtemur,
1225 5183 1504 5245 Sperantes
1554 5172 1622 5229 de
1650 5172 1807 5229 vobis

171 5274 246 5331 in
278 5269 536 5325 Domino
564 5278 625 5325 ut
654 5268 954 5340 apostolica
992 5277 1169 5325 vestra
1212 5268 1533 5324 auctoritate
1568 5266 1804 5324 absoluti

170 5363 494 5441 justiticari
524 5379 857 5420 mereamur.
892 5365 1037 5431 Heu,
1078 5362 1363 5420 criminosi
1410 5378 1513 5419 nos
1542 5370 1597 5417 et
1622 5360 1805 5418 infeli—

172 5464 329 5519 cesi
378 5457 572 5528 partim
604 5458 849 5529 pueritia:
882 5456 1207 5512 blandientis
1248 5457 1626 5526 instinctione,
1676 5470 1805 5528 par-

168 5556 305 5611 tim
349 5552 695 5606 auctoritatis
722 5559 930 5606 nostra:
962 5549 1256 5621 imperiosa
1302 5549 1565 5619 libertate,
1606 5550 1803 5621 partim

170 5646 373 5707 etiam
416 5660 607 5701 eorum
637 5660 874 5717 quorum
921 5644 1201 5701 seductilia
1230 5644 1466 5701 nimium
1510 5644 1676 5700 secuti
1707 5660 1804 5699 su-

173 5754 337 5801 mus
365 5738 615 5807 consilia,
659 5738 969 5795 seductoria
1014 5738 1329 5809 deceptione
1376 5738 1722 5810 peccavimus
1751 5736 1807 5793 in

171 5834 420 5893 cmlum
440 5840 495 5888 et
522 5848 711 5890 coram
741 5833 915 5903 vobis,
943 5841 997 5889 et
1020 5833 1137 5904 jam
1170 5832 1316 5905 digni
1351 5850 1458 5890 non
1487 5849 1678 5890 sumus
1709 5847 1804 5887 vo-

1916 4608 2288 4683 prohibemus.
2336 4610 2407 4664 Et
2447 4606 2710 4679 quoniam
2758 4607 2982 4676 multos,
3033 4608 3263 4679 peccatis
3308 4611 3509 4667 nostris

1916 4702 2275 4776 exigentibus,
2343 4716 2443 4773 pro
2494 4716 2656 4756 causa
2701 4700 3279 4759 excommunicationis
3324 4705 3509 4776 quoti-

1914 4795 2003 4853 die
2063 4796 2243 4868 perire
2301 4793 2602 4862 cernimus,
2663 4794 2858 4865 partim
2919 4794 3243 4867 ignorantia,
3308 4799 3509 4871 partim

1915 4891 2083 4947 etiam
2132 4889 2309 4946 nimia
2358 4888 2726 4959 simplicitate,
2775 4888 2975 4959 partim
3039 4888 3258 4959 timore,
3308 4894 3507 4964 partim

1915 4984 2081 5039 etiam
2108 4982 2277 5039 nimia
2317 4981 2665 5049 necessitate,
2712 4981 2908 5038 devicti
2952 4982 3345 5056 misericordia,
3375 5002 3512 5044 ana-

1915 5077 2169 5135 thematis
2209 5077 2566 5144 sententiam,
2608 5083 2775 5148 prout
2823 5091 3136 5148 possumus,
3183 5077 3255 5135 ad
3292 5087 3511 5153 tempus

1917 5179 2232 5246 opportune
2259 5178 2649 5243 temperamus.
2694 5171 3003 5242 Apostolica
3054 5170 3238 5244 itaque
3266 5175 3511 5231 auctori-

1916 5275 2028 5324 tate
2058 5267 2126 5323 ab
2173 5265 2535 5322 anathematis
2580 5264 2799 5320 vinculo
2827 5264 3223 5335 subtrabimus,
3270 5266 3513 5326 videlicet

1920 5377 2142 5429 uxores,
2178 5360 2400 5429 liberos,
2464 5374 2673 5429 servos,
2733 5359 2973 5429 ancillas,
3047 5375 3145 5416 seu
3216 5362 3508 5434 mancipia,

1915 5471 2133 5512 necnon
2161 5454 2399 5511 rusticos
2442 5460 2497 5509 et
2524 5452 2835 5523 servientes,
2886 5460 2941 5509 et
2987 5468 3179 5510 omnes
3228 5454 3367 5512 alios
3418 5457 3510 5528 qui

1915 5565 2032 5605 non
2061 5549 2197 5605 adeo
2242 5547 2467 5604 curiales
2515 5550 2645 5603 sunt
2686 5555 2747 5603 ut
2791 5562 2985 5603 eorum
3029 5548 3257 5607 consilio
3308 5550 3510 5607 scelera

1916 5650 2318 5716 perpetrantur,
2348 5649 2402 5698 et
2428 5640 2546 5697 illos
2590 5641 2685 5713 qui
2714 5640 3030 5711 ignorauter
3057 5643 3507 5699 excommunica-

1913 5737 1985 5792 tis
2013 5735 2448 5805 communicant,
2501 5750 2600 5792 seu
2644 5732 2768 5787 illos
2796 5733 2887 5804 qui
2917 5738 3329 5795 communicant
3375 5748 3499 5790 cum

1916 5831 1995 5888 eis
2021 5831 2113 5904 qui
2158 5828 2572 5887 communicant
2599 5826 3116 5885 excommunicatis.
3190 5830 3512 5901 Quicunque
