4048 6174
539 245 642 296 807

1252 243 1307 296 8.
1349 239 1668 295 GREGORII
1707 239 1794 292 VII
1834 238 1983 293 OPP.
2026 238 2127 291 PA]

2239 237 2322 291 ιιι.
2368 267 2429 276 -
2469 237 2781 293 CONCILIA
2824 202 3126 293 Romus.

3731 240 3832 293 808

539 375 727 424 autem
768 374 976 435 orator,
1006 366 1118 421 sive
1167 364 1504 436 peregrinus,
1553 372 1649 419 aut
1686 363 1860 419 viator
1904 363 1961 418 in
1987 370 2135 417 terra
2164 369 2215 431 Α
2252 385 2275 409 π
2319 362 2642 434 Opusculum
2682 378 2844 418 suum
2875 363 3127 434 scripsit.)
3170 362 3335 419 Unde
3379 370 3437 417 et
3475 361 3655 417 adhuc
3680 362 3836 416 multi

542 462 1152 518 excommunicatorum
1200 458 1431 526 venerit,
1463 456 1554 511 ubi
1584 473 1697 512 non
1728 457 1900 528 possit
1932 471 2134 523 emere,

539 563 635 610 aut
658 571 769 610 non
802 553 968 608 habet
996 550 1144 607 unde
1196 559 1367 618 emat,
1412 551 1481 606 ab
1512 550 2000 607 excommunicatis
2043 566 2135 605 ac-

538 646 765 718 cipiendi
815 647 1091 701 licentiam
1138 645 1355 701 damus.
1388 649 1461 700 Et
1503 644 1546 700 si
1596 645 1716 715 quis
1761 643 2139 700 excommuni-

537 740 673 795 catis
700 754 815 795 non
842 740 1245 795 sustentatione
1270 738 1544 809 superbia:
1575 740 1709 807 [lege
1747 754 1844 810 pro
1875 745 2138 793 sustenta-

535 832 704 898 tione,
746 848 859 887 non
904 832 1198 903 superbia,
1230 839 1360 899 etc.,
1403 836 1465 885 ut
1526 848 1697 900 supra
1742 832 1925 885 concil.
1979 834 2132 887 Rom.

532 926 637 992 IV,
684 926 910 993 Hann]
937 924 1032 979 sed
1062 924 1418 979 humanitatis
1446 940 1608 979 causa
1652 923 1859 995 aliquid
1888 923 2016 979 dare
2045 938 2134 978 vo-

532 1017 694 1074 luerit
740 1034 853 1074 non
902 1018 1274 1090 prohibemus.
1310 1023 1510 1073 Actum
1541 1017 1596 1071 in
1642 1016 1862 1073 ecclesia
1908 1015 2135 1072 Domini

540 1110 837 1167 Salvatoris
908 1128 1032 1183 quae
1113 1112 1417 1183 appellatur
1480 1111 1865 1167 Constantiana
1946 1113 2131 1179 [forte,

534 1205 1023 1275 Constantiniana,
1054 1208 1301 1274 Hum],
1332 1222 1389 1262 ν.
1423 1208 1611 1261 Nonas
1641 1204 1847 1260 Martii.

535 1314 929 1371 Onssnvuio
972 1329 1031 1369 P.
1070 1329 1324 1370 ANTONII
1364 1317 1514 1369 PAGI
1548 1313 1620 1367 ad
1668 1329 1755 1367 an.
1793 1311 1917 1369 Chr.
1972 1315 2129 1373 1078,
2188 1350 2191 1351 ν

1185 1403 1253 1447 n,
1283 1392 1317 1439 4
1349 1390 1398 1439 et
1436 1391 1490 1439 5.

604 1487 798 1545 Subdit
824 1488 892 1544 de
945 1503 983 1544 v
1015 1487 1225 1559 synodo
1254 1491 1505 1547 Romana
1534 1486 1827 1542 Bertoldus
1857 1486 1914 1541 in
1953 1485 2128 1543 Chro-

530 1582 653 1637 nico
686 1604 698 1638 :
751 1604 777 1631 ι
813 1586 875 1637 In
913 1582 1122 1654 synodo
1164 1582 1265 1638 ista
1310 1581 1675 1653 Berengarius
1721 1578 2130 1652 Andegavensis

534 1699 557 1723 «
601 1675 918 1742 canonicus,
948 1685 1012 1730 ut
1039 1676 1107 1730 ab
1146 1675 1339 1732 haeresi
1369 1691 1467 1731 sua
1506 1675 1861 1746 resipisceret,
1895 1672 2127 1745 synoda-

2250 479 2273 503 α
2318 454 2521 524 vivunt,
2554 457 2647 527 qui
2689 456 2899 512 eisdem
2928 458 3169 512 conciliis
3210 456 3604 517 interfuerunt:
3646 456 3739 525 qui
3785 462 3839 510 et

2247 571 2272 596 «
2312 549 2471 606 nobis
2520 549 2590 605 de
2638 550 2830 606 iisdem
2868 551 3137 607 ‘conciliis
3200 550 3517 607 ﬁdelissime
3563 548 3836 605 testiﬁcati

2248 666 2274 693 ι
2315 652 2463 700 sunt.
2499 668 2523 691 υ

2315 738 2698 810 Berengarius,
2730 740 2825 810 qui
2851 740 3087 809 primam
3126 739 3252 796 ﬁdei
3297 737 3712 810 professionem,
3743 753 3837 792 an-

2244 847 2316 887 no
2352 838 2509 899 1059,
2543 849 2731 888 coram
2760 833 2985 891 Nicolao
3032 850 3166 905 papa
3196 832 3415 901 fecerat,
3461 831 3756 887 secundam
3787 831 3839 885 in

2240 926 2346 982 ista
2375 926 2584 998 synodo
2614 926 2741 995 edit,
2772 943 2938 999 quam
2978 926 3241 982 hactenus
3276 926 3535 981 ineditam
3566 941 3630 980 ex
3671 924 3841 979 veteri

2242 1020 2428 1076 codice
2465 1022 2559 1076 Ms.
2596 1020 2971 1087 Mabillonius,
3002 1030 3136 1076 tom.
3166 1023 3239 1075 ll.
3269 1020 3527 1075 Analect.
3567 1019 3623 1073 in
3644 1018 3842 1074 Obser-

2243 1122 2350 1168 vat.
2384 1112 2455 1169 de
2486 1114 2773 1185 multiplici
2820 1114 3133 1184 Berengarii
3179 1114 3530 1169 damnatione
3588 1112 3648 1166 in
3694 1112 3843 1167 hunc

2242 1206 2470 1262 modum
2509 1207 2729 1263 exhibet
2780 1226 2793 1262 :
2850 1231 2873 1256 «
2928 1208 3197 1263 Proﬁteor
3245 1223 3441 1279 panem
3492 1205 3677 1262 altaris
3718 1211 3845 1277 post

2244 1323 2268 1347 α
2312 1302 2778 1357 consecrationem
2824 1318 2942 1357 esse
2972 1318 3158 1357 verum
3189 1317 3388 1373 corpus
3435 1299 3657 1365 Christi,
3690 1298 3842 1370 quod

2241 1416 2268 1442 «ι
2308 1403 2499 1449 natum
2530 1404 2611 1451 est
2638 1396 2705 1451 de
2734 1396 2977 1467 Virgine,
3019 1395 3165 1467 quod
3196 1410 3417 1466 passum
3452 1401 3535 1448 est
3571 1394 3625 1447 in
3656 1408 3840 1461 cruce,

2242 1505 2272 1539 «
2310 1488 2458 1558 quod
2488 1489 2643 1545 sedet
2676 1490 2746 1544 ad
2775 1489 3054 1544 dexteram
3095 1490 3269 1544 Patris
3302 1507 3316 1543 :
3348 1496 3403 1543 et
3438 1488 3625 1541 vinum
3655 1486 3844 1541 altaris

2238 1605 2265 1628 «
2308 1591 2597 1653 postquam
2640 1592 3017 1639 consecratum
3061 1591 3163 1649 est,
3218 1598 3337 1637 esse
3384 1596 3575 1636 verum
3617 1580 3842 1651 sangui-

2241 1699 2267 1725 α
2308 1693 2456 1743 nem,
2491 1678 2587 1749 qui
2624 1678 2867 1733 manavit
2894 1678 2961 1733 de
2984 1679 3158 1732 latere
3195 1676 3418 1731 Christi.
3467 1678 3535 1729 Et
3563 1676 3707 1729 sicut
3749 1690 3842 1728 ore

536 1790 562 1817 α
604 1769 726 1824 liter
765 1770 1105 1836 convenitur,
1154 1770 1311 1841 eique
1339 1768 1576 1824 induciae
1614 1784 1791 1839 usque
1833 1768 1902 1823 ad
1939 1767 2127 1838 proxi-
2158 1791 2205 1853 Β
2239 1794 2264 1819 ει
2310 1772 2627 1842 pronuntio,
2659 1772 2731 1827 ita
2787 1787 2879 1826 me
2909 1772 2967 1826 in
2996 1770 3163 1826 corde
3194 1770 3395 1826 habere
3431 1768 3723 1824 conﬁrmo.
3758 1768 3843 1823 Sic

537 1883 563 1910 α
603 1878 756 1918 mam
800 1862 1045 1919 futuram
1088 1863 1361 1935 synodum
1406 1861 1623 1919 dantur.
1671 1883 1697 1912 »
1734 1864 1856 1916 Huc
1883 1860 2128 1916 referen-

530 1956 666 2012 dum
711 1958 859 2028 quod
897 1973 1201 2029 anonymus
1240 1956 1623 2012 Chifﬁetianus
1663 1956 1717 2010 in
1753 1956 2017 2026 opusculo
2060 1954 2129 2009 de

530 2051 843 2122 Berengarii
885 2051 1266 2106 haeresiarcha:
1303 2050 1655 2106 damnatione
1683 2049 1965 2118 multiplici
1993 2047 2129 2103 scri-

532 2142 609 2197 bit
658 2164 671 2198 :
718 2166 744 2192 ι
784 2144 1293 2199 Reverendissimus
1336 2160 1473 2214 papa
1503 2143 1800 2214 Gregorius
1828 2144 1953 2209 VlI,
2002 2156 2131 2195 suc-

536 2256 564 2289 ‹‹
594 2252 777 2293 cessor
837 2237 1158 2303 Alexandri,
1206 2239 1409 2292 iterum
1452 2237 1635 2292 eidem
1668 2236 1996 2307 Berengario
2037 2251 2132 2290 au—

537 2353 562 2377 ι
601 2330 865 2386 dientiam
921 2332 979 2386 in
1022 2331 1235 2386 duabus
1284 2329 1507 2402 synodis
1551 2329 1894 2402 generalibus
1932 2331 2131 2384 Romae

537 2448 561 2472 οι
604 2425 892 2480 concessit.
940 2424 1046 2480 Sed
1072 2441 1199 2480 cum
1244 2424 1364 2496 ipse
1405 2432 1608 2479 sectam
1640 2439 1796 2479 suam
1843 2421 2132 2478 catholicae

535 2543 558 2566 ιι
598 2518 725 2574 ﬁdei
766 2519 1098 2575 contrariam
1130 2518 1400 2590 denegare
1428 2534 1542 2573 non
1570 2526 1773 2588 posset,
1801 2517 1998 2572 iterum
2029 2515 2131 2570 sub

536 2636 559 2661 σι
594 2613 914 2685 juramento
943 2612 1193 2668 eamdem
1236 2611 1487 2667 abdicare
1528 2619 1583 2665 et
1611 2609 1778 2666 fidem
1806 2609 2131 2665 catholicam

537 2730 561 2753 α
606 2706 851 2778 proﬁteri
903 2705 1126 2778 delegit,
1181 2705 1323 2761 sicut
1376 2706 1433 2760 in
1464 2704 1838 2776 superioribus
1885 2702 2131 2759 conciliis

536 2823 559 2847 «ι
604 2799 756 2856 fecit.
798 2803 906 2856 Tot
934 2800 1096 2871 igitur
1149 2799 1394 2856 conciliis
1441 2799 1905 2870 Berengarianam
1952 2797 2127 2853 haere-

537 2917 557 2941 α
602 2894 708 2950 sim
747 2893 1063 2950 damnatam
1106 2894 1463 2965 percipimus,
1513 2901 1631 2947 tum
1676 2909 1741 2948 ex
1770 2891 2011 2947 ﬁdelium
2054 2906 2131 2947 re

534 3013 557 3036 οι
603 2989 809 3044 latione
839 2988 1082 3044 virorum
1108 2988 1199 3059 qui
1231 2986 1442 3043 eisdem
1471 2986 1715 3042 conciliis
1740 2985 2129 3053 interfuerunt,

531 3106 553 3131 «ι
599 3090 714 3137 tum
744 3098 812 3138 ex
857 3082 1085 3155 regestis
1114 3084 1498 3137 Romanorum
1524 3079 1868 3151 pontiﬁcum,
1914 3088 2035 3133 tum
2064 3094 2129 3133 ex

2241 1887 2266 1911 «ι
2309 1880 2399 1919 me
2432 1864 2648 1935 adjuvet
2676 1868 2845 1931 Deus,
2886 1873 2940 1919 et
2980 1865 3097 1921 haec
3128 1880 3297 1920 sacra.
3333 1888 3358 1912 ιι
3393 1862 3695 1918 Verisimile
3724 1871 3837 1930 est,

2244 1958 2423 2028 inquit
2450 1958 2818 2024 Mabillonius,
2869 1959 3226 2030 Berengario,
3272 1966 3455 2029 postea
3486 1972 3655 2028 quam
3697 1957 3844 2026 prio-

2240 2066 2360 2106 rem
2387 2052 2787 2107 confessionem
2816 2052 2968 2124 quasi
3014 2053 3296 2123 proprium
3332 2050 3623 2105 Humberti
3656 2049 3842 2105 cardi-

2240 2144 2375 2198 nalis
2405 2143 2577 2199 fetum
2607 2154 2719 2200 tam
2768 2145 3045 2211 atrociter,
3093 2145 3293 2216 scripto
3321 2160 3419 2199 suo
3470 2159 3501 2197 a
3531 2141 3842 2197 Lanfrauco

2240 2234 2543 2304 confutato,
2586 2238 2893 2305 lacerasset,
2925 2247 2988 2292 ut
3014 2238 3096 2294 vel
3141 2239 3221 2294 sic
3247 2236 3427 2293 omnis
3467 2236 3736 2292 causandi
3782 2252 3843 2290 ac

2240 2330 2627 2404 tergiversandi
2654 2331 2835 2388 aditus
2877 2332 2940 2406 ei,
2976 2331 3423 2404 prmeluderetur,
3453 2329 3641 2385 datam
3673 2328 3843 2384 fuisse

2241 2433 2569 2495 potestatem
2599 2426 2711 2480 suis
2754 2425 2934 2481 verbis
2979 2425 3285 2497 explicandi
3317 2425 3589 2496 propriam
3627 2422 3699 2478 de
3744 2439 3841 2478 eu-

2241 2517 2500 2573 charistia
2529 2528 2792 2588 mentem,
2845 2519 2991 2591 quod
3036 2520 3149 2590 ipse
3195 2519 3533 2590 praestiterit,
3561 2516 3710 2572 edita
3740 2516 3844 2571 hac

2242 2610 2586 2667 confessione
2627 2613 2885 2680 secunda,
2920 2613 2975 2669 id
3010 2629 3115 2684 qua
3143 2612 3388 2669 subdolis
3430 2614 3541 2666 veri
3582 2614 3840 2682 corporis

2240 2710 2290 2759 et
2330 2709 2445 2761 veri
2485 2710 2767 2778 sanguinis
2797 2706 2973 2763 verbis
3002 2706 3321 2762 catholicam
3367 2705 3531 2761 ﬁdem
3589 2704 3844 2775 proﬁteri

2239 2798 2547 2869 videbatur;
2614 2800 2830 2857 tametsi
2876 2801 2977 2855 sub
3025 2801 3291 2872 ejusmodi
3343 2800 3603 2872 speciosis
3665 2799 3839 2854 larvis

2240 2891 2493 2948 haeresim
2522 2911 2684 2950 suam
2713 2895 3040 2950 occultabat.
3072 2894 3205 2950 Inde
3236 2894 3444 2949 factum
3473 2902 3536 2948 ut
3564 2892 3687 2948 haec
3716 2908 3845 2948 con-

2241 2986 2401 3042 fessio
2431 2988 2717 3059 permultis
2763 2988 2916 3043 istius
2943 2988 3137 3060 synodi
3185 2988 3445 3059 episcOpis
3486 3003 3602 3042 non
3652 2986 3846 3041 fecerit

2238 3080 2389 3148 satis,
2421 3080 2651 3153 ideoque
2680 3083 2903 3138 remissa
2930 3098 2992 3137 ac
3016 3082 3179 3137 dilata
3208 3082 3282 3136 sit
3308 3081 3545 3152 amplior
3572 3080 3739 3152 hujus
3766 3080 3844 3136 rei

531 3199 556 3223 α
599 3176 811 3247 scriptis
848 3176 1230 3247 religiosorum
1275 3174 1521 3230 virorum
1557 3172 1651 3245 qui
1696 3173 1763 3228 de
1811 3172 1894 3227 his
1921 3171 2127 3228 ﬁdelis-
2159 3163 2203 3226 C
2234 3172 2502 3230 discussio
2531 3175 2583 3231 in
2614 3175 2888 3247 synodum
2917 3177 3047 3231 anni
3086 3175 3483 3247 subsequentis,
3515 3174 3674 3245 cujus
3714 3190 3842 3246 gra-

531 3292 556 3318 ι
599 3270 737 3326 sime
778 3269 1132 3341 scripserunt.
1198 3270 1337 3323 Nam
1383 3266 1577 3323 eadem
1634 3266 1861 3323 concilia
1906 3264 2115 3321 nostris

535 3385 562 3413 «
619 3364 968 3435 temporibus
1010 3362 1152 3419 infra
1196 3366 1265 3418 4O
1304 3378 1478 3418 annos
1522 3360 1797 3417 celebrata
1843 3361 2126 3432 reperiun-

537 3480 564 3506 ‹‹
605 3465 728 3527 tur;
760 3467 894 3529 quot
916 3457 1046 3513 anni
1091 3456 1158 3512 ab
1188 3455 1417 3514 exordio
1448 3455 1800 3527 pontiﬁcatus
1829 3456 1886 3510 S.
1924 3453 2130 3510 Leonis

531 3572 558 3599 ιι
599 3554 760 3623 Papae
800 3568 971 3623 usque
1011 3551 1068 3606 in
1110 3559 1436 3623 praesentem
1474 3565 1680 3605 annum
1724 3555 2130 3620 computantur,

530 3667 557 3693 α
598 3644 689 3714 qui
714 3652 798 3699 est
831 3644 899 3699 ab
923 3644 1306 3699 Incamatione
1336 3642 1569 3698 Domini
1607 3648 1747 3697 1088
1781 3643 1911 3713 (quo
1942 3650 2134 3697 auctor

2223 3267 2295 3332 tia
2322 3266 2657 3339 frequentior
2684 3270 3068 3341 episcoporum
3109 3284 3369 3324 numerus
3410 3272 3659 3323 Romam
3706 3284 3841 3323 con-

2236 3361 2420 3417 venire
2456 3360 2721 3429 debebat;
2764 3379 2827 3418 ac
2856 3363 3077 3419 interim
3103 3363 3459 3436 Berengarius
3506 3362 3573 3418 ad
3606 3361 3664 3417 id
3694 3369 3843 3416 tem-

2237 3471 2339 3527 pus
2387 3459 2582 3512 Romaa
2632 3456 2870 3512 residere
2911 3458 3113 3529 jussus.
3170 3460 3307 3527 Quae
3369 3457 3473 3511 viri
3529 3455 3841 3512 doctissimi

2239 3549 2551 3622 conjectura
2580 3550 2737 3608 valde
2758 3550 2896 3606 mihi
2927 3550 3208 3622 probatur.

1444 3826 1543 3887 AD
1587 3786 2016 3890 CONCILIﬁM
2060 3827 2455 3891 ROMANUM
2498 3830 2549 3890 v
2590 3831 2926 3894 ADDITlO.

598 4019 739 4074 Cum
801 4016 857 4072 in
902 4015 1131 4071 concilio
1180 4015 1282 4069 isto
1331 4016 1601 4071 Romanae
1646 4029 1733 4069 res
1787 4013 2125 4070 Cassinensis

526 4110 841 4167 monasterii
869 4116 1060 4164 contra
1088 4111 1543 4163 Normannorum
1568 4108 1876 4163 invasiones
1900 4116 2124 4165 asserta

528 4204 750 4270 fuerint,
794 4219 906 4258 non
949 4201 1139 4258 dubito
1184 4202 1481 4274 quominus
1523 4201 1593 4257 ad
1631 4200 1778 4257 idem
1805 4204 2121 4257 Romanum

522 4297 819 4354 concilium
848 4295 1115 4369 pertineat
1160 4296 1431 4351 sententia
1460 4296 1553 4351 illa
1586 4294 1850 4350 adversus
1890 4295 2122 4352 eosdem

523 4395 879 4448 Normannos
908 4390 1034 4455 lata,
1060 4405 1169 4461 qua
1200 4388 1427 4445 eosdem
1464 4390 1690 4461 castigat
1714 4405 1816 4461 pro
1845 4389 2005 4444 simili
2035 4390 2119 4444 in-

526 4485 746 4541 vasione
800 4500 988 4541 rerum
1036 4483 1351 4539 monasterii
1388 4483 1763 4539 Casauriensis
1808 4483 1890 4537 vel
1937 4484 2120 4538 Pisca-

523 4579 642 4646 riaa,
674 4594 796 4650 quae
823 4578 997 4634 insula
1024 4585 1109 4633 est
1136 4577 1304 4632 maris
1331 4575 1593 4631 Adriatici
1625 4576 1683 4631 in
1716 4576 1953 4647 Aprutio
1983 4576 2117 4632 ulte-

2233 4017 2487 4087 praasenti
2518 4018 2722 4089 pariter
2756 4018 2944 4090 jussus
2972 4027 3055 4075 est
3100 4018 3228 4074 ﬁdei
3262 4035 3375 4076 suae
3424 4018 3841 4075 confessionem

2231 4110 2507 4180 exhibere,
2554 4128 2738 4183 quam,
2788 4113 3061 4184 siquidem
3109 4129 3235 4168 vera
3298 4113 3387 4168 ille
3432 4112 3725 4167 narraverit
3778 4112 3844 4167 in

2231 4206 2434 4277 scripto
2465 4206 2703 4277 quodam
2731 4222 2831 4262 suo
2884 4209 3102 4278 vulgato
3133 4208 3187 4261 in
3219 4206 3517 4262 Auecdotis
3565 4208 3843 4273 Martene,

2230 4307 2369 4354 tom.
2420 4300 2511 4365 IV,
2560 4315 2684 4371 pag.
2737 4306 2859 4367 103,
2892 4301 3105 4356 concilii
3148 4301 3292 4355 illius
3335 4302 3523 4355 Patres
3552 4309 3683 4354 tunc
3713 4300 3847 4371 qui-

2230 4391 2359 4446 dam
2402 4391 2733 4447 catholicam
2765 4404 3131 4465 agnoverunt;
3167 4393 3259 4449 sed
3316 4394 3401 4448 alii
3432 4395 3602 4448 latere
3658 4394 3715 4447 in
3749 4393 3849 4447 illa

2232 4485 2419 4539 veneni
2449 4485 2651 4556 aliquid
2690 4486 2928 4543 hatretici
2966 4488 3222 4559 suspicati
3271 4495 3659 4558 persuaserunt
3698 4503 3851 4557 pon-

2229 4577 2359 4632 tiﬁci
2401 4588 2463 4633 ut
2492 4582 2687 4635 Romae
2729 4580 2799 4635 ad
2838 4581 3129 4635 concilium
3178 4596 3348 4651 usque
3396 4581 3678 4652 sequentis
3708 4580 3852 4635 anni

524 4672 677 4727 riori.
710 4674 865 4727 Hanc
900 4670 1063 4744 igitur
1091 4671 1287 4727 damus
1321 4687 1387 4726 ex
1416 4670 1686 4726 Chronico
1724 4669 1969 4742 ejusdem
1998 4686 2117 4726 mo-
2148 4647 2199 4708 D
2230 4671 2385 4726 illum
2428 4671 2720 4728 detineret.
2772 4673 2853 4728 lbi
2900 4673 3189 4729 clariorem
3220 4673 3347 4729 ﬁdei
3375 4688 3488 4729 suae
3530 4672 3851 4729 confessio-

521 4765 743 4820 nasterii
768 4765 1012 4821 exhibito
1043 4768 1181 4821 Rer.
1219 4764 1390 4820 Italic.
1420 4773 1558 4819 tom.
1590 4766 1661 4831 II,
1697 4780 1814 4835 par.
1858 4779 1931 4833 II,
1980 4780 2113 4836 pag.

526 4863 648 4914 365.
699 4861 928 4931 Insuper
989 4858 1056 4915 de
1114 4858 1445 4914 investituris
1495 4857 1822 4930 dignitatum
1876 4858 2125 4914 ecclesia-

522 4955 787 5009 sticarum
828 4969 858 5007 a
887 4952 1034 5008 laicis
1088 4968 1199 5007 non
1230 4951 1570 5021 recipiendis,
1620 4950 1842 5008 decreta
1884 4951 1996 5007 duo
2040 4952 2125 5006 in-

520 5056 673 5119 tegra
718 5062 848 5101 cum
892 5062 1006 5100 non
1050 5046 1302 5116 legantur
1344 5045 1398 5099 in
1454 5045 1675 5116 synopsi
1724 5053 1975 5099 actorum
2020 5044 2119 5099 hu-

519 5140 615 5212 jus
633 5139 873 5206 concilii,
890 5153 1059 5210 quam
1083 5139 1258 5193 solam
1283 5138 1372 5193 hic
1397 5153 1497 5208 pro
1536 5137 1671 5192 actis
1699 5136 1999 5208 deperditis
2030 5153 2123 5192 ex-

522 5232 679 5289 hibet
703 5232 982 5298 Labbeus,
1025 5232 1343 5302 supplemus
1379 5247 1444 5286 ex
1489 5232 1751 5302 opusculo
1781 5231 1838 5285 S.
1866 5230 2118 5285 Anselmi

519 5326 783 5381 Lucensis
808 5334 996 5381 contra
1038 5325 1354 5379 Wibertum
1384 5324 1717 5396 antipapam,
1750 5324 1842 5378 lib.
1875 5339 1946 5389 II,
1988 5339 2113 5396 pag.

523 5424 650 5482 384,
692 5417 824 5473 edit.
855 5418 1163 5474 Cauisianaa
1212 5418 1496 5490 Basnagii;
1547 5417 1641 5473 sed
1670 5427 1967 5489 antequam
1998 5417 2116 5473 haec

523 5509 894 5582 proferantur,
937 5510 1240 5583 disquirere
1292 5510 1489 5583 aliquid
1527 5510 1686 5582 juvat
1731 5513 1799 5567 de
1853 5511 2113 5568 haeretico

518 5605 867 5675 Berengario,
900 5604 1052 5676 cujus
1090 5618 1253 5659 causa
1281 5620 1395 5659 non
1434 5605 1493 5659 in
1520 5603 1748 5659 concilio
1778 5612 2113 5659 tantummo-

519 5697 592 5754 do
638 5701 894 5755 Romano
946 5699 1223 5770 sequentis
1260 5697 1386 5753 anni
1439 5705 1668 5753 tractata
1708 5706 1813 5765 est,
1861 5697 2012 5771 quod
2058 5706 2114 5752 et

517 5792 803 5851 Labbeum
842 5810 949 5849 non
977 5793 1163 5861 latuit;
1191 5792 1284 5849 sed
1322 5800 1375 5847 et
1407 5791 1554 5863 quod
1595 5790 1708 5863 ipse
1733 5793 2019 5863 ignoravit,
2052 5791 2111 5845 in

2232 4781 2360 4819 nem
2402 4767 2707 4837 exprimere
2744 4775 2965 4821 coactus
2996 4775 3095 4821 est.
3141 4770 3313 4822 Porro
3364 4783 3429 4823 ex
3462 4782 3522 4821 ea
3553 4768 3849 4839 Berenga-

2230 4858 2297 4912 rii
2346 4857 2413 4914 de
2441 4860 2605 4915 rebus
2642 4860 2756 4915 suis
2786 4860 3097 4915 narratione
3145 4859 3491 4931 intelligimus
3531 4860 3851 4916 concilium

2232 4951 2380 5006 istud
2424 4956 2740 5011 Romanum
2771 4953 2828 5007 in
2871 4952 3159 5009 festivitate
3207 4954 3473 5009 Omnium
3502 4955 3853 5009 Sanctorum

2231 5045 2478 5116 coepisse,
2530 5046 2690 5117 idque
2745 5062 2873 5102 vero
2925 5056 3043 5102 toto
3083 5047 3175 5103 illo
3227 5063 3415 5102 mense
3461 5063 3859 5118 perseverasse

2227 5138 2569 5194 demonstrat
2620 5139 2900 5210 inscriptio
2969 5140 3215 5211 ejusdem
3283 5139 3501 5195 concilii
3557 5140 3613 5194 in
3675 5140 3857 5197 editis

2226 5232 2561 5297 Labbeanis,
2615 5247 2739 5302 quae
2784 5231 2935 5287 diem
2970 5237 3045 5289 lIl
3092 5234 3218 5289 Kal.
3265 5231 3587 5289 Decembris
3635 5234 3857 5305 signat.

2225 5327 2382 5381 Nunc
2404 5324 2623 5380 tandem
2654 5323 3061 5383 confessionum
3100 5326 3223 5382 ﬁdei
3266 5326 3511 5398 ejusdem
3552 5329 3856 5400 Berenga-

2223 5418 2290 5473 rii
2315 5435 2377 5475 ex
2403 5418 2597 5475 eodem
2626 5421 2893 5490 opusculo
2918 5436 3250 5493 promamus.

2508 5516 2882 5568 Juramentum
2910 5517 3231 5584 Berengarii
3266 5516 3537 5570 Turonz'ci.

2293 5604 2562 5661 Proﬁteor
2603 5624 2799 5678 panem
2829 5608 3018 5663 altaris
3062 5618 3183 5679 post
3210 5608 3684 5664 consecrationem
3714 5624 3855 5665 esse

2224 5713 2413 5752 verum
2444 5714 2645 5770 corpus
2688 5700 2905 5769 Christi,
2945 5701 3092 5771 quod
3134 5710 3325 5756 natum
3349 5710 3431 5755 est
3464 5699 3532 5756 de
3581 5700 3853 5771 Virgine,

2221 5789 2366 5861 quod
2394 5808 2610 5863 passum
2643 5802 2723 5850 est
2765 5794 2819 5849 in
2850 5810 3030 5865 cruce,
3072 5794 3217 5866 quod
3248 5794 3399 5850 sedet
3421 5791 3493 5849 ad
3536 5792 3851 5849 dexteram
