4048 6174
235 245 338 300 809

1457 246 1812 305 CONCILIUM
1851 251 2182 309 ROMANUM
2220 256 2305 310 Vl.

3425 268 3527 321 810

238 370 443 435 Patris,
474 376 531 425 et
557 369 740 424 vinum
763 369 950 460 altaris
979 375 1267 460 postquam
1295 379 1672 460 consecratum
1703 383 1816 443 est,
1851 381 1901 443 Α
1929 377 2158 449 aliisque
2180 377 2582 450 compluribus,
2607 396 2842 452 quorum
2870 383 3090 439 nomina
3124 385 3528 460 dignitatesque

235 473 360 515 esse
383 472 571 514 verum
609 457 949 529 sanguiem,
971 457 1062 530 qui
1095 459 1339 515 manavit
1367 459 1435 516 de
1479 460 1646 517 latere
1675 462 1824 520 Chri-

235 553 321 609 sti.
351 555 423 608 Et
441 552 584 608 sicut
608 567 705 608 ore
726 553 1021 625 pronuntio
1037 594 1052 618 ,
1072 553 1146 609 ita
1170 569 1259 609 me
1280 553 1443 610 corde
1463 554 1664 613 habere
1693 574 1824 613 con-

238 646 420 719 ﬁrmo,
446 647 527 704 sic
555 662 646 703 me
676 646 896 720 adjuvet
914 650 1094 716 Deus,
1116 656 1172 704 et
1200 647 1318 705 hac
1347 664 1522 706 sacra.

309 771 452 840 (439)
529 771 808 843 Scriptum
841 769 1006 836 istud,
1065 787 1192 828 cum
1235 775 1431 829 Roma
1460 771 1604 843 apud
1634 789 1828 845 papam

238 880 456 922 moram
493 863 725 921 facerem
783 865 836 920 in
869 875 1140 922 conventu
1196 866 1612 939 episcoporum,
1663 884 1827 940 quem

235 958 430 1014 habuit
465 958 518 1014 in
536 958 824 1014 festivitate
850 961 1149 1016 Omnnium
1173 962 1526 1029 Sanctorum,
1567 959 1829 1016 vocifera-

234 1052 383 1110 tione
412 1053 584 1110 multa
613 1053 871 1110 omnibus
902 1055 1240 1124 pronuntiari
1271 1053 1430 1121 fecit,
1463 1053 1650 1111 dicens
1681 1054 1829 1110 sufﬁ-

235 1162 358 1203 cere
391 1145 766 1215 debereﬁdei,
811 1145 1062 1203 sufﬁcere
1092 1147 1297 1203 debere
1371 1148 1454 1204 his
1500 1147 1697 1219 quibus
1749 1151 1830 1203 lac

232 1250 402 1314 potus
430 1241 643 1298 dandus
672 1250 815 1297 esset
839 1258 950 1297 non
976 1241 1154 1306 cibus,
1186 1241 1493 1298 secundum
1518 1241 1666 1313 quod
1695 1243 1828 1297 scri-

231 1336 318 1392 bit
365 1337 429 1392 B.
463 1335 804 1409 Augustinus
849 1335 917 1392 de
966 1336 1240 1392 sacriﬁcio
1289 1337 1543 1393 Ecclesia
1583 1337 1774 1392 dicens
1817 1355 1831 1392 :

233 1431 390 1499 Quod
401 1431 595 1486 videtis
627 1433 683 1485 in
707 1433 876 1486 altari
893 1435 1063 1501 panis
1084 1415 1163 1487 est
1197 1437 1249 1485 et
1268 1434 1474 1492 vinum,
1501 1432 1640 1500 quod
1669 1434 1828 1485 etiam

229 1525 378 1581 oculi
401 1527 568 1580 vestri
590 1525 738 1580 vobis
767 1526 1122 1593 renuntiant;
1171 1526 1313 1594 quod
1358 1529 1533 1580 autem
1563 1526 1695 1593 ﬁdes
1753 1528 1832 1578 in-

227 1619 499 1674 struenda
520 1619 778 1689 postulat,
809 1622 969 1689 panis
994 1624 1076 1675 est
1112 1632 1298 1689 corpus
1322 1620 1521 1676 Christi
1538 1622 1830 1689 vinumque

227 1716 475 1784 sanguis.
507 1712 810 1768 Inclamans
831 1711 1032 1784 populo
1076 1728 1165 1769 me
1196 1727 1307 1772 non
1337 1712 1659 1768 hareticum
1687 1727 1826 1779 esse,

1951 1740 2344 1808 ,nobedientia,

225 1806 302 1862 ita
329 1822 422 1862 me
450 1804 516 1862 de
563 1806 876 1878 Scripturis,
915 1822 1027 1862 non
1075 1805 1144 1862 de
1193 1804 1361 1862 corde
1416 1820 1538 1862 meo
1604 1805 1825 1872 habere,

230 1901 500 1958 omnibus
547 1899 847 1956 testiﬁcans
879 1901 934 1980 in
959 1898 1240 1957 audientia
1289 1916 1383 1956 sua
1429 1902 1655 1956 Petrum
1711 1903 1828 1955 Da-

229 1995 432 2062 miani,
476 2010 589 2050 non
626 1993 946 2050 inferiorem
1000 1994 1128 2050 lima
1155 1993 1500 2059 eruditionis,
1550 2009 1662 2049 non
1693 1991 1829 2049 infe-

228 2089 438 2147 riorem
489 2087 812 2144 Lanfranno
837 2088 1105 2159 dignitate
1152 2087 1476 2145 Christiana
1518 2087 1828 2157 religionis,

230 2183 439 2238 Roma
463 2195 574 2235 non
596 2180 944 2236 consensisse
969 2178 1038 2236 de
1061 2179 1330 2235 sacriﬁcio
1365 2179 1623 2235 Ecclesia
1655 2177 1828 2235 dictis

228 2272 564 2338 Lanfranni,
597 2289 694 2345 pro
721 2289 787 2329 eo
827 2289 887 2330 se
923 2272 1055 2329 dare
1097 2274 1447 2340 sententiam,
1505 2273 1830 2346 negligenda

229 2383 352 2425 esse
376 2383 441 2424 ea
467 2383 593 2440 qua
613 2367 822 2425 diceret
839 2367 1208 2432 Lanfrannus,
1233 2367 1412 2438 potius
1429 2383 1597 2439 quam
1619 2383 1678 2423 ea
1710 2383 1832 2439 qua
1867 2401 1870 2404 ι

229 2461 442 2519 diceret
484 2464 677 2517 Petrus
704 2461 968 2518 Damiani
994 2463 1267 2517 Romana
1297 2460 1550 2517 Ecclesia
1576 2459 1744 2525 ﬁlius,
1767 2463 1822 2516 S.

232 2555 486 2621 Ruﬁna,
513 2556 562 2612 si
589 2556 721 2612 satis
740 2555 993 2623 memini,
1017 2555 1321 2626 episcopus,
1349 2569 1462 2609 non
1491 2553 1742 2622 inferior,
1767 2563 1830 2609 ut

233 2648 386 2707 dicta
403 2659 674 2722 repetam,
700 2647 1019 2705 Lanfranno
1041 2650 1168 2704 lima
1187 2647 1532 2713 eruditionis,
1554 2647 1819 2720 dignitate

233 2743 568 2802 Christiana
607 2743 914 2815 religionis;
969 2743 1144 2798 multo
1194 2740 1512 2797 Lanfranno
1541 2742 1835 2812 'operosior

232 2837 296 2894 in
346 2838 532 2894 studio
562 2837 762 2893 divina
807 2837 1071 2900 lectionis,
1111 2835 1417 2891 secundum
1447 2834 1597 2906 quod
1629 2849 1831 2906 prace-

233 2931 321 3003 pit
351 2932 470 3004 ipse
508 2931 818 2988 Dominus:
856 2932 1193 2987 Scrutamini
1223 2931 1533 3000 Scripturas
1565 2933 1732 2992 (Joan.
1754 2936 1831 2994 ν).

234 3028 323 3081 Ita
349 3041 488 3098 papa
517 3025 638 3092 ille,
660 3040 792 3082 cum
821 3040 933 3097 quo
957 3039 1140 3080 moras
1183 3039 1322 3095 pene
1352 3038 1447 3094 per
1465 3039 1672 3078 annum
1697 3021 1840 3079 fece—
1878 3027 1884 3038 ‘

1935 485 2049 526 non
2074 479 2257 528 teneo.
2286 474 2424 528 Cum
2453 483 2643 530 tamen
2662 485 2921 548 urgerent
2941 492 3138 548 papam
3173 480 3326 537 illum
3357 498 3526 554 quam

1937 566 2174 620 maxime
2213 567 2526 636 pestilentes
2549 576 2603 623 et
2631 569 3039 640 Scripturarum
3069 587 3434 643 perversores,
3467 585 3529 632 ut

1935 658 2169 729 exigeret
2196 674 2224 713 a
2251 675 2341 715 me
2382 676 2568 717 moras
2611 661 2790 720 adhuc
2817 667 3012 720 Roma
3038 663 3220 723 facere
3257 683 3428 740 usque
3453 667 3523 725 ad

1934 760 2270 807 conventum
2299 742 2407 824 qui.
2437 753 2652 811 futurus
2686 765 2803 812 erat
2849 758 2993 829 apud
3023 775 3149 816 eum
3183 761 3242 817 in
3275 763 3524 831 Quadra-

1935 845 2163 918 gesima,
2195 847 2598 919 episcoporum,
2630 858 2734 905 etc.

1939 942 2226 1008 Gregorius
2263 944 2388 1003 VII,
2434 945 2680 1021 Romana
2721 947 2923 1021 synodo
2972 950 3371 1018 quinquaginta
3415 953 3526 1021 epi-

2007 1028 2306 1086 scoporum,
2353 1015 2652 1068 considente
2687 1015 3131 1086 presbyterorum
3174 1015 3230 1075 et
3270 1015 3525 1079 abbatum

2009 1085 2377 1150 multitudine,
2403 1087 2599 1139 statuit
2618 1087 2796 1142 dicens
2823 1106 2840 1138 :

2011 1179 2052 1230 Ι.
2087 1177 2139 1232 Si
2162 1177 2284 1248 quis
2312 1177 2567 1250 deinceps
2594 1178 2969 1250 episcopatum
3007 1182 3088 1236 vel
3135 1182 3417 1242 abbatiam
3453 1186 3520 1240 de

1938 1286 2104 1326 manu
2134 1271 2362 1342 alicujus
2389 1272 2539 1329 Iaica
2579 1289 2828 1345 persona
2861 1277 3182 1347 susceperit,
3220 1278 3528 1336 nullatenus

1939 1365 2082 1420 inter
2110 1366 2391 1437 episcopos
2416 1367 2701 1435 habeatur,
2731 1385 2830 1424 nec
2857 1370 2965 1424 ulla
2997 1370 3042 1424 ei
3065 1377 3127 1425 ut
3149 1371 3408 1442 episcopo
3431 1381 3529 1427 aut

1937 1458 2121 1514 abbati
2147 1458 2420 1515 audientia
2451 1461 2799 1530 concedatur,
2832 1463 3060 1533 insuper
3085 1463 3134 1519 ei
3163 1465 3400 1536 gratiam
3453 1467 3520 1522 Β.

1940 1552 2088 1608 Petri
2110 1561 2167 1608 et
2197 1553 2486 1610 introitum
2514 1555 2761 1611 ecclesia
2792 1557 3190 1623 interdicimus,
3221 1572 3330 1628 quo
3361 1572 3534 1629 usque

1938 1646 2140 1714 locum,
2192 1663 2357 1719 quem
2401 1648 2502 1704 sub
2555 1649 2782 1706 crimine
2823 1657 2938 1706 tam
2995 1648 3317 1706 ambitionis
3363 1667 3530 1722 quam

2366 1740 2515 1813 quod
2535 1752 2624 1797 est
2641 1742 2816 1798 scelus
2838 1741 3185 1811 idololatria,
3213 1743 3377 1814 cepit,
3400 1746 3533 1800 resi-

1940 1833 2194 1904 piscendo
2216 1849 2329 1890 non
2365 1834 2567 1890 deserit
2591 1835 2764 1905 (440).
2790 1835 3049 1892 Similiter
3077 1836 3240 1890 etiam
3279 1835 3351 1892 de
3391 1835 3530 1893 infe-
3555 1857 3564 1866 ν

1939 1927 2175 1982 rioribus
2221 1936 2273 1981 et
2312 1927 2686 1984 ecclesiasticis
2727 1929 3079 2001 dignitatibus
3117 1931 3528 1986 constituimus.

2012 2023 2082 2074 II.
2117 2021 2177 2075 Si
2218 2020 2339 2092 quis
2385 2022 2804 2091 imperatorum,
2837 2037 3053 2092 regum,
3105 2021 3334 2090 ducum,
3389 2039 3534 2079 mar-

1941 2111 2229 2182 chionum,
2262 2114 2341 2168 vel
2391 2114 2617 2186 quilibet
2658 2115 3001 2170 sacularium
3051 2123 3387 2185 potestatum
3436 2123 3536 2171 aut

1938 2223 2299 2276 personarum
2338 2208 2715 2263 investituram
2762 2208 3178 2278 episcOpatuum
3237 2209 3320 2264 vel
3367 2208 3530 2264 alicu-

1932 2301 2026 2372 jus
2063 2301 2435 2358 ecclesiastica
2467 2300 2746 2372 dignitatis
2764 2301 2895 2356 dare
2916 2303 3349 2372 praesumpserit,
3383 2303 3532 2374 ejus-

1941 2395 2066 2451 dem
2095 2395 2386 2451 sententia
2430 2395 2646 2451 vinculo
2676 2411 2734 2450 se
2773 2395 3062 2450 astrictum
3087 2411 3206 2451 esse
3237 2397 3393 2452 sciat.

1940 2490 2216 2545 Sententia
2265 2505 2298 2542 a
2334 2489 2588 2560 Gregorio
2623 2505 2776 2560 papa
2813 2492 2919 2544 VII
2969 2489 3316 2560 promulgata
3356 2496 3539 2546 contra

1986 2575 2299 2628 pervasores
2327 2553 2718 2628 possessionum
2738 2553 3054 2614 monasterii
3080 2564 3138 2618 S.
3165 2553 3464 2618 Clementis.

2013 2656 2156 2721 (441)
2185 2653 2238 2708 Si
2273 2652 2397 2723 quis
2427 2653 2896 2708 Nortmannorum
2927 2653 3006 2708 vel
3033 2654 3404 2725 quorumlibet
3448 2655 3538 2710 ho-

1943 2747 2156 2802 minum
2188 2745 2392 2816 praedia
2442 2747 2762 2802 monasterii
2810 2749 2872 2800 Β.
2915 2745 3215 2803 Clementis
3261 2747 3536 2816 invaserit,

1943 2841 2021 2894 vel
2060 2854 2417 2911 quascunque
2443 2853 2529 2894 res
2550 2838 2797 2910 ejusdem
2839 2840 3151 2896 monasterii
3190 2839 3390 2910 injuste
3416 2839 3542 2895 abs-

1946 2933 2155 3001 tulerit,
2194 2932 2239 2986 si
2270 2932 2350 2986 bis
2395 2934 2474 2988 vel
2521 2941 2604 2988 ter
2647 2931 2967 2988 admonitus
2995 2949 3107 2988 non
3133 2932 3540 2999 entendaverit,

1946 3024 2497 3082 excommunicationi
2529 3025 2822 3096 subjaceat.
2849 3025 3023 3080 donec
3053 3025 3328 3096 resipiscat
3351 3033 3408 3081 et
3434 3026 3537 3081 Ec-

233 3135 386 3187 ram,
419 3119 809 3191 compescitam
839 3126 1030 3191 putare
1058 3117 1209 3173 visus
1241 3125 1326 3172 est
1353 3125 1408 3172 et
1463 3117 1832 3188 compositam
1871 3155 1917 3222 C
1944 3119 2122 3175 clesia
2161 3117 2479 3175 satisfaciat.
2506 3119 2560 3173 Si
2595 3118 2717 3190 quis
2745 3118 2942 3189 pradia
2971 3120 3036 3173 B.
3083 3120 3378 3175 Clementis
3423 3118 3538 3174 ubi-

233 3211 563 3270 vecordiam
605 3211 785 3270 turba
833 3212 1098 3277 turbata;
1154 3218 1217 3266 ut
1250 3211 1324 3266 ait
1351 3213 1417 3266 Β.
1469 3212 1832 3283 Augustinus,

234 3308 391 3365 omni
421 3307 712 3373 commoti,
745 3321 854 3377 quo
881 3321 974 3361 me
993 3305 1319 3361 hareticum
1359 3313 1625 3376 quantum
1666 3306 1839 3376 potuit

235 3401 697 3458 insimulaverat:
747 3399 988 3456 maxime
1025 3400 1152 3470 quia
1182 3414 1320 3470 papa
1363 3398 1730 3470 undecunque
1777 3400 1839 3455 li-

230 3497 375 3552 bros
401 3494 747 3566 comportari
775 3492 975 3549 fecerat
1001 3491 1276 3564 episcopis
1309 3500 1364 3546 et
1393 3491 1695 3558 abbatibus,
1730 3493 1839 3548 cle-

235 3589 376 3646 rici
404 3596 460 3644 et
483 3587 794 3654 monachis,
821 3586 966 3643 unde
1011 3585 1272 3642 sacriﬁcia
1311 3575 1513 3641 Christi
1537 3587 1841 3657 imperver-

236 3681 457 3748 tibilia;
481 3696 644 3738 sensa
670 3689 726 3736 et
746 3680 951 3751 scripta
984 3677 1300 3752 Augustini,
1325 3677 1680 3749 Hieronymi,
1717 3682 1842 3732 Am-

235 3775 439 3842 brosii,
455 3775 806 3847 aliorumque
827 3772 1054 3846 legenda
1079 3780 1464 3844 proposuerat,
1488 3785 1703 3826 mecum
1725 3784 1846 3825 sen-

239 3868 541 3936 tientibus,
564 3868 622 3924 in
646 3868 728 3924 eis
770 3867 863 3939 qui
894 3882 1024 3922 cum
1047 3881 1184 3937 papa
1213 3873 1387 3933 erant,
1423 3865 1677 3936 episcopo
1715 3866 1844 3919 Por-

235 3963 449 4029 mensi,
505 3963 764 4034 episcopo
810 3959 1086 4017 Sucirensi
1144 3960 1275 4028 (lege
1323 3958 1673 4024 Sutrineusi),
1731 3957 1845 4028 epi-

235 4073 418 4130 scopo
434 4053 814 4114 Terracinensi
831 4095 845 4121 ,
869 4051 1241 4108 cardiualibus
1257 4058 1462 4108 Attone
1479 4051 1848 4107 Mediolanen-

235 4153 322 4218 si,
352 4149 632 4207 monacho
684 4147 920 4204 Tudensi
963 4148 1233 4202 Romana
1282 4144 1540 4201 Ecclesia
1584 4142 1846 4199 cardinali

239 4245 477 4302 nomine
524 4239 854 4308 Deusdedit,
873 4243 1034 4296 Petro
1060 4239 1402 4306 cancellario,
1438 4236 1657 4310 benigni
1686 4245 1850 4309 atque

241 4336 475 4397 humilis
497 4335 681 4393 cordis
711 4332 879 4390 fratre
899 4334 1136 4389 Fulcone
1160 4339 1605 4397 transmontano,
1644 4329 1843 4386 clerico

1947 3227 2159 3285 cunque
2184 3212 2356 3283 posita
2417 3213 2473 3267 in
2527 3211 2915 3282 prOprietatem
2960 3228 3114 3267 suam
3165 3212 3530 3285 usurpaverit,

1943 3307 2023 3361 vel
2080 3307 2253 3362 sciens
2278 3305 2551 3361 occultata
2587 3321 2698 3361 non
2731 3305 3112 3376 prOpalaverit,
3157 3306 3240 3361 vel
3293 3305 3541 3361 debitum

1946 3400 2228 3455 servitium
2259 3398 2452 3454 exinde
2481 3401 2543 3454 B.
2577 3398 2842 3454 Clementi
2879 3414 2992 3453 non
3018 3398 3342 3466 exhibuerit,
3391 3414 3542 3455 recoo

1949 3501 2174 3565 gnoscat
2208 3508 2265 3548 se
2313 3493 2453 3547 iram
2494 3491 2613 3556 Dei,
2667 3499 2722 3546 et
2749 3493 2806 3547 S.
2840 3491 3140 3548 Clementis
3167 3491 3319 3547 velut
3365 3491 3536 3548 sacris

1951 3589 2131 3659 legum
2156 3587 2452 3641 incurrere.
2503 3585 2824 3656 Quicunque
2861 3594 3045 3642 autem
3098 3585 3153 3640 in
3189 3585 3292 3642 hoc
3317 3586 3543 3641 crimine
3585 3605 3590 3610 ·

1951 3680 2320 3751 deprehensus
2339 3678 2523 3747 fuerit,
2540 3679 2788 3734 eamdem
2814 3679 3189 3735 hareditatem
3207 3682 3269 3734 Β.
3296 3679 3550 3736 Οιθωθηο

1951 3776 1988 3830 ti
2023 3774 2292 3838 restituat,
2317 3781 2374 3827 et
2395 3788 2608 3844 poenam
2633 3772 3000 3845 quadruplum
3029 3773 3097 3827 de
3119 3771 3351 3843 propriis
3379 3771 3542 3828 bonis

1954 3868 2242 3938 persolvat.
2278 3866 2603 3938 Quicunque
2630 3865 2888 3934 militum,
2935 3864 3014 3921 vel
3037 3864 3415 3938 cujuscunque
3453 3880 3544 3922 or-

1955 3961 2093 4016 dinis
2118 3960 2197 4034 vel
2225 3957 2578 4032 professionis
2629 3973 2861 4029 persona
2882 4000 2896 4026 ,
2928 3955 3127 4030 pradia
3163 3958 3546 4025 ecclesiastica,

1953 4070 1983 4109 a
2009 4066 2338 4126 quocunque
2359 4067 2485 4122 rege
2509 4067 2603 4107 seu
2633 4051 2877 4107 saculari
2896 4052 3142 4124 principe
3165 4051 3249 4106 vel
3292 4051 3360 4107 ab
3400 4051 3542 4124 epis-

1957 4147 2106 4218 copis
2130 4145 2397 4216 aliquibus
2421 4144 2666 4215 [donata]
2691 4188 2702 4206 .
2733 4144 2917 4200 invitis
2941 4144 3228 4201 abbatibus
3249 4152 3344 4201 aut
3366 4144 3549 4201 Eccle-

1958 4241 2163 4296 siarum
2197 4221 2501 4294 rectoribus
2529 4239 2789 4308 uscepit,
2821 4238 2900 4294 vel
2933 4240 3249 4310 susceperit,
3297 4239 3381 4293 vel
3405 4239 3546 4294 inva-

1954 4335 2042 4399 sit,
2070 4333 2150 4387 vel
2169 4331 2337 4387 etiam
2358 4329 2678 4386 eorumdem
2705 4336 2981 4386 rectorum
2997 4330 3297 4402 depravato
3322 4340 3549 4387 senten-

246 4433 428 4504 ipsius
457 4429 666 4487 domini
717 4442 873 4500 papa
913 4427 1226 4483 convictore
1274 4425 1636 4481 nihilominus
1673 4423 1843 4480 Tetho
1875 4421 1920 4476 tl
1955 4426 2094 4482 tioso
2143 4438 2416 4480 consensu
2442 4423 2694 4488 tenuerit,
2723 4423 2828 4478 nisi
2848 4423 3038 4478 eadem
3068 4423 3268 4493 pradia
3292 4423 3550 4478 Ecclesiis

241 4525 439 4591 baldo,
483 4524 576 4595 qui
623 4523 920 4579 litterarior
969 4520 1246 4592 diligentia
1291 4519 1547 4590 peculiari
1597 4518 1746 4590 apud
1785 4519 1840 4573 S.
1876 4547 1930 4614 Β
1956 4518 2272 4585 restituerit,
2317 4515 2866 4572 excommunicationi
2897 4515 3190 4587 subiaceat.
3244 4517 3440 4571 Roma
3492 4516 3549 4570 in

243 4621 484 4675 Petrum
527 4632 595 4672 eo
635 4619 883 4688 tempore
931 4613 1237 4670 habebatur
1277 4613 1520 4679 clericus,
1576 4620 1632 4666 et
1681 4611 1849 4668 fratre

242 4711 500 4785 quodam
560 4711 655 4783 qui
716 4708 1039 4782 cognomine
1089 4704 1386 4762 Bona-dies
1452 4706 1848 4778 appellabatur,

243 4875 246 4878 -
326 4853 486 4919 (439)
510 4850 646 4906 Hac
670 4854 856 4903 narrat
900 4844 1258 4918 Berengarius
1287 4845 1346 4900 in
1373 4843 1578 4916 scripto
1623 4860 1654 4900 a
1705 4847 1850 4901 Mar-

242 4931 388 4980 tene
409 4921 649 4993 vulgato.
846 4989 859 4993 _
884 4967 888 4970 .

325 4996 484 5060 (440)
504 4986 609 5047 Ἐκ
637 4989 900 5062 opusculo
951 4991 1008 5046 S.
1052 4988 1301 5046 Anselmi
1336 4986 1601 5045 Lucensis
1633 4989 1846 5044 ’contra

1959 4612 2246 4669 universali
2267 4611 2496 4684 synodo,
2523 4608 2856 4682 prasidente
2885 4611 2948 4664 B.
2982 4607 3252 4680 Gregorio
3291 4623 3452 4680 papa,
3483 4607 3552 4664 ab

1959 4707 2156 4763 eodem
2167 4703 2614 4777 promulgata,ab
2631 4702 3163 4758 universaliconcilio
3172 4701 3529 4774 comprobata
3542 4745 3551 4758 .

1958 4845 2261 4926 “libertum
2284 4843 2377 4897 lib.
2411 4857 2458 4898 II
2487 4840 2664 4898 Canif.
2689 4843 2871 4897 Veter.
2896 4841 3096 4909 Lecti.,
3122 4847 3164 4895 t.
3201 4841 3302 4908 Ill,
3334 4856 3386 4912 p.
3425 4845 3553 4908 384,

1958 4917 2089 4973 edit.
2125 4918 2353 4986 Basnag.

2031 4993 2177 5054 (441)
2205 4989 2334 5041 Rer.
2367 4984 2488 5040 Ital.
2518 4991 2652 5041 tom.
2680 4985 2751 5052 II,
2774 4990 2914 5056 part.
2939 4999 3012 5051 ιι,
3039 4982 3144 5040 col.
3177 4988 3304 5039 865.

267 5099 3547 5134 Μ

1127 5183 1786 5275 CONCILIUM
1860 5182 2452 5274 ROMANUM
2525 5181 2688 5288 Vl,

292 5324 376 5387 In
411 5342 530 5404 quo
572 5324 981 5404 Berengarius
1022 5337 1195 5404 saepe
1221 5320 1302 5404 ad
1326 5322 1741 5404 paenitentiam
1784 5326 2054 5404 vocatus,
2096 5321 2426 5404 saepiusque
2454 5313 2758 5404 relapsus,
2788 5314 3059 5404 [tat-Aesim
3085 5331 3254 5374 suam
3298 5315 3516 5372 iterum

781 5396 1115 5479 abiuravit,
1150 5399 1443 5476 ﬁdemque
1477 5399 1825 5459 catholicam
1852 5402 2154 5478 professus
2188 5396 2360 5472 fuit,
2393 5413 2550 5456 anno
2578 5396 2822 5454 Domini
2852 5396 3032 5457 1079.

1504 5507 1743 5572 (Mmsr,
1775 5505 1970 5560 Concil.
2003 5503 2142 5571 XX,
2171 5507 2318 5568 523.)

1795 5622 2016 5636 Ψ

340 5695 487 5757 (442)
515 5695 676 5750 Anno
701 5688 770 5747 ab
800 5689 1183 5748 lncarnatione
1235 5686 1553 5760 sempiterni
1602 5687 1864 5759 Principis

345 5807 494 5875 (442)
528 5809 609 5862 Ex
635 5806 850 5864 Thoma
879 5805 1134 5862 Valdensi
1174 5810 1314 5860 tom.
1358 5804 1437 5873 μη
1481 5818 1602 5874 cap.
1653 5809 1742 5870 43,
1770 5803 1864 5874 qui

556 5897 785 5952 PATROL.
824 5895 1084 5952 CXLVIII.

1978 5684 2266 5760 [Principii]
2327 5685 2620 5742 millesimo
2684 5679 3082 5754 septuagesimo
3134 5696 3305 5746 nono,
3372 5694 3560 5734 mense

1974 5806 2110 5858 Acta
2156 5801 2390 5857 formata
2419 5799 2820 5871 hujusjooncilii
2842 5797 2974 5851 dicit
3000 5813 3036 5851 a
3061 5812 3119 5853 se
3147 5797 3360 5866 reperta
3387 5792 3562 5859 fuisse

3135 5887 3200 5937 26
