4048 6174
577 229 629 279 Η
1250 225 1302 275 S.
1344 219 1664 273 GREGORII
1707 218 1789 270 VII
1828 216 1977 269 OPl’.
2018 212 2188 267 PARS
2226 212 2310 266 Ill.
2358 241 2423 251 ——
2464 213 2775 269 CONCILIA
2813 213 3120 268 ROMANA.

3720 212 3821 266 812

538 348 841 414 Februarii,
877 346 1179 402 indictione
1216 361 1305 407 χι,
1359 343 1711 413 pontiﬁcatus
1762 356 1890 396 vero
1938 338 2124 395 domui
2156 339 2208 402 Α
2238 336 2398 393 ritate
2443 336 2542 393 Dei
2587 337 2977 409 omnipotentis
3018 346 3074 395 et
3095 313 3411 393 sanctorum
3445 334 3821 405 apostolorum

540 443 787 514 Gregorii
810 449 953 508 (443)
1000 438 1316 493 universalis
1349 435 1616 506 pontiﬁcis
1663 437 1758 490 VII
1786 449 1931 489 anno
1975 448 2032 487 vi
2058 430 2125 485 ad

539 534 803 591 honorem
854 534 953 586 Dei
977 541 1031 585 et
1052 530 1467 585 aediﬁcationem
1503 538 1704 585 sanctae
1736 527 2011 593 Ecclesiae,
2040 540 2124 580 sa-

536 630 705 684 lutem
758 640 971 696 quoque
1020 632 1131 678 tam
1173 639 1469 693 corporum
1504 638 1670 693 quam
1719 622 2031 676 animarum
2062 635 2128 674 ex

535 726 803 790 praecepto
847 717 990 774 sedis
1043 718 1359 787 apostolicae
1410 723 1782 772 convenerunt
1823 714 2035 770 ﬁnitimi
2077 720 2129 768 et

532 811 870 865 diversarum
941 808 1235 880 regionum
1278 816 1332 862 et
1399 808 1807 877 provinciarum
1849 804 2131 875 archiepi—’

532 904 705 973 scopi,
737 902 1001 973 episcOpi,
1052 902 1424 973 religiosaque
1470 916 1744 972 persona,
1774 908 1834 954 ut
1874 906 2125 955 sanctam

533 996 803 1067 synodum
852 995 1207 1050 celebrarent.
1240 994 1508 1050 Omnibus
1538 994 1795 1065 igitur-in
1848 998 1992 1058 (444)
2043 1008 2128 1047 ec-

534 1088 695 1144 clesia
724 1088 1018 1145 Salvatoris
1048 1088 1386 1158 congregatis
1436 1087 1658 1142 habitus
1700 1095 1783 1142 est
1824 1102 2007 1143 sermo
2059 1080 2127 1139 de

536 1198 768 1252 corpore
812 1190 866 1236 et
905 1181 1168 1251 sanguine
1212 1181 1435 1235 Domini
1480 1182 1653 1235 nostri
1709 1182 1838 1237 Jesu
1892 1178 2124 1243 Christi,

538 1276 727 1330 multis
778 1275 916 1340 haec,
945 1274 1221 1329 nonnullis
1264 1274 1350 1328 illa
1382 1274 1529 1345 prius
1571 1274 2123 1348 sentientibus‘(445).

534 1368 773 1423 Maxima
799 1368 1067 1439 siquidem
1090 1383 1213 1438 pars
1234 1383 1427 1438 panem
1470 1376 1523 1421 et
1550 1368 1735 1423 vinum
1762 1371 1901 1438 [per]
1959 1384 2126 1424 sacra:

532 1462 794 1517 orationis
821 1463 982 1517 verba
1008 1469 1063 1515 et
1080 1460 1378 1516 sacerdotis
1406 1462 1901 1529 consecrationem,
1921 1462 2127 1533 Spiritu

526 1564 716 1611 sancto
738 1555 1087 1610 invisibiliter
1115 1563 1394 1624 operante,
1425 1557 1667 1610 converti
1698 1556 2127 1611 substantialiter

524 1649 584 1703 in
614 1664 812 1720 corpus
850 1648 1199 1704 Dominicum
1219 1648 1287 1703 de
1312 1649 1539 1719 Virgine
1568 1659 1784 1717 natum,
1823 1649 1969 1721 quod
1994 1658 2046 1705 et
2068 1651 2122 1704 in

2233 430 2376 486 Petri
2399 432 2638 498 etPauli,
2656 440 2718 487 ut
2735 432 2803 487 de
2830 447 3060 502 corpore
3084 438 3140 487 et
3157 431 3419 503 sanguine
3446 430 3676 485 Domini
3694 444 3823 484 nun-

2235 541 2403 597 quam
2421 526 2645 582 ulterius
2657 542 2787 582 cum
2798 526 2981 598 aliquo
2994 526 3272 597 disputare
3286 524 3608 595 velaliquem
3628 523 3824 580 docere

2237 627 2818 691 prwsumeretexcepta
2838 636 2999 677 causa
3017 619 3309 677 reducendi
3319 617 3557 675 adﬁdem
3570 616 3716 673 hanc
3728 631 3822 673 eos

2237 715 2331 785 qui
2344 730 2438 783 per
2450 714 2566 785 ejus
2582 713 2889 775 doctrinam
2905 714 2972 771 ab
2988 730 3049 771 ea
3065 720 3403 771 recesserant
3414 714 3822 781 [recesserunt].

2312 809 2407 862 llis
2453 808 2632 880 itaque
2660 809 2747 879 pie
2769 818 2825 864 et
2846 808 3073 866 feliciter
3106 809 3261 876 actis,
3297 808 3441 863 inter
3464 806 3671 862 multas
3696 820 3826 878 pro-

2236 901 2593 957 clamationes
2630 904 2913 976 conquesti
2968 911 3093 959 sunt
3145 902 3297 974 legati
3336 901 3475 974 regis
3538 897 3825 970 Rodulphi

2239 1010 2402 1064 super
2444 996 2703 1064 Henrico,
2740 996 2909 1068 quod,
2948 997 3081 1051 nulli
3126 996 3244 1052 loco
3292 996 3535 1066 nullique
3575 1008 3825 1066 persow

2238 1105 2463 1161 parcens
2492 1091 2810 1163 religionem
2836 1091 3256 1161 Transalpinam
3281 1095 3587 1145 contereret
3614 1097 3671 1143 et
3690 1103 3827 1143 con-

2237 1184 2475 1238 culcaret
2525 1185 2846 1240 :neminem
2898 1184 3116 1241 debitus
3157 1185 3334 1240 honor
3380 1183 3462 1238 vel
3515 1182 3828 1237 reverentia

2237 1276 2320 1331 vel
2341 1276 2577 1349 dignitas
2602 1286 2864 1345 tueretur,
2894 1287 2949 1334 et
2969 1294 3068 1334 ceu
3084 1278 3207 1332 vilia
3228 1276 3498 1349 mancipia
3518 1292 3632 1331 non
3656 1276 3827 1332 modo

2236 1370 2562 1438 sacerdotes,
2589 1372 2684 1428 sed
2717 1373 2881 1427 etiam
2912 1372 3147 1443 episcopi
3185 1370 3687 1442 archiepiscopique
3736 1386 3827 1425 ca-

2239 1474 2511 1533 perentur,
2567 1465 2897 1538 vinculisque
2992 1466 3455 1537 manciparentur,
3516 1463 3827 1535 partimque

2237 1558 2655 1614 trucidarentur.
2700 1562 3072 1616 Decreverunt
3116 1576 3244 1630 ergo
3286 1556 3639 1632 quamplures
3687 1572 3827 1613 con-

2233 1652 2341 1705 cilii
2370 1652 2423 1705 in
2454 1652 2594 1707 illius
2652 1651 2993 1723 tyrannidem
3041 1652 3280 1725 gladium
3323 1651 3687 1725 apostolicum
3731 1649 3827 1705 de-

528 1758 687 1796 cruce
714 1718 1005 1812 pependit,
1039 1751 1092 1797 et
1121 1741 1174 1796 in
1215 1718 1535 1813 sanguinem
1576 1744 1669 1815 qui
1699 1744 1767 1799 de
1796 1718 1912 1815 ejus
1953 1743 2121 1798 latere
2152 1718 2199 1780 B
2232 1744 2357 1800 bere
2384 1718 2688 1817 evaginari;
2738 1746 2833 1802 sed
2857 1718 3073 1802 distulit
3108 1718 3407 1818 apostolica
3434 1743 3824 1801 mansuetudo.

531 1836 720 1890 militis
754 1836 965 1892 effusus
1006 1844 1089 1891 est
1130 1836 1341 1899 lancea,
1381 1838 1681 1903 asserebat,
1736 1846 1900 1908 atque
1928 1846 2121 1892 aucto-

522 1928 775 1984 ritatibus
841 1929 1181 2001 [rationibus]
1294 1914 1724 1987 orthodoxorum
1807 1940 2124 1987 sanctorum

525 2025 774 2090 Patrum,
802 2030 913 2077 tam
963 2025 1287 2080 Graecorum
1338 2042 1505 2097 quam
1562 2025 1912 2091 Latinorum,
1947 2025 2125 2080 modis

529 2114 1141 2171 omnibusdefendebat.
1179 2118 1419 2189 Quidam
1451 2134 1578 2173 vero
1611 2119 1855 2173 caecitate
1874 2118 2047 2173 nimia
2071 2127 2126 2173 et

530 2206 691 2278 longa
731 2208 983 2278 perculsi,
1030 2210 1264 2281 ﬁguram
1318 2221 1530 2266 tantum
1586 2211 1941 2267 substantiale
1991 2210 2122 2266 illud

529 2315 727 2371 corpus
775 2301 829 2355 in
859 2302 1077 2357 dextera
1127 2305 1304 2359 Patris
1332 2305 1525 2360 sedens
1552 2321 1689 2371 esse,
1722 2320 1885 2375 seque
1914 2312 1968 2360 et
1992 2304 2125 2358 alios

530 2392 862 2463 decipientes
891 2394 1140 2467 [ﬁgurate
1180 2406 1394 2453 tantum
1439 2413 1495 2453 se
1547 2414 1713 2469 quam
1754 2399 1892 2453 alios
1975 2397 2123 2453 deci-

530 2487 757 2555 pieutes]
845 2488 1174 2559 quibusdam
1267 2490 1701 2547 cavillationibus
1782 2489 2123 2546 conabantur

523 2588 779 2636 astruere.
831 2584 1037 2637 Verum
1090 2583 1181 2638 ubi
1235 2585 1397 2655 οωρίῐ
1450 2601 1536 2641 res
1591 2586 1715 2657 agi,
1761 2585 1909 2655 prius
1955 2585 2121 2639 etiam

522 2690 691 2745 quam
721 2675 875 2731 tertia
911 2676 997 2732 die
1048 2686 1272 2733 ventum
1325 2679 1486 2734 fuerit
1535 2680 1589 2734 in
1633 2679 1865 2750 synodo,
1920 2677 2123 2735 defecit

523 2776 715 2823 contra
750 2770 1028 2825 veritatem
1062 2772 1159 2826 niti
1191 2788 1313 2842 pars
1341 2772 1531 2839 altera,
1561 2788 1758 2843 nempe
1794 2773 1967 2828 sancti
1999 2773 2120 2843 Spi-

520 2860 658 2917 ritus
688 2862 826 2933 ignis
856 2868 1001 2929 (446)
1032 2864 1399 2919 emolumenta
1433 2866 1713 2936 palearum
1747 2882 2109 2933 consumens,

522 2963 574 3010 et
607 2954 817 3027 fulgore
845 2972 944 3012 suo
972 2956 1165 3012 falsam
1203 2958 1381 3013 lucem
1436 2958 1837 3015 diverberando
1886 2960 2112 3015 obtene-

518 3048 707 3119 brans,
747 3050 923 3105 noctis
971 3050 1259 3122 caliginem
1306 3053 1468 3107 vertit
1516 3053 1573 3107 in
1618 3054 1817 3109 lucem.
1866 3054 2114 3125 Denique

521 3145 879 3215 Berengarius
916 3143 1076 3215 hujus
1096 3145 1295 3200 erroris
1327 3147 1605 3217 magister,
1642 3156 1765 3216 post
1792 3146 1954 3217 longo
1978 3114 2113 3201 tem-
2151 3114 2194 3175 Ο

522 3250 653 3305 pore
682 3236 1110 3309 dogmatizatam
1160 3240 1521 3309 impietatem,
1555 3255 1762 3296 errasse
1816 3257 1873 3297 se
1923 3256 2113 3298 coram

518 3329 748 3385 concilio
794 3329 1058 3403 frequenti
1110 3330 1411 3400 confessus,
1458 3332 1779 3404 veniamque
1834 3336 2114 3404 postulans

520 3429 574 3478 et
602 3440 763 3480 orans
804 3441 868 3480 ex
924 3426 1222 3495 apostolica
1273 3426 1555 3482 clementia
1613 3428 1847 3494 meruit,
1872 3427 2108 3499 juravit-

514 3533 621 3588 que
646 3523 795 3585 (447)
842 3519 981 3575 sicut
1025 3520 1082 3574 in
1105 3520 1570 3592 consequentibus
1595 3522 1925 3578 continetur.

517 3654 905 3722 Jusjurandum
934 3658 1243 3724 Berengarii
1272 3660 1589 3712 Turonensis
1605 3661 1908 3727 presbyteri
1942 3666 2107 3727 (448).

592 3793 707 3866 Ego
735 3796 1092 3866 Berengarius
1139 3796 1307 3852 corde
1357 3796 1541 3863 credo,
1589 3806 1645 3853 et
1697 3816 1792 3856 ore
1848 3801 2114 3858 conﬁteor

520 3899 721 3957 panem
759 3894 814 3942 et
850 3888 1038 3942 viuum
1065 3904 1186 3959 quae
1216 3897 1491 3959 ponuntur
1522 3890 1577 3943 in
1608 3892 1763 3946 altari
1791 3909 1885 3964 per
1911 3902 2113 3966 myste-

516 3976 665 4035 rium
695 3994 861 4035 sacrae
908 3981 1166 4035 orationis
1194 3989 1248 4035 et
1294 3982 1456 4037 verba
1503 3984 1677 4038 nostri
1724 3985 2114 4058 Redemptoris

512 4072 942 4129 substantialiter
990 4075 1227 4129 converti
1274 4076 1330 4129 in
1373 4092 1550 4130 veram
1588 4084 1641 4131 et
1714 4080 1999 4149 propriam
2047 4098 2112 4137 ac

516 4167 921 4223 viviﬁcatricem
969 4184 1191 4223 carnem
1245 4178 1299 4223 et
1340 4171 1663 4241 sanguinem
1710 4173 1841 4229 Jesu
1912 4175 2111 4231 Christi

516 4259 745 4314 Domini
772 4262 970 4328 nostri,
999 4268 1054 4315 et
1085 4270 1207 4331 post
1248 4265 1719 4321 consecrationem
1748 4282 1869 4323 esse
1921 4284 2107 4325 verum

515 4351 711 4454 Christi
736 4368 953 4424 corpus,
1162 4364 1350 4410 natum
1381 4365 1463 4411 est
1506 4356 1572 4413 de
1597 4360 1841 4431 Virgine,
1875 4371 1931 4417 et
1957 4364 2103 4435 quod
2128 4387 2186 4454 Β

513 4464 614 4519 pro
629 4448 803 4503 salute
820 4446 1011 4502 mundi
1035 4447 1281 4504 oblatum
1308 4449 1359 4504 in
1390 4468 1570 4519 cruce,
1590 4454 1869 4524 pependit,
1888 4457 2104 4529 etquod

513 4541 667 4597 sedet
708 4540 775 4596 ad
832 4541 1113 4596 dexteram
1166 4542 1367 4612 Patris,
1422 4552 1476 4598 et
1546 4562 1733 4601 verum
1780 4548 2106 4619 sanguinem

513 4631 733 4694 Christi,
781 4633 873 4705 qui
904 4633 969 4688 de
994 4634 1158 4689 latere
1204 4635 1322 4706 ejus
1364 4635 1571 4692 effusus
1597 4648 1697 4707 est,
1748 4655 1860 4695 non
1888 4648 2104 4698 tantum

514 4741 608 4796 per
655 4727 873 4799 signum
905 4736 959 4783 et
994 4730 1249 4785 virtutem
1281 4735 1630 4801 sacramenti,
1662 4734 1759 4790 sed
1781 4735 1833 4790 in
1858 4738 2102 4809 proprie-

515 4828 624 4876 tate
644 4829 852 4876 naturze
883 4828 938 4876 et
962 4822 1191 4878 veritate
1215 4824 1554 4892 substantiae,
1577 4828 1713 4883 sicut
1730 4829 1782 4883 in
1811 4828 1913 4886 hoc
1956 4830 2101 4887 brevi

510 4908 844 4978 continetur,
870 4918 923 4965 et
951 4925 1051 4979 ego
1083 4911 1207 4982 legi,
1250 4919 1303 4967 et
1328 4913 1757 4988 vosiutelligitis.
1786 4918 1875 4973 Sic
1912 4919 2098 4985 credo,

510 5017 611 5058 nec
653 5011 843 5058 contra
876 5001 1013 5057 hanc
1042 5002 1205 5059 ﬁdem
1233 5004 1460 5061 ulterius
1480 5006 1707 5063 docebo.
1733 5010 1821 5065 Sic
1840 5025 1929 5065 me
1949 5014 2100 5067 Deus

508 5095 747 5166 adjuvet,
779 5104 832 5150 et
848 5094 963 5151 haec
993 5105 1186 5151 sancta
1207 5097 1311 5152 Dei
1339 5099 1651 5171 Evangelia.

500 5270 503 5273 Α
580 5193 735 5244 Tunc
764 5188 1003 5245 domnus
1018 5203 1153 5259 papa
1183 5191 1437 5262 praecepit
1466 5193 1795 5265 Berengario
1824 5210 1888 5251 ex
1908 5204 2093 5253 aucto-

506 5328 562 5381 in
599 5340 808 5397 annoso
837 5325 974 5381 libro
1006 5325 1351 5381 decretorum
1380 5330 1701 5397 pontiﬁcum
1744 5330 1846 5387 sub
1875 5332 2093 5391 decreto

506 5396 973 5521 Gigaggi-iit'papaz.
1002 5396 1397 5454 Hasntimusi
1433 5430 1502 5440 —
1525 5403 1741 5458 Dantur
1772 5403 2041 5462 variantes
2065 5422 2094 5461 e

506 5483 572 5521 co
614 5509 626 5521 .
724 5482 756 5519 υ
787 5482 861 5520 in.

505 5482 626 5522 οοα.
662 5482 861 5520 Μυιιῑι.

577 5537 724 5608 (143)
758 5536 908 5610 Vald.
950 5553 1111 5610 pttptl.’
1136 5542 1369 5607 septimi.
1396 5542 1591 5598 Hann.

572 5613 720 5675 (444)
748 5608 949 5664 Eadem
1002 5608 1272 5686 babentur
1305 5628 1453 5686 pag.°
1487 5621 1587 5669 214
1620 5623 1762 5672 tom.
1814 5621 1861 5685 Ι,
1892 5618 2088 5676 biblio-

502 5679 676 5737 thecae
703 5695 860 5736 novae
886 5696 990 5736 ms.
1027 5679 1323 5737 librorum'
1346 5679 1406 5739 iii
1452 5686 1721 5744 Chronico
1760 5679 2089 5749 Virdunensi

501 5751 750 5825 Hugouis
778 5750 988 5811 abbatis
1005 5752 1448 5813 Flaviniacensis.

2229 1840 2555 1894 Juraverunt
2590 1840 2757 1910 igitur
2790 1840 2953 1912 legati
2989 1840 3219 1895 Henrici
3245 1840 3387 1910 regis
3410 1837 3541 1894 illud
3584 1837 3739 1909 quod
3770 1838 3824 1891 in

2233 1932 2583 2003 sequentibus
2626 1934 2892 2004 scriptum
2924 1934 3211 2004 reperitur.

2408 2050 2810 2101 Sacramentum
2846 2049 3157 2101 nuntiorum
3184 2047 3411 2102 Henri'ci
3439 2045 3602 2112 regis.

2306 2156 2490 2227 Legati
2534 2156 2740 2211 domini
2778 2157 2884 2212 mei
2916 2158 3061 2229 regis
3097 2156 3164 2212 ad
3190 2172 3285 2211 vos
3306 2156 3525 2211 venient
3554 2154 3698 2210 infra
3720 2163 3821 2209 ter-

2230 2248 2443 2304 minum
2495 2251 2840 2307 Ascensionis
2869 2251 3119 2316 Domini,
3158 2250 3400 2319 exceptis
3431 2248 3693 2319 legimitis
3737 2264 3824 2303 so-

2232 2342 2340 2397 niis
2371 2344 2519 2411 (449)
2545 2343 2598 2399 id
2640 2353 2721 2400 est
2764 2352 2964 2413 morte,
3034 2346 3111 2399 vel
3162 2344 3309 2415 gravi
3352 2343 3695 2409 inﬁrmitate,
3746 2341 3824 2396 vel

2231 2437 2478 2505 captione
2516 2438 2719 2509 absque
2763 2438 2913 2507 dolo,
2964 2438 3054 2509 qui
3088 2437 3315 2509 legatos,
3371 2438 3642 2492 Romanae
3679 2433 3824 2490 sedis

2229 2544 2415 2585 secure
2452 2530 2650 2587 ducent
2687 2540 2741 2586 et
2768 2531 3049 2599 reducent,
3082 2540 3137 2587 et
3154 2528 3418 2586 dominus
3441 2545 3534 2585 rex
3558 2528 3824 2585 obediens

2230 2624 2331 2677 erit
2356 2624 2459 2679 illis
2492 2624 2548 2679 in
2574 2624 2833 2680 omnibus
2853 2624 3157 2681 secundum
3178 2624 3451 2696 justitiam
3479 2621 3823 2693 etjudicium

2228 2716 2447 2772 illorum
2474 2736 2487 2772 :
2520 2726 2574 2773 et
2603 2718 2719 2775 haec
2749 2718 2935 2774 omnia
2959 2718 3274 2775 observabit
3300 2716 3508 2789 absque
3532 2714 3687 2781 dolo,
3718 2714 3824 2769 nisi

2227 2817 2495 2878 quantum
2524 2810 2855 2881 exjussione
2881 2818 3059 2866 vestra
3099 2809 3449 2875 remanserit,
3478 2816 3533 2865 et
3558 2808 3683 2864 haec
3696 2807 3824 2880 juro

2226 2919 2287 2956 ex
2318 2913 2587 2974 praecepto
2608 2904 2815 2961 domini
2838 2904 2946 2960 mei
2977 2905 3118 2976 regis
3146 2903 3386 2959 Henrici.

2226 3015 2624 3082 Jusjurandum
2653 3020 2967 3071 nuntiorum
3018 3016 3292 3086 Rodulphi
3312 3017 3472 3083 regis,
3524 3017 3825 3083 itidemque

2654 3089 2953 3158 Rodulphi,
2980 3088 3123 3156 quod
3136 3089 3405 3157 sequitur.

2296 3197 2349 3251 Si
2392 3197 2724 3268 colloquium
2780 3214 2846 3253 ex
2902 3207 3081 3254 vestro
3122 3205 3396 3270 praecepto
3446 3195 3823 3252 constitutum

2222 3290 2384 3346 fuerit
2423 3292 2475 3346 in
2500 3292 2740 3363 partibus
2783 3293 3118 3360 Teutonicis,
3150 3294 3271 3348 loco
3311 3300 3363 3347 et
3390 3298 3639 3361 tempore
3668 3307 3702 3347 a
3728 3306 3827 3345 vo-

2215 3383 2304 3439 bis
2347 3384 2594 3452 deﬁnito,
2643 3395 2768 3442 ante
2820 3388 3168 3457 praesentiam
3211 3394 3442 3442 vestram
3486 3384 3569 3439 vel
3609 3385 3821 3457 legato-

2225 3493 2347 3532 rum
2391 3487 2698 3535 vestrorum
2737 3479 2994 3536 dominus
3022 3488 3208 3536 noster
3246 3494 3340 3535 rex
3374 3476 3713 3548 Rodulphus
3743 3476 3821 3531 vel

2222 3571 2333 3640 ipse
2361 3573 2556 3640 veniet,
2581 3573 2663 3628 vel
2694 3574 2984 3645 episcopos
3018 3581 3075 3629 et
3097 3572 3281 3649 ﬁdeles
3316 3587 3445 3628 suos
3472 3571 3679 3638 mittet,
3731 3586 3824 3641 pa-

2221 3673 2481 3735 ratusque
2512 3666 2617 3721 erit
2638 3665 2910 3738 judicium
2931 3667 3079 3739 quod
3097 3675 3284 3722 sancta
3303 3669 3552 3721 Romana
3574 3664 3821 3721 Ecclesia

2222 3756 2524 3813 decreverit
2550 3758 2618 3814 de
2644 3775 2803 3815 causa
2829 3760 2981 3833 regni
3011 3759 3215 3826 subire,
3236 3759 3499 3829 nulloque
3544 3756 3697 3813 malo
3730 3759 3819 3813 iu-

2222 3849 2381 3922 genio
2411 3859 2741 3907 conventum
2769 3869 2800 3907 a
2827 3853 2985 3909 vobis
3038 3854 3147 3909 sive
3172 3853 3359 3925 legatis
3397 3852 3587 3908 vesti-'3
3609 3850 3819 3908 consti-

2220 3950 2400 3998 tutum
2426 3943 2700 4015 impediet,
2741 3955 2815 4012 et,
2849 3954 3142 4018 postquam
3167 3954 3381 4001 certum
3411 3944 3540 4001 inde
3570 3951 3819 4003 vestrum

2220 4036 2473 4093 nuntium
2504 4037 2707 4094 videbit
2734 4039 2800 4094 de
2831 4055 2958 4111 pace
3011 4040 3068 4094 in
3113 4055 3281 4110 regno
3328 4036 3711 4095 constituenda
3759 4044 3819 4092 et

2217 4129 2613 4199 conﬁrmanda,
2645 4131 2884 4189 studebit
2910 4141 2967 4189 ut
2993 4133 3191 4206 legatio
3219 4141 3405 4189 vestra
3432 4130 3717 4202 provenire
3739 4129 3817 4185 ad

2219 4238 2410 4294 pacem
2442 4226 2595 4296 regni
2623 4234 2678 4281 et
2708 4226 3059 4282 concordiam
3093 4225 3287 4297 possit.
3317 4226 3453 4281 Haec
3496 4223 3687 4280 omnia
3717 4222 3821 4279 ob-

2217 4318 2580 4373 servabuntur
2626 4319 2733 4374 nisi
2762 4330 3031 4391 quantum
3077 4335 3145 4375 ex
3197 4326 3377 4376 vestra
3416 4325 3563 4375 certa
3595 4317 3823 4373 licentia

2219 4412 2560 4478 remanserit,
2602 4412 2684 4467 vel
2713 4428 2778 4468 ex
2834 4412 3228 4485 impedimento
3284 4412 3549 4484 legitimo,
3603 4410 3823 4467 scilicet

2221 4514 2419 4571 morte,
2450 4504 2531 4559 vel
2548 4506 2695 4576 gravi
2725 4505 3066 4575 inﬁrmitate,
3097 4507 3177 4561 vel
3207 4506 3479 4577 captione,
3506 4503 3627 4561 sine
3660 4504 3821 4561 dolo.

2393 4622 2797 4676 Sacramentum
2827 4623 3208 4692 archiepiscopi
3235 4622 3622 4691 Aquileiensis.

2288 4731 2497 4785 Juravit
2518 4731 2663 4787 idem
2694 4732 2886 4789 eodem
2902 4742 3149 4803 tempore
3171 4731 3615 4804 archiepiscopus
3642 4730 3824 4802 Aqui-

2216 4821 2428 4880 leiensis
2477 4825 2749 4882 Henricus
2780 4825 3081 4882 secundum
3128 4824 3249 4881 haec
3294 4824 3457 4880 verba
3511 4842 3523 4877 :
3568 4822 3658 4878 Ab
3715 4822 3823 4878 hac

2210 4916 2345 4972 hora
2373 4925 2427 4973 et
2446 4917 2664 4974 inantea
2693 4918 2871 4975 ﬁdelis
2904 4935 2997 4976 ero
3018 4918 3180 4975 beato
3212 4922 3375 4975 Petro
3402 4926 3457 4973 et
3484 4931 3641 4990 papa:
3666 4916 3821 4974 Grc-

2210 5011 2390 5081 gorio,
2419 5011 2637 5083 suisque
2669 5012 3099 5078 successoribus,
3142 5011 3233 5083 qui
3263 5028 3359 5084 per
3382 5011 3637 5067 meliores
3686 5025 3820 5067 car-

2208 5102 2417 5160 dinales
2466 5104 2783 5160 intraverint
2826 5124 2841 5162 :
2886 5107 3017 5162 .Nou
3076 5121 3207 5178 ergo
3261 5108 3445 5174 [for-te,
3504 5106 3628 5160 Non
3682 5118 3815 5167 ero,

2207 5199 2435 5266 Hann,
2463 5201 2539 5253 sic
2579 5204 2629 5253 et
2666 5201 2726 5253 in
2744 5198 2965 5271 ﬁlatim]
2992 5199 3048 5253 in
3075 5198 3323 5266 consilio,
3353 5212 3531 5269 neque
3550 5196 3607 5253 in
3631 5194 3818 5263 facto,

2279 5341 2421 5401 (445)
2469 5334 2614 5391 Vald.
2640 5336 2751 5389 alia
2780 5337 3153 5392 sentientibus.
3174 5338 3375 5393 Hann.

2274 5412 2415 5471 (446)
2463 5405 2615 5461 Vald.
2648 5408 2997 5463 emolimenta.
3026 5411 3221 5464 Hann.

2277 5482 2427 5541 (447)
2471 5476 2633 5533 Vald.
2667 5481 2805 5533 sicut
2834 5496 2975 5533 nunc
3024 5482 3099 5534 in.
3128 5482 3333 5538 Hann.

2272 5550 2417 5613 (448)
2457 5547 2630 5603 Uncis
2659 5547 2865 5605 inclusa
2920 5549 3138 5607 desunt.

2272 5617 2415 5690 (449)
2456 5620 2579 5675 Sive
2605 5622 2833 5688 exoratis,
2864 5620 2968 5677 hoc
3014 5630 3096 5677 est
3137 5620 3397 5693 legitimis
3430 5617 3816 5693 excusationi-

2199 5687 2300 5745 bus
2334 5687 2468 5763 qua:
2505 5687 2933 5763 causwgsonticazr
2958 5687 3238 5749 dicuntur.
3270 5692 3388 5749 Cod
3428 5690 3629 5763 Mittin.
3665 5689 3811 5760 fert,

2198 5760 2381 5819 causis
2400 5762 2596 5819 mortis
2614 5761 2695 5819 vel
2719 5763 2904 5834 gravis
2923 5762 3252 5822 inﬁrmitatis
3269 5763 3355 5821 vel
3383 5760 3678 5833 captionis.
3700 5788 3813 5833 ἐκ,
