4048 6174
261 266 353 317 813
534 242 537 245 ’
690 334 691 337 γ
1459 271 1814 329 common
1852 275 1862 327 ι

1959 276 2181 331 ΗΑΝΠΜ
2223 277 2327 330 Vll.

258 395 311 441 ut
355 386 523 442 vitam
569 395 664 442 aut
713 386 959 444 membra
1000 396 1096 446 aut
1132 400 1402 463 papatum
1438 395 1692 465 perdant,
1746 406 1839 452 aut
1872 403 1922 464 Α

254 480 390 550 capti
417 480 531 536 sint
559 482 702 536 mala
732 483 1005 552 captione.
1041 484 1125 541 Ad
1148 486 1421 558 synodum
1449 490 1519 546 ad
1547 506 1713 562 quam
1745 508 1836 546 me

258 573 519 629 vocabunt
546 574 627 629 vel
665 591 761 645 per
796 592 874 644 se,
914 577 997 633 vel
1041 595 1135 649 per
1168 596 1300 637 suos
1340 583 1584 649 nuntios,
1632 584 1712 638 vel
1745 600 1839 655 per

252 683 373 723 suas
409 668 638 734 litteras,
670 669 905 737 veniam,
937 679 991 726 et
1027 674 1290 730 canonice
1326 676 1612 745 obediam;
1643 686 1757 741 aut,
1794 678 1834 731 si

249 777 355 817 non
382 770 594 831 potero,
636 762 843 835 legatos
872 780 1025 820 meos
1061 767 1297 823 mittam.
1333 771 1597 840 Papatum
1626 774 1838 827 Roma-

252 870 380 911 num
406 864 461 910 et
487 856 685 926 regalia
716 858 887 912 sancti
934 860 1073 914 Petri
1116 860 1333 931 adjutor
1365 878 1459 918 ero
1488 863 1556 919 ad
1596 864 1837 920 retinen-

248 948 377 1004 dum
412 948 915 1017 etdefendendum,
957 952 1107 1009 salvo
1132 969 1256 1011 meo
1294 955 1505 1012 ordine.
1539 958 1837 1014 Consilium

250 1058 379 1099 vero
413 1043 565 1114 quod
604 1044 736 1099 mihi
762 1044 1093 1101 crediderint
1121 1063 1214 1118 per
1241 1064 1321 1117 se,
1354 1059 1449 1105 aut
1480 1067 1575 1122 per
1610 1052 1838 1107 nuntios

244 1153 396 1204 suos,
428 1138 544 1193 sive
566 1153 659 1208 per
688 1139 917 1206 litteras,
948 1141 1081 1195 nulli
1112 1142 1371 1212 pandam,
1402 1159 1490 1199 me
1516 1145 1743 1210 sciente,
1770 1145 1838 1200 ad

244 1246 437 1287 eorum
479 1230 766 1287 damnum.
799 1236 1069 1304 Legatum
1098 1237 1421 1291 Romanum
1459 1237 1639 1293 eundo
1667 1248 1721 1293 et
1750 1254 1839 1293 re-

242 1323 469 1380 deundo
502 1324 799 1382 honoriﬁce
824 1327 1095 1397 tractabo,
1118 1338 1172 1384 et
1204 1331 1260 1385 in
1291 1332 1700 1388 necessitatibus
1728 1333 1839 1387 suis

242 1418 534 1489 adjuvabo.
569 1420 668 1476 His
704 1436 842 1492 quos
877 1423 1207 1479 nominatim
1245 1425 1840 1482 excommunicaverint

241 1512 482 1568 scienter
532 1530 643 1569 non
698 1517 1139 1573 communicabo.
1192 1520 1506 1574 Romanam
1538 1520 1836 1575 Ecclesiam

245 1622 341 1676 per
370 1606 693 1664 saecularem
726 1609 979 1665 militiam
1012 1610 1243 1668 ﬁdeliter
1272 1612 1563 1683 adjuvabo,
1593 1629 1721 1669 cum
1750 1614 1836 1668 in-

244 1701 452 1757 vitatus
486 1700 661 1757 luero.
695 1704 828 1759 Haec
856 1705 1040 1759 omnia
1072 1705 1395 1770 observabo,
1438 1707 1540 1761 nisi
1570 1716 1837 1777 quantum

2974 216 2996 243 Ι

3439 291 3542 344 814

2388 415 2563 457 NOTE
2602 416 2885 461 SBVBRINI
2924 421 3103 465 BIN".

2020 494 2337 576 Concilium.
2360 495 2594 576 _(_)um.in
2616 496 2718 551 hac
2746 499 3293 576 synodoBerengar-ii
3323 503 3545 561 haeresis

1948 562 2207 638 damnata
2230 564 2417 635 fuerit,
2442 566 2563 638 quis
2588 584 2700 622 non
2720 562 2869 625 videt
2894 562 3224 630 calumniam
3253 591 3371 631 esse
3394 592 3545 631 men-

1949 634 2327 709 d_acissimam,
2363 634 2474 709 qua
2500 639 2795 709 Gregorius
2828 642 2882 697 in
2911 644 3274 701 conciliabulo
3304 650 3543 709 Mogun—

1949 704 2066 787 tino
2106 704 2397 787 propterea
2433 704 2726 787 damnatus
2754 710 2917 787 fuisse
2956 717 3235 787 asseritur,
3268 704 3541 787 quodJan-

1950 777 2134 860 tniquus
2164 778 2457 860 discipulus
2498 783 2808 860 Berengarii
2854 782 3171 860 exstiterit?
3218 777 3367 844 inter
3411 777 3546 844 alias

1948 848 2199 929 Gregorii
2230 848 2875 929 epistolasesstat'unica
2906 856 3082 926 primo
3116 875 3263 914 anno
3294 860 3377 916 sui
3407 877 3545 929 pon-

1950 919 2189 1002 tiﬁcatus
2214 919 2287 1002 _ad
2330 920 2659 1002 mathildem
2685 919 3039 1002 s_cripta_,'qua
3072 930 3347 986 evidenter
3376 919 3542 1002 proﬁ-

1948 998 2113 1074 tetur,
2146 992 2247 1072 sub
2272 992 2554 1074 speciebus
2585 994 2739 1074 panis
2762 992 2820 1074 et
2843 992 2968 1074 vini'
2984 1014 3108 1055 vere
3138 1002 3317 1074 ipsum
3345 992 3544 1073 corpus

1948 1068 2003 1142 et
2028 1062 2355 1144 sanguinem
2379 1062 2601 1144 Domini
2628 1065 2921 1132 contineri;
2954 1084 3077 1144 quae
3106 1062 3265 1127 unica
3291 1062 3543 1144 epistola,

1944 1132 1988 1186 si
2027 1132 2238 1208 nullum
2286 1133 2432 1189 aliud
2462 1146 2902 1208 monumentum
2947 1132 3223 1208 existeret,
3268 1132 3548 1201 sufﬁciens

1948 1213 2087 1259 esset
2117 1205 2186 1283 ad
2214 1206 2621 1283 integerrimam
2654 1207 2817 1283 ﬁdem
2850 1211 3102 1282 Gregorii
3132 1205 3287 1283 papae
3317 1214 3546 1272 demon-

1946 1276 2252 1343 strandam,
2289 1285 2345 1330 et
2386 1277 2455 1332 ad
2496 1276 3454 1341 schismatic‘orum'calumniantium
3484 1302 3547 1342 os

1948 1345 2234 1417 impudens
2262 1349 2675 1405 obstruendum.

2018 1420 2079 1498 In
2115 1418 2219 1498 hoc
2250 1419 2483 1475 concilio
2519 1423 2576 1475 S.
2621 1424 2957 1498 Brunonem,
3001 1427 3091 1497 qui
3122 1427 3289 1498 paulo
3321 1435 3444 1497 post
3467 1426 3546 1483 Si—

1946 1489 2087 1571 grtiae
2115 1491 2397 1571 episcopus
2433 1501 2665 1571 creatus
2702 1502 2812 1561 est,
2863 1489 3549 1571 adversus-Berengarium

1947 1561 2268 1641 disputasse,
2287 1570 2405 1641 acta
2432 1562 2565 1618 Vitae
2593 1564 2736 1641 illius
2760 1573 3100 1641 attestantur.
3133 1561 3550 1641 Petrusvlgneus

1950 1633 2272 1711 Albanensis
2313 1635 2597 1711 episcopus
2634 1636 2838 1711 missus
2861 1638 3195 1711 estlegatus
3225 1641 3277 1695 in
3321 1633 3550 1697 Germa-

1950 1705 2120 1771 niam,
2158 1712 2345 1775 estque
2372 1704 2446 1784 illi
2476 1704 2764 1784 adjunctus
2787 1704 3082 1784 Udalricu's
3124 1711 3410 1784 Pataivinus
3438 1713 3552 1784 epi-

241 1809 339 1851 sua
354 1804 507 1851 certa
524 1795 736 1852 licentia
759 1798 1083 1854 remanserit
1103 1797 1265 1870 [forte
1290 1800 1581 1867 remiseris,
1611 1800 1836 1872 Hann]
1872 1797 1916 1859 Β
1948 1791 2163 1872 ξξδξᾞξῗ
2198 1775 2466 1872 ELE’aﬂ'L
2488 1778 2910 1872 B?_Fﬂ'§’]‘_i_“s._i_n
2930 1780 3211 1872 9“”???
3238 1783 3363 1872 ,hoc,
3379 1799 3543 1872 ἒξέοίῖζ

312 1956 792 2014 Excommunicati
838 1966 969 2014 sunt
1015 1959 1068 2014 in
1100 1960 1291 2016 eadem
1333 1960 1548 2031 synodo
1591 1961 1711 2017 sine
1748 1978 1841 2031 Spe

244 2052 681 2122 recuperationis
722 2052 1163 2124 archiepiscopus
1208 2053 1599 2121 Narbonensis,
1643 2054 1842 2110 Tedal-

240 2143 343 2199 dus
376 2144 736 2213 [Thebaldus]
774 2145 953 2202 dictus
991 2146 1431 2219 archiepiscopus
1468 2147 1841 2204 Mediolanen-

242 2238 344 2305 sis,
400 2237 703 2310 Sigelridus
741 2239 921 2296 dictus
969 2240 1250 2312 episcopus
1291 2241 1672 2309 Bononiensis,
1726 2245 1844 2297 Ro-

240 2330 436 2387 landus
472 2332 850 2402 Tarvisiensis,
892 2334 1023 2389 item
1052 2334 1285 2405 episcopi
1320 2335 1610 2391 Firmanus
1654 2344 1708 2391 et
1738 2338 1841 2390 Ca-

243 2426 507 2481 merinus.
540 2426 611 2480 Hi
637 2442 829 2483 omnes
852 2443 980 2484 cum
1003 2428 1328 2500 sequacibus
1346 2429 1460 2485 suis
1488 2437 1601 2484 tam
1630 2430 1843 2486 clericis

245 2534 413 2589 quam
442 2520 603 2576 etiam
633 2520 799 2577 laicis.
842 2572 847 2579 .

542 2671 945 2725 Sacramentum
982 2671 1257 2738 Regiensis
1295 2671 1548 2741 episcozn'.

316 2815 433 2887 Ego
475 2815 841 2888 Gandulphus
872 2816 1198 2888 Regiensem
1243 2814 1611 2885 episcopatum
1656 2822 1846 2869 contra

246 2906 599 2965 interdictum
636 2918 901 2978 vestrum,
938 2919 1033 2966 aut
1064 2907 1221 2965 vestri
1262 2906 1445 2978 legati,
1489 2914 1614 2962 octo
1650 2906 1842 2963 diebus

246 3016 358 3056 non
403 3002 633 3069 tenebo,
678 3020 861 3077 neque
912 3005 1101 3076 aliquo
1149 3002 1423 3058 inveniam
1469 2998 1685 3066 studio,
1735 3017 1842 3071 quo

246 3103 438 3153 vestrae
466 3097 717 3169 legationi
755 3099 1059 3154 resistatur.
1103 3098 1191 3154 Sic
1219 3111 1308 3151 me
1340 3097 1489 3150 Deus
1518 3093 1762 3166 adjuvet,
1793 3104 1847 3150 et

246 3187 365 3245 hac
390 3198 578 3246 sancta
607 3192 707 3247 Dei
734 3192 1045 3264 Evangelia.

1951 1849 2169 1926 I’raater
2200 1846 2315 1926 haec
2366 1847 2773 1926 alia_quz_edam
2826 1848 2883 1904 in
2930 1850 3291 1926 ista___synodo
3346 1855 3549 1926 agitata

1951 1918 2113 1997 fuisse
2156 1918 2395 1997 indicant
2422 1919 2666 1997 epistolae
2709 1925 2774 1974 18
2814 1918 3126 1997 et~19,_lib'.
3171 1941 3256 1993 v1,
3301 1918 3439 1997 quas
3480 1942 3549 1997 ex

1950 1990 2051 2070 hac
2081 1988 2391 2115 synodotad
2425 1992 2778 2047 Parmensem
2800 1999 2856 2047 et
2877 1988 3340 2066 Bambergensem
3368 1996 3550 2054 Eccle-

1951 2076 2084 2115 siam
2116 2076 2306 2115 scrmsx
2340 2103 2351 2115 .

1951 2076 2084 2116 suam
2116 2076 2351 2132 scripsu.

2260 2178 2522 2220 ADDITIO
2550 2178 2831 2221 PHILIPPI
2874 2180 3088 2233 LABBE,
3120 2184 3169 2225 S.
3194 2184 3244 2225 εἰ.

2028 2255 2234 2313 Eodem
2254 2273 2397 2313 anno
2420 2258 2674 2330 Gregorii
2698 2275 2850 2330 papae
2870 2261 2966 2316 VII
2992 2269 3146 2317 sexto
3177 2261 3427 2319 habitum
3448 2262 3552 2321 fuit

1952 2348 2040 2405 die
2088 2367 2153 2406 1v
2212 2354 2395 2407 Nonas
2448 2351 2573 2408 Maii
2626 2355 2948 2408 Romanum
2998 2354 3142 2410 aliud
3191 2356 3486 2413 concilium
3540 2377 3552 2412 :

1961 2448 2171 2508 Utrum,
2222 2446 2447 2511 scilicet,
2490 2446 2626 2500 bona
2655 2448 3015 2503 Ecclesiarum
3055 2453 3261 2518 possint
3307 2453 3441 2521 poni
3491 2454 3553 2505 in

1950 2541 2170 2606 pignore
2195 2555 2294 2607 pro
2320 2542 2552 2607 pecunia
2589 2541 2889 2610 colligenda
2925 2542 3004 2596 ad
3044 2545 3395 2599 resistendum
3423 2546 3550 2601 Gui-

1956 2632 2119 2693 berto,
2142 2633 2530 2701 archiepiscopo
2555 2636 2860 2688 Ravennati
2878 2637 3173 2692 Romanam
3193 2638 3367 2693 sedem
3392 2640 3551 2694 inva—

1955 2725 2079 2778 dere
2128 2728 2365 2779 conantt.
2428 2723 2748 2782 Interfuisse
2792 2726 3078 2799 episcopos
3125 2740 3358 2800 quatuor
3426 2747 3554 2787 cum

1959 2816 2202 2886 pluribus
2246 2817 2633 2885 cardinalibus,
2680 2819 2970 2875 abbatibus
2996 2830 3050 2875 et
3077 2822 3554 2896 archipresbyteris
3652 2892 3653 2897 η

1958 2910 2124 2966 ﬁdem
2157 2909 2363 2966 faciunt
2394 2910 2506 2967 duo
2541 2912 2835 2981 pervetusti
2872 2913 3084 2969 codices
3110 2930 3239 2970 mss.
3273 2931 3411 2986 quos
3440 2933 3554 2988 pos

1952 3004 2161 3060 sidebat
2196 3004 2595 3061 illustrissimus
2620 3005 2882 3062 dominus
2920 3008 3112 3062 Petrus
3149 3007 3219 3064 de
3248 3010 3432 3064 Marca
3460 3026 3553 3066 ar-

1952 3097 2326 3169 chiepiscopus
2352 3097 2677 3166 'l‘olosanus,
2704 3106 2767 3154 ut
2804 3100 3117 3156 monuimus
3150 3116 3280 3173 pag.
3330 3107 3433 3157 379
3464 3103 3552 3157 lii-

1954 3191 2137 3247 storiae
2166 3200 2368 3247 nostrae
2405 3208 2719 3264 synopseos.

246 3310 3521 3339 Μ

1084 3407 1761 3500 CONCILIUM
1835 3406 2425 3496 ROMANUM
2496 3408 2717 3519 v11,

292 3556 361 3619 In
390 3581 502 3641 quo
544 3578 793 3638 regnum
807 3559 1155 3644 Germaniae
1190 3560 1452 3620 Henrico
1485 3560 1877 3644 abrogatum,
1919 3560 2199 3644 cottatum
2246 3559 2365 3644 fuit
2396 3558 2699 3644 Rodutfo,
2734 3579 2803 3620 ea
2831 3565 3248 3623 constitutione
3275 3560 3508 3644 addita,

675 3661 748 3702 ne
778 3642 1049 3719 deinceps
1083 3646 1444 3702 {moesttturae
1472 3641 1862 3779 beneﬁciorgn

1575 3740 1728 3781 anno
1823 3740 1854 3778 ο

2000 3641 2581 3780 ζαῖῧτὲςοσοηίτεναητπιγ
2609 3642 2702 3702 vet
2732 3646 3127 3722 accipiantur,

1959 3739 2005 3778 ’lt
2218 3767 2230 3779 .

1496 3838 1724 3906 (MANSI,
1757 3836 1953 3892 Concit.
1988 3836 2122 3901 XX,
2156 3838 2305 3899 531.)

322 4064 481 4118 Anno
523 4059 594 4116 ab
638 4061 1021 4118 Incarnatione
1063 4059 1287 4116 Domini
1326 4058 1616 4114 millesimo
1663 4066 1848 4113 octua-
1881 4062 1926 4123 (ζ
1958 4058 2182 4113 abbates
2214 4056 2497 4122 habeatur,
2545 4072 2647 4112 nec
2692 4057 2801 4112 ulla
2845 4057 2894 4112 ei
2937 4066 2993 4113 ut
3044 4058 3296 4130 episcopo
3334 4076 3436 4117 seu
3465 4061 3558 4116 ab-

251 4156 484 4223 gesimo,
511 4155 859 4227 pontiﬁcatus
882 4170 1015 4210 vero
1044 4153 1253 4210 domini
1283 4152 1529 4223 Gregorii
1569 4153 1665 4205 VII
1693 4168 1845 4221 papae

249 4262 397 4303 anno
434 4264 565 4316 vn,
612 4248 909 4305 indictione
959 4264 1061 4314 ιιι,
1108 4234 1401 4302 celebravit
1448 4246 1563 4316 ipse
1587 4244 1845 4299 dominus

246 4357 386 4413 papa
434 4342 706 4414 synodum
753 4345 971 4407 Romae,
1024 4340 1114 4396 ubi
1165 4338 1534 4395 interfuerunt
1578 4337 1844 4407 archiepi-

238 4438 420 4507 scopi,
452 4436 686 4507 episcopi
717 4439 793 4503 [et
813 4435 1075 4507 episcopi]
1109 4434 1443 4490 diversarum
1474 4431 1711 4496 urbium,
1746 4446 1843 4485 nec

236 4545 355 4585 non
399 4538 455 4585 et
495 4529 755 4585 abbatum
802 4545 866 4584 ac
904 4528 1249 4584 diversorum
1304 4526 1566 4581 ordinum
1624 4525 1845 4581 clerico-

233 4640 372 4678 rurn
412 4631 469 4679 et
492 4624 759 4679 laicorum
801 4621 1220 4677 innumerabilis
1251 4620 1568 4675 multitudo.
1612 4623 1676 4674 In
1714 4635 1841 4688 qua,

230 4718 540 4789 apostolica
610 4715 976 4787 [auctoritate]
1066 4715 1358 4770 constituta
1439 4714 1839 4779 corroborans,

234 4812 419 4866 multa
463 4825 597 4880 qua.
612 4809 937 4882 corrigenda
967 4817 1121 4864 erant
1162 4807 1429 4872 correxit,
1460 4815 1515 4862 et
1554 4822 1677 4878 quae
1719 4822 1838 4861 cor-

230 4902 558 4960 roboranda
603 4903 858 4959 ﬁrmavit.
910 4907 1055 4958 Inter
1102 4908 1297 4958 caetera
1347 4916 1581 4971 namque
1628 4901 1684 4955 in
1735 4900 1843 4954 ﬁne

230 4996 524 5068 synodalis
566 4996 928 5053 absolutionis
980 4994 1098 5051 haec
1141 4994 1426 5061 annexuit,
1467 5002 1523 5049 et
1569 5002 1843 5065 perpetua:

232 5091 535 5147 memoriae
562 5106 661 5161 pro
707 5089 938 5162 posteris
962 5088 1243 5146 scribenda
1294 5086 1593 5155 mandavit,
1642 5088 1716 5143 ita
1754 5087 1838 5143 di-

229 5183 417 5239 cendo
452 5204 463 5237 :

309 5280 357 5332 1.
408 5280 713 5348 Sequentes
759 5284 961 5332 statuta
1019 5283 1336 5332 sanctorum
1386 5278 1645 5340 Patrum,
1706 5274 1849 5330 sicut

234 5373 290 5427 in
339 5371 621 5442 prioribus
664 5370 927 5436 conciliis,
982 5385 1127 5442 quae,
1179 5373 1301 5425 Deo
1335 5370 1651 5435 miserante,
1698 5369 1840 5424 cele-

1957 4148 2069 4205 bati
2099 4150 2371 4205 audientia
2409 4149 2759 4205 concedatur.
2801 4153 3027 4221 Insuper
3053 4153 3216 4207 etiam
3245 4154 3291 4208 ei
3321 4155 3554 4225 gratiam

1955 4250 2009 4300 S.
2049 4244 2185 4299 Petri
2228 4252 2281 4297 et
2316 4244 2607 4298 introitum
2646 4244 2886 4299 ecclesia)
2916 4244 3321 4313 interdicimus,
3356 4264 3557 4319 quous-

1953 4355 2058 4410 quc
2091 4339 2291 4403 locum,
2324 4352 2486 4409 quem
2516 4336 2617 4391 sub
2643 4337 2870 4391 crimine
2898 4346 3011 4392 tam
3041 4339 3360 4394 ambitionis
3389 4328 3555 4411 quam

1954 4430 2333 4487 inobedientiae
2383 4433 2435 4497 (I
2475 4433 2605 4499 Reg.
2655 4433 2747 4494 xv)
2786 4429 2957 4501 (quod
2997 4438 3078 4485 est
3115 4433 3288 4488 scelus
3326 4432 3557 4489 idolola-

1952 4528 2090 4588 triae)
2163 4524 2340 4595 cepit,
2404 4521 2781 4595 resipiscendo
2849 4537 2958 4577 non
3019 4522 3238 4578 deserit.
3300 4525 3557 4581 Similiter

1952 4621 2115 4675 etiam
2185 4619 2253 4675 de
2319 4617 2667 4673 inferioribus
2730 4616 3115 4672 ecclesiasticis
3196 4616 3556 4690 dignitatibus

1951 4712 2357 4769 constituimus.

2024 4809 2089 4861 II.
2138 4808 2278 4860 Item
2323 4804 2368 4860 si
2419 4803 2543 4875 quis
2588 4803 3006 4875 imperatorum,
3062 4819 3277 4875 regum,
3323 4804 3553 4873 ducum,

1952 4898 2352 4967 marchionum,
2381 4896 2673 4964 comitum,
2715 4897 2795 4953 vel
2825 4897 3060 4968 quilibet
3085 4898 3430 4955 saacularium
3460 4917 3554 4971 po-

1951 4998 2209 5046 testatum
2264 4995 2360 5044 aut
2404 5001 2794 5058 personarum,
2836 4986 3221 5043 investituram
3269 4988 3549 5059 episcopa-

1952 5093 2114 5139 tuum
2141 5082 2226 5138 vel
2264 5081 2491 5153 alicujus
2520 5080 2899 5136 ecclesiasticae
2926 5078 3215 5151 dignitatis
3258 5080 3387 5137 dare
3415 5098 3551 5153 prae-

1953 5176 2266 5247 sumpserit,
2303 5174 2547 5247 ejusdem
2577 5174 2862 5230 sententia:
2891 5174 3106 5230 vinculo
3138 5189 3198 5230 se
3227 5174 3550 5231 obstrictum

1956 5287 2075 5328 esse
2116 5270 2271 5326 sciat.
2306 5271 2537 5339 Insuper
2564 5268 2750 5332 etiam,
2785 5266 2885 5323 nisi
2933 5268 3232 5338 resipiscat,
3275 5275 3331 5322 et
3365 5268 3549 5325 Eccle-

1952 5367 2049 5422 siae
2095 5362 2370 5436 propriam
2414 5361 2718 5417 libertatem
2748 5361 3013 5428 dimittat,
3063 5360 3262 5416 divinze
3308 5361 3551 5419 animad-

232 5435 544 5527 bravimus,
589 5463 656 5519 de
699 5435 1042 5520 ordinatione
1073 5462 1565 5518 ecclesiasticarum
1604 5461 1840 5533 dignita-
1870 5435 1921 5496 D
1952 5458 2213 5514 versionis
2241 5456 2503 5512 ultionem
2541 5455 2595 5511 in
2631 5454 2733 5511 hac
2762 5454 3017 5525 praesenti
3050 5454 3156 5509 vita
3196 5461 3308 5508 tam
3338 5452 3392 5510 in
3431 5473 3551 5513 cor-

230 5565 359 5613 tum
406 5557 736 5626 statuimus;
784 5558 855 5612 ita
896 5564 953 5612 et
991 5572 1141 5613 nunc
1178 5556 1477 5628 apostolica
1517 5554 1840 5611 auctoritate

226 5650 598 5708 decernimus
637 5666 703 5706 ac
743 5650 1137 5707 conﬁrmamus
1184 5658 1274 5723 ut,
1322 5649 1367 5705 si
1421 5649 1543 5720 quis
1590 5648 1839 5718 deinceps

221 5744 618 5817 episcopatum
659 5744 741 5799 vel
780 5743 1053 5800 abbatiam
1095 5742 1165 5798 de
1206 5759 1377 5799 manu
1418 5742 1647 5812 alicujus
1694 5740 1840 5795 laicaa

222 5853 494 5911 personae
540 5836 860 5907 susceperit,
897 5836 1209 5894 nullatenus
1247 5836 1388 5892 inter
1430 5836 1711 5906 episcopos
1760 5832 1839 5888 vel

1949 5566 2080 5624 pore
2105 5565 2207 5606 suo
2236 5565 2403 5621 quam
2441 5550 2647 5607 caeteris
2678 5549 2841 5606 rebus
2874 5548 2987 5603 suis
3023 5547 3241 5615 sentiat,
3275 5557 3337 5602 ut
3374 5549 3431 5603 in
3458 5550 3549 5604 ad-

1950 5652 2114 5702 ventu
2144 5644 2373 5701 Domini
2402 5647 2451 5710 (Ι
2479 5646 2595 5702 Cor.
2629 5644 2714 5713 tv)
2747 5642 2971 5714 spiritus
3000 5641 3181 5695 salvus
3212 5640 3328 5695 ﬁat.

2021 5740 2115 5793 III.
2178 5739 2311 5793 Item
2360 5724 2690 5793 sententiam
2736 5732 3089 5804 depositionis
3130 5740 3187 5789 et
3234 5746 3545 5788 excommu-

1950 5830 2268 5897 nicationis,
2326 5830 2441 5901 jam
2498 5828 2815 5899 plerumque
2873 5826 3057 5883 datam
3114 5826 3171 5879 in
3234 5820 3544 5879 Tedaldum
