4048 6174
1269 84 1300 101 θ’

573 277 678 330 815

1285 243 1340 326 s.
1380 269 1698 324 cnaconn
1739 270 1826 323 vn
1864 269 2012 324 ore.
2056 267 2228 324 psus
2267 269 2353 324 ιιι.
2391 300 2458 310 -
2498 272 2808 327 CONCILIA
2848 271 3150 327 nonam.

3681 267 3683 270 ’
3764 270 3860 325 8m

565 399 913 468 [Tebaldum]
945 395 1406 454 Mediolanensem
1431 393 1642 450 dictum
1671 393 2156 465 archiepiscopum,
2183 397 2238 460 Α
2267 395 2478 452 sulendi
2507 398 2763 462 scientia,
2795 396 2888 468 qui
2914 395 3125 452 animas
3160 394 3448 450 hominum
3484 395 3662 467 magis
3688 395 3756 450 ad
3790 397 3866 450 in-

569 501 628 550 et
651 492 975 550 Guibertum
993 489 1323 571 [Gibertumj
1349 489 1748 554 Ravennatum,
1768 494 1824 543 et
1844 487 2157 543 Rolandum

566 587 987 653 Tarvisiensem,
1043 582 1441 639 conﬁrmamus
1491 589 1546 637 et
1595 581 2037 638 corroboramus.
2090 584 2159 637 Et

565 683 787 736 Petrum
814 677 948 733 olim
978 676 1386 733 Rothonensem
1413 675 1868 744 [Ruthenensem,
1901 677 2013 731 cod.
2047 679 2158 732 Mu-

563 775 662 828 tin.
700 771 1094 839 Redonensem]
1139 771 1456 843 episcopum
1479 810 1492 835 ,
1530 786 1675 826 nunc
1716 778 1900 826 autem
1939 770 2156 825 Narbo-

560 865 747 922 nensis
777 865 1036 922 Ecclesiae
1078 865 1411 934 invasorem,
1455 863 1572 936 pari
1622 863 1887 920 sententia
1931 863 2158 920 damna-

557 972 700 1018 mus.

630 1056 723 1111 IV.
777 1059 912 1112 Item
971 1055 1014 1110 si
1063 1055 1700 1127 quis‘Nortmaunorum
1755 1061 1926 1108 terras
1970 1051 2155 1108 Sancti

555 1149 733 1219 Petri,
784 1149 1044 1205 videlicet
1084 1149 1234 1204 illam
1281 1157 1492 1220 partem
1537 1148 1813 1204 Firmana:
1863 1146 2153 1208 marchize,

556 1258 681 1315 qua:
735 1242 986 1300 nondum
1037 1258 1260 1314 pervasa
1311 1250 1414 1310 est,
1476 1250 1533 1298 et
1589 1241 1851 1298 ducatum
1906 1241 2152 1312 Spoleta-

556 1353 716 1406 num,
771 1344 827 1394 et
865 1337 1242 1408 Campaniam,
1305 1352 1410 1392 nec
1469 1351 1582 1391 non
1632 1334 1939 1390 Maritimas
1994 1341 2153 1406 atque

553 1429 850 1498 Sabinum,
921 1439 976 1487 et
1032 1430 1359 1487 comitatum
1428 1429 1810 1492 Tiburtinum,
1874 1443 1976 1483 nec
2041 1443 2150 1484 non

555 1525 946 1581 monasterium
994 1525 1201 1596 Sancti;
1230 1524 1503 1580 Benedicti.
1551 1517 1756 1579 montis
1804 1521 2044 1590 Cassini,
2099 1531 2152 1578 et

554 1626 729 1674 terras
763 1619 868 1674 sibi
899 1619 1254 1691 pertinentes;
1307 1619 1533 1689 insuper
1561 1617 1731 1673 etiam
1776 1620 2147 1673 Beneventum

553 1707 806 1768 invadere
873 1712 956 1768 vel
1029 1712 1328 1783 depraadari
1399 1712 1831 1783 praesumpserit,
1915 1711 2146 1782 gratiam

2266 492 2490 547 teritum
2523 508 2684 564 quam
2710 491 2779 547 ad
2799 490 3029 547 salutem
3053 489 3278 558 ducunt,
3311 497 3450 545 teste
3471 489 3716 544 Veritate
3741 505 3861 561 quae

2268 587 2345 642 ait
2375 603 2388 640 :
2420 589 2482 644 Si
2511 602 2674 642 creo-us
2703 602 2898 641 ccecum
2942 587 3123 650 ducat,
3152 583 3306 639 ambo
3343 585 3404 639 in
3431 586 3637 656 foveam
3665 584 3862 638 cadunt

2266 684 2481 749 (Matth.
2515 687 2631 746 xv);
2665 680 2762 737 sed
2791 679 2860 735 ad
2897 695 2991 735 eos
3019 679 3135 751 qui,
3168 677 3425 748 religione
3463 686 3519 732 et
3551 678 3859 749 Scriptura-

2264 790 2389 829 rum
2409 774 2656 830 doctrina
2679 774 2953 840 instructi,
2971 775 3115 828 viam
3136 773 3386 828 veritatis
3407 777 3462 826 et
3487 771 3676 827 salutis
3704 771 3856 826 vobis

2268 868 2555 925 ostendere
2593 868 2822 924 valeant.

2659 963 2747 1016 VI.
2773 967 2849 1017 De
2872 963 3120 1018 electione
3136 964 3467 1031 pontiﬁcum.

2337 1056 2582 1127 Quoties,
2614 1054 2870 1112 defuncto
2901 1063 3117 1127 pastore
3153 1055 3382 1126 alicujus
3417 1053 3699 1119 Ecclesiae,
3731 1053 3867 1109 alius

2266 1159 2347 1206 est
2397 1151 2446 1206 ei
2491 1150 2746 1206 canonice
2797 1149 3208 1222 subrogandus,
3258 1149 3517 1204 instantia
3571 1147 3868 1203 visitatoris

2265 1245 2522 1316 episcopi,
2556 1245 2646 1316 qui
2676 1245 2724 1300 ei
2757 1245 2825 1300 ab
2853 1244 3146 1316 apostolica
3176 1243 3256 1298 vel
3292 1242 3714 1313 metropolitana
3740 1241 3866 1297 sede

2263 1337 2504 1394 directus
2529 1346 2632 1404 est,
2674 1339 2851 1394 clerus
2879 1345 2934 1393 et
2971 1337 3225 1409 populus,
3266 1345 3477 1392 remota
3503 1336 3657 1392 omni
3690 1350 3861 1391 saecu-

2261 1432 2358 1486 lari
2397 1432 2714 1498 ambitione,
2746 1433 2946 1487 timore
2983 1440 3148 1503 atque
3181 1430 3372 1502 gratia,
3412 1428 3733 1502 apostolicae
3777 1444 3862 1485 se-

2262 1525 2347 1581 dis
2370 1528 2450 1580 vel
2481 1525 2887 1596 metropolitani
2917 1526 3000 1580 sui
3029 1538 3305 1580 consensu
3335 1531 3610 1594 pastorem
3639 1522 3750 1577 sibi
3776 1537 3860 1578 se-

2261 1613 2502 1670 cundum
2527 1617 2706 1671 Deum
2743 1614 2927 1686 eligat.
2961 1613 3124 1682 Quod
3158 1613 3203 1669 si
3244 1622 3536 1684 corruptus
3565 1611 3756 1684 aliquo
3782 1613 3859 1667 vi—

2260 1710 2340 1764 tio
2369 1709 2524 1765 aliter
2551 1724 2710 1780 agere
2753 1707 3192 1780 praesumpserit,
3240 1706 3518 1762 electionis
3567 1721 3860 1778 perperam

549 1805 725 1861 sancti
771 1804 920 1860 Petri
965 1813 1019 1861 et
1046 1805 1335 1861 introitum
1372 1805 1613 1861 ecclesiae
1643 1806 1690 1860 ei
1737 1820 1914 1877 usque
1953 1805 2021 1861 ad
2061 1821 2140 1860 sa.
2173 1804 2220 1866 Β
2261 1804 2416 1860 facta
2443 1805 2593 1859 omni
2636 1801 2816 1858 fructu
2846 1801 3074 1870 carebit,
3105 1811 3159 1857 et
3185 1800 3253 1856 de
3291 1808 3491 1857 caetero
3519 1799 3732 1855 nullam
3764 1801 3860 1856 ele-

551 1897 918 1955 tisfactionem
959 1899 1363 1956 interdicimus.
1400 1902 1792 1956 Verumtamen
1837 1899 1881 1953 si
1929 1900 2050 1969 quis
2082 1899 2146 1954 il-

547 1991 730 2050 lorum
782 1993 1040 2050 adversus
1088 1992 1428 2049 habitatores
1482 1993 1678 2048 harum
1734 2001 2008 2048 terrarum
2046 1992 2144 2047 ali-

547 2101 716 2159 quam
738 2086 948 2159 justam
979 2103 1196 2142 causam
1237 2087 1505 2154 habuerit,
1552 2086 1705 2158 prius
1732 2102 1761 2141 a
1795 2087 1973 2154 nobis,
2005 2081 2082 2141 vel
2116 2103 2143 2140 a

549 2180 854 2237 rectoribus
897 2196 994 2237 seu
1034 2180 1302 2236 ministris
1341 2181 1474 2236 inibi
1517 2180 1829 2236 constitutis
1873 2180 2145 2251 justitiam

548 2274 823 2346 requirat;
856 2289 979 2347 quae
1008 2276 1054 2330 si
1091 2275 1138 2330 ei
1174 2275 1440 2347 denegata
1474 2272 1666 2338 fuerit,
1708 2273 2058 2330 concedimus
2085 2282 2147 2328 ut

549 2384 648 2440 pro
677 2369 1087 2441 recuperatione
1117 2384 1337 2424 suarum
1373 2384 1559 2424 rerum
1604 2367 1671 2425 de
1699 2375 1843 2424 terra
1873 2368 1965 2424 illa
2004 2368 2148 2424 acci-

545 2463 690 2535 piat,
713 2479 827 2519 non
845 2471 1034 2519 tamen
1059 2463 1201 2518 ultra
1225 2461 1475 2528 modum,
1504 2478 1606 2518 nec
1625 2477 1781 2517 more
1801 2461 2140 2533 praedonum,

549 2556 662 2626 sed,
713 2565 773 2613 ut
799 2557 957 2614 decet
995 2556 1389 2622 Christianum,
1439 2565 1494 2612 et
1531 2571 1658 2611 eum
1701 2556 1794 2627 qui
1839 2571 1936 2611 sua
1970 2555 2144 2627 magis

547 2651 742 2724 quaerit
785 2651 1025 2723 recipere
1066 2665 1232 2724 quam
1278 2649 1452 2706 aliena
1482 2649 1741 2721 diripere,
1774 2658 1827 2704 et
1855 2650 1945 2721 qui
1989 2649 2145 2705 timet

543 2745 775 2819 gratiam
818 2744 921 2801 Dei
961 2744 1212 2800 amittere
1248 2751 1305 2800 et
1336 2733 1791 2800 maledictionem'
1821 2742 1962 2798 beati
1996 2742 2138 2798 Petri

542 2839 837 2896 incurrere.

612 2935 678 2988 V.
710 2934 979 2989 Praeterea
1007 2931 1370 2989 admonemus
1393 2947 1586 2988 omnes
1615 2932 1708 3002 qui
1738 2939 1956 2987 aeternas
1983 2929 2138 2986 dam-

539 3024 777 3082 nationis
819 3039 1005 3097 paanas
1041 3025 1288 3093 evadere,
1333 3031 1388 3079 et
1434 3039 1573 3080 vera:
1620 3023 1967 3078 beatitudinis
2013 3023 2133 3093 glo-

539 3120 680 3176 riam
711 3118 937 3190 cupiunt
966 3118 1187 3183 intrare,
1219 3125 1283 3173 ut
1308 3133 1336 3172 a
1367 3116 1518 3172 falsis
1556 3115 1658 3172 sibi
1688 3123 1915 3172 caveant
1954 3116 2132 3187 poeni-

2259 1897 2456 1953 ctionis
2480 1905 2805 1969 potestatem
2834 1895 3075 1952 habebit.
3115 1895 3413 1951 Electionis
3443 1909 3574 1950 vero
3615 1903 3861 1964 potestas

2255 1992 2438 2048 omnis
2479 1991 2532 2046 in
2572 1990 2960 2046 deliberatione
2990 1989 3138 2046 sedis
3165 1988 3471 2060 apostolicaa
3510 1989 3623 2044 sive
3653 1995 3858 2044 metro-

2256 2086 2479 2156 politani
2528 2087 2611 2140 sui
2643 2085 2925 2141 consistat.
2983 2084 3034 2140 Si
3081 2085 3230 2138 enim
3263 2086 3306 2139 is
3347 2082 3415 2139 ad
3444 2099 3611 2155 quem
3662 2099 3858 2138 conse-

2253 2179 2426 2235 cratio
2465 2179 2717 2252 pertinet,
2763 2194 2872 2234 non
2920 2178 3021 2233 rite
3060 2177 3457 2244 consecrando,
3507 2185 3655 2233 teste
3701 2175 3860 2232 beato

2254 2274 2468 2341 Leone,
2499 2273 2726 2344 gratiam
2767 2271 3155 2328 benedictionis
3182 2271 3417 2338 amittit,
3451 2278 3862 2342 consequenter

2252 2367 2295 2422 is
2341 2367 2435 2440 qui
2473 2366 2541 2422 ad
2573 2383 2795 2438 pravam
2847 2366 3170 2422 electionem
3200 2365 3570 2438 declinaverit,
3624 2363 3857 2437 eligendi

2252 2468 2518 2532 potestate
2547 2462 2808 2533 privatur.

2499 2559 2609 2611 Vll.
2650 2558 3144 2612 Ecceommunicatio
3183 2558 3330 2622 regis
3369 2555 3598 2610 Henrici.

2322 2651 2486 2706 Beate
2529 2654 2706 2717 Petre,
2737 2651 2985 2722 princeps
3013 2650 3414 2721 apostolorum,
3455 2656 3508 2702 et
3555 2656 3635 2715 tu,
3691 2647 3858 2702 beate

2253 2743 2437 2810 Paule,
2492 2747 2701 2799 Doctor
2724 2744 3007 2814 gentium,
3055 2742 3377 2815 dignamini,
3435 2755 3644 2812 quaeso,
3693 2755 3859 2796 aures

2251 2846 2460 2893 vestras
2492 2838 2557 2893 ad
2588 2853 2677 2893 me
2712 2837 2992 2908 inclinare,
3017 2852 3218 2910 meque
3243 2835 3544 2891 clementer
3571 2833 3855 2890 exaudire.

2249 2932 2393 3000 Quia
2423 2932 2667 2987 veritatis
2696 2933 2824 2988 estis
2862 2930 3116 3004 discipuli
3165 2940 3218 2986 et
3259 2939 3555 2996 amatores,
3598 2928 3855 3001 adjuvate

2245 3034 2305 3080 ut
2343 3028 2436 3093 [et]
2461 3026 2743 3081 veritatem
2776 3025 2927 3081 vobis
2950 3025 3151 3090 dicam,
3194 3025 3345 3080 omni
3374 3031 3587 3079 remota
3623 3021 3856 3078 falsitate

2240 3134 2408 3190 quam
2458 3119 2686 3174 omnino
2716 3119 3088 3184 detestamini,
3139 3126 3199 3172 ut
3243 3117 3443 3173 fratres
3489 3117 3598 3172 mei
3649 3115 3853 3171 melius

538 3211 742 3268 tentiis.
775 3188 927 3269 Sicut
970 3211 1122 3268 enim
1147 3208 1348 3267 falsum
1387 3209 1664 3282 baptisma
1708 3225 1821 3265 non
1849 3209 1993 3265 lavat
2021 3210 2134 3264 ori—
2167 3188 2210 3250 C
2244 3188 2377 3267 mihi
2427 3213 2800 3284 acquiescant,
2853 3223 2908 3269 et
2947 3213 3123 3268 sciant
3160 3221 3214 3268 et
3257 3211 3562 3282 intelligant
3607 3210 3739 3280 quia
3792 3226 3850 3264 ex

535 3308 712 3380 ginale
743 3316 1048 3380 peccatum,
1079 3307 1156 3363 ita
1185 3315 1308 3380 post
1335 3307 1672 3379 baptismum
1697 3305 1836 3362 falsa
1862 3305 2132 3377 pceniten-

536 3400 606 3456 tia
639 3417 751 3458 non
793 3400 937 3458 delet
965 3399 1117 3457 nefas
1157 3399 1539 3458 commissum.
1571 3398 1815 3470 Ideoque
1843 3397 1998 3454 valde
2035 3413 2134 3453 ne-

532 3480 828 3551 cessarium
854 3503 935 3551 est
973 3502 1037 3550 ut
1066 3493 1159 3567 qui
1190 3509 1248 3550 se
1275 3492 1495 3566 aliquod
1537 3509 1701 3565 grave
1736 3492 1943 3548 crimen
1981 3508 2131 3548 com-

535 3588 752 3644 misisse
803 3587 1111 3660 cognoscit,
1169 3587 1414 3643 animam
1463 3602 1618 3642 suam
1676 3586 2030 3658 prudentibus
2081 3591 2135 3640 et

533 3680 797 3752 religiosis
823 3681 953 3735 viris
977 3680 1306 3749 committat,
1333 3687 1394 3735 ut
1420 3695 1517 3751 per
1540 3693 1726 3735 veram
1753 3678 2130 3751 paenitentiam

531 3781 738 3829 certam
794 3780 1142 3845 peccatorum
1195 3789 1425 3830 suorum
1478 3781 1846 3845 consequatur
1896 3773 2126 3829 veniam.

531 3861 667 3922 Haec
702 3872 787 3920 est
821 3865 965 3920 enim
996 3880 1119 3920 vera
1144 3865 1483 3936 paenitentia,
1529 3873 1593 3918 ut
1617 3874 1740 3935 post
1763 3866 2129 3921 commissum

528 3958 1022 4028 [commissionem]
1051 3957 1276 4028 alicujus
1305 3957 1572 4028 gravioris
1601 3958 1881 4024 criminis,
1914 3965 1975 4013 ut
2004 3967 2132 4030 pote

529 4051 778 4109 meditati
807 4049 1089 4107 homicidii
1131 4059 1187 4106 et
1215 4057 1406 4122 sponte
1440 4051 1742 4116 commissi,
1768 4066 1863 4106 seu
1909 4051 2128 4122 perjurii

528 4161 629 4218 pro
651 4145 948 4218 cupiditate
970 4144 1200 4200 honoris
1227 4153 1322 4200 aut
1342 4143 1588 4216 pecunia:
1612 4143 1760 4209 facti,
1788 4145 1869 4222 vel
1897 4146 2126 4201 aliorum

529 4239 618 4296 his
655 4238 938 4305 similium,
969 4238 1043 4294 ita
1078 4253 1138 4295 se
1168 4238 1538 4310 unusquisque
1565 4239 1635 4294 ad
1664 4239 1965 4294 Dominum
1997 4254 2127 4295 con-

527 4341 720 4400 vertat,
755 4341 839 4401 ut,
864 4331 1067 4388 relictis
1089 4333 1351 4389 omnibus
1371 4331 1748 4403 iniquitatibus
1776 4333 1908 4399 suis,
1936 4331 2128 4388 deinde

528 4427 581 4486 in
621 4425 891 4484 fructibus
918 4425 1078 4484 bona:
1107 4427 1442 4500 operationis
1483 4435 1819 4496 permaneat.
1857 4427 1945 4481 Sic
1981 4428 2126 4482 enim

2244 3314 2416 3361 vestra
2443 3305 2640 3362 ﬁducia
2669 3314 2792 3377 post
2814 3306 3116 3362 Dominum
3139 3313 3194 3361 et
3216 3312 3451 3359 matrem
3479 3303 3597 3376 ejus
3627 3319 3852 3374 semper

2241 3400 2507 3472 virginem
2558 3399 2791 3456 Mariam
2824 3401 3006 3471 pravis
3043 3408 3100 3455 et
3136 3398 3342 3470 iniquis
3374 3397 3609 3464 resisto;
3653 3397 3850 3452 vestris

2239 3503 2424 3550 autem
2474 3493 2727 3550 ﬁdelibus
2775 3493 3036 3549 auxilium
3087 3501 3314 3564 prazsto.
3348 3494 3456 3547 Vos
3502 3491 3653 3546 enim
3699 3491 3851 3546 scitis

2242 3589 2368 3662 quia
2408 3605 2518 3644 non
2566 3587 2802 3644 libenter
2847 3587 2918 3643 ad
2959 3602 3174 3643 sacrum
3218 3585 3466 3642 ordinem
3518 3585 3754 3651 accessi,
3798 3594 3849 3639 et

2237 3683 2437 3738 invitus
2488 3681 2628 3737 ultra
2669 3690 2888 3738 montes
2932 3697 3061 3736 cum
3115 3681 3345 3736 domino
3377 3693 3512 3750 papa
3565 3678 3842 3750 Gregorio

2240 3776 2369 3841 abii,
2396 3775 2490 3831 sed
2516 3776 2690 3847 magis
2720 3775 2926 3831 invitus
2943 3791 3071 3830 cum
3097 3773 3324 3829 domino
3347 3788 3468 3829 meo
3491 3788 3628 3844 papa
3652 3774 3845 3828 Leone

2240 3869 2307 3924 ad
2333 3876 2566 3923 vestram
2605 3867 2905 3938 specialem
2933 3868 3221 3923 ecclesiam
3250 3866 3406 3930 redii,
3439 3866 3491 3920 in
3511 3881 3616 3936 qua
3648 3874 3844 3922 utcun-

2238 3977 2344 4034 que
2366 3961 2519 4017 vobis
2537 3961 2818 4018 deservivi.
2850 3961 3059 4016 Deinde
3083 3960 3236 4016 valde
3255 3960 3481 4022 invitus,
3505 3975 3633 4014 cum
3663 3959 3845 4014 multo

2236 4055 2425 4111 dolore
2448 4062 2504 4110 et
2541 4054 2746 4127 gemitu
2775 4070 2839 4110 ac
2871 4055 3112 4126 planctu,
3150 4054 3205 4110 in
3237 4054 3440 4109 throno
3470 4061 3648 4108 vestro
3681 4051 3846 4106 valde

2236 4148 2489 4221 indignus
2517 4163 2641 4204 sum
2659 4149 2974 4204 collocatus.
3009 4150 3122 4203 Nec
3151 4147 3274 4203 ideo
3304 4145 3433 4202 dico
3453 4150 3608 4214 [forte
3636 4147 3843 4208 verius,

2234 4242 2353 4298 haec
2398 4243 2520 4299 ideo
2562 4242 2704 4308 dico,
2737 4244 2966 4309 Hann,
2998 4244 3073 4296 sic
3100 4246 3151 4296 et
3193 4243 3251 4294 in
3282 4243 3506 4306 Mutin.]
3557 4237 3681 4310 quia
3723 4254 3847 4294 non

2236 4351 2334 4407 ego
2375 4351 2490 4402 vos,
2520 4335 2615 4391 sed
2646 4350 2741 4390 vos
2769 4335 3009 4406 elegistis
3037 4349 3146 4400 me,
3195 4341 3250 4388 et
3272 4332 3661 4404 gravissimum
3704 4347 3849 4401 pon-

2233 4428 2336 4484 dus
2389 4435 2581 4483 vestrac
2631 4427 2888 4482 Ecclesia:
2925 4443 3090 4497 supra
3132 4441 3224 4481 me
3258 4425 3548 4497 posuistis;
3599 4432 3657 4479 et
3713 4424 3847 4495 quia

526 4522 797 4579 Dominus
825 4536 921 4593 per
948 4521 1272 4594 prophetam
1310 4521 1472 4576 docet
1511 4539 1522 4573 :
1556 4522 1618 4575 Si
1644 4535 1923 4574 conversus
1963 4523 2135 4586 fuerit
2163 4527 2213 4589 Ι)
2243 4536 2405 4592 super
2441 4528 2689 4575 montem
2719 4519 2993 4576 excelsum
3037 4536 3126 4575 me
3149 4518 3384 4591 jussistis
3425 4517 3748 4585 ascendere,
3791 4526 3848 4572 et

527 4617 724 4686 impius
767 4616 836 4670 ab
877 4617 1127 4671 omnibus
1152 4615 1536 4684 iniquitatibus
1580 4616 1693 4668 suis
1725 4619 1775 4668 et
1815 4615 2128 4668 custodierit

519 4710 774 4764 universa
818 4710 1078 4764 mandata
1118 4725 1254 4771 mea,
1304 4711 1414 4762 vita
1455 4710 1617 4778 vivet,
1647 4713 1696 4762 ct
1724 4722 1826 4761 non
1863 4709 2120 4762 morie/ur

525 4803 734 4867 (Ezech.
766 4808 962 4867 xvm).
994 4805 1056 4856 ln
1087 4802 1286 4872 quibus
1312 4801 1490 4856 verbis
1519 4799 1807 4858 manifeste
1831 4801 1991 4857 datur
2032 4801 2116 4855 in-

525 4894 690 4966 telligi
720 4893 983 4966 quoniam
1011 4895 1105 4966 qui
1139 4895 1312 4950 aliena
1340 4895 1485 4950 bona
1512 4893 1760 4966 diripuit,
1791 4904 1846 4950 et
1873 4910 1954 4962 ea,
1993 4909 2119 4950 cum

526 4987 715 5060 possit,
745 4986 970 5042 reddere
999 4987 1079 5042 vel
1113 4986 1404 5043 emendare
1429 4988 1684 5053 noluerit,
1725 4987 1806 5043 vel
1842 4987 1935 5059 qui
1961 5003 2118 5043 arma

523 5089 716 5138 contra
733 5079 1007 5153 justitiam
1029 5081 1284 5152 portavit
1311 5081 1677 5152 [portaverit],
1708 5089 1805 5136 aut
1837 5080 2026 5136 odium
2062 5080 2120 5135 in

523 5174 689 5232 corde
717 5173 931 5242 retinet,
961 5175 1043 5230 vel
1072 5174 1166 5246 qui
1196 5172 1507 5245 hujusmodi
1543 5173 2004 5246 negotiationibus
2027 5183 2121 5229 aut

524 5267 717 5325 ofﬁciis
747 5267 1040 5340 implicitus
1076 5265 1240 5323 fuerit
1267 5282 1391 5339 qua:
1429 5267 1547 5323 sine
1591 5266 1800 5334 fraude,
1833 5267 1949 5322 sine
1979 5267 2122 5323 falsi-

521 5370 654 5432 tate,
684 5361 799 5418 sine
825 5359 1030 5418 invidia
1049 5403 1064 5430 ,
1095 5361 1210 5418 sine
1235 5360 1560 5432 deceptione
1605 5357 1837 5416 fratrum
1871 5376 2121 5416 exercere

523 5472 635 5514 non
661 5455 856 5529 possit,
884 5471 985 5512 nec
1021 5455 1091 5512 ad
1118 5455 1419 5511 Dominum
1448 5469 1766 5524 converus,
1785 5470 1885 5511 nec
1910 5455 1978 5511 de
2006 5471 2123 5528 pere

523 5550 747 5624 petratis
781 5549 1118 5606 facinoribus
1160 5565 1348 5606 veram
1386 5549 1758 5621 paenitentiam
1788 5548 1966 5606 facere
1995 5566 2116 5606 cre-

521 5643 736 5703 dendus
767 5651 868 5700 est.
901 5643 1064 5700 Unde
1109 5643 1249 5700 inter
1275 5643 1461 5700 omnia
1492 5659 1590 5701 vos
1629 5642 1912 5701 hortamur
1949 5652 2116 5715 atque

522 5753 814 5797 monemus
843 5746 924 5807 ut,
954 5737 1010 5793 in
1033 5737 1357 5812 accipiendis
1381 5738 1726 5810 pcenitentiis,
1758 5755 1870 5795 non
1899 5737 1966 5794 ad
1991 5738 2114 5794 illos

522 5832 754 5892 curratis
780 5833 839 5889 in
884 5831 1083 5905 quibus
1118 5847 1219 5892 nec
1247 5831 1498 5906 religiosa
1531 5832 1657 5901 vita,
1705 5847 1806 5888 nec
1857 5839 1940 5887 est
1981 5846 2111 5886 con-

2235 4613 2471 4669 clamare
2522 4622 2684 4685 atque
2727 4614 3053 4669 annuntiare
3097 4612 3297 4683 populo
3354 4612 3446 4666 Dei
3497 4611 3702 4666 scelera
3743 4626 3844 4666 eo-

2236 4723 2380 4775 rum,
2417 4715 2471 4764 et
2500 4707 2624 4763 ﬁliis
2662 4707 2918 4763 Ecclesiae
2955 4715 3172 4777 peccata
3215 4721 3407 4761 eorum
3433 4708 3584 4769 (lsai.
3622 4707 3838 4770 LVIII),

2233 4800 2482 4857 membra
2533 4800 2734 4858 diaboli
2765 4808 2956 4856 contra
2993 4815 3085 4855 me
3121 4807 3406 4870 cmperunt
3434 4797 3744 4868 insurgere,
3787 4811 3844 4852 et

2227 4911 2397 4966 usque
2437 4894 2507 4951 ad
2551 4895 2873 4967 sanguinem
2912 4901 3381 4966 praesumpserunt
3422 4890 3475 4946 in
3505 4906 3596 4946 me
3634 4907 3846 4946 manus

2227 5003 2352 5044 suas
2385 4988 2624 5060 injicere.
2678 4988 2989 5044 Astiterunt
3029 4986 3179 5042 enim
3211 5001 3364 5057 reges
3399 4993 3561 5040 terrae
3589 4991 3646 5039 et
3685 4985 3844 5054 prin-

2226 5081 2372 5152 cipes
2415 5082 2705 5138 saeculares
2755 5090 2809 5136 et
2857 5079 3242 5146 ecclesiastici,
3284 5078 3442 5136 aulici
3494 5085 3549 5132 et
3578 5077 3844 5149 vulgares

2225 5183 2600 5231 convenerunt
2625 5175 2681 5229 in
2709 5189 2883 5230 unum
2909 5174 3166 5230 adversus
3193 5173 3515 5239 Dominum,
3565 5179 3621 5225 et
3645 5171 3846 5227 adver-

2225 5284 2317 5325 sus
2361 5284 2456 5323 vos
2479 5267 2713 5324 christos
2765 5268 2902 5338 ejus,
2935 5266 3176 5323 dicentes
3218 5288 3230 5322 :
3279 5268 3670 5334 Dirumpamus
3718 5269 3844 5320 vin-

2225 5364 2341 5418 cula
2366 5376 2581 5425 eorum;
2611 5365 2661 5415 et
2694 5363 3048 5431 proﬁciamus
3076 5378 3112 5415 α
3139 5361 3296 5415 nobis
3319 5360 3513 5428 jugum
3563 5362 3842 5428 ipsorum.

2228 5455 2390 5525 (Psal.
2425 5460 2515 5523 II),
2553 5461 2610 5510 et
2648 5461 2710 5510 ut
2740 5471 2829 5510 me
2872 5454 3101 5510 omnino
3145 5461 3326 5509 morte
3352 5452 3434 5508 vel
3465 5451 3662 5507 exsilio
3692 5467 3841 5507 con-

2228 5547 2540 5614 funderent,
2588 5548 2779 5605 multis
2806 5548 2986 5606 modis
3021 5547 3195 5604 conati
3243 5553 3372 5603 sunt
3411 5546 3470 5602 in
3505 5560 3597 5601 me
3646 5545 3840 5602 insur-

2227 5657 2371 5713 gere.

2298 5738 2443 5791 Inter
2494 5750 2633 5808 quos
2678 5735 2989 5808 specialiter
3044 5735 3346 5803 Henricus,
3409 5748 3576 5806 quem
3635 5733 3840 5789 dicunt

2222 5843 2426 5903 regem,
2473 5831 2690 5888 Henrici
2733 5829 3076 5904 imperatoris
3105 5829 3296 5897 ﬁlium,
3345 5835 3535 5885 contra
3583 5834 3839 5883 vestram
