4048 6174
216 287 312 338 817

1425 281 1785 341 CONCILIUM
1823 282 2152 339 ROMANUM
2186 283 2297 339 VII.

3404 287 3506 341 818

212 408 531 464 calcaneum
561 406 734 462 erexit
768 405 1089 472 Ecclesiam,
1119 405 1262 462 facta
1289 422 1417 463 cum
1462 407 1650 463 multis
1688 408 1804 478 epi-
1832 413 1884 474 Α
1913 407 2347 464 Christianorum
2377 407 2539 464 morti
2579 406 2742 472 tradi,
2790 413 2843 460 et
2893 405 3161 462 Ecclesias
3190 407 3319 465 fecit
3347 407 3506 464 dissi-

211 500 392 574 scopis
425 501 848 556 ultramontanis
875 508 928 556 et
959 500 1160 556 Italicis
1191 500 1616 572 conspiratione,
1648 499 1804 556 adni-

211 602 333 650 tens
384 609 476 649 me
519 592 824 663 dejiciendo
873 608 995 649 eam
1026 593 1129 648 sibi
1159 594 1474 666 subjugare;
1520 593 1680 666 cujus
1708 609 1804 650 su—

209 687 410 759 perbiaa
439 695 614 741 vestra
644 686 848 743 resistit
879 689 1061 754 [ro-rte,
1091 687 1310 754 restitit,
1343 687 1564 760 Hann]
1610 695 1801 743 aucto-

205 782 358 848 ritas,
403 796 634 852 eamque
662 789 850 836 nostra
899 780 1169 836 destruxit
1213 788 1472 853 potestas;
1520 783 1614 854 qui
1667 798 1800 837 cou-

203 873 359 930 fusus
379 881 437 929 et
456 873 778 929 humiliatus
802 873 874 930 ad
899 889 990 930 me
1008 873 1062 929 in
1081 875 1529 945 Longobardiam
1558 875 1800 941 veniens.

202 967 605 1023 absolutionem
636 966 705 1020 ab
724 967 1294 1022 excommunicatione
1323 967 1594 1038 quaesivit.
1625 967 1803 1037 Quem

203 1077 304 1131 ego
333 1061 527 1116 videns
551 1061 922 1128 humiliatum,
946 1061 1135 1116 multis
1160 1061 1226 1116 ab
1248 1077 1313 1118 eo
1343 1062 1805 1133 promissionibus

201 1155 443 1226 acceptis
469 1154 537 1210 de
556 1171 672 1210 suae
688 1155 822 1210 vita}.
835 1154 1245 1223 emendatione,
1270 1155 1445 1210 solam
1473 1155 1519 1211 ei
1548 1171 1800 1210 commu-

201 1250 428 1304 nionem
456 1247 698 1315 reddidi,
729 1264 834 1303 non
868 1257 1054 1304 tamen
1081 1250 1135 1304 in
1161 1265 1350 1321 regno,
1383 1265 1411 1303 a
1443 1265 1552 1321 quo
1583 1265 1710 1304 eum
1744 1249 1798 1304 in

203 1346 456 1398 Romana
486 1343 694 1414 synodo
740 1343 1126 1413 deposueram,
1173 1343 1488 1407 instauravi,
1529 1358 1630 1399 nec
1666 1342 1803 1398 ﬁde-

200 1437 414 1493 litatem
448 1437 695 1491 omnium
728 1437 819 1508 qui
849 1436 956 1492 sibi
991 1437 1328 1508 juraverant,
1359 1437 1442 1491 vel
1471 1445 1626 1492 erant
1647 1438 1802 1508 jura-

199 1531 327 1598 turi,
360 1547 392 1586 a
422 1547 532 1602 quo
563 1546 756 1585 omnes
783 1529 986 1585 absolvi
1013 1529 1065 1585 in
1095 1530 1287 1587 eadem
1333 1530 1570 1602 synodo,
1612 1539 1672 1585 ut
1697 1530 1800 1586 sibi

197 1633 534 1694 servaretur,
560 1625 810 1695 princepi.

272 1722 344 1775 Et
372 1718 494 1774 haec
531 1717 651 1774 ideo
687 1718 914 1786 detinui,
963 1726 1022 1773 ut
1074 1720 1215 1774 inter
1252 1733 1378 1775 eum
1413 1727 1467 1773 et
1517 1719 1804 1789 episc0pos

1916 503 2051 573 pari,
2096 511 2150 557 et
2180 510 2358 558 totum
2404 517 2543 572 pene
2569 501 2993 557 Teutonicorum
3022 515 3255 572 regnum
3296 502 3508 559 desola-

1917 596 2050 650 tioni
2098 595 2452 664 [desolatum]
2501 594 2670 652 dedit.
2703 595 3071 666 Quapropter,
3115 594 3398 652 conﬁdens
3437 596 3506 653 de

1906 688 2118 760 judicio
2147 697 2201 746 et
2230 689 2602 745 misericordia
2631 689 2730 744 Dei
2761 687 2984 761 ejusque
3015 688 3278 765 piissimae
3310 691 3506 746 matris

1914 798 2132 853 semper
2174 782 2398 854 virginis
2441 782 2654 850 Mariae,
2701 781 2870 838 fultus
2924 790 3100 842 vestra
3151 784 3500 856 auctoritate,

1912 892 2057 948 saepe
2101 877 2454 932 nominatum
2505 876 2827 943 Henricum,
2869 891 3033 948 quem
3081 891 3266 950 regem
3291 877 3501 946 dicunt,

1913 986 2220 1044 omnesque
2248 959 2485 1026 fautores
2525 971 2643 1042 ejus
2681 970 3244 1028 excommunicationi
3271 971 3502 1044 subjicio

1913 1073 1969 1122 et
2011 1065 2376 1121 anathematis
2427 1063 2654 1120 vinculis
2697 1064 2882 1136 alligo;
2932 1072 2986 1119 et
3031 1064 3230 1121 iterum
3271 1081 3502 1138 regnum

1911 1161 2339 1217 Teutonicorum
2357 1166 2414 1216 et
2437 1159 2612 1216 Italiae
2635 1175 2700 1215 ex
2729 1166 2881 1229 parte
2900 1158 3297 1229 omnipotentis
3325 1161 3428 1215 Dei
3451 1167 3506 1216 et

1915 1263 2091 1310 vestra
2121 1253 2450 1310 interdicens
2476 1253 2548 1321 ei,
2570 1267 2796 1309 omnem
2828 1259 3152 1323 potestatem
3181 1261 3234 1308 et
3262 1251 3502 1324 dignita-

1915 1357 2026 1404 tem
2058 1347 2132 1403 illi
2171 1347 2370 1420 regiam
2401 1347 2557 1415 tollo,
2587 1354 2642 1401 et
2682 1354 2744 1402 ut
2768 1346 2951 1402 nullus
2980 1345 3424 1404 Christianorum
3455 1348 3502 1404 ei

1914 1443 2052 1498 sicut
2087 1443 2198 1513 regi
2232 1441 2450 1498 obediat
2485 1439 2781 1508 interdico,
2809 1456 3114 1512 omnesque
3159 1441 3254 1512 qui
3281 1441 3330 1498 ei
3353 1441 3504 1512 jura-

1913 1545 2103 1591 verunt
2149 1536 2231 1592 vel
2273 1535 2544 1606 jurabunt
2577 1534 2646 1590 de
2684 1535 2838 1606 regni
2867 1533 3244 1591 dominatione
3291 1551 3322 1590 a
3349 1535 3502 1606 jura-

1915 1630 2088 1686 menti
2143 1628 2506 1700 promissione
2547 1628 2789 1685 absolvo.
2831 1631 2954 1698 Ipse
2997 1636 3183 1684 autem
3231 1629 3504 1685 Henricus

1914 1739 2040 1779 cum
2073 1723 2184 1779 suis
2210 1722 2514 1779 fautoribus
2537 1721 2592 1777 in
2621 1723 2776 1778 omni
2807 1722 3196 1793 congressione
3225 1722 3349 1778 belli
3376 1723 3498 1778 nul-

201 1813 279 1869 vel
306 1812 584 1884 principes
614 1813 1064 1880 ultramontanos,
1112 1812 1207 1884 qui
1255 1813 1300 1868 ei
1340 1828 1502 1868 causa
1535 1811 1795 1883 jussionis

1908 1819 1986 1874 las
2017 1818 2155 1874 vires
2195 1817 2511 1888 nullamque
2553 1816 2606 1872 in
2635 1815 2739 1871 vita
2786 1831 2882 1871 sua
2906 1816 3190 1872 victoriam
3233 1816 3496 1873 obtineat.

203 1915 401 1963 vestrae
448 1906 712 1963 Ecclesiae
762 1907 1092 1974 restiterant,
1116 1906 1390 1977 justitiam
1442 1905 1677 1962 facerem
1716 1906 1796 1960 vel

202 2017 395 2074 pacem
432 2016 840 2072 componerem,
874 2001 1017 2057 sicut
1045 2002 1160 2071 ipse
1189 2001 1460 2056 Henricus
1488 2000 1798 2071 iuramento

202 2112 294 2168 per
331 2094 477 2150 duos
503 2095 791 2166 episcopos
832 2094 963 2149 mihi
997 2093 1264 2164 promisit.

269 2188 521 2244 Praedieti
569 2197 752 2244 autem
789 2189 1027 2259 episcopi
1077 2198 1131 2243 et
1181 2187 1454 2258 principes
1491 2189 1796 2245 ultramon-

202 2283 332 2349 tani,
367 2282 651 2338 audientes
677 2282 830 2337 illum
863 2298 976 2338 non
1012 2297 1228 2339 servare
1266 2281 1397 2338 mihi
1421 2281 1570 2354 quod
1593 2284 1795 2354 promi-

202 2385 364 2442 serat,
396 2375 552 2447 quasi
581 2374 853 2446 desperati
894 2375 962 2432 de
994 2392 1077 2441 eo,
1111 2377 1228 2431 sine
1259 2391 1386 2431 meo
1425 2376 1672 2442 consilio,
1704 2393 1795 2432 vo-

201 2470 280 2526 bis
327 2469 583 2537 testibus,
619 2469 900 2540 elegerunt
945 2469 1047 2524 sibi
1093 2468 1445 2539 Bodulphum
1487 2469 1682 2526 ducem
1740 2469 1793 2525 in

204 2580 409 2636 regem.
432 2564 537 2633 Qui
565 2579 660 2619 rex
684 2563 1015 2634 Rodulphus
1050 2562 1386 2631 festinanter,
1414 2563 1484 2619 ad
1509 2579 1596 2619 me
1624 2565 1795 2620 misso

201 2658 413 2724 nuntio,
472 2657 730 2714 indicavit
779 2673 837 2713 se
902 2665 1156 2713 coactum
1221 2657 1373 2728 regni
1436 2656 1795 2728 gubernacula

204 2751 525 2822 suscepisse;
556 2760 737 2806 tamen
767 2766 884 2807 sese
929 2759 1183 2822 paratum
1214 2750 1353 2805 mihi
1385 2749 1645 2806 omnibus
1672 2767 1794 2806 mo-

205 2846 284 2902 dis
318 2844 546 2902 obedire
579 2865 592 2900 :
625 2855 698 2912 et,
734 2855 792 2900 ut
834 2845 940 2900 hoc
969 2845 1147 2900 verius
1175 2843 1445 2912 credatur,
1492 2860 1706 2915 semper
1730 2861 1794 2900 ex

205 2954 265 2994 eo
307 2947 559 3008 tempore
611 2937 872 2994 eumdem
924 2936 1062 2993 mihi
1109 2952 1330 3008 semper
1374 2938 1511 3004 [dele
1557 2937 1792 3008 semper]

205 3033 348 3088 misit
377 3047 708 3097 sermonem,
741 3031 1007 3104 adjiciens
1037 3031 1202 3086 etiam
1231 3030 1342 3085 ﬁlio
1387 3046 1487 3086 suo
1517 3030 1710 3086 obside
1740 3040 1796 3086 et

1906 1914 1984 1968 Ut
2026 1920 2210 1967 autem
2251 1910 2577 1981 Rodulphus
2617 1925 2850 1981 regnum
2879 1909 3307 1966 Teutonicorum
3351 1919 3501 1982 regat

1906 2015 1962 2062 et
2001 2004 2284 2072 defendat,
2327 2019 2492 2076 quem
2537 2003 2819 2059 Teutonici
2861 2003 3138 2074 elegerunt
3182 2003 3283 2059 sibi
3315 2005 3370 2059 in
3411 2020 3500 2060 re-

1903 2113 2050 2171 gem,
2081 2097 2149 2154 ad
2192 2107 2426 2154 vestram
2450 2096 2769 2154 ﬁdelitatem
2800 2111 2866 2152 ex
2908 2104 3060 2167 parte
3104 2103 3285 2152 vestra
3327 2096 3497 2165 dono,

1909 2192 2107 2263 largior
2126 2200 2180 2247 et
2209 2190 2486 2248 concedo:
2512 2189 2768 2246 omnibus
2793 2189 2893 2244 sibi
2919 2188 3153 2246 ﬁdeliter
3171 2189 3498 2249 adbwrenti-

1906 2287 2007 2341 bus
2035 2286 2439 2341 absolutionem
2469 2284 2721 2341 omnium
2746 2291 3119 2355 peccatorum,
3149 2292 3500 2358 vestramque

1906 2381 2343 2436 benedictionem
2375 2379 2427 2433 in
2456 2377 2559 2434 hac
2588 2379 2696 2433 vita
2716 2386 2771 2433 et
2800 2377 2856 2432 in
2886 2376 3090 2446 futura,
3118 2386 3295 2434 vestra
3324 2377 3500 2436 fretus

1905 2473 2127 2542 ﬁducia,
2145 2473 2361 2544 largior.
2386 2472 2532 2528 Sicut
2548 2471 2694 2526 enim
2709 2471 2975 2526 Henricus
2995 2487 3092 2542 pro
3111 2487 3210 2528 sua
3224 2472 3498 2544 superbia,

1905 2566 2269 2621 iuobedientia
2299 2574 2352 2620 et
2382 2564 2614 2620 falsitate
2654 2580 2683 2618 a
2715 2565 2866 2636 regni
2896 2563 3164 2635 dignitate
3185 2565 3335 2636 juste
3363 2566 3497 2638 abji-

1903 2660 2062 2725 citur,
2094 2659 2167 2713 ita
2193 2656 2492 2728 Bodulpho
2512 2673 2612 2728 pro
2632 2672 2726 2712 sua
2755 2657 3083 2726 humilitate,
3117 2658 3423 2715 obedientia
3446 2670 3499 2716 et

1907 2753 2129 2808 veritate
2150 2759 2395 2823 potestas
2415 2759 2472 2807 et
2495 2751 2727 2822 dignitas
2749 2751 2899 2822 regni
2927 2750 3276 2809 conceditur.

1977 2846 2138 2918 Agite
2156 2861 2321 2913 nunc,
2347 2859 2555 2916 quaeso,
2582 2847 2772 2899 Patres
2786 2851 2840 2898 et
2860 2843 3130 2914 principes
3143 2845 3495 2912 sanctissimi,

1906 2948 1965 2994 ut
1989 2939 2176 2994 omnis
2203 2936 2449 2994 mundus
2477 2936 2742 3008 intelligat
2765 2944 2820 2990 et
2846 2944 3140 3008 cognoscat
3165 2936 3315 3009 quia,
3339 2938 3383 2993 si
3405 2954 3498 3008 po-

1903 3033 2058 3087 testis
2089 3031 2139 3086 in
2162 3032 2303 3087 coelo
2323 3030 2485 3103 ligare
2511 3037 2562 3084 et
2577 3027 2805 3098 solvere,
2829 3028 3134 3100 potestisin
3165 3037 3307 3085 terra
3324 3029 3494 3102 impe-

205 3125 373 3182 ﬁdelis
427 3126 514 3181 sui
559 3125 714 3181 ducis
753 3125 1033 3180 Bertholdi
1086 3123 1194 3180 ﬁlio
1242 3123 1390 3196 quod
1439 3125 1795 3195 promittebat
1827 3156 1869 3217 Ο
1900 3124 2588 3197 ria,regna,principatus,
2607 3122 2860 3191 ducatus,
2884 3121 3174 3191 marchias,
3203 3122 3496 3179 comitatus

205 3219 442 3275 ﬁrmare.

272 3316 486 3368 Interea
510 3313 782 3368 Henricus
805 3313 972 3382 coepit
995 3327 1083 3367 me
1112 3312 1319 3382 precari
1349 3321 1410 3366 ut
1429 3312 1585 3367 illum
1600 3320 1789 3367 contra

205 3407 524 3477 praedictum
554 3405 913 3477 Rodulphum
932 3405 1268 3477 adjuvarem,
1299 3406 1386 3461 cui
1418 3405 1675 3476 respondi
1699 3421 1789 3461 me

204 3500 433 3556 libenter
477 3499 673 3564 facere,
705 3499 892 3557 audita
929 3499 1208 3571 utriusque
1254 3500 1426 3570 partis
1453 3499 1684 3566 ratione,
1727 3507 1790 3554 ut

206 3595 397 3650 scirem
426 3595 513 3649 cui
553 3595 766 3666 justitia
814 3593 989 3666 magis
1014 3592 1237 3648 faveret.
1296 3592 1392 3648 Ille
1420 3607 1544 3648 vero
1592 3601 1789 3664 putans

197 3688 308 3743 suis
322 3689 528 3744 viribus
555 3704 680 3744 eum
709 3703 868 3758 posse
893 3686 1202 3756 devincere,
1250 3701 1433 3742 meam
1453 3686 1790 3757 contempsit

203 3782 630 3853 responsionem.
691 3784 987 3854 Postquam
1016 3788 1200 3836 autem
1249 3780 1519 3851 persensit
1566 3797 1624 3835 se
1676 3795 1788 3834 non

204 3891 356 3946 posse
403 3877 560 3941 (sicut
593 3876 848 3946 speravit)
895 3890 1078 3946 agere,
1130 3873 1243 3930 duo
1295 3875 1557 3945 episcopi,
1593 3873 1789 3930 Virdu-

197 3970 382 4026 nensis
410 3969 659 4024 videlicet
702 3978 757 4024 et
798 3968 1231 4039 Osenburgensis
1272 3970 1452 4035 [forte,
1504 3967 1787 4023 Osnebru-

199 4064 402 4136 gensis,
446 4065 670 4132 Hum,
720 4064 833 4118 cod.
868 4066 1000 4118 Mut.
1045 4060 1517 4131 Osneburgensis],
1549 4061 1617 4115 de
1662 4076 1790 4116 con-

196 4157 472 4213 sentaneis
511 4159 624 4212 suis
656 4160 901 4212 Romam
955 4163 1233 4220 venerunt,
1275 4161 1330 4209 et
1372 4154 1428 4208 in
1470 4153 1687 4224 synodo
1724 4170 1788 4208 ex

192 4260 346 4322 parte
375 4250 597 4305 Henrici
620 4266 706 4305 me
731 4258 792 4304 ut
812 4250 856 4305 ei
872 4249 1144 4335 justitiam
1173 4248 1406 4304 facerem
1436 4256 1785 4319 rogaverunt;

192 4343 342 4417 quod
367 4352 421 4398 et
444 4340 629 4400 nuntii
656 4343 936 4414 Rodulphi
969 4343 1086 4398 ﬁeri
1119 4342 1491 4398 laudaverunt.
1519 4341 1787 4408 Tandem,

191 4438 471 4510 aspirante
502 4440 643 4505 Deo,
676 4437 818 4493 sicut
847 4437 1032 4503 credo,
1064 4436 1229 4491 statui
1261 4437 1315 4490 in
1346 4435 1541 4491 eadem
1578 4434 1788 4508 synodo

194 4534 250 4587 in
291 4531 546 4602 partibus
572 4531 990 4586 ultramontanis
1032 4529 1146 4584 ﬁeri
1187 4530 1540 4601 colloquium,
1583 4537 1644 4585 ut
1685 4528 1788 4584 illic

193 4635 288 4681 aut
329 4641 434 4695 pax
464 4633 811 4690 statueretur,
841 4632 934 4679 aut
959 4624 1044 4678 cui
1070 4622 1303 4693 amplius
1330 4623 1531 4694 justitia
1564 4621 1788 4689 faveret,

192 4727 642 4791 cognosceretur.
675 4721 788 4790 Ego
806 4719 978 4786 enim,
1009 4717 1148 4773 sicut
1173 4732 1268 4772 vos
1293 4716 1421 4771 mihi
1454 4724 1617 4770 testes
1635 4717 1787 4782 estis,

197 4817 388 4868 Patres
416 4822 472 4867 et
498 4812 726 4878 domini,
751 4828 922 4883 usque
951 4810 1109 4866 hodie
1129 4810 1334 4865 nullam
1365 4817 1573 4880 partem
1603 4809 1789 4880 dispo-

196 4907 274 4961 sui
305 4906 586 4978 adjuvare,
617 4905 720 4960 nisi
749 4920 870 4960 eam
918 4905 1002 4959 cui
1036 4906 1156 4974 plus
1185 4903 1398 4975 justitia
1439 4903 1654 4958 faveret.
1699 4906 1785 4970 Et,

196 5001 320 5072 quia
352 4999 621 5071 putabam
650 4998 796 5070 quod
827 4998 1080 5070 injustior
1110 5013 1235 5068 pars
1258 4997 1594 5067 colloquium
1623 4996 1787 5052 nollet

188 5093 313 5148 ﬁeri
344 5093 438 5148 ubi
477 5092 683 5162 justitia
733 5106 897 5146 suum
941 5092 1120 5146 locum
1160 5098 1430 5158 servaret,
1475 5105 1788 5145 excommu-

195 5185 376 5241 nicavi
405 5193 462 5240 et
491 5182 839 5240 anathemate
885 5183 1101 5255 alligavi
1148 5199 1341 5238 omnes
1381 5198 1642 5253 personas
1679 5184 1790 5239 sive

196 5280 361 5351 regis,
393 5279 504 5333 sive
533 5276 708 5345 ducis,
740 5285 832 5332 aut
869 5277 1123 5348 episcopi,
1149 5291 1244 5334 seu
1271 5275 1496 5347 alicujus
1535 5276 1787 5344 hominis,

198 5375 292 5445 qui
340 5373 678 5444 colloquium
725 5373 907 5446 aliquo
961 5373 1181 5444 ingenio
1235 5372 1521 5442 impediret
1571 5381 1632 5427 ut
1678 5388 1790 5427 non

199 5466 374 5523 ﬁeret.
414 5466 714 5523 Prwdictus
749 5475 933 5521 autem
963 5466 1233 5522 Henricus
1262 5482 1388 5521 cum
1431 5467 1544 5522 suis
1575 5467 1794 5521 fautori-

200 5561 303 5615 bus
344 5575 458 5615 non
503 5559 706 5615 timens
752 5560 1055 5630 periculum
1082 5559 1483 5628 iuobedientia,
1523 5559 1672 5631 quod
1715 5569 1797 5614 est

198 5653 379 5709 scelus
400 5653 733 5709 idololatriae
747 5656 798 5725 (Ι
811 5657 936 5722 Reg.
952 5655 1077 5723 xv),
1103 5654 1436 5725 colloquium
1455 5653 1794 5726 impediendo

200 5747 834 5803 excommunicationem
882 5747 1136 5812 incurrit,
1181 5757 1236 5803 et
1281 5748 1523 5819 seipsum
1571 5747 1794 5804 anathe-

202 5839 370 5897 matis
415 5840 628 5898 vinculo
671 5841 932 5912 alligavit,
985 5856 1355 5913 magnamque
1383 5841 1798 5898 multitudinem

1902 3229 1955 3274 et
1975 3220 2225 3275 omnium
2253 3219 2542 3274 hominum
2569 3217 2941 3288 possessiones
2961 3232 3058 3287 pro
3075 3216 3285 3272 meritis
3303 3217 3494 3272 tollere

1902 3313 2190 3383 unicuique
2242 3320 2298 3368 et
2338 3310 2655 3368 concedere.
2706 3312 2818 3366 Vos
2860 3311 3011 3366 enim
3061 3309 3486 3381 patriarchatus,

1901 3407 2187 3477 primatus,
2234 3405 2751 3476 archiepiscopatus,
2795 3404 3141 3476 episcopatus
3181 3403 3493 3476 frequenter

1896 3501 2097 3557 tulistis
2127 3499 2304 3571 pravis
2351 3507 2406 3554 et
2447 3497 2708 3570 indignis,
2751 3505 2808 3553 et
2849 3497 3118 3569 religiosis
3165 3496 3295 3552 viris
3342 3496 3492 3565 [reli-

1896 3595 2032 3667 giosi
2079 3597 2225 3660 vero]
2274 3591 2521 3648 dedistis.
2570 3592 2627 3646 Si
2675 3590 2822 3646 enim
2875 3589 3174 3660 spiritualia
3214 3589 3490 3660 judicatis,

1895 3689 2024 3760 quid
2077 3687 2146 3743 de
2208 3685 2559 3743 saecularibus
2619 3699 2716 3740 vos
2773 3698 2932 3755 posse
2985 3681 3321 3740 credendum
3375 3687 3492 3740 est?

1894 3791 1966 3852 et,
2001 3783 2043 3837 si
2092 3781 2314 3853 angelos
2337 3780 2687 3836 dominantes
2727 3776 2990 3833 omnibus
3049 3776 3300 3848 superbis
3348 3777 3493 3848 prin-

1897 3875 2109 3948 cipibus
2141 3873 2477 3947 judicabitis,
2524 3870 2654 3945 quid
2704 3870 2775 3927 de
2816 3871 3038 3926 illorum
3091 3871 3262 3926 servis
3318 3870 3489 3927 facere

1897 3969 2160 4042 potestis?
2201 3967 2501 4024 Addiscant
2551 3981 2698 4021 nunc
2743 3980 2902 4038 reges
2947 3973 3002 4020 et
3058 3979 3254 4020 omnes
3307 3965 3490 4022 saeculi

1897 4064 2171 4136 principes
2198 4062 2389 4135 quanti
2419 4077 2517 4116 vos
2544 4060 2697 4131 estis,
2721 4059 2854 4131 quid
2895 4058 3141 4130 potestis;
3176 4066 3230 4115 et
3258 4058 3494 4116 timeant

1899 4156 2296 4229 parvipendere
2353 4155 2666 4226 jussionem
2721 4153 2978 4209 Ecclesiae
3038 4161 3251 4222 vestras,
3314 4159 3369 4209 et
3435 4153 3492 4209 in

1898 4251 2158 4322 praedicto
2188 4249 2431 4304 Henrico
2467 4257 2582 4302 tam
2613 4247 2724 4302 cito
2757 4245 3031 4318 judicium
3061 4255 3302 4303 vestrum
3331 4262 3491 4304 exer-

1897 4351 2032 4409 cete,
2073 4350 2137 4397 ut
2160 4357 2354 4397 omnes
2396 4341 2573 4396 sciant
2600 4339 2728 4412 quia
2757 4355 2868 4395 non
2898 4338 3150 4406 fortuito,
3181 4340 3275 4395 sed
3308 4348 3490 4395 vestra

1900 4444 2184 4509 potestate,
2223 4435 2398 4490 cadet.
2441 4432 2825 4491 Confundatur
2859 4431 3070 4487 utinam
3109 4432 3193 4498 adj
3217 4433 3487 4503 poeniten-

1904 4533 2061 4598 tiam,
2083 4539 2145 4585 ut
2167 4530 2393 4602 spiritus
2425 4529 2495 4583 sit
2518 4529 2697 4583 salvus
2722 4527 2780 4582 in
2809 4526 2894 4582 die
2924 4525 3167 4581 Domini.

1968 4631 2106 4681 Acta
2134 4628 2332 4680 Romae
2361 4623 2532 4679 Nonis
2555 4620 2736 4676 Martii
2763 4618 2957 4690 [Maii],
2987 4618 3280 4676 indictione
3308 4623 3490 4678 tertia.

1900 4743 2170 4810 Itmlulphi
2215 4742 2354 4808 regis
2385 4743 2761 4805 Romanorum,
2811 4741 2860 4791 et
2904 4737 3215 4807 principum
3252 4740 3491 4808 imperii,

1966 4814 2266 4882 propositio
2294 4815 2351 4864 in
2381 4811 2582 4880 synodo
2613 4814 2850 4866 Romana
2873 4813 3062 4864 contra
3098 4812 3389 4864 Henricum
3413 4812 3498 4866 IV

1970 4888 2174 4953 impera
2181 4888 2363 4938 torem.

1972 5007 2016 5054 1.
2054 5001 2165 5053 Nos
2193 5013 2264 5053 ex
2294 4998 2564 5068 legatione
2592 4996 2804 5052 domini
2835 4996 3010 5051 nostri
3036 4996 3181 5069 regis
3206 4996 3488 5069 Rudolpbi

1895 5102 1950 5148 et
1976 5091 2420 5164 principumejus
2437 5089 2828 5161 conquerimur
2849 5093 2988 5158 Deo,
3020 5098 3076 5145 et
3103 5098 3292 5146 sancto
3312 5093 3496 5158 Petro,

1897 5194 2196 5258 vestraeque
2244 5184 2572 5256 paternitati,
2640 5191 2695 5238 et
2741 5191 2940 5239 cuncto
2983 5181 3108 5238 huic
3153 5183 3498 5239 sanctissimo

1899 5279 2131 5336 concilio
2183 5277 2334 5350 quod
2361 5278 2472 5333 ille
2521 5277 2814 5344 Henricus,
2864 5292 3030 5348 quem
3057 5291 3155 5330 vos
3195 5276 3498 5348 apostolica

1901 5374 2227 5428 auctoritate
2254 5371 2584 5444 deposuistis
2603 5387 2634 5425 a
2655 5386 2824 5444 regno
2845 5370 3080 5441 idipsum
3115 5385 3348 5441 regnum
3367 5386 3500 5426 con-

1901 5476 1982 5521 tra
2032 5474 2274 5521 vestrum
2320 5463 2673 5520 interdictum
2717 5463 3003 5536 tyrannice
3043 5462 3267 5532 invasit,
3315 5464 3500 5520 omnia

1901 5561 2330 5630 circumquaque
2384 5557 2552 5626 ferro,
2606 5557 2809 5628 praeda,
2867 5555 3118 5610 incendio
3174 5555 3499 5621 devastavit;

1905 5652 2363 5722 archiepiscopus,
2397 5653 2701 5723 episcopos,
2727 5649 2796 5705 de
2823 5648 3229 5720 episcopatibus
3260 5649 3373 5704 suis
3401 5648 3502 5702 im-

1906 5748 1994 5819 pia
2033 5745 2352 5801 crudelitate
2399 5745 2626 5815 expulit,
2675 5750 2730 5798 et
2772 5756 2963 5796 eorum
3003 5742 3348 5812 episcopatus
3389 5741 3506 5796 suis

1909 5839 2216 5896 fautoribus
2244 5840 2329 5911 in]
2358 5836 2618 5894 beneﬁcia
2657 5831 2956 5902 distribuit;
3011 5849 3106 5902 per
3129 5831 3284 5901 cuius
3335 5833 3506 5889 etiam
